{"host":"1ecbliur7lfoj0sl","time":1611063257,"event":{"mods":["BaseMod","Downfall","Minty Spire (QoL Compilation)","StSLib","The Senshi","Waifu the Spire"],"gold_per_floor":[109,109,122,138,138,138,156,156,203,203,203,232,251,263,263,361,361,381,104,104,104,118,118,118,118,166,183,216,216,229,129,129,229,279,297,315,332,355,230,230,280,298,298,148,148,202,217,227,227,227,227,227,65,95,95],"floor_reached":56,"language":"ZHS","playtime":2621,"items_purged":["theSenshi:SailorKick","theSenshi:SailorBlock","theSenshi:SailorKick","theSenshi:SailorBlock+1"],"score":1192,"play_id":"281fec3d-b572-4edd-aeef-a93fbbcd740b","local_time":"20210119213417","is_ascension_mode":false,"campfire_choices":[{"data":"theSenshi:MoonTwilightFlash","floor":6.0,"key":"SMITH"},{"data":"theSenshi:RoseThrow","floor":8.0,"key":"SMITH"},{"data":"theSenshi:SailorBlock","floor":11.0,"key":"SMITH"},{"data":"theSenshi:MoonPrincessHalation","floor":15.0,"key":"SMITH"},{"data":"theSenshi:SailorStarHealerAssists","floor":23.0,"key":"SMITH"},{"data":"theSenshi:LateForSchool","floor":25.0,"key":"SMITH"},{"data":"theSenshi:UranusStrength","floor":29.0,"key":"SMITH"},{"data":"theSenshi:SailorBlock","floor":32.0,"key":"SMITH"},{"floor":49.0,"key":"RECALL"},{"data":"theSenshi:SailorCosmosAssists","floor":52.0,"key":"SMITH"}],"circlet_count":0,"master_deck":["theSenshi:SailorBlock+1","theSenshi:SailorBlock+1","theSenshi:RoseThrow+1","theSenshi:MoonPrismPowerMakeUp","theSenshi:SteeledNerves+1","theSenshi:LateForSchool+1","theSenshi:MoonPrincessHalation+1","theSenshi:SailorStarHealerAssists+1","theSenshi:LateForSchool+1","theSenshi:LunaWiseMentor+1","theSenshi:UranusStrength+1","theSenshi:SailorCosmosAssists+1","theSenshi:LateForSchool+1","theSenshi:MoonCrystalPowerMakeUp+1","theSenshi:CrisisMakeUp","Purity"],"relics":["Sozu","Vajra","Strawberry","Black Star","TheAbacus","Enchiridion","Bronze Scales","Pocketwatch","Tiny House","Centennial Puzzle","FossilizedHelix","Eternal Feather","CaptainsWheel","Nunchaku","Orichalcum"],"acts_visited":["Exordium","TheCity","TheBeyond","TheEnding"],"potions_floor_usage":[],"damage_taken":[{"damage":0.0,"enemies":"Cultist","floor":1.0,"turns":4.0},{"damage":0.0,"enemies":"2 Louse","floor":3.0,"turns":2.0},{"damage":2.0,"enemies":"Jaw Worm","floor":4.0,"turns":4.0},{"damage":10.0,"enemies":"Exordium Thugs","floor":7.0,"turns":6.0},{"damage":20.0,"enemies":"Gremlin Nob","floor":12.0,"turns":4.0},{"damage":12.0,"enemies":"3 Louse","floor":13.0,"turns":3.0},{"damage":0.0,"enemies":"Red Slaver","floor":14.0,"turns":4.0},{"damage":12.0,"enemies":"Slime Boss","floor":16.0,"turns":7.0},{"damage":10.0,"enemies":"Spheric Guardian","floor":18.0,"turns":4.0},{"damage":0.0,"enemies":"Chosen","floor":22.0,"turns":1.0},{"damage":0.0,"enemies":"Snecko","floor":27.0,"turns":6.0},{"damage":13.0,"enemies":"Gremlin Leader","floor":28.0,"turns":7.0},{"damage":0.0,"enemies":"Chosen and Byrds","floor":30.0,"turns":3.0},{"damage":0.0,"enemies":"Automaton","floor":33.0,"turns":5.0},{"damage":6.0,"enemies":"Orb Walker","floor":35.0,"turns":4.0},{"damage":9.0,"enemies":"3 Darklings","floor":36.0,"turns":4.0},{"damage":14.0,"enemies":"Jaw Worm Horde","floor":37.0,"turns":4.0},{"damage":0.0,"enemies":"Mind Bloom Boss Battle","floor":41.0,"turns":6.0},{"damage":0.0,"enemies":"Sphere and 2 Shapes","floor":42.0,"turns":4.0},{"damage":9.0,"enemies":"2 Orb Walkers","floor":46.0,"turns":7.0},{"damage":10.0,"enemies":"Writhing Mass","floor":47.0,"turns":4.0},{"damage":6.0,"enemies":"3 Darklings","floor":48.0,"turns":3.0},{"damage":10.0,"enemies":"Donu and Deca","floor":50.0,"turns":3.0},{"damage":5.0,"enemies":"Shield and Spear","floor":54.0,"turns":3.0},{"damage":9,"enemies":"The Heart","floor":55,"turns":6}],"seed_played":"5280681764605746244","potions_obtained":[],"is_trial":false,"path_per_floor":["M","?","M","M","?","R","M","R","T","?","R","E","M","M","R","B",null,"M","$","?","?","M","R","?","R","T","M","E","R","M","$","R","B",null,"M","M","M","T","$","?","?","M","T","$","?","?","M","M","R","B",null,"R","$","E","B",null],"character_chosen":"THE_SENSHI","items_purchased":["theSenshi:LateForSchool","TheAbacus","theSenshi:CrisisMakeUp","Purity"],"campfire_rested":0,"item_purchase_floors":[19,19,53,53],"current_hp_per_floor":[75,75,75,73,66,66,56,56,56,56,56,43,31,31,31,19,82,72,72,72,56,56,56,56,56,56,61,53,53,58,58,58,63,87,81,77,68,68,68,68,73,78,78,78,78,74,69,68,74,69,83,83,83,78,74],"gold":95,"neow_bonus":"BOSS_RELIC","is_daily":false,"chose_seed":false,"campfire_upgraded":9,"win_rate":0.0,"timestamp":1611063257,"path_taken":["M","?","M","M","?","R","M","R","T","?","R","E","M","M","R","BOSS","M","$","?","?","M","R","?","R","T","?","E","R","M","?","R","BOSS","M","?","M","?","$","?","?","M","T","$","?","?","M","M","R","BOSS","R","$","E","BOSS"],"items_purchased_type":["Card","Relic","Card","Card"],"build_version":"2020-12-22","purchased_purges":4,"victory":true,"max_hp_per_floor":[75,75,75,75,75,75,75,75,75,75,75,82,82,82,82,82,82,82,82,82,82,82,82,82,82,82,82,82,82,82,82,82,82,87,87,87,87,87,87,83,83,83,83,83,83,83,83,83,83,83,83,83,83,83,83],"card_choices":[{"not_picked":["theSenshi:Sidestep","theSenshi:SailorMercuryAssists","theSenshi:SailorChibiMoonAssists"],"picked":"SKIP","floor":1.0},{"not_picked":["theSenshi:GatheringStrength","theSenshi:OdangoHead"],"picked":"theSenshi:MoonTwilightFlash","floor":3.0},{"not_picked":["theSenshi:LunasBite","theSenshi:SailorMercuryAssists","theSenshi:MoonTwilightFlash"],"picked":"SKIP","floor":4.0},{"not_picked":["theSenshi:TallSilhouette","theSenshi:Sidestep","theSenshi:MoonTiaraMagic"],"picked":"SKIP","floor":7.0},{"not_picked":["theSenshi:SailorMercuryAssists","theSenshi:OdangoHead"],"picked":"theSenshi:LateForSchool","floor":12.0},{"not_picked":["theSenshi:MoonKick","theSenshi:PlutosSolemnity","theSenshi:SailorMercuryAssists"],"picked":"SKIP","floor":13.0},{"not_picked":["theSenshi:MoonCosmicPowerMakeUp","theSenshi:MercurysCunning"],"picked":"theSenshi:MoonPrincessHalation","floor":14.0},{"not_picked":["theSenshi:SailorCosmosAssists","theSenshi:IWillPunishYou"],"picked":"theSenshi:SailorStarHealerAssists","floor":16.0},{"not_picked":["theSenshi:MoonPunch","theSenshi:MercurysCunning+1","theSenshi:RainbowMoonHeartAche"],"picked":"SKIP","floor":18.0},{"not_picked":["theSenshi:LunasBite","theSenshi:RainbowMoonHeartAche","theSenshi:TallSilhouette"],"picked":"SKIP","floor":22.0},{"not_picked":["theSenshi:Sidestep","theSenshi:MoonPrincessHalation"],"picked":"theSenshi:LunaWiseMentor+1","floor":27.0},{"not_picked":["theSenshi:LunasBite","theSenshi:DramaticEntrance"],"picked":"theSenshi:UranusStrength","floor":28.0},{"not_picked":["theSenshi:Sidestep","theSenshi:SailorChibiMoonAssists","theSenshi:EncouragingSpeech"],"picked":"SKIP","floor":30.0},{"not_picked":["theSenshi:StudyParty","theSenshi:FatedKiss"],"picked":"theSenshi:SailorCosmosAssists","floor":33.0},{"not_picked":["theSenshi:TallSilhouette","theSenshi:SailorMercuryAssists+1","theSenshi:SailorUranusAssists+1"],"picked":"SKIP","floor":35.0},{"not_picked":["theSenshi:MoonPrincessHalation+1","theSenshi:SailorChibiMoonAssists+1","theSenshi:MoonsReflection+1"],"picked":"SKIP","floor":36.0},{"not_picked":["theSenshi:SailorVenusAssists+1","theSenshi:SailorMarsAssists","theSenshi:MercurysCunning"],"picked":"SKIP","floor":37.0},{"not_picked":["theSenshi:SailorNeptuneAssists","theSenshi:SailorPlanetPower+1","theSenshi:SailorVenusAssists"],"picked":"SKIP","floor":42.0},{"not_picked":["theSenshi:NeptunesGrace","theSenshi:MoonPrincessHalation+1"],"picked":"theSenshi:LateForSchool+1","floor":46.0},{"not_picked":["theSenshi:EncouragingSpeech","theSenshi:MoonsReflection","theSenshi:MoonPunch"],"picked":"SKIP","floor":47.0},{"not_picked":["theSenshi:SailorMarsAssists","theSenshi:TallSilhouette"],"picked":"theSenshi:MoonCrystalPowerMakeUp+1","floor":48.0},{"not_picked":["theSenshi:MoonTwilightFlash+1","theSenshi:YouCanTalk+1","theSenshi:Sidestep"],"picked":"SKIP","floor":54.0}],"player_experience":51258,"relics_obtained":[{"floor":9.0,"key":"Vajra"},{"floor":12.0,"key":"Strawberry"},{"floor":21.0,"key":"Enchiridion"},{"floor":28.0,"key":"Bronze Scales"},{"floor":28.0,"key":"Pocketwatch"},{"floor":38.0,"key":"Centennial Puzzle"},{"floor":41.0,"key":"FossilizedHelix"},{"floor":43.0,"key":"Eternal Feather"},{"floor":46.0,"key":"CaptainsWheel"},{"floor":54.0,"key":"Nunchaku"},{"floor":54.0,"key":"Orichalcum"}],"event_choices":[{"damage_healed":0.0,"max_hp_gain":0.0,"max_hp_loss":0.0,"gold_gain":0.0,"cards_transformed":["theSenshi:SailorKick"],"event_name":"Living Wall","player_choice":"Change","floor":2.0,"gold_loss":0.0,"damage_taken":0.0,"cards_obtained":["theSenshi:SteeledNerves"]},{"cards_removed":["theSenshi:SailorKick"],"damage_healed":0.0,"max_hp_gain":0.0,"max_hp_loss":0.0,"gold_gain":0.0,"event_name":"Golden Wing","player_choice":"Card Removal","floor":5.0,"gold_loss":0.0,"damage_taken":7.0},{"damage_healed":0.0,"max_hp_gain":0.0,"max_hp_loss":0.0,"gold_gain":0.0,"event_name":"Upgrade Shrine","player_choice":"Upgraded","floor":10.0,"gold_loss":0.0,"damage_taken":0.0,"cards_upgraded":["theSenshi:SteeledNerves"]},{"damage_healed":0.0,"max_hp_gain":0.0,"max_hp_loss":0.0,"gold_gain":0.0,"event_name":"Vampires","player_choice":"Ignored","floor":20.0,"gold_loss":0.0,"damage_taken":0.0},{"damage_healed":0.0,"max_hp_gain":0.0,"max_hp_loss":0.0,"gold_gain":0.0,"event_name":"Cursed Tome","player_choice":"Obtained Book","floor":21.0,"gold_loss":0.0,"damage_taken":16.0},{"damage_healed":0.0,"max_hp_gain":0.0,"max_hp_loss":0.0,"gold_gain":0.0,"event_name":"Upgrade Shrine","player_choice":"Upgraded","floor":24.0,"gold_loss":0.0,"damage_taken":0.0,"cards_upgraded":["theSenshi:LateForSchool"]},{"damage_healed":0.0,"max_hp_gain":0.0,"max_hp_loss":4.0,"gold_gain":0.0,"event_name":"Winding Halls","player_choice":"Max HP","floor":40.0,"gold_loss":0.0,"damage_taken":0.0},{"damage_healed":0.0,"max_hp_gain":0.0,"max_hp_loss":0.0,"gold_gain":0.0,"event_name":"MindBloom","player_choice":"Fight","floor":41.0,"gold_loss":0.0,"damage_taken":0.0},{"cards_removed":["theSenshi:MoonTwilightFlash"],"damage_healed":0.0,"max_hp_gain":0.0,"max_hp_loss":0.0,"gold_gain":0.0,"event_name":"Falling","player_choice":"Removed Attack","floor":45.0,"gold_loss":0.0,"damage_taken":0.0},{"damage_healed":0.0,"max_hp_gain":0.0,"max_hp_loss":0.0,"gold_gain":0.0,"event_name":"Mysterious Sphere","player_choice":"Fight","floor":46.0,"gold_loss":0.0,"damage_taken":0.0}],"is_beta":false,"boss_relics":[{"not_picked":["Philosopher\u0027s Stone","Calling Bell"],"picked":"Black Star"},{"not_picked":["Runic Dome","Velvet Choker"],"picked":"Tiny House"}],"items_purged_floors":[19,31,39,44],"is_endless":false,"potions_floor_spawned":[4,12,13,16,18,22,33,35,37,42],"ascension_level":0}}