{"host":"l5xpox9cbdko122s","time":1611095027,"event":{"mods":["AchievementEnabler","BaseMod","Minty Spire (QoL Compilation)"],"gold_per_floor":[110,130,1,12,12,38,52,52,124,104,179,179,179],"floor_reached":12,"language":"ENG","playtime":499,"items_purged":["Strike_R"],"score":80,"play_id":"a67a2932-c6c0-4d13-bbdc-19a56caa4754","local_time":"20210119172347","is_ascension_mode":false,"campfire_choices":[{"floor":8,"key":"RECALL"}],"circlet_count":0,"master_deck":["Strike_R","Strike_R","Strike_R","Strike_R","Defend_R","Defend_R","Defend_R","Defend_R","Bash","Flex","Regret"],"relics":["Burning Blood","NeowsBlessing","Charon\u0027s Ashes","Blood Vial"],"acts_visited":["Exordium"],"potions_floor_usage":[6,7,12],"damage_taken":[{"damage":0,"enemies":"Cultist","floor":1,"turns":1},{"damage":0,"enemies":"2 Louse","floor":2,"turns":1},{"damage":0,"enemies":"Small Slimes","floor":4,"turns":1},{"damage":22,"enemies":"3 Sentries","floor":6,"turns":7},{"damage":11,"enemies":"3 Louse","floor":7,"turns":5},{"damage":18,"enemies":"Exordium Thugs","floor":10,"turns":4},{"damage":49,"enemies":"Lagavulin","floor":12,"turns":5}],"seed_played":"-5293524360576798079","potions_obtained":[{"floor":1,"key":"EssenceOfSteel"},{"floor":6,"key":"SneckoOil"},{"floor":10,"key":"GamblersBrew"}],"is_trial":false,"path_per_floor":["M","M","$","M","?","E","M","R","T","M","?","E"],"character_chosen":"IRONCLAD","items_purchased":["Flex"],"campfire_rested":0,"item_purchase_floors":[3],"current_hp_per_floor":[80,80,80,80,80,64,61,61,61,51,40,0,0],"gold":179,"neow_bonus":"THREE_ENEMY_KILL","is_daily":false,"chose_seed":false,"campfire_upgraded":0,"win_rate":0.0,"timestamp":1611095027,"path_taken":["M","?","?","M","?","E","M","R","T","M","?","E"],"items_purchased_type":["Card"],"build_version":"2020-12-22","purchased_purges":1,"victory":false,"max_hp_per_floor":[80,80,80,80,80,80,80,80,80,80,80,80,80],"card_choices":[{"not_picked":["Disarm","Metallicize","Power Through"],"picked":"SKIP","floor":1},{"not_picked":["Headbutt","Sword Boomerang","Intimidate"],"picked":"SKIP","floor":2},{"not_picked":["Headbutt","Shrug It Off","Clothesline"],"picked":"SKIP","floor":4},{"not_picked":["Perfected Strike","Blood for Blood","Body Slam"],"picked":"SKIP","floor":6},{"not_picked":["Shockwave","Infernal Blade","Body Slam"],"picked":"SKIP","floor":7},{"not_picked":["Body Slam","Double Tap","Wild Strike"],"picked":"SKIP","floor":10}],"player_experience":141772,"relics_obtained":[{"floor":6,"key":"Blood Vial"}],"event_choices":[{"damage_healed":0,"gold_gain":0,"player_choice":"Box","damage_taken":0,"relics_obtained":["Charon\u0027s Ashes"],"max_hp_gain":0,"max_hp_loss":0,"event_name":"Big Fish","floor":5,"gold_loss":0,"cards_obtained":["Regret"]},{"damage_healed":0,"gold_gain":75,"player_choice":"Gather Gold","damage_taken":11,"max_hp_gain":0,"max_hp_loss":0,"event_name":"World of Goop","floor":11,"gold_loss":0}],"is_beta":false,"boss_relics":[],"items_purged_floors":[3],"is_endless":false,"potions_floor_spawned":[1,6,10],"killed_by":"Lagavulin","ascension_level":0}}