{"host":"cjhtzh7tp54jdfyv","time":1611074372,"event":{"mods":["AchievementEnabler","BaseMod","Colored Map","Colored Powertips","Curses Come First","DeckTracker","Filter the Spire","Minty Spire (QoL Compilation)","RNG Fix","Relic Sorter","Relic Stats","StSLib","UnlockEverythingMod","ojb\u0027s Better Paths Mod","ojb\u0027s Info Mod"],"gold_per_floor":[114,125,137,62,79,79,113,113,139,139,164,164,196,210,210,282,282,302,318,318,318,318,318,348,363,363,378,395,421,437,79,79,178,178,217,262,293,326,326,358,215,268,294,329,329,377,377,412,412,452,512,512,512,32,67,67],"floor_reached":57,"language":"ENG","playtime":6941,"items_purged":["Defend_P","Defend_P+1","Decay","Strike_P+1"],"score":3085,"play_id":"a354c744-f25d-438c-a567-9cca3445c3f7","local_time":"20210119113932","is_ascension_mode":true,"campfire_choices":[{"data":"Eruption","floor":6.0,"key":"SMITH"},{"data":"SashWhip","floor":8.0,"key":"SMITH"},{"data":"Tantrum","floor":15.0,"key":"SMITH"},{"data":"Meditate","floor":23.0,"key":"SMITH"},{"data":"CrushJoints","floor":32.0,"key":"SMITH"},{"data":"Omniscience","floor":45.0,"key":"SMITH"},{"data":"EmptyMind","floor":47.0,"key":"SMITH"},{"floor":49.0,"key":"RECALL"},{"data":"LikeWater","floor":53.0,"key":"SMITH"}],"circlet_count":0,"master_deck":["AscendersBane","Strike_P+1","Strike_P+1","Eruption+1","Vigilance","BattleHymn","Tantrum+1","SashWhip+1","ThirdEye","Consecrate","Meditate+1","Sanctity","Wireheading+1","JustLucky","LikeWater+1","CrushJoints+1","HandOfGreed","FearNoEvil","Omniscience+1","Sanctity","Adaptation","EmptyMind+1","EmptyMind+1","Good Instincts","Sanctity","Nirvana"],"relics":["Busted Crown","Ornamental Fan","Kunai","Shuriken","Gremlin Horn","Art of War","Toy Ornithopter","Runic Dome","MutagenicStrength","Darkstone Periapt","Mercury Hourglass","Membership Card","Empty Cage","Ginger","Potion Belt","Pantograph","MealTicket","Strawberry","Akabeko","Frozen Eye","Ice Cream"],"acts_visited":["Exordium","TheCity","TheBeyond","TheEnding"],"potions_floor_usage":[55,56,56,56,56],"damage_taken":[{"damage":2.0,"enemies":"2 Louse","floor":1.0,"turns":4.0},{"damage":0.0,"enemies":"Small Slimes","floor":2.0,"turns":4.0},{"damage":2.0,"enemies":"Jaw Worm","floor":3.0,"turns":4.0},{"damage":6.0,"enemies":"Exordium Thugs","floor":5.0,"turns":3.0},{"damage":12.0,"enemies":"3 Sentries","floor":7.0,"turns":5.0},{"damage":0.0,"enemies":"Lagavulin","floor":11.0,"turns":4.0},{"damage":0.0,"enemies":"3 Sentries","floor":13.0,"turns":3.0},{"damage":10.0,"enemies":"Gremlin Gang","floor":14.0,"turns":2.0},{"damage":3.0,"enemies":"The Guardian","floor":16.0,"turns":8.0},{"damage":0.0,"enemies":"Spheric Guardian","floor":18.0,"turns":2.0},{"damage":9.0,"enemies":"Chosen","floor":19.0,"turns":3.0},{"damage":0.0,"enemies":"Slavers","floor":24.0,"turns":1.0},{"damage":17.0,"enemies":"Snake Plant","floor":25.0,"turns":3.0},{"damage":0.0,"enemies":"3 Cultists","floor":27.0,"turns":2.0},{"damage":6.0,"enemies":"Snecko","floor":28.0,"turns":4.0},{"damage":14.0,"enemies":"Book of Stabbing","floor":29.0,"turns":3.0},{"damage":1.0,"enemies":"Snake Plant","floor":30.0,"turns":4.0},{"damage":1.0,"enemies":"Automaton","floor":33.0,"turns":5.0},{"damage":1.0,"enemies":"Orb Walker","floor":35.0,"turns":2.0},{"damage":19.0,"enemies":"Mind Bloom Boss Battle","floor":36.0,"turns":4.0},{"damage":2.0,"enemies":"3 Darklings","floor":37.0,"turns":3.0},{"damage":17.0,"enemies":"Spire Growth","floor":38.0,"turns":5.0},{"damage":2.0,"enemies":"Giant Head","floor":40.0,"turns":4.0},{"damage":0.0,"enemies":"Reptomancer","floor":42.0,"turns":3.0},{"damage":32.0,"enemies":"Nemesis","floor":44.0,"turns":5.0},{"damage":0.0,"enemies":"Giant Head","floor":46.0,"turns":4.0},{"damage":0.0,"enemies":"Sphere and 2 Shapes","floor":48.0,"turns":2.0},{"damage":20.0,"enemies":"Donu and Deca","floor":50.0,"turns":7.0},{"damage":34.0,"enemies":"Awakened One","floor":51.0,"turns":7.0},{"damage":32,"enemies":"Shield and Spear","floor":55,"turns":4},{"damage":79,"enemies":"The Heart","floor":56,"turns":6}],"seed_played":"4442787639281609323","potions_obtained":[{"floor":3.0,"key":"Dexterity Potion"},{"floor":5.0,"key":"PowerPotion"},{"floor":7.0,"key":"Swift Potion"},{"floor":28.0,"key":"Fire Potion"},{"floor":29.0,"key":"Dexterity Potion"},{"floor":33.0,"key":"EntropicBrew"},{"floor":36.0,"key":"Ancient Potion"},{"floor":40.0,"key":"Fire Potion"},{"floor":42.0,"key":"SneckoOil"},{"floor":55,"key":"AttackPotion"}],"is_trial":false,"path_per_floor":["M","M","M","$","M","R","E","R","T","?","E","?","E","M","R","B",null,"M","M","?","?","?","R","E","M","T","M","M","E","M","$","R","B",null,"M","?","M","M","?","E","$","E","T","E","R","E","R","M","R","B","B",null,"R","$","E","B",null],"character_chosen":"WATCHER","items_purchased":["Membership Card","HandOfGreed","FearNoEvil","Adaptation","EmptyMind","Kunai","Frozen Eye","Good Instincts","Sanctity","SteroidPotion","Weak Potion","Nirvana"],"campfire_rested":0,"item_purchase_floors":[31,31,31,41,41,54,54,54,54,54,54,54],"current_hp_per_floor":[59,59,57,57,51,51,39,39,39,39,39,34,34,24,24,26,58,58,54,54,54,54,54,54,37,37,37,31,17,16,16,16,20,56,55,36,34,17,23,21,21,26,26,16,16,16,16,16,16,26,17,65,65,80,49,15],"gold":67,"neow_bonus":"BOSS_RELIC","is_daily":false,"chose_seed":false,"campfire_upgraded":8,"win_rate":0.0,"timestamp":1611074372,"path_taken":["M","M","M","?","M","R","E","R","T","?","E","?","E","M","R","BOSS","M","M","?","?","?","R","E","M","T","M","?","E","M","$","R","BOSS","M","?","M","M","?","E","$","E","T","E","R","E","R","M","R","BOSS","BOSS","R","$","E","BOSS"],"items_purchased_type":["Relic","Card","Card","Card","Card","Relic","Relic","Card","Card","Potion","Potion","Card"],"build_version":"2020-12-22","purchased_purges":4,"victory":true,"max_hp_per_floor":[68,68,68,68,68,68,68,68,68,68,68,68,68,68,68,68,68,68,68,68,68,68,68,68,68,68,68,68,68,68,68,68,68,68,68,68,68,68,74,74,74,74,74,81,81,81,81,81,81,81,81,81,81,81,81,81],"relic_stats":{"Darkstone Periapt":6,"Gremlin Horn":[24,24],"counters":[31,120],"Ginger":[5],"Mercury Hourglass":[233],"Busted Crown":56,"Ornamental Fan":[340],"Shuriken":[70],"Pantograph":75,"MealTicket":15,"Art of War":[9],"Kunai":[15],"obtain_stats":[{"Darkstone Periapt":26,"Potion Belt":40,"Ice Cream":55,"Gremlin Horn":11,"Ginger":36,"Empty Cage":34,"Akabeko":46,"Mercury Hourglass":29,"Runic Dome":17,"Frozen Eye":54,"Busted Crown":0,"Ornamental Fan":7,"Shuriken":24,"MutagenicStrength":22,"Pantograph":42,"Strawberry":44,"MealTicket":43,"Art of War":12,"Membership Card":31,"Kunai":54,"PureWater":0,"Toy Ornithopter":13},{"Darkstone Periapt":13,"Potion Belt":23,"Ice Cream":30,"Gremlin Horn":6,"Ginger":20,"Empty Cage":18,"Akabeko":26,"Mercury Hourglass":16,"Runic Dome":9,"Frozen Eye":29,"Busted Crown":0,"Ornamental Fan":5,"Shuriken":12,"MutagenicStrength":11,"Pantograph":24,"Strawberry":25,"MealTicket":24,"Art of War":6,"Membership Card":17,"Kunai":29,"PureWater":0,"Toy Ornithopter":7},{"Darkstone Periapt":46,"Potion Belt":82,"Ice Cream":114,"Gremlin Horn":24,"Ginger":70,"Empty Cage":64,"Akabeko":94,"Mercury Hourglass":55,"Runic Dome":37,"Frozen Eye":110,"Busted Crown":0,"Ornamental Fan":20,"Shuriken":43,"MutagenicStrength":42,"Pantograph":85,"Strawberry":90,"MealTicket":85,"Art of War":24,"Membership Card":59,"Kunai":110,"PureWater":0,"Toy Ornithopter":27}],"Toy Ornithopter":61},"card_choices":[{"not_picked":["MentalFortress"],"picked":"SKIP","floor":1.0},{"not_picked":[],"picked":"BattleHymn","floor":2.0},{"not_picked":[],"picked":"Tantrum","floor":3.0},{"not_picked":[],"picked":"SashWhip","floor":5.0},{"not_picked":[],"picked":"ThirdEye","floor":7.0},{"not_picked":["Protect"],"picked":"SKIP","floor":11.0},{"not_picked":["SignatureMove"],"picked":"SKIP","floor":13.0},{"not_picked":[],"picked":"Consecrate","floor":14.0},{"not_picked":["PathToVictory"],"picked":"SKIP","floor":18.0},{"not_picked":[],"picked":"Meditate","floor":19.0},{"not_picked":[],"picked":"Sanctity","floor":24.0},{"not_picked":[],"picked":"Wireheading+1","floor":25.0},{"not_picked":["Perseverance"],"picked":"SKIP","floor":27.0},{"not_picked":[],"picked":"JustLucky","floor":28.0},{"not_picked":[],"picked":"LikeWater","floor":29.0},{"not_picked":[],"picked":"CrushJoints","floor":30.0},{"not_picked":[],"picked":"Omniscience","floor":33.0},{"not_picked":["Protect"],"picked":"SKIP","floor":35.0},{"not_picked":[],"picked":"Sanctity","floor":37.0},{"not_picked":["CrushJoints"],"picked":"SKIP","floor":38.0},{"not_picked":["Prostrate+1"],"picked":"SKIP","floor":40.0},{"not_picked":["DevaForm"],"picked":"SKIP","floor":42.0},{"not_picked":["CrushJoints"],"picked":"SKIP","floor":44.0},{"not_picked":["ForeignInfluence"],"picked":"SKIP","floor":46.0},{"not_picked":[],"picked":"EmptyMind+1","floor":48.0},{"not_picked":["Consecrate"],"picked":"SKIP","floor":55}],"player_experience":4435063,"relics_obtained":[{"floor":7.0,"key":"Ornamental Fan"},{"floor":11.0,"key":"Gremlin Horn"},{"floor":13.0,"key":"Toy Ornithopter"},{"floor":24.0,"key":"Shuriken"},{"floor":26.0,"key":"Darkstone Periapt"},{"floor":29.0,"key":"Mercury Hourglass"},{"floor":36.0,"key":"Ginger"},{"floor":40.0,"key":"Potion Belt"},{"floor":42.0,"key":"Pantograph"},{"floor":43.0,"key":"MealTicket"},{"floor":44.0,"key":"Strawberry"},{"floor":46.0,"key":"Akabeko"},{"floor":55,"key":"Ice Cream"}],"event_choices":[{"cards_removed":["Defend_P"],"damage_healed":0.0,"max_hp_gain":0.0,"max_hp_loss":0.0,"gold_gain":0.0,"event_name":"Living Wall","player_choice":"Forget","floor":10.0,"gold_loss":0.0,"damage_taken":0.0},{"damage_healed":0.0,"max_hp_gain":0.0,"max_hp_loss":0.0,"gold_gain":0.0,"event_name":"Scrap Ooze","player_choice":"Success","floor":12.0,"gold_loss":0.0,"damage_taken":5.0,"relics_obtained":["Art of War"]},{"damage_healed":0.0,"max_hp_gain":0.0,"max_hp_loss":0.0,"gold_gain":0.0,"event_name":"Back to Basics","player_choice":"Simplicity","floor":20.0,"gold_loss":0.0,"damage_taken":0.0,"cards_upgraded":["Strike_P","Strike_P","Strike_P","Strike_P","Defend_P","Defend_P"]},{"damage_healed":0.0,"max_hp_gain":0.0,"max_hp_loss":0.0,"gold_gain":0.0,"event_name":"Vampires","player_choice":"Ignored","floor":21.0,"gold_loss":0.0,"damage_taken":0.0},{"damage_healed":0.0,"max_hp_gain":0.0,"max_hp_loss":0.0,"gold_gain":0.0,"event_name":"Drug Dealer","player_choice":"Inject Mutagens","floor":22.0,"gold_loss":0.0,"damage_taken":0.0,"relics_obtained":["MutagenicStrength"]},{"damage_healed":0.0,"max_hp_gain":0.0,"max_hp_loss":0.0,"gold_gain":0.0,"event_name":"MindBloom","player_choice":"Fight","floor":36.0,"gold_loss":0.0,"damage_taken":0.0},{"damage_healed":0.0,"max_hp_gain":0.0,"max_hp_loss":0.0,"gold_gain":0.0,"event_name":"Wheel of Change","player_choice":"Cursed","floor":39.0,"gold_loss":0.0,"damage_taken":0.0,"cards_obtained":["Decay"]}],"is_beta":false,"boss_relics":[{"not_picked":["Calling Bell","Tiny House"],"picked":"Runic Dome"},{"not_picked":["Sozu","Philosopher\u0027s Stone"],"picked":"Empty Cage"}],"items_purged_floors":[4,31,41,54],"is_endless":false,"potions_floor_spawned":[3,5,7,11,14,28,29,33,35,36,40,42,55],"ascension_level":20}}