{"host":"Matt","time":1611097262,"event":{"mods":["BaseMod","Bestiary","Colored Powertips","Highlight Path","Minty Spire (QoL Compilation)","Rare Cards Sparkle","Relic Stats","StSLib"],"gold_per_floor":[116,116,41,55,55,84,30,49,117,143,143,143,158,190,190,265,265,275,292,303,36,55,55,71,71,71,71,91,91,91],"floor_reached":29,"language":"ENG","playtime":925,"items_purged":["Strike_R","Strike_R"],"score":527,"play_id":"dff44f0e-3f2a-4f2e-9ae4-90121d19221e","local_time":"20210119230102","is_ascension_mode":true,"campfire_choices":[{"data":"Spot Weakness","floor":11.0,"key":"SMITH"},{"floor":15.0,"key":"REST"},{"floor":23,"key":"REST"},{"floor":25,"key":"REST"},{"floor":27,"key":"REST"}],"circlet_count":0,"master_deck":["AscendersBane","Defend_R","Defend_R","Defend_R","Defend_R","Bash","Spot Weakness+1","Pummel","Seeing Red","Heavy Blade","Headbutt","Twin Strike","Battle Trance","Shockwave","Sword Boomerang","Reaper","Whirlwind","Flex","Thunderclap","Shrug It Off","Heavy Blade","Seeing Red+1"],"relics":["Burning Blood","NeowsBlessing","Blood Vial","Question Card","Pen Nib","Dream Catcher","Empty Cage","Strawberry","Mercury Hourglass"],"acts_visited":["Exordium","TheCity"],"potions_floor_usage":[],"damage_taken":[{"damage":0.0,"enemies":"2 Louse","floor":1.0,"turns":1.0},{"damage":0.0,"enemies":"Cultist","floor":4.0,"turns":1.0},{"damage":0.0,"enemies":"Gremlin Nob","floor":6.0,"turns":1.0},{"damage":2.0,"enemies":"Jaw Worm","floor":8.0,"turns":3.0},{"damage":30.0,"enemies":"3 Sentries","floor":10.0,"turns":6.0},{"damage":21.0,"enemies":"Lots of Slimes","floor":13.0,"turns":4.0},{"damage":30.0,"enemies":"Lagavulin","floor":14.0,"turns":5.0},{"damage":33.0,"enemies":"The Guardian","floor":16.0,"turns":8.0},{"damage":11,"enemies":"Spheric Guardian","floor":18,"turns":3},{"damage":38,"enemies":"2 Thieves","floor":19,"turns":4},{"damage":34,"enemies":"Centurion and Healer","floor":20,"turns":6},{"damage":49,"enemies":"Sentry and Sphere","floor":22,"turns":5},{"damage":39,"enemies":"Snake Plant","floor":24,"turns":5},{"damage":23,"enemies":"Snecko","floor":28,"turns":4},{"damage":58,"enemies":"Shelled Parasite and Fungi","floor":29,"turns":3}],"seed_played":"4627895384606642158","potions_obtained":[{"floor":1.0,"key":"Dexterity Potion"},{"floor":8.0,"key":"BlessingOfTheForge"},{"floor":14.0,"key":"CultistPotion"}],"is_trial":false,"path_per_floor":["M","?","$","M","$","E","$","M","T","E","R","?","M","E","R","B",null,"M","M","M","$","M","R","M","R","T","R","M","M"],"character_chosen":"IRONCLAD","items_purchased":["Heavy Blade","Strawberry"],"campfire_rested":4,"item_purchase_floors":[7,21],"current_hp_per_floor":[74,74,74,75,75,75,75,75,75,51,51,51,38,16,38,13,60,57,43,53,60,19,43,12,36,36,60,51,0,0],"gold":91,"neow_bonus":"THREE_ENEMY_KILL","is_daily":false,"chose_seed":false,"campfire_upgraded":1,"win_rate":0.0,"timestamp":1611097262,"path_taken":["M","?","$","M","$","E","?","?","T","E","R","?","?","E","R","BOSS","M","M","?","$","M","R","M","R","T","R","M","M"],"items_purchased_type":["Card","Relic"],"build_version":"2020-12-18","purchased_purges":2,"victory":false,"max_hp_per_floor":[75,75,75,75,75,75,75,75,75,75,75,75,75,75,75,75,75,75,75,75,82,82,82,82,82,82,82,82,82,82],"relic_stats":{"Blood Vial":20,"Dream Catcher":4,"counters":[15,59],"Pen Nib":[6],"Question Card":14,"obtain_stats":[{"Blood Vial":6,"Dream Catcher":14,"NeowsBlessing":0,"Strawberry":21,"Pen Nib":10,"Question Card":9,"Empty Cage":17,"Burning Blood":0,"Mercury Hourglass":26},{"Blood Vial":3,"Dream Catcher":7,"NeowsBlessing":0,"Strawberry":11,"Pen Nib":5,"Question Card":4,"Empty Cage":8,"Burning Blood":0,"Mercury Hourglass":13},{"Blood Vial":3,"Dream Catcher":21,"NeowsBlessing":0,"Strawberry":42,"Pen Nib":12,"Question Card":6,"Empty Cage":29,"Burning Blood":0,"Mercury Hourglass":52}],"Burning Blood":69,"Mercury Hourglass":[15]},"card_choices":[{"not_picked":["Clash","Iron Wave"],"picked":"Spot Weakness","floor":1.0},{"not_picked":["Perfected Strike","Carnage"],"picked":"Pummel","floor":4.0},{"not_picked":["Dark Embrace","Body Slam"],"picked":"Seeing Red","floor":6.0},{"not_picked":["Clothesline","Body Slam"],"picked":"Headbutt","floor":8.0},{"not_picked":["Metallicize","Feel No Pain","Juggernaut","Clothesline"],"picked":"SKIP","floor":10.0},{"not_picked":["Sword Boomerang","Sever Soul","Cleave"],"picked":"Battle Trance","floor":13.0},{"not_picked":["Thunderclap","Seeing Red","True Grit"],"picked":"Shockwave","floor":14.0},{"not_picked":["Headbutt","Dropkick","Bloodletting"],"picked":"Sword Boomerang","floor":15.0},{"not_picked":["Demon Form","Bludgeon","Fiend Fire"],"picked":"Reaper","floor":16.0},{"not_picked":["Wild Strike","Battle Trance","Sever Soul+1","Iron Wave"],"picked":"SKIP","floor":18},{"not_picked":["Warcry","Headbutt","Reckless Charge"],"picked":"Whirlwind","floor":19},{"not_picked":["Pommel Strike","Havoc","Iron Wave"],"picked":"Flex","floor":20},{"not_picked":["Havoc","Headbutt","Perfected Strike"],"picked":"Thunderclap","floor":22},{"not_picked":["Perfected Strike","Body Slam","Entrench","Uppercut"],"picked":"SKIP","floor":24},{"not_picked":["Wild Strike","Metallicize","Blood for Blood"],"picked":"Shrug It Off","floor":25},{"not_picked":["Wild Strike","Havoc","Reckless Charge"],"picked":"Heavy Blade","floor":27},{"not_picked":["Ghostly Armor","Body Slam","Clothesline"],"picked":"Seeing Red+1","floor":28}],"player_experience":1052334,"relics_obtained":[{"floor":6.0,"key":"Blood Vial"},{"floor":9.0,"key":"Question Card"},{"floor":10.0,"key":"Pen Nib"},{"floor":14.0,"key":"Dream Catcher"},{"floor":26,"key":"Mercury Hourglass"}],"event_choices":[{"cards_removed":["Strike_R"],"damage_healed":0.0,"max_hp_gain":0.0,"max_hp_loss":0.0,"gold_gain":0.0,"event_name":"Bonfire Elementals","player_choice":"Offered Basic","floor":2.0,"gold_loss":0.0,"damage_taken":0.0},{"damage_healed":0.0,"max_hp_gain":0.0,"max_hp_loss":0.0,"gold_gain":0.0,"event_name":"Match and Keep!","player_choice":"1 cards matched","floor":12.0,"gold_loss":0.0,"damage_taken":0.0,"cards_obtained":["Twin Strike"]}],"is_beta":true,"boss_relics":[{"not_picked":["Cursed Key","Runic Dome"],"picked":"Empty Cage"}],"items_purged_floors":[3,21],"is_endless":false,"potions_floor_spawned":[1,8,14,18,20,22],"killed_by":"Shelled Parasite and Fungi","ascension_level":19}}