{"host":"uv231blk40vjdojr","time":1611062398,"event":{"mods":["AchievementEnabler","BaseMod","Bestiary","Minty Spire (QoL Compilation)","Relic Stats"],"gold_per_floor":[117,117,131,20,30,59,59,59,59,59,59],"floor_reached":10,"language":"ENG","playtime":232,"items_purged":[],"score":132,"play_id":"5aa11485-2a37-4090-94b4-6f8144fa7ce2","local_time":"20210119141958","is_ascension_mode":true,"campfire_choices":[{"floor":7,"key":"REST"}],"circlet_count":0,"master_deck":["AscendersBane","Strike_B","Strike_B","Strike_B","Defend_B","Defend_B","Defend_B","Defend_B","Zap","Dualcast","Cold Snap","Go for the Eyes","Sweeping Beam"],"relics":["Cracked Core","Ginger","Torii","NlothsMask"],"acts_visited":["Exordium"],"potions_floor_usage":[6],"damage_taken":[{"damage":2,"enemies":"2 Louse","floor":1,"turns":3},{"damage":0,"enemies":"Jaw Worm","floor":3,"turns":3},{"damage":0,"enemies":"Cultist","floor":5,"turns":3},{"damage":25,"enemies":"Gremlin Nob","floor":6,"turns":4},{"damage":62,"enemies":"Lagavulin","floor":10,"turns":6}],"seed_played":"4535466093047881648","potions_obtained":[{"floor":3,"key":"FearPotion"},{"floor":5,"key":"Explosive Potion"}],"is_trial":false,"path_per_floor":["M","?","M","$","M","E","R","?","T","E"],"character_chosen":"DEFECT","items_purchased":["Sweeping Beam","Strength Potion"],"campfire_rested":1,"item_purchase_floors":[4,4],"current_hp_per_floor":[62,55,55,55,55,30,49,49,49,0,0],"gold":59,"neow_bonus":"ONE_RARE_RELIC","is_daily":false,"chose_seed":false,"campfire_upgraded":0,"win_rate":0.0,"timestamp":1611062398,"path_taken":["M","?","M","$","M","E","R","?","T","E"],"items_purchased_type":["Card","Potion"],"build_version":"2020-12-22","purchased_purges":0,"victory":false,"max_hp_per_floor":[64,64,64,64,64,64,64,64,64,64,64],"relic_stats":{"Torii":0,"counters":[5,19],"Ginger":[0],"obtain_stats":[{"Torii":6,"Ginger":0,"Cracked Core":0,"NlothsMask":8},{"Torii":4,"Ginger":0,"Cracked Core":0,"NlothsMask":4},{"Torii":13,"Ginger":0,"Cracked Core":0,"NlothsMask":13}]},"card_choices":[{"not_picked":["Beam Cell","Turbo"],"picked":"Cold Snap","floor":1},{"not_picked":["Rebound","Chaos"],"picked":"Go for the Eyes","floor":3},{"not_picked":["Redo","Barrage","Steam Power"],"picked":"SKIP","floor":5},{"not_picked":["Amplify","Gash","Steam Power"],"picked":"SKIP","floor":6}],"player_experience":703702,"relics_obtained":[{"floor":6,"key":"Torii"}],"event_choices":[{"cards_removed":["Strike_B"],"damage_healed":0,"gold_gain":0,"player_choice":"Card Removal","damage_taken":7,"max_hp_gain":0,"max_hp_loss":0,"event_name":"Golden Wing","floor":2,"gold_loss":0},{"damage_healed":0,"gold_gain":0,"player_choice":"Trade","damage_taken":0,"relics_obtained":["NlothsMask"],"max_hp_gain":0,"max_hp_loss":0,"event_name":"FaceTrader","floor":8,"gold_loss":0}],"is_beta":false,"boss_relics":[],"items_purged_floors":[],"is_endless":false,"potions_floor_spawned":[3,5],"killed_by":"Lagavulin","ascension_level":20}}