{"host":"04hh9gplt9wkfmr1","time":1611086962,"event":{"mods":["AchievementEnabler","BaseMod","Colored Map","KOR Keyword Fix","Minty Spire (QoL Compilation)","Rare Cards Sparkle","SuperFastMode"],"gold_per_floor":[116,116,136,155,170,170,182,215,215,215,228,246,246,279,279,377,377,387,297,314,333,350,365,365,55,55,55,71,71,100,120,120,217,217,235,285,298,298,298,298,328,328,328,362,13,33,0,13,13,13],"floor_reached":51,"language":"KOR","playtime":1465,"items_purged":["Normality"],"score":909,"play_id":"3d43b8bb-079f-4794-98f2-d198c201c487","local_time":"20210120050922","is_ascension_mode":true,"campfire_choices":[{"data":"White Noise","floor":6.0,"key":"SMITH"},{"data":"Dualcast","floor":10.0,"key":"SMITH"},{"data":"Self Repair","floor":13.0,"key":"SMITH"},{"data":"Chill","floor":15.0,"key":"SMITH"},{"data":"Biased Cognition","floor":24.0,"key":"SMITH"},{"floor":27.0,"key":"REST"},{"data":"Defragment","floor":29.0,"key":"SMITH"},{"data":"Core Surge","floor":32.0,"key":"SMITH"},{"floor":40.0,"key":"DIG"},{"floor":42.0,"key":"DIG"},{"floor":49,"key":"DIG"}],"circlet_count":0,"master_deck":["Strike_B+1","Strike_B","Strike_B","Defend_B","Defend_B","Defend_B","Zap+1","Dualcast+1","White Noise+1","Self Repair+1","Chill+1","White Noise+1","Chill","Biased Cognition+1","Cold Snap","Core Surge+1","Tempest+1","Ball Lightning","Defragment+1","Self Repair+1","Biased Cognition","Ball Lightning+1","Ball Lightning+1","Magnetism","Bandage Up","Panacea","Leap+1","Parasite","Blind","Finesse","Dark Shackles","Trip","Biased Cognition","Stack+1"],"relics":["Cracked Core","Blood Vial","Symbiotic Virus","The Courier","Cursed Key","ClockworkSouvenir","Molten Egg 2","Pantograph","Pen Nib","Inserter","Shovel","StoneCalendar","Nunchaku","HornCleat","InkBottle","Dream Catcher","Red Mask","Vajra"],"acts_visited":["Exordium","TheCity","TheBeyond"],"potions_floor_usage":[44,50],"damage_taken":[{"damage":4.0,"enemies":"Jaw Worm","floor":1.0,"turns":4.0},{"damage":0.0,"enemies":"Cultist","floor":3.0,"turns":2.0},{"damage":6.0,"enemies":"2 Louse","floor":4.0,"turns":2.0},{"damage":3.0,"enemies":"2 Fungi Beasts","floor":5.0,"turns":3.0},{"damage":4.0,"enemies":"Looter","floor":7.0,"turns":3.0},{"damage":6.0,"enemies":"3 Sentries","floor":8.0,"turns":9.0},{"damage":14.0,"enemies":"3 Louse","floor":11.0,"turns":3.0},{"damage":0.0,"enemies":"2 Fungi Beasts","floor":12.0,"turns":3.0},{"damage":0.0,"enemies":"Lagavulin","floor":14.0,"turns":6.0},{"damage":29.0,"enemies":"Slime Boss","floor":16.0,"turns":6.0},{"damage":0.0,"enemies":"Chosen","floor":18.0,"turns":7.0},{"damage":0.0,"enemies":"3 Byrds","floor":20.0,"turns":7.0},{"damage":14.0,"enemies":"3 Cultists","floor":21.0,"turns":7.0},{"damage":44.0,"enemies":"Snecko","floor":22.0,"turns":5.0},{"damage":0.0,"enemies":"Centurion and Healer","floor":23.0,"turns":5.0},{"damage":17.0,"enemies":"Snake Plant","floor":28.0,"turns":3.0},{"damage":26.0,"enemies":"Book of Stabbing","floor":30.0,"turns":4.0},{"damage":15.0,"enemies":"Snecko","floor":31.0,"turns":4.0},{"damage":42.0,"enemies":"Champ","floor":33.0,"turns":8.0},{"damage":0.0,"enemies":"3 Darklings","floor":35.0,"turns":4.0},{"damage":6.0,"enemies":"Mind Bloom Boss Battle","floor":36.0,"turns":6.0},{"damage":0.0,"enemies":"3 Shapes","floor":37.0,"turns":4.0},{"damage":29.0,"enemies":"Nemesis","floor":41.0,"turns":5.0},{"damage":46,"enemies":"Reptomancer","floor":44,"turns":6},{"damage":21,"enemies":"Writhing Mass","floor":46,"turns":5},{"damage":5,"enemies":"Sphere and 2 Shapes","floor":48,"turns":6},{"damage":40,"enemies":"Time Eater","floor":50,"turns":9}],"seed_played":"6210551838148808213","potions_obtained":[{"floor":1.0,"key":"Swift Potion"},{"floor":5.0,"key":"DistilledChaos"},{"floor":7.0,"key":"LiquidMemories"},{"floor":8.0,"key":"DistilledChaos"},{"floor":12.0,"key":"ColorlessPotion"},{"floor":14.0,"key":"DistilledChaos"},{"floor":20.0,"key":"Strength Potion"},{"floor":22.0,"key":"Weak Potion"},{"floor":23.0,"key":"Fire Potion"},{"floor":30.0,"key":"BlessingOfTheForge"},{"floor":33.0,"key":"FearPotion"},{"floor":41.0,"key":"AttackPotion"}],"is_trial":false,"path_per_floor":["M","?","M","M","M","R","M","E","T","R","M","M","R","E","R","B",null,"M","?","M","M","M","M","R","$","T","R","M","R","E","M","R","B",null,"M","?","M","?","?","R","E","R","T","E","$","M","?","M","R","B",null],"character_chosen":"DEFECT","items_purchased":["ClockworkSouvenir","Molten Egg 2","Blind","Finesse","Dark Shackles","Trip"],"campfire_rested":1,"item_purchase_floors":[25,25,45,45,45,45],"current_hp_per_floor":[71,71,71,65,69,69,72,73,73,73,68,75,75,75,75,56,75,75,75,75,71,39,51,51,51,51,73,68,68,54,41,41,36,75,75,75,75,65,65,65,62,62,62,42,42,47,47,68,68,45],"gold":13,"neow_bonus":"UPGRADE_CARD","is_daily":false,"chose_seed":false,"campfire_upgraded":7,"win_rate":0.0,"timestamp":1611086962,"path_taken":["M","?","M","M","M","R","M","E","T","R","M","M","R","E","R","BOSS","M","?","M","M","M","M","R","$","T","R","?","R","E","M","R","BOSS","M","?","M","?","?","R","E","R","T","E","$","M","?","M","R","BOSS"],"items_purchased_type":["Relic","Relic","Card","Card","Card","Card"],"build_version":"2020-12-22","purchased_purges":1,"victory":true,"max_hp_per_floor":[75,75,75,75,75,75,75,75,75,75,75,75,75,75,75,75,75,75,75,75,75,75,75,75,75,75,75,75,75,75,75,75,75,75,75,75,75,75,75,75,75,75,75,75,75,75,75,75,75,75],"card_choices":[{"not_picked":["Conserve Battery","Hologram"],"picked":"White Noise","floor":1.0},{"not_picked":["Gash","Storm"],"picked":"Self Repair","floor":3.0},{"not_picked":["Blizzard","Conserve Battery"],"picked":"Chill","floor":4.0},{"not_picked":["Go for the Eyes","Redo"],"picked":"White Noise","floor":5.0},{"not_picked":["Go for the Eyes","Gash"],"picked":"Chill","floor":7.0},{"not_picked":["Barrage","Undo","Gash"],"picked":"SKIP","floor":8.0},{"not_picked":["Auto Shields","Go for the Eyes","Reprogram"],"picked":"SKIP","floor":11.0},{"not_picked":["Recycle","Doom and Gloom","Reprogram"],"picked":"SKIP","floor":12.0},{"not_picked":["Recycle","Doom and Gloom","Reprogram"],"picked":"SKIP","floor":12.0},{"not_picked":["Sweeping Beam","Beam Cell","Steam Power"],"picked":"SKIP","floor":14.0},{"not_picked":["Multi-Cast","Amplify"],"picked":"Biased Cognition","floor":16.0},{"not_picked":["Stack","Conserve Battery"],"picked":"Cold Snap","floor":18.0},{"not_picked":["Conserve Battery","Go for the Eyes"],"picked":"Core Surge","floor":20.0},{"not_picked":["Turbo+1","Streamline","Reinforced Body"],"picked":"SKIP","floor":21.0},{"not_picked":["Gash+1","Heatsinks+1"],"picked":"Tempest+1","floor":22.0},{"not_picked":["Melter","Beam Cell"],"picked":"Ball Lightning","floor":23.0},{"not_picked":["Blizzard+1","Beam Cell+1"],"picked":"Defragment","floor":28.0},{"not_picked":["Undo","Compile Driver+1","Conserve Battery"],"picked":"SKIP","floor":30.0},{"not_picked":["White Noise+1","Stack"],"picked":"Self Repair+1","floor":31.0},{"not_picked":["Buffer","Machine Learning"],"picked":"Biased Cognition","floor":33.0},{"not_picked":["Rebound+1","Sunder+1"],"picked":"Ball Lightning+1","floor":35.0},{"not_picked":["Go for the Eyes+1","Stack+1"],"picked":"Ball Lightning+1","floor":37.0},{"not_picked":["Finesse","Forethought"],"picked":"Magnetism","floor":38.0},{"not_picked":["Transmutation","Forethought"],"picked":"Bandage Up","floor":38.0},{"not_picked":["Chrysalis","Secret Technique"],"picked":"Panacea","floor":38.0},{"not_picked":["Sweeping Beam+1","Rebound+1"],"picked":"Leap+1","floor":41.0},{"not_picked":["White Noise","Auto Shields+1","Leap+1"],"picked":"SKIP","floor":44},{"not_picked":["Streamline+1","Skim"],"picked":"Biased Cognition","floor":46},{"not_picked":["Steam+1","BootSequence+1"],"picked":"Stack+1","floor":48}],"player_experience":58701,"relics_obtained":[{"floor":8.0,"key":"Blood Vial"},{"floor":9.0,"key":"Symbiotic Virus"},{"floor":14.0,"key":"The Courier"},{"floor":26.0,"key":"Pantograph"},{"floor":30.0,"key":"Pen Nib"},{"floor":36.0,"key":"Shovel"},{"floor":40.0,"key":"StoneCalendar"},{"floor":41.0,"key":"Nunchaku"},{"floor":42.0,"key":"HornCleat"},{"floor":43.0,"key":"InkBottle"},{"floor":44,"key":"Dream Catcher"},{"floor":49,"key":"Vajra"}],"event_choices":[{"damage_healed":0.0,"max_hp_gain":0.0,"max_hp_loss":0.0,"gold_gain":0.0,"event_name":"Living Wall","player_choice":"Grow","floor":2.0,"gold_loss":0.0,"damage_taken":0.0,"cards_upgraded":["White Noise"]},{"cards_removed":["Strike_B"],"damage_healed":0.0,"max_hp_gain":0.0,"max_hp_loss":0.0,"gold_gain":0.0,"event_name":"Designer","player_choice":"Upgrade and Remove","floor":19.0,"gold_loss":90.0,"damage_taken":0.0,"cards_upgraded":["Strike_B"]},{"damage_healed":0.0,"max_hp_gain":0.0,"max_hp_loss":0.0,"gold_gain":0.0,"event_name":"MindBloom","player_choice":"Fight","floor":36.0,"gold_loss":0.0,"damage_taken":0.0},{"damage_healed":0.0,"max_hp_gain":0.0,"max_hp_loss":0.0,"gold_gain":0.0,"event_name":"SensoryStone","player_choice":"Memory 3","floor":38.0,"gold_loss":0.0,"damage_taken":10.0},{"cards_removed":["Defend_B"],"damage_healed":0.0,"max_hp_gain":0.0,"max_hp_loss":0.0,"gold_gain":0.0,"event_name":"Falling","player_choice":"Removed Skill","floor":39.0,"gold_loss":0.0,"damage_taken":0.0},{"damage_healed":0,"gold_gain":0,"player_choice":"Paid","damage_taken":0,"relics_obtained":["Red Mask"],"max_hp_gain":0,"max_hp_loss":0,"event_name":"Tomb of Lord Red Mask","floor":47,"gold_loss":33}],"is_beta":false,"boss_relics":[{"not_picked":["Busted Crown","Pandora\u0027s Box"],"picked":"Cursed Key"},{"not_picked":["Nuclear Battery","Velvet Choker"],"picked":"Inserter"}],"items_purged_floors":[45],"is_endless":false,"potions_floor_spawned":[1,5,7,8,12,14,20,22,23,30,33,35,41],"ascension_level":4}}