{"host":"hqxy2g3i5ker09hc","time":1611098023,"event":{"mods":["2.2 Compatiblity","AlwaysNeverKeys","Aspiration","BaseMod","Beaked The Cultist","Better Match","Better Note","Better Sensory Stone","Better Silent Start","Better Third Choice","Better-Laid Plans","CCEM","CatGirl Mod","Chen","Conspire","Fireblade Mod","GifTheSpireLib","Gold Saver","Hubris","Ironclad Rager","Minty Spire (QoL Compilation)","MostiFishMod","Permanent Neow","Quarter Circle Forward PUNCH!","Quick Restart","Replay The Spire","Shop Mod","Small Relic Pack","Spikes Relics","StSLib","Stuff the Spire","The Animator","The Bug Knight","The Forsaken","The Wild Card","vexMod"],"gold_per_floor":[656,656,606,557,557,557,626,626,626,646,670,720,5,38,38,138,138,172,497,547,575,623,623,656,672,696,11,30,48,48,79,79,201,201,218,273,279,279],"floor_reached":37,"language":"ENG","playtime":4078,"items_purged":["vexMod:UltimateCard","Regret"],"score":590,"play_id":"0db9082f-a783-4c1e-a5da-89d947856ffe","local_time":"20210120001343","is_ascension_mode":false,"campfire_choices":[{"data":"theCatGirl:Evasion","floor":6.0,"key":"SMITH"},{"data":"theCatGirl:Prepared","floor":8.0,"key":"SMITH"},{"floor":15.0,"key":"REST"},{"floor":23,"key":"REST"},{"floor":30,"key":"REST"},{"floor":32,"key":"REST"}],"circlet_count":0,"master_deck":["theCatGirl:Strike","theCatGirl:Strike","theCatGirl:Strike","theCatGirl:Strike","theCatGirl:Defend","theCatGirl:Defend","theCatGirl:Defend","theCatGirl:Defend","theCatGirl:ClawStrike","theCatGirl:Evasion+1","theCatGirl:ClenchYourTeeth","conspire:SpireCoStock","theCatGirl:Prepared+1","theCatGirl:BloodScent","theCatGirl:ComboAttack","theCatGirl:ThatWasntIt","theCatGirl:SevenLives","theCatGirl:LearnByMistake","theCatGirl:SmellFear+1","theCatGirl:AdventurersInsight","theCatGirl:Growl","theCatGirl:LearnByMistake","theCatGirl:KeepAlert+1","theCatGirl:PoisedStrike","theCatGirl:ThatWasntIt+1","theCatGirl:TwoStep","theCatGirl:UnrelentingAssault+1","theCatGirl:FocusedStrike","theCatGirl:HungerClaw","theCatGirl:TwoStep"],"relics":["theCatGirl:TrainedRelic","DaveBox","aspiration:Nostalgia","animator:PurgingStone","SynthV:TestCard","hubris:Towel","betterThird:SlimedRelic","SsserpentHead","The Courier","hubris:DisguiseKit","Oddly Smooth Stone","vexMod:BarristanHead","Painkiller Herb","Gremlin Food","Mango","Happy Flower","MostiFishMod:AdaptiveDefenses","MealTicket","vexMod:DeviousBotling"],"acts_visited":["Exordium","TheCity","TheBeyond"],"potions_floor_usage":[22,25,29,31],"damage_taken":[{"damage":0.0,"enemies":"Jaw Worm","floor":1.0,"turns":5.0},{"damage":0.0,"enemies":"2 Louse","floor":7.0,"turns":5.0},{"damage":5.0,"enemies":"Small Slimes","floor":10.0,"turns":2.0},{"damage":7.0,"enemies":"3 Louse","floor":11.0,"turns":7.0},{"damage":22.0,"enemies":"Exordium Thugs","floor":14.0,"turns":6.0},{"damage":12.0,"enemies":"The Guardian","floor":16.0,"turns":21.0},{"damage":4.0,"enemies":"Shell Parasite","floor":18.0,"turns":11.0},{"damage":30.0,"enemies":"3 Byrds","floor":21.0,"turns":9.0},{"damage":12,"enemies":"Centurion and Healer","floor":22,"turns":7},{"damage":18,"enemies":"Shelled Parasite and Fungi","floor":24,"turns":12},{"damage":1,"enemies":"Snecko","floor":25,"turns":8},{"damage":0,"enemies":"Chosen and Byrds","floor":28,"turns":1},{"damage":9,"enemies":"Snake Plant","floor":29,"turns":7},{"damage":7,"enemies":"Cultist and Chosen","floor":31,"turns":8},{"damage":30,"enemies":"Pondfish","floor":33,"turns":22},{"damage":39,"enemies":"Orb Walker","floor":35,"turns":7},{"damage":32,"enemies":"3 Shapes","floor":36,"turns":6},{"damage":66,"enemies":"Sphere and 2 Shapes","floor":37,"turns":7}],"seed_played":"-4733826457063261272","potions_obtained":[{"floor":7.0,"key":"Fire Potion"},{"floor":11.0,"key":"Death Potion"},{"floor":14.0,"key":"PowerPotion"},{"floor":18.0,"key":"LiquidMemories"},{"floor":21.0,"key":"Explosive Potion"},{"floor":24,"key":"FearPotion"},{"floor":25,"key":"Weak Potion"},{"floor":31,"key":"DistilledChaos"}],"is_trial":false,"path_per_floor":["M","?","?","?","?","R","M","R","T","M","M","?","$","M","R","B",null,"?","?","?","?","?","T","?","?","T","T","?","?","T","?","T","B",null,"?","?","?"],"character_chosen":"THE_CATGIRL","items_purchased":["Oddly Smooth Stone","vexMod:BerryBomb","vexMod:BarristanHead","theCatGirl:ThatWasntIt","theCatGirl:SevenLives","theCatGirl:LearnByMistake","Mango","Happy Flower","MostiFishMod:AdaptiveDefenses","MealTicket"],"campfire_rested":4,"item_purchase_floors":[13,13,13,13,13,13,27,27,27,27],"current_hp_per_floor":[70,70,70,59,59,59,59,59,59,54,47,47,53,31,53,41,76,72,72,72,42,30,52,34,33,33,47,47,38,65,58,85,55,90,55,44,0,0],"gold":279,"neow_bonus":"NOSTALGIA","is_daily":false,"chose_seed":false,"campfire_upgraded":2,"win_rate":0.0,"timestamp":1611098023,"path_taken":["M","?","?","?","?","R","?","R","T","M","M","?","$","M","R","BOSS","?","?","?","?","?","T","?","?","T","T","?","?","T","?","T","BOSS","?","?","?"],"items_purchased_type":["Relic","Relic","Relic","Card","Card","Card","Relic","Relic","Relic","Relic"],"build_version":"2020-12-22","purchased_purges":2,"victory":false,"max_hp_per_floor":[70,70,70,70,70,70,70,70,70,70,70,70,76,76,76,76,76,76,76,76,76,76,76,76,76,76,90,90,90,90,90,90,90,90,93,96,96,96],"card_choices":[{"not_picked":["theCatGirl:ElegantStrike","theCatGirl:EmergencyParry"],"picked":"theCatGirl:ClenchYourTeeth","floor":1.0},{"not_picked":["theCatGirl:ShockedWitness","theCatGirl:ExtremeSpeed","theCatGirl:ElegantStrike","theCatGirl:AccidentalSlap"],"picked":"theCatGirl:Prepared","floor":7.0},{"not_picked":["theCatGirl:Meow","theCatGirl:GoddessOfMisfortune","theCatGirl:RecoveryBlow","theCatGirl:TwoStep"],"picked":"theCatGirl:BloodScent","floor":10.0},{"not_picked":["theCatGirl:SearchBackpack","theCatGirl:Prepared","theCatGirl:AngryForm","theCatGirl:LostTrinket"],"picked":"theCatGirl:ComboAttack","floor":11.0},{"not_picked":["theCatGirl:KeepAlert","theCatGirl:ThatWasntIt","theCatGirl:FinishingMove","theCatGirl:ClawScratch","beaked:RuinSticks"],"picked":"theCatGirl:SmellFear","floor":14.0},{"not_picked":["theCatGirl:LearnThePattern","theCatGirl:Howl","theCatGirl:PoiseStance","theCatGirl:AngryForm","beaked:DarkPact"],"picked":"theCatGirl:AdventurersInsight","floor":16.0},{"not_picked":["theCatGirl:TripLunge+1","theCatGirl:DecliningDefenses","theCatGirl:Meow","theCatGirl:GoddessOfMisfortune+1","beaked:Daydream"],"picked":"theCatGirl:Growl","floor":18.0},{"not_picked":["theCatGirl:FumblingBlow","theCatGirl:BodyBlow","theCatGirl:ClawScratch","theCatGirl:PlayAround","beaked:SurvivalInstinct"],"picked":"theCatGirl:LearnByMistake","floor":21.0},{"not_picked":["theCatGirl:EmergencyParry","theCatGirl:TryingMyBest","theCatGirl:FinishingMove","theCatGirl:Stalk","beaked:WarriorEssence"],"picked":"theCatGirl:KeepAlert+1","floor":22},{"not_picked":["theCatGirl:KeepAlert+1","theCatGirl:Stalk","theCatGirl:RunningWithDaggers","theCatGirl:ThatWasntIt+1","ReplayTheSpireMod:RavenHex"],"picked":"theCatGirl:PoisedStrike","floor":24},{"not_picked":["theCatGirl:AccidentalSlap+1","theCatGirl:LearnByMistake","theCatGirl:Stalk","theCatGirl:ExtremeSpeed","beaked:Molting"],"picked":"theCatGirl:ThatWasntIt","floor":25},{"not_picked":["theCatGirl:Claws","theCatGirl:ComboAttack","theCatGirl:ScratchFlurry","theCatGirl:Slip","beaked:Sacrifice"],"picked":"theCatGirl:TwoStep","floor":28},{"not_picked":["theCatGirl:BodyBlow","theCatGirl:TryingMyBest","theCatGirl:Claws","theCatGirl:ShockedWitness","beaked:Evade"],"picked":"theCatGirl:UnrelentingAssault+1","floor":29},{"not_picked":["theCatGirl:AccidentalSlap","theCatGirl:Claws+1","theCatGirl:DefensiveStance","theCatGirl:Prepared","beaked:Resilience"],"picked":"theCatGirl:FocusedStrike","floor":31},{"not_picked":["theCatGirl:AngryForm","theCatGirl:BleedingWounds","theCatGirl:PerfectBlock","theCatGirl:AdventurersInsight","beaked:CheekyTricks"],"picked":"theCatGirl:HungerClaw","floor":33},{"not_picked":["theCatGirl:ChangeOfPlans+1","theCatGirl:PoisedStrike+1","theCatGirl:AllIn","theCatGirl:RunningWithDaggers+1","theCatGirl:ClenchYourTeeth","beaked:Redirect"],"picked":"SKIP","floor":35},{"not_picked":["theCatGirl:PoisedStrike","theCatGirl:RageClaws+1","theCatGirl:SpinningStrike","theCatGirl:EmergencyParry","beaked:FeelMyPain"],"picked":"theCatGirl:TwoStep","floor":36}],"player_experience":657004,"relics_obtained":[{"floor":1.0,"key":"SynthV:TestCard"},{"floor":9.0,"key":"The Courier"},{"floor":26,"key":"Gremlin Food"}],"event_choices":[{"damage_healed":0.0,"max_hp_gain":0.0,"max_hp_loss":0.0,"gold_gain":0.0,"event_name":"conspire:Investor","player_choice":"Invest 1","floor":3.0,"gold_loss":0.0,"damage_taken":0.0},{"damage_healed":0.0,"max_hp_gain":0.0,"max_hp_loss":0.0,"gold_gain":0.0,"event_name":"betterThird:BetterGoop","player_choice":"Slimed","floor":4.0,"gold_loss":49.0,"damage_taken":11.0},{"damage_healed":0.0,"max_hp_gain":0.0,"max_hp_loss":0.0,"gold_gain":0.0,"event_name":"FaceTrader","player_choice":"Trade","floor":5.0,"gold_loss":0.0,"damage_taken":0.0,"relics_obtained":["SsserpentHead"]},{"damage_healed":0.0,"max_hp_gain":0.0,"max_hp_loss":0.0,"gold_gain":275.0,"event_name":"Golden Shrine","player_choice":"Desecrate","floor":19.0,"gold_loss":0.0,"damage_taken":0.0,"cards_obtained":["Regret"]},{"damage_healed":0.0,"max_hp_gain":0.0,"max_hp_loss":0.0,"gold_gain":0.0,"event_name":"betterNote:BetterNote","player_choice":"Ignored","floor":20.0,"gold_loss":0.0,"damage_taken":0.0,"cards_obtained":["Defend_G"]}],"is_beta":false,"boss_relics":[{"not_picked":["conspire:SeveredTorchhead","Honey Jar"],"picked":"Painkiller Herb"},{"not_picked":["StuffTheSpire:RunicHypercube","vexMod:RockOfEvil"],"picked":"vexMod:DeviousBotling"}],"items_purged_floors":[13,27],"is_endless":false,"potions_floor_spawned":[7,11,14,18,21,24,25,31],"killed_by":"Sphere and 2 Shapes","ascension_level":0}}