{"host":"ye2yc4zsa4mr9ewr","time":1611019883,"event":{"mods":["BaseMod","Downfall","Minty Spire (QoL Compilation)","Relic Stats","StSLib"],"gold_per_floor":[99,109,127,139,239,265,265,275,275,292,292,116,135,135,155,257,257,257,269,282,282,298,106,106,124,37,37,37,37,37,37],"floor_reached":29,"language":"ENG","playtime":3200,"items_purged":["champ:Defend","champ:Defend"],"score":227,"play_id":"ff07a503-a0ab-43b8-a953-c9509cb1fc78","local_time":"20210118193123","is_ascension_mode":false,"campfire_choices":[{"data":"champ:Taunt","floor":1,"key":"SMITH"},{"data":"champ:Lariat","floor":9,"key":"SMITH"},{"floor":18,"key":"RECALL"},{"data":"champ:UltimateStance","floor":28,"key":"SMITH"}],"circlet_count":0,"master_deck":["champ:Strike","champ:Strike","champ:Strike","champ:Defend","champ:Defend","champ:Execute","champ:Taunt+1","champ:BerserkersShout","champ:FlashCut","champ:Lariat+1","champ:AdrenalArmor","champ:AdrenalArmor","champ:Duel","champ:FancyFootwork","champ:ShieldWall","champ:GutPunch","champ:SkillfulDodge+1","champ:UltimateStance+1","champ:EndlessRage","champ:BerserkersShout+1","champ:ShieldWall"],"relics":["Runic Pyramid","CloakClasp","WingedGreaves","Pantograph","Busted Crown"],"acts_visited":["Exordium","TheCity"],"potions_floor_usage":[5,6,6,6,6,6,25,29,29],"damage_taken":[{"damage":20,"enemies":"Small Slimes","floor":2,"turns":6},{"damage":60,"enemies":"Jaw Worm","floor":3,"turns":6},{"damage":21,"enemies":"2 Louse","floor":4,"turns":3},{"damage":78,"enemies":"2 Louse","floor":5,"turns":11},{"damage":46,"enemies":"Gremlin Nob","floor":6,"turns":6},{"damage":30,"enemies":"Gremlin Gang","floor":8,"turns":6},{"damage":35,"enemies":"Large Slime","floor":10,"turns":6},{"damage":30,"enemies":"downfall:FleeingMerchant","floor":12,"turns":4},{"damage":30,"enemies":"Exordium Wildlife","floor":13,"turns":5},{"damage":50,"enemies":"Exordium Thugs","floor":15,"turns":5},{"damage":79,"enemies":"IC_STATUS_ARCHETYPE","floor":16,"turns":9},{"damage":55,"enemies":"Shell Parasite","floor":19,"turns":5},{"damage":30,"enemies":"Chosen","floor":20,"turns":4},{"damage":95,"enemies":"Centurion and Healer","floor":22,"turns":7},{"damage":65,"enemies":"downfall:FleeingMerchant","floor":23,"turns":4},{"damage":73,"enemies":"Snake Plant","floor":25,"turns":4},{"damage":45,"enemies":"downfall:FleeingMerchant","floor":26,"turns":4},{"damage":90,"enemies":"Slavers","floor":29,"turns":4}],"seed_played":"5706749225131575224","potions_obtained":[{"floor":2,"key":"Ancient Potion"},{"floor":3,"key":"SpeedPotion"},{"floor":4,"key":"Weak Potion"},{"floor":5,"key":"EntropicBrew"},{"floor":16,"key":"EssenceOfSteel"},{"floor":25,"key":"FearPotion"}],"is_trial":false,"path_per_floor":["R","M","M","M","?","E","T","M","R","M","?","$","M","?","M","B",null,"R","M","M","?","M","$","T","M","$","?","R","E"],"character_chosen":"THE_CHAMP","items_purchased":["champ:ShieldWall","champ:GutPunch","champ:EndlessRage","champ:ShieldWall"],"campfire_rested":0,"item_purchase_floors":[12,12,23,26],"current_hp_per_floor":[90,90,80,79,57,36,36,36,36,31,31,31,31,31,30,52,90,90,90,90,90,90,90,90,82,82,82,82,0,0,0],"gold":37,"neow_bonus":"BOSS_RELIC","is_daily":false,"chose_seed":false,"campfire_upgraded":3,"win_rate":0.0,"timestamp":1611019883,"path_taken":["R","M","M","M","?","E","T","M","R","M","?","$","M","?","M","BOSS","R","M","?","?","M","$","T","M","$","?","R","E"],"items_purchased_type":["Card","Card","Card","Card"],"build_version":"2020-12-22","purchased_purges":2,"victory":false,"max_hp_per_floor":[90,90,90,90,90,90,90,90,90,90,90,90,90,90,90,90,90,90,90,90,90,90,90,90,90,90,90,90,90,90,90],"relic_stats":{"Busted Crown":12,"counters":[18,99],"Pantograph":25,"CloakClasp":[338],"obtain_stats":[{"Busted Crown":17,"Pantograph":7,"champ:ChampionCrown":0,"WingedGreaves":6,"CloakClasp":5,"Runic Pyramid":0},{"Busted Crown":11,"Pantograph":5,"champ:ChampionCrown":0,"WingedGreaves":5,"CloakClasp":4,"Runic Pyramid":0},{"Busted Crown":67,"Pantograph":32,"champ:ChampionCrown":0,"WingedGreaves":32,"CloakClasp":26,"Runic Pyramid":0}]},"card_choices":[{"not_picked":["champ:RisingSlash","champ:Lariat"],"picked":"champ:BerserkersShout","floor":2},{"not_picked":["champ:PerfectedStrike","champ:GladiatorStyle"],"picked":"champ:FlashCut","floor":3},{"not_picked":["champ:FocusedDefense","champ:TornadoPunch"],"picked":"champ:Lariat","floor":4},{"not_picked":["champ:EnGarde","champ:Circumvent"],"picked":"champ:AdrenalArmor","floor":5},{"not_picked":["champ:Duel","champ:BerserkersShout"],"picked":"champ:AdrenalArmor","floor":6},{"not_picked":["champ:DeathBlow","champ:BerserkersShout","champ:FalseCounter"],"picked":"SKIP","floor":8},{"not_picked":["champ:CrownThrow","champ:Parry"],"picked":"champ:Duel","floor":10},{"not_picked":["champ:StanceDance","champ:FlashCut"],"picked":"champ:FancyFootwork","floor":12},{"not_picked":["champ:Haymaker","champ:DefensiveShout"],"picked":"champ:SkillfulDodge","floor":13},{"not_picked":["champ:EndlessRage","champ:StrikeOfGenius","champ:FaceSlap"],"picked":"SKIP","floor":15},{"not_picked":["champ:LastStand","champ:SwordThrow"],"picked":"champ:UltimateStance","floor":16},{"not_picked":["champ:BerserkersShout"],"picked":"SKIP","floor":19},{"not_picked":["champ:BerserkersShout"],"picked":"SKIP","floor":20},{"not_picked":["champ:PerfectedStrike"],"picked":"SKIP","floor":22},{"not_picked":["champ:Circumvent"],"picked":"SKIP","floor":23},{"not_picked":[],"picked":"champ:BerserkersShout+1","floor":25},{"not_picked":["champ:BladeFlurry"],"picked":"SKIP","floor":26}],"player_experience":907260,"relics_obtained":[{"floor":5,"key":"CloakClasp"},{"floor":6,"key":"WingedGreaves"},{"floor":7,"key":"Pantograph"}],"event_choices":[{"cards_removed":["champ:Strike"],"damage_healed":0,"gold_gain":0,"player_choice":"Forget","damage_taken":0,"max_hp_gain":0,"max_hp_loss":0,"event_name":"Living Wall","floor":11,"gold_loss":0}],"is_beta":false,"boss_relics":[{"not_picked":["Astrolabe","Empty Cage"],"picked":"Busted Crown"}],"items_purged_floors":[12,23],"is_endless":false,"potions_floor_spawned":[2,3,4,5,16,25],"killed_by":"Slavers","ascension_level":0}}