{"host":"0ueeacaatm8t6jyh","time":1611069968,"event":{"mods":["AchievementEnabler","BaseMod","Colored Powertips","Minty Spire (QoL Compilation)","Quick Restart","Rare Cards Sparkle","Shop Mod","StSLib"],"gold_per_floor":[213,223,57,68,68,68,95,115,115,115,80,115,15,30,30,101,101,121,132,132,132,57,57,67,95,95,107,107,120,20,36,36,114,114,130,150,150,25,25,25],"floor_reached":39,"language":"ZHS","playtime":1435,"items_purged":["Strike_R","Strike_R","Strike_R"],"score":847,"play_id":"1acdc495-ef9c-4f42-819b-88cb5945ce88","local_time":"20210119232608","is_ascension_mode":true,"campfire_choices":[{"data":"Inflame","floor":6.0,"key":"SMITH"},{"data":"Rupture","floor":15.0,"key":"SMITH"},{"data":"Shockwave","floor":23.0,"key":"SMITH"},{"floor":32.0,"key":"REST"}],"circlet_count":0,"master_deck":["AscendersBane","Defend_R","Defend_R","Defend_R+1","Defend_R","Blood for Blood+1","Rupture+1","Inflame+1","Feed","Bloodletting","Shockwave+1","Sword Boomerang","Limit Break","Whirlwind","Demon Form","Shrug It Off","Hemokinesis","Brutality","Inflame+1","Pommel Strike+1","Reaper+1","Anger+1","Twin Strike+1","Bloodletting+1","Burning Pact+1"],"relics":["Burning Blood","Akabeko","Meat on the Bone","Runic Pyramid","Strawberry","Question Card","Astrolabe"],"acts_visited":["Exordium","TheCity","TheBeyond"],"potions_floor_usage":[],"damage_taken":[{"damage":2.0,"enemies":"2 Louse","floor":1.0,"turns":3.0},{"damage":13.0,"enemies":"Cultist","floor":2.0,"turns":5.0},{"damage":9.0,"enemies":"Jaw Worm","floor":4.0,"turns":4.0},{"damage":24.0,"enemies":"Gremlin Nob","floor":7.0,"turns":4.0},{"damage":10.0,"enemies":"Large Slime","floor":8.0,"turns":5.0},{"damage":12.0,"enemies":"3 Sentries","floor":12.0,"turns":5.0},{"damage":4.0,"enemies":"Blue Slaver","floor":14.0,"turns":2.0},{"damage":39.0,"enemies":"The Guardian","floor":16.0,"turns":9.0},{"damage":20.0,"enemies":"2 Thieves","floor":18.0,"turns":2.0},{"damage":19.0,"enemies":"Shell Parasite","floor":19.0,"turns":2.0},{"damage":3.0,"enemies":"Sentry and Sphere","floor":24.0,"turns":1.0},{"damage":55.0,"enemies":"Book of Stabbing","floor":25.0,"turns":4.0},{"damage":3.0,"enemies":"Snecko","floor":27.0,"turns":4.0},{"damage":48.0,"enemies":"Chosen and Byrds","floor":29.0,"turns":5.0},{"damage":10.0,"enemies":"Sentry and Sphere","floor":31.0,"turns":3.0},{"damage":41.0,"enemies":"Automaton","floor":33.0,"turns":5.0},{"damage":27.0,"enemies":"Orb Walker","floor":35.0,"turns":3.0},{"damage":64.0,"enemies":"3 Darklings","floor":36.0,"turns":5.0},{"damage":40,"enemies":"Transient","floor":39,"turns":2}],"seed_played":"-8064297394832391801","potions_obtained":[{"floor":1.0,"key":"AttackPotion"},{"floor":2.0,"key":"Ancient Potion"},{"floor":14.0,"key":"LiquidBronze"},{"floor":18.0,"key":"GamblersBrew"},{"floor":25.0,"key":"ColorlessPotion"},{"floor":27.0,"key":"AttackPotion"},{"floor":31.0,"key":"ElixirPotion"}],"is_trial":false,"path_per_floor":["M","M","$","M","?","R","E","M","T","?","?","E","$","M","R","B",null,"M","M","?","?","$","R","M","E","T","M","?","M","$","M","R","B",null,"M","M","?","$","M"],"character_chosen":"IRONCLAD","items_purchased":["Inflame","Feed","Whirlwind","PowerPotion"],"campfire_rested":1,"item_purchase_floors":[3,3,13,13],"current_hp_per_floor":[72,65,65,65,65,65,50,49,49,24,45,42,42,56,56,35,74,60,59,59,59,59,59,62,32,32,50,50,20,20,31,61,41,88,70,34,34,34,0,0],"gold":25,"neow_bonus":"HUNDRED_GOLD","is_daily":false,"chose_seed":false,"campfire_upgraded":3,"win_rate":0.0,"timestamp":1611069968,"path_taken":["M","M","$","M","?","R","E","?","T","?","?","E","?","M","R","BOSS","M","M","?","?","$","R","M","E","T","M","?","M","$","M","R","BOSS","M","M","?","$","M"],"items_purchased_type":["Card","Card","Card","Potion"],"build_version":"2020-12-22","purchased_purges":3,"victory":false,"max_hp_per_floor":[75,75,75,78,78,78,81,84,84,84,84,87,87,87,87,87,87,87,87,87,87,87,87,87,94,94,97,97,97,97,100,100,103,103,106,106,106,106,106,106],"card_choices":[{"not_picked":["Armaments","Twin Strike"],"picked":"Blood for Blood","floor":1.0},{"not_picked":["Twin Strike","Wild Strike"],"picked":"Rupture","floor":2.0},{"not_picked":["Burning Pact","Thunderclap"],"picked":"Bloodletting","floor":4.0},{"not_picked":["Cleave","Uppercut"],"picked":"Shockwave","floor":7.0},{"not_picked":["Shockwave","Sentinel"],"picked":"Sword Boomerang","floor":8.0},{"not_picked":["Ghostly Armor","Hemokinesis"],"picked":"Limit Break","floor":12.0},{"not_picked":["Cleave","Sever Soul"],"picked":"Pommel Strike","floor":14.0},{"not_picked":["Corruption","Double Tap"],"picked":"Demon Form","floor":16.0},{"not_picked":["Anger","Twin Strike","True Grit"],"picked":"SKIP","floor":18.0},{"not_picked":["Flex","Clothesline"],"picked":"Shrug It Off","floor":19.0},{"not_picked":["Flame Barrier","Wild Strike"],"picked":"Hemokinesis","floor":24.0},{"not_picked":["Whirlwind","Armaments"],"picked":"Brutality","floor":25.0},{"not_picked":["Cleave","Headbutt","True Grit"],"picked":"Inflame+1","floor":27.0},{"not_picked":["Shrug It Off","Barricade","Clash"],"picked":"Pommel Strike+1","floor":29.0},{"not_picked":["Blood for Blood","Twin Strike","Cleave","Wild Strike"],"picked":"SKIP","floor":31.0},{"not_picked":["Brutality","Barricade","Immolate"],"picked":"Impervious","floor":33.0},{"not_picked":["Body Slam","Inflame","Perfected Strike"],"picked":"Bloodletting","floor":35.0},{"not_picked":["Shockwave+1","Iron Wave","Blood for Blood"],"picked":"Burning Pact+1","floor":36.0}],"player_experience":410614,"relics_obtained":[{"floor":7.0,"key":"Akabeko"},{"floor":12.0,"key":"Meat on the Bone"},{"floor":25.0,"key":"Strawberry"},{"floor":26.0,"key":"Question Card"}],"event_choices":[{"cards_removed":["Strike_R"],"damage_healed":0.0,"max_hp_gain":0.0,"max_hp_loss":0.0,"gold_gain":0.0,"event_name":"Purifier","player_choice":"Purged","floor":5.0,"gold_loss":0.0,"damage_taken":0.0},{"damage_healed":0.0,"max_hp_gain":0.0,"max_hp_loss":0.0,"gold_gain":0.0,"event_name":"Shining Light","player_choice":"Entered Light","floor":10.0,"gold_loss":0.0,"damage_taken":25.0,"cards_upgraded":["Blood for Blood","Defend_R"]},{"damage_healed":21.0,"max_hp_gain":0.0,"max_hp_loss":0.0,"gold_gain":0.0,"event_name":"The Cleric","player_choice":"Healed","floor":11.0,"gold_loss":35.0,"damage_taken":0.0},{"cards_removed":["Strike_R"],"damage_healed":0.0,"max_hp_gain":0.0,"max_hp_loss":0.0,"gold_gain":0.0,"event_name":"Back to Basics","player_choice":"Elegance","floor":20.0,"gold_loss":0.0,"damage_taken":0.0},{"damage_healed":0.0,"max_hp_gain":0.0,"max_hp_loss":0.0,"gold_gain":0.0,"event_name":"Ghosts","player_choice":"Ignored","floor":21.0,"gold_loss":0.0,"damage_taken":0.0},{"damage_healed":0.0,"max_hp_gain":0.0,"max_hp_loss":0.0,"gold_gain":0.0,"event_name":"Vampires","player_choice":"Ignored","floor":28.0,"gold_loss":0.0,"damage_taken":0.0},{"damage_healed":0.0,"max_hp_gain":0.0,"max_hp_loss":0.0,"gold_gain":0.0,"event_name":"Accursed Blacksmith","player_choice":"Forge","floor":37.0,"gold_loss":0.0,"damage_taken":0.0,"cards_upgraded":["Bloodletting"]}],"is_beta":false,"boss_relics":[{"not_picked":["Cursed Key","Empty Cage"],"picked":"Runic Pyramid"},{"not_picked":["Calling Bell","Sozu"],"picked":"Astrolabe"}],"items_purged_floors":[22,30,38],"is_endless":false,"potions_floor_spawned":[1,2,14,16,18,25,27,31],"killed_by":"Transient","ascension_level":20}}