{"host":"mmqs5ul2bvb60kyc","time":1611045027,"event":{"mods":["AchievementEnabler","BaseMod","Colored Map","Colored Powertips","Downfall","Minty Spire (QoL Compilation)","Quick Restart","StSLib"],"gold_per_floor":[99,99,99,99,99,99,124,150,55,71,102,121,154,172,190,290,290,140,157,167,167,180,180,180],"floor_reached":23,"language":"ZHS","playtime":1647,"items_purged":[],"score":271,"play_id":"17a80b93-e04d-40f8-986b-65ae90c61836","local_time":"20210119163027","is_ascension_mode":true,"campfire_choices":[{"data":"sneckomod:SnekBite","floor":1.0,"key":"SMITH"},{"data":"sneckomod:SerpentIdol","floor":6.0,"key":"SMITH"},{"floor":18.0,"key":"RECALL"}],"circlet_count":0,"master_deck":["sneckomod:Strike","sneckomod:Strike+1","sneckomod:Strike","sneckomod:Defend","sneckomod:Defend","sneckomod:Defend","sneckomod:TailWhip+1","sneckomod:SnekBite+1","sneckomod:Unknown","sneckomod:Unknown+1","sneckomod:ImprovisedGuard","sneckomod:SerpentIdol+1","sneckomod:UnknownCommonSkill","sneckomod:UnknownBlock","sneckomod:Cheat+1","Madness","sneckomod:CheapStock","sneckomod:Unknown3Cost","sneckomod:SlitherStrike","hexamod:ThirdSeal","sneckomod:SnakeSap","sneckomod:SnakeSap","sneckomod:Restock","sneckomod:UnknownRarePower","sneckomod:Unknown0Cost","sneckomod:UnknownClassBLUE+1","sneckomod:Unknown0Cost+1","sneckomod:UnknownExhaust","sneckomod:UnknownUncommonPower+1","sneckomod:UnknownRarePower"],"relics":["sneckomod:SneckoSoul","downfall:HeartsMalice","Shuriken","MealTicket","PreservedInsect","Runic Pyramid","downfall:HeartBlessingGreen","downfall:HeartBlessingBlue"],"acts_visited":["Exordium","TheCity"],"potions_floor_usage":[],"damage_taken":[{"damage":0.0,"enemies":"Small Slimes","floor":2.0,"turns":1.0},{"damage":0.0,"enemies":"Jaw Worm","floor":5.0,"turns":1.0},{"damage":0.0,"enemies":"3 Sentries","floor":8.0,"turns":1.0},{"damage":4.0,"enemies":"downfall:FleeingMerchant","floor":9.0,"turns":4.0},{"damage":1.0,"enemies":"2 Louse","floor":10.0,"turns":2.0},{"damage":9.0,"enemies":"Lagavulin","floor":11.0,"turns":5.0},{"damage":5.0,"enemies":"Gremlin Gang","floor":12.0,"turns":5.0},{"damage":10.0,"enemies":"3 Sentries","floor":13.0,"turns":5.0},{"damage":26.0,"enemies":"Exordium Wildlife","floor":14.0,"turns":4.0},{"damage":3.0,"enemies":"2 Fungi Beasts","floor":15.0,"turns":2.0},{"damage":35.0,"enemies":"downfall:Ironclad","floor":16.0,"turns":11.0},{"damage":0.0,"enemies":"Shell Parasite","floor":19.0,"turns":3.0},{"damage":27.0,"enemies":"Snake Plant","floor":20.0,"turns":5.0},{"damage":10.0,"enemies":"Chosen and Byrds","floor":22.0,"turns":6.0},{"damage":88,"enemies":"Slavers","floor":23,"turns":4}],"seed_played":"-2061420121015012335","potions_obtained":[{"floor":8.0,"key":"Ancient Potion"},{"floor":11.0,"key":"DuplicationPotion"},{"floor":12.0,"key":"SkillPotion"},{"floor":20.0,"key":"Weak Potion"}],"is_trial":false,"path_per_floor":["R","M","?","?","M","R","T","E","$","M","E","M","E","M","M","B",null,"R","M","M","?","M","E"],"character_chosen":"THE_SNECKO","items_purchased":["sneckomod:Cheat"],"campfire_rested":0,"item_purchase_floors":[9],"current_hp_per_floor":[90,90,90,90,90,90,90,91,88,88,79,75,69,58,55,21,95,105,107,89,89,88,0,0],"gold":180,"neow_bonus":"THREE_ENEMY_KILL","is_daily":false,"chose_seed":false,"campfire_upgraded":2,"win_rate":0.0,"timestamp":1611045027,"path_taken":["R","M","?","?","M","R","T","E","$","M","E","M","E","M","M","BOSS","R","M","M","?","?","E"],"items_purchased_type":["Card"],"build_version":"2020-12-22","purchased_purges":0,"victory":false,"max_hp_per_floor":[90,90,90,90,90,90,90,91,92,93,93,94,94,94,94,95,95,105,107,109,109,111,111,111],"card_choices":[{"not_picked":["sneckomod:Unknown2Cost","sneckomod:UnknownStrike"],"picked":"sneckomod:ImprovisedGuard","floor":2.0},{"not_picked":["sneckomod:Unknown1Cost","sneckomod:UnknownBlock"],"picked":"sneckomod:SerpentIdol","floor":5.0},{"not_picked":["sneckomod:WideSting","sneckomod:DiceBlock"],"picked":"sneckomod:UnknownCommonSkill","floor":8.0},{"not_picked":["sneckomod:WideSting","sneckomod:DiceCrush"],"picked":"sneckomod:UnknownBlock","floor":9.0},{"not_picked":["sneckomod:DiceCrush","sneckomod:WideSting"],"picked":"sneckomod:UnknownEthereal","floor":10.0},{"not_picked":["sneckomod:SoulCleanse","sneckomod:UnknownClassBLUE"],"picked":"sneckomod:CheapStock","floor":11.0},{"not_picked":["sneckomod:PureSnecko","sneckomod:UnknownClassSLIMEBOUND"],"picked":"sneckomod:Unknown3Cost","floor":12.0},{"not_picked":["sneckomod:UnknownCommonSkill","sneckomod:QuickMove"],"picked":"sneckomod:SlitherStrike","floor":13.0},{"not_picked":["hexamod:FirstSeal","hexamod:SecondSeal"],"picked":"hexamod:ThirdSeal","floor":14.0},{"not_picked":["sneckomod:IronFang","sneckomod:UnknownClassGUARDIAN"],"picked":"sneckomod:SnakeSap","floor":14.0},{"not_picked":["sneckomod:SerpentIdol","sneckomod:WideSting"],"picked":"sneckomod:SnakeSap","floor":15.0},{"not_picked":["sneckomod:SoulExchange","sneckomod:Unknown3Cost"],"picked":"sneckomod:Restock","floor":16.0},{"not_picked":["sneckomod:UnknownColorless","sneckomod:UnknownRareAttack"],"picked":"sneckomod:UnknownRarePower","floor":16.0},{"not_picked":["sneckomod:UnknownBlock","sneckomod:UnknownVulnerable"],"picked":"sneckomod:Unknown0Cost","floor":19.0},{"not_picked":["sneckomod:UnknownWeak+1","sneckomod:SoulDraw"],"picked":"sneckomod:UnknownClassBLUE+1","floor":19.0},{"not_picked":["sneckomod:SnekBeam","sneckomod:Rotation"],"picked":"sneckomod:Unknown0Cost+1","floor":20.0},{"not_picked":["sneckomod:UnknownClassBLUE","sneckomod:UnknownClassGREEN"],"picked":"sneckomod:UnknownExhaust","floor":20.0},{"not_picked":["sneckomod:UnknownClassTHE_CHAMP_GRAY+1","sneckomod:DiceCrush"],"picked":"sneckomod:UnknownUncommonPower+1","floor":22.0},{"not_picked":["sneckomod:SoulRoll","sneckomod:DiceBoulder+1"],"picked":"sneckomod:UnknownRarePower","floor":22.0}],"player_experience":316519,"relics_obtained":[{"floor":8.0,"key":"Shuriken"},{"floor":11.0,"key":"MealTicket"},{"floor":13.0,"key":"PreservedInsect"}],"event_choices":[{"cards_removed":["Regret"],"damage_healed":0.0,"max_hp_gain":0.0,"max_hp_loss":0.0,"gold_gain":0.0,"event_name":"The Cleric","player_choice":"Card Removal","floor":4.0,"gold_loss":0.0,"damage_taken":0.0},{"damage_healed":0.0,"max_hp_gain":0.0,"max_hp_loss":0.0,"gold_gain":0.0,"event_name":"Upgrade Shrine","player_choice":"Upgraded","floor":21.0,"gold_loss":0.0,"damage_taken":0.0,"cards_upgraded":["sneckomod:Cheat"]}],"is_beta":false,"boss_relics":[{"not_picked":["Coffee Dripper","SacredBark"],"picked":"Runic Pyramid"}],"items_purged_floors":[],"is_endless":false,"potions_floor_spawned":[8,11,12,14,15,20,22],"killed_by":"Slavers","ascension_level":1}}