{"host":"l4he167voxkef95j","time":1611056606,"event":{"mods":["BaseMod","Infinite Spire","Minty Spire (QoL Compilation)","Rare Cards Sparkle","StSLib"],"gold_per_floor":[111,123,123,139,157,189,189,204,250,15,30,63,63,104,104,209,209,227,277,287,287,300,300,300],"floor_reached":23,"language":"RUS","playtime":771,"items_purged":[],"score":305,"play_id":"a87fe66a-9f2a-4d7a-85c7-4a9ddd8ad4e0","local_time":"20210119154326","is_ascension_mode":false,"campfire_choices":[{"data":"infinitespire:OneForAll","floor":7,"key":"SMITH"},{"floor":15,"key":"REST"}],"circlet_count":0,"master_deck":["Bash","Perfected Strike","Armaments","Wild Strike","Perfected Strike","Berserk","infinitespire:OneForAll+1","Thunderclap","Dark Embrace","Uppercut","infinitespire:Menacing","Spot Weakness","Immolate","Carnage","True Grit","Juggernaut","True Grit","Juggernaut","Clothesline","Body Slam","Evolve","Barricade","Perfected Strike+1","Cleave+1","Perfected Strike+1"],"relics":["Burning Blood","Ginger","infinitespire:Bottled Soul","Lantern","Toolbox","Smiling Mask","Pandora\u0027s Box","infinitespire:FocusingShard"],"acts_visited":["Exordium","TheCity"],"potions_floor_usage":[6,8,14,23,23],"damage_taken":[{"damage":5,"enemies":"Small Slimes","floor":1,"turns":4},{"damage":1,"enemies":"Cultist","floor":2,"turns":3},{"damage":1,"enemies":"2 Louse","floor":4,"turns":2},{"damage":5,"enemies":"Looter","floor":5,"turns":2},{"damage":15,"enemies":"3 Sentries","floor":6,"turns":5},{"damage":8,"enemies":"Lots of Slimes","floor":8,"turns":2},{"damage":7,"enemies":"Large Slime","floor":11,"turns":3},{"damage":0,"enemies":"Gremlin Nob","floor":12,"turns":2},{"damage":25,"enemies":"Red Slaver","floor":14,"turns":8},{"damage":0,"enemies":"Slime Boss","floor":16,"turns":9},{"damage":23,"enemies":"2 Thieves","floor":18,"turns":4},{"damage":35,"enemies":"Shell Parasite","floor":20,"turns":6},{"damage":11,"enemies":"3 Cultists","floor":22,"turns":3},{"damage":32,"enemies":"Nightmare","floor":23,"turns":4}],"seed_played":"9070284488105262728","potions_obtained":[{"floor":2,"key":"Block Potion"},{"floor":4,"key":"LiquidMemories"},{"floor":5,"key":"HeartOfIron"},{"floor":6,"key":"Explosive Potion"},{"floor":16,"key":"DuplicationPotion"},{"floor":18,"key":"Block Potion"}],"is_trial":false,"path_per_floor":["M","M","?","M","M","E","R","M","T","$","M","E","?","M","R","B",null,"M","?","M","?","M","NM"],"character_chosen":"IRONCLAD","items_purchased":["Dark Embrace","Toolbox"],"campfire_rested":1,"item_purchase_floors":[10,10],"current_hp_per_floor":[80,80,80,80,80,71,71,69,69,69,68,74,53,34,58,64,80,63,63,34,34,29,0,0],"gold":300,"neow_bonus":"THREE_CARDS","is_daily":false,"chose_seed":false,"campfire_upgraded":1,"win_rate":0.0,"timestamp":1611056606,"path_taken":["M","M","?","M","M","E","R","?","T","$","M","E","?","M","R","BOSS","M","?","?","?","M","NM"],"items_purchased_type":["Card","Relic"],"build_version":"2020-12-22","purchased_purges":0,"victory":false,"max_hp_per_floor":[80,80,80,80,80,80,80,80,80,80,80,80,80,80,80,80,80,80,80,80,80,80,80,80],"card_choices":[{"not_picked":["Metallicize","Pommel Strike"],"picked":"Perfected Strike","floor":0},{"not_picked":["Whirlwind","Body Slam"],"picked":"Armaments","floor":1},{"not_picked":["Havoc","Combust"],"picked":"Wild Strike","floor":2},{"not_picked":["Reckless Charge","Sword Boomerang"],"picked":"Perfected Strike","floor":4},{"not_picked":["Entrench","Sword Boomerang"],"picked":"Berserk","floor":5},{"not_picked":["Heavy Blade","Clothesline"],"picked":"infinitespire:OneForAll","floor":6},{"not_picked":["Uppercut","Clash"],"picked":"Thunderclap","floor":8},{"not_picked":["Clash","Sever Soul","Wild Strike"],"picked":"SKIP","floor":11},{"not_picked":["Entrench","True Grit"],"picked":"Uppercut","floor":12},{"not_picked":["infinitespire:DeathsTouch","infinitespire:UltimateForm"],"picked":"infinitespire:Menacing","floor":13},{"not_picked":["Pommel Strike","Pummel"],"picked":"Spot Weakness","floor":14},{"not_picked":["Fiend Fire","Juggernaut"],"picked":"Immolate","floor":16},{"not_picked":["Wild Strike","Cleave"],"picked":"Perfected Strike+1","floor":18},{"not_picked":["Anger","Sword Boomerang"],"picked":"Cleave+1","floor":20},{"not_picked":["Whirlwind","Battle Trance+1"],"picked":"Perfected Strike+1","floor":22}],"player_experience":185216,"relics_obtained":[{"floor":6,"key":"infinitespire:Bottled Soul"},{"floor":9,"key":"Lantern"},{"floor":12,"key":"Smiling Mask"}],"event_choices":[{"damage_healed":0,"gold_gain":0,"player_choice":"Gave Potion","damage_taken":0,"relics_obtained":["Ginger"],"max_hp_gain":0,"max_hp_loss":0,"event_name":"WeMeetAgain","floor":3,"gold_loss":0},{"damage_healed":0,"gold_gain":100,"player_choice":"Bet on Murderer","damage_taken":0,"max_hp_gain":0,"max_hp_loss":0,"event_name":"The Joust","floor":19,"gold_loss":50},{"damage_healed":0,"gold_gain":0,"player_choice":"Opened","damage_taken":0,"relics_obtained":["infinitespire:FocusingShard"],"max_hp_gain":0,"max_hp_loss":0,"event_name":"The Mausoleum","floor":21,"gold_loss":0}],"is_beta":false,"boss_relics":[{"not_picked":["Runic Dome","Velvet Choker"],"picked":"Pandora\u0027s Box"}],"items_purged_floors":[],"is_endless":false,"potions_floor_spawned":[2,4,5,6,16,18],"killed_by":"Nightmare","ascension_level":0}}