{"host":"545ma68kbj6ggddn","time":1611094190,"event":{"mods":["BaseMod","Colored Powertips","Downfall","Minty Spire (QoL Compilation)","SIMod","StSLib"],"gold_per_floor":[99,199,199,217,217,59,86,98,115,115,125,125,137,155,165,267,267,267,279,295,312,297,317,317,317,317,317,317],"floor_reached":26,"language":"ENG","playtime":1901,"items_purged":[],"score":202,"play_id":"a368cae5-4ee9-47f4-9095-49051f8e72e4","local_time":"20210119160950","is_ascension_mode":false,"campfire_choices":[{"data":"bronze:Replicate","floor":1.0,"key":"SMITH"},{"data":"bronze:Repulsor","floor":10.0,"key":"SMITH"},{"data":"bronze:Goto","floor":12.0,"key":"SMITH"},{"floor":18.0,"key":"RECALL"},{"floor":25,"key":"REST"}],"circlet_count":0,"master_deck":["bronze:Strike","bronze:Defend","bronze:Defend","bronze:Defend","bronze:Defend","bronze:Replicate+1","bronze:Goto+1","bronze:Branch","Iron Wave","bronze:Shell","bronze:Repulsor+1","bronze:Constructor","bronze:OilSpill","bronze:OilSpill","bronze:OilSpill","bronze:RecursiveStrike","bronze:Terminator","bronze:AlphaBuild","bronze:Terminator+1","bronze:CutThrough+1","bronze:Shield+1"],"relics":["bronze:PlatinumCore","Oddly Smooth Stone","Sundial"],"acts_visited":["Exordium","TheCity"],"potions_floor_usage":[20],"damage_taken":[{"damage":5.0,"enemies":"Small Slimes","floor":4.0,"turns":4.0},{"damage":0.0,"enemies":"downfall:FleeingMerchant","floor":6.0,"turns":4.0},{"damage":0.0,"enemies":"Cultist","floor":8.0,"turns":3.0},{"damage":0.0,"enemies":"Jaw Worm","floor":9.0,"turns":2.0},{"damage":0.0,"enemies":"Blue Slaver","floor":11.0,"turns":3.0},{"damage":4.0,"enemies":"Large Slime","floor":13.0,"turns":5.0},{"damage":1.0,"enemies":"3 Louse","floor":14.0,"turns":4.0},{"damage":7.0,"enemies":"Exordium Wildlife","floor":15.0,"turns":5.0},{"damage":27.0,"enemies":"DF_ARCHETYPE_STREAMLINE","floor":16.0,"turns":7.0},{"damage":6,"enemies":"Shell Parasite","floor":19,"turns":4},{"damage":16,"enemies":"Snecko","floor":20,"turns":4},{"damage":17,"enemies":"Snake Plant","floor":21,"turns":4},{"damage":9,"enemies":"downfall:FleeingMerchant","floor":22,"turns":4},{"damage":12,"enemies":"Centurion and Healer","floor":23,"turns":7},{"damage":28,"enemies":"Gremlin Leader","floor":26,"turns":2}],"seed_played":"-2148514223421413482","potions_obtained":[{"floor":3.0,"key":"Block Potion"},{"floor":3.0,"key":"SkillPotion"},{"floor":3.0,"key":"EntropicBrew"},{"floor":4.0,"key":"bronze:BuildAFunctionPotion"},{"floor":16.0,"key":"sneckomod:MuddlingPotion"},{"floor":20,"key":"bronze:BurnAndBuffPotion"},{"floor":21,"key":"EssenceOfSteel"}],"is_trial":false,"path_per_floor":["R","?","?","M","?","$","T","M","M","R","M","R","M","M","M","B",null,"R","M","M","M","$","M","T","R","E"],"character_chosen":"THE_AUTOMATON","items_purchased":["bronze:Repulsor","bronze:Constructor","bronze:OilSpill"],"campfire_rested":1,"item_purchase_floors":[6,6,6],"current_hp_per_floor":[63,63,63,58,58,58,58,58,58,58,58,58,54,53,46,19,63,63,57,41,24,15,3,3,21,0,0,0],"gold":317,"neow_bonus":"REMOVE_TWO","is_daily":false,"chose_seed":false,"campfire_upgraded":3,"win_rate":0.0,"timestamp":1611094190,"path_taken":["R","?","?","?","?","$","T","M","?","R","M","R","M","M","M","BOSS","R","M","M","M","$","M","T","R","E"],"items_purchased_type":["Card","Card","Card"],"build_version":"2020-12-22","purchased_purges":0,"victory":false,"max_hp_per_floor":[63,63,63,63,63,63,63,63,63,63,63,63,63,63,63,63,63,63,63,63,63,63,63,63,63,63,63,63],"card_choices":[{"not_picked":["bronze:BugBarrage","bronze:CloningBeam"],"picked":"bronze:Branch","floor":4.0},{"not_picked":["bronze:Frontload","bronze:BugBarrage"],"picked":"bronze:Shell","floor":6.0},{"not_picked":["bronze:DelayedGuard","bronze:WhirlingStrike"],"picked":"bronze:OilSpill","floor":8.0},{"not_picked":["bronze:WhirlingStrike","bronze:ItsAFeature"],"picked":"bronze:OilSpill","floor":9.0},{"not_picked":["bronze:DelayedGuard","bronze:ForceShield","bronze:Shield"],"picked":"SKIP","floor":11.0},{"not_picked":["bronze:Overheat","bronze:BugBarrage"],"picked":"bronze:RecursiveStrike","floor":13.0},{"not_picked":["bronze:FineTuning","bronze:DelayedSlice","bronze:BitShift"],"picked":"SKIP","floor":14.0},{"not_picked":["bronze:BitShift","bronze:Separator"],"picked":"bronze:Terminator","floor":15.0},{"not_picked":["bronze:Mutator","bronze:HyperBeam"],"picked":"bronze:AlphaBuild","floor":16.0},{"not_picked":["bronze:Allocate+1","bronze:WhirlingStrike","bronze:Terminator"],"picked":"SKIP","floor":19},{"not_picked":["bronze:DelayedGuard+1","bronze:WhirlingStrike"],"picked":"bronze:Terminator+1","floor":20},{"not_picked":["bronze:GetLatest","bronze:Turbo"],"picked":"bronze:CutThrough+1","floor":21},{"not_picked":["bronze:ChosenStrike","bronze:BuggyMess","bronze:OilSpill"],"picked":"SKIP","floor":22},{"not_picked":["bronze:NullPointer","bronze:BugBarrage+1"],"picked":"bronze:Shield+1","floor":23}],"player_experience":212573,"relics_obtained":[{"floor":7.0,"key":"Oddly Smooth Stone"},{"floor":24,"key":"Sundial"}],"event_choices":[{"damage_healed":0.0,"max_hp_gain":0.0,"max_hp_loss":0.0,"gold_gain":0.0,"event_name":"Lab","player_choice":"Got Potions","floor":3.0,"gold_loss":0.0,"damage_taken":0.0},{"cards_removed":["bronze:Strike"],"damage_healed":0.0,"max_hp_gain":0.0,"max_hp_loss":0.0,"gold_gain":0.0,"event_name":"NoteForYourself","player_choice":"Took Card","floor":5.0,"gold_loss":0.0,"damage_taken":0.0,"cards_obtained":["Iron Wave"]}],"is_beta":false,"boss_relics":[{"not_picked":["Snecko Eye","Fusion Hammer"],"picked":"bronze:PlatinumCore"}],"items_purged_floors":[],"is_endless":false,"potions_floor_spawned":[4,8,9,16,20,21,23],"killed_by":"Gremlin Leader","ascension_level":0}}