{"host":"cbu6enf2xtq4r7r3","time":1611042123,"event":{"mods":["2.2 Compatiblity","AlwaysNeverKeys","BaseMod","Better Match","Better Note","Better Sensory Stone","Better Skull","Better Third Choice","Colored Map","Colored Powertips","Defuse TimeMaze Blight","Emptier Cage","Minty Spire (QoL Compilation)","Permanent Neow","Quick Restart","Random Character Button","Relic Sorter","Reorder Act Four","Shop Mod","StSLib"],"gold_per_floor":[361,361,372,372,382,382,413,413,413,428,174,199,214,214,214,313,313,323,70,70,102,117,144,144,160,186,186,211,222,222,76,76,171,171,183,196,196,245,595,628,628,322,322,65,65,94,111,333,333,333],"floor_reached":51,"language":"ENG","playtime":2219,"items_purged":["Strike_B","Streamline","Strike_B"],"score":1086,"play_id":"854af94f-85c8-4029-886b-95cefb1f00ea","local_time":"20210119084203","is_ascension_mode":true,"campfire_choices":[{"data":"Zap","floor":6,"key":"SMITH"},{"data":"Conserve Battery","floor":8,"key":"SMITH"},{"data":"Echo Form","floor":15,"key":"SMITH"},{"floor":24,"key":"REST"},{"floor":32,"key":"REST"},{"floor":41,"key":"REST"},{"floor":49,"key":"REST"}],"circlet_count":0,"master_deck":["Strike_B","Strike_B+1","Defend_B","Defend_B","Defend_B","Defend_B+1","Zap+1","Dualcast","Ball Lightning+1","Ball Lightning","Conserve Battery+1","Glacier+1","Cold Snap+1","Cold Snap+1","Echo Form+1","Conserve Battery","Self Repair+1","Redo+1","Steam+1","Coolheaded+1","Panacea+1","Finesse+1","Biased Cognition","CurseOfTheBell","Melter+1","Conserve Battery+1","Steam+1","Conserve Battery+1"],"relics":["Cracked Core","Kunai","Molten Egg 2","Toolbox","Happy Flower","Gremlin Horn","Fusion Hammer","Matryoshka","Red Mask","Eternal Feather","Bag of Marbles","Toxic Egg 2","DataDisk","Lantern","The Courier","Calipers","MerchantsRug","Omamori","Bottled Lightning","Ginger","MealTicket","Gambling Chip"],"acts_visited":["Exordium","TheCity","TheBeyond"],"potions_floor_usage":[3,10,12,12,13,18,21,23,33,38,38,46,49,50],"damage_taken":[{"damage":4,"enemies":"2 Louse","floor":1,"turns":2},{"damage":0,"enemies":"Cultist","floor":3,"turns":3},{"damage":0,"enemies":"Small Slimes","floor":5,"turns":2},{"damage":20,"enemies":"Lagavulin","floor":7,"turns":5},{"damage":10,"enemies":"Gremlin Gang","floor":10,"turns":3},{"damage":0,"enemies":"Gremlin Nob","floor":12,"turns":4},{"damage":6,"enemies":"Exordium Thugs","floor":13,"turns":3},{"damage":14,"enemies":"Hexaghost","floor":16,"turns":9},{"damage":0,"enemies":"3 Byrds","floor":18,"turns":3},{"damage":20,"enemies":"Masked Bandits","floor":21,"turns":5},{"damage":10,"enemies":"2 Thieves","floor":22,"turns":4},{"damage":9,"enemies":"Gremlin Leader","floor":23,"turns":8},{"damage":21,"enemies":"Snake Plant","floor":25,"turns":5},{"damage":19,"enemies":"Slavers","floor":28,"turns":5},{"damage":1,"enemies":"Snecko","floor":29,"turns":4},{"damage":51,"enemies":"Automaton","floor":33,"turns":13},{"damage":4,"enemies":"3 Shapes","floor":35,"turns":4},{"damage":0,"enemies":"Orb Walker","floor":36,"turns":4},{"damage":13,"enemies":"2 Orb Walkers","floor":38,"turns":4},{"damage":26,"enemies":"Mind Bloom Boss Battle","floor":39,"turns":9},{"damage":19,"enemies":"Giant Head","floor":40,"turns":10},{"damage":0,"enemies":"Nemesis","floor":46,"turns":8},{"damage":0,"enemies":"Sphere and 2 Shapes","floor":47,"turns":3},{"damage":6,"enemies":"Awakened One","floor":50,"turns":14}],"seed_played":"5654832469025494384","potions_obtained":[{"floor":2,"key":"EssenceOfSteel"},{"floor":2,"key":"GamblersBrew"},{"floor":2,"key":"Fruit Juice"},{"floor":7,"key":"SteroidPotion"},{"floor":10,"key":"FocusPotion"},{"floor":12,"key":"LiquidMemories"},{"floor":16,"key":"DistilledChaos"},{"floor":18,"key":"DuplicationPotion"},{"floor":28,"key":"Fruit Juice"},{"floor":29,"key":"Ancient Potion"},{"floor":36,"key":"ColorlessPotion"},{"floor":38,"key":"CultistPotion"},{"floor":40,"key":"Block Potion"},{"floor":47,"key":"Fruit Juice"}],"is_trial":false,"path_per_floor":["M","?","M","?","M","R","E","R","T","M","$","E","M","T","R","B",null,"M","$","?","?","M","E","R","M","T","?","E","M","?","$","R","B",null,"M","M","?","?","?","E","R","$","T","$","T","E","M","?","R","B",null],"character_chosen":"DEFECT","items_purchased":["Cold Snap+1","Toolbox","Matryoshka","DataDisk","MerchantsRug","War Paint","Omamori","Ginger"],"campfire_rested":4,"item_purchase_floors":[11,11,19,31,42,42,42,44],"current_hp_per_floor":[64,64,69,69,69,69,49,49,49,39,39,39,33,33,33,19,60,60,60,60,40,40,51,72,61,61,61,62,71,71,71,73,37,68,64,74,74,85,79,70,88,88,88,88,88,88,88,88,93,93],"gold":333,"neow_bonus":"TWO_FIFTY_GOLD","is_daily":false,"chose_seed":false,"campfire_upgraded":3,"win_rate":0.0,"timestamp":1611042123,"path_taken":["M","?","?","?","M","R","E","R","T","M","$","E","?","?","R","BOSS","M","$","?","?","M","E","R","M","T","?","E","M","?","?","R","BOSS","M","M","?","?","?","E","R","$","T","$","?","E","?","?","R","BOSS"],"items_purchased_type":["Card","Relic","Relic","Relic","Relic","Relic","Relic","Relic"],"build_version":"2020-12-22","purchased_purges":3,"victory":true,"max_hp_per_floor":[68,68,73,73,73,73,73,73,73,73,73,73,73,73,73,73,73,73,73,73,73,73,73,73,73,73,73,73,73,73,73,73,78,78,78,78,74,88,88,88,88,88,88,88,88,88,88,88,93,93],"card_choices":[{"not_picked":["Chaos","Beam Cell"],"picked":"Streamline","floor":1},{"not_picked":["Sweeping Beam","Turbo"],"picked":"Ball Lightning","floor":3},{"not_picked":["Barrage","Chaos"],"picked":"Ball Lightning","floor":5},{"not_picked":["Heatsinks","Turbo"],"picked":"Conserve Battery","floor":7},{"not_picked":["Chaos","Streamline+1"],"picked":"Glacier","floor":10},{"not_picked":["White Noise","Scrape+1"],"picked":"Cold Snap+1","floor":12},{"not_picked":["Consume","Ball Lightning+1"],"picked":"Echo Form","floor":13},{"not_picked":["Hologram","Turbo"],"picked":"Conserve Battery","floor":18},{"not_picked":["Go for the Eyes+1","Static Discharge+1"],"picked":"Self Repair+1","floor":21},{"not_picked":["Aggregate","Cold Snap+1","Auto Shields"],"picked":"SKIP","floor":22},{"not_picked":["Ball Lightning+1","Static Discharge+1"],"picked":"Redo+1","floor":23},{"not_picked":["Compile Driver+1","Auto Shields","Ball Lightning+1"],"picked":"SKIP","floor":25},{"not_picked":["Compile Driver+1","Cold Snap+1"],"picked":"Steam+1","floor":28},{"not_picked":["Aggregate+1","Cold Snap+1"],"picked":"Coolheaded+1","floor":29},{"not_picked":["Discovery+1","Deep Breath+1"],"picked":"Panacea+1","floor":30},{"not_picked":["Blind+1","Panacea+1"],"picked":"Finesse+1","floor":30},{"not_picked":["Echo Form","Electrodynamics"],"picked":"Biased Cognition","floor":33},{"not_picked":["Self Repair+1","Steam+1","Hologram+1"],"picked":"SKIP","floor":35},{"not_picked":["Rip and Tear+1","Tempest+1","Genetic Algorithm+1"],"picked":"SKIP","floor":36},{"not_picked":["Gash+1","Stack+1"],"picked":"Melter+1","floor":38},{"not_picked":["White Noise+1","Electrodynamics"],"picked":"Conserve Battery+1","floor":39},{"not_picked":["Fusion+1","Gash+1"],"picked":"Steam+1","floor":40},{"not_picked":["Fusion+1","Scrape+1","Melter+1"],"picked":"SKIP","floor":46},{"not_picked":["Fusion+1","Barrage+1"],"picked":"Conserve Battery+1","floor":47}],"player_experience":100376,"relics_obtained":[{"floor":7,"key":"Kunai"},{"floor":9,"key":"Molten Egg 2"},{"floor":12,"key":"Happy Flower"},{"floor":14,"key":"Gremlin Horn"},{"floor":21,"key":"Red Mask"},{"floor":23,"key":"Whetstone"},{"floor":26,"key":"Eternal Feather"},{"floor":26,"key":"Bag of Marbles"},{"floor":28,"key":"Blue Candle"},{"floor":34,"key":"Lantern"},{"floor":34,"key":"The Courier"},{"floor":34,"key":"Calipers"},{"floor":38,"key":"Mango"},{"floor":39,"key":"Old Coin"},{"floor":43,"key":"StrikeDummy"},{"floor":43,"key":"Bottled Lightning"},{"floor":45,"key":"MealTicket"},{"floor":46,"key":"Gambling Chip"}],"event_choices":[{"damage_healed":0,"gold_gain":0,"player_choice":"Got Potions","damage_taken":0,"max_hp_gain":0,"max_hp_loss":0,"event_name":"Lab","floor":2,"gold_loss":0},{"damage_healed":0,"gold_gain":0,"player_choice":"Ignored","damage_taken":0,"max_hp_gain":0,"max_hp_loss":0,"event_name":"betterNote:BetterNote","floor":4,"gold_loss":0,"cards_obtained":["Shockwave"]},{"damage_healed":0,"gold_gain":0,"player_choice":"Ignored","damage_taken":0,"max_hp_gain":0,"max_hp_loss":0,"event_name":"Ghosts","floor":20,"gold_loss":0},{"damage_healed":0,"gold_gain":0,"player_choice":"Fought Bandits","damage_taken":0,"max_hp_gain":0,"max_hp_loss":0,"event_name":"Masked Bandits","floor":21,"gold_loss":0},{"damage_healed":0,"gold_gain":0,"player_choice":"Opened","damage_taken":0,"relics_obtained":["Toxic Egg 2"],"max_hp_gain":0,"max_hp_loss":0,"event_name":"The Mausoleum","floor":27,"gold_loss":0},{"damage_healed":0,"gold_gain":2,"player_choice":"1","damage_taken":0,"max_hp_gain":0,"max_hp_loss":0,"event_name":"betterStone:BetterStone","floor":30,"gold_loss":0},{"damage_healed":0,"gold_gain":0,"player_choice":"Max HP","damage_taken":0,"max_hp_gain":0,"max_hp_loss":4,"event_name":"Winding Halls","floor":37,"gold_loss":0},{"damage_healed":0,"gold_gain":0,"player_choice":"Fight","damage_taken":0,"max_hp_gain":0,"max_hp_loss":0,"event_name":"Mysterious Sphere","floor":38,"gold_loss":0},{"damage_healed":0,"gold_gain":0,"player_choice":"Fight","damage_taken":0,"max_hp_gain":0,"max_hp_loss":0,"event_name":"MindBloom","floor":39,"gold_loss":0},{"damage_healed":0,"gold_gain":222,"player_choice":"Wore Mask","damage_taken":0,"max_hp_gain":0,"max_hp_loss":0,"event_name":"Tomb of Lord Red Mask","floor":48,"gold_loss":0}],"is_beta":false,"boss_relics":[{"not_picked":["Philosopher\u0027s Stone","Busted Crown"],"picked":"Fusion Hammer"},{"not_picked":["Nuclear Battery","Coffee Dripper"],"picked":"Calling Bell"}],"items_purged_floors":[11,42,44],"is_endless":false,"potions_floor_spawned":[7,10,12,16,18,28,29,36,38,40,47],"ascension_level":5}}