{"host":"by8i6f8xc0ywpsd5","time":1611062784,"event":{"mods":["BaseMod","Colored Map","Minty Spire (QoL Compilation)","Relic Stats"],"gold_per_floor":[111,130,149,159,179,179,209,209,209,209,223,5,38,38,38,115,115,135,135,135,168,185,218,218,251,251,268,268,193,193,224,224,295,295,305,305,305,318,124,124,151,176,237,263,310,322,347,378,390,402,414,426,438,6,36,36,36],"floor_reached":56,"language":"ENG","playtime":2891,"items_purged":["Sweeping Beam","Conserve Battery"],"score":2225,"play_id":"60d21f04-55d3-4195-8b06-baa3ab8e55af","local_time":"20210119152624","is_ascension_mode":true,"campfire_choices":[{"data":"Defragment","floor":6.0,"key":"SMITH"},{"data":"Sweeping Beam","floor":8.0,"key":"SMITH"},{"floor":10.0,"key":"REST"},{"data":"Strike_B","floor":15.0,"key":"PURGE"},{"floor":24.0,"key":"REST"},{"floor":28.0,"key":"REST"},{"data":"Dualcast","floor":32.0,"key":"PURGE"},{"data":"Skim","floor":40.0,"key":"SMITH"},{"floor":49.0,"key":"RECALL"},{"data":"Static Discharge","floor":53.0,"key":"PURGE"}],"circlet_count":0,"master_deck":["AscendersBane","CurseOfTheBell","Sweeping Beam+1","Defragment+1","Reinforced Body","Skim+1","Tempest","Apotheosis+1","Aggregate","Electrodynamics","Compile Driver","Tempest","Chill","Hyperbeam","Echo Form","Stack","Capacitor","Coolheaded","Aggregate","Barrage+1","Echo Form","Self Repair","Fission","Defragment+1","Compile Driver+1","Force Field+1","Double Energy","Reinforced Body","Compile Driver","Compile Driver","Coolheaded","Tempest","Double Energy","Coolheaded","Tempest","Compile Driver","Hologram"],"relics":["Calling Bell","Vajra","The Courier","Pocketwatch","Bottled Lightning","Peace Pipe","Ornamental Fan","Pandora\u0027s Box","Enchiridion","Red Mask","Bird Faced Urn","Prayer Wheel","Cables","Ice Cream","Nuclear Battery","OrangePellets","MawBank","Question Card","DollysMirror","Du-Vu Doll"],"acts_visited":["Exordium","TheCity","TheBeyond","TheEnding"],"potions_floor_usage":[],"damage_taken":[{"damage":1.0,"enemies":"Cultist","floor":1.0,"turns":3.0},{"damage":2.0,"enemies":"Jaw Worm","floor":2.0,"turns":4.0},{"damage":0.0,"enemies":"Small Slimes","floor":3.0,"turns":2.0},{"damage":1.0,"enemies":"Looter","floor":4.0,"turns":3.0},{"damage":3.0,"enemies":"3 Louse","floor":5.0,"turns":3.0},{"damage":23.0,"enemies":"Lagavulin","floor":7.0,"turns":9.0},{"damage":2.0,"enemies":"2 Fungi Beasts","floor":11.0,"turns":3.0},{"damage":12.0,"enemies":"3 Sentries","floor":13.0,"turns":6.0},{"damage":13.0,"enemies":"Hexaghost","floor":16.0,"turns":9.0},{"damage":0.0,"enemies":"Chosen","floor":18.0,"turns":5.0},{"damage":7.0,"enemies":"Masked Bandits","floor":21.0,"turns":2.0},{"damage":11.0,"enemies":"Spheric Guardian","floor":22.0,"turns":3.0},{"damage":0.0,"enemies":"Gremlin Leader","floor":23.0,"turns":5.0},{"damage":24.0,"enemies":"Slavers","floor":25.0,"turns":2.0},{"damage":1.0,"enemies":"Chosen and Byrds","floor":27.0,"turns":4.0},{"damage":15.0,"enemies":"Book of Stabbing","floor":31.0,"turns":6.0},{"damage":0.0,"enemies":"Automaton","floor":33.0,"turns":5.0},{"damage":1.0,"enemies":"3 Shapes","floor":35.0,"turns":4.0},{"damage":0.0,"enemies":"3 Darklings","floor":38.0,"turns":3.0},{"damage":0.0,"enemies":"Reptomancer","floor":41.0,"turns":4.0},{"damage":0.0,"enemies":"Transient","floor":42.0,"turns":6.0},{"damage":7.0,"enemies":"4 Shapes","floor":44.0,"turns":2.0},{"damage":0.0,"enemies":"Nemesis","floor":45.0,"turns":7.0},{"damage":7.0,"enemies":"Sphere and 2 Shapes","floor":47.0,"turns":4.0},{"damage":21.0,"enemies":"Transient","floor":48.0,"turns":6.0},{"damage":40.0,"enemies":"Awakened One","floor":50.0,"turns":9.0},{"damage":17.0,"enemies":"Donu and Deca","floor":51.0,"turns":4.0},{"damage":43.0,"enemies":"Shield and Spear","floor":55.0,"turns":7.0},{"damage":155,"enemies":"The Heart","floor":56,"turns":5}],"seed_played":"-6095408946193633766","potions_obtained":[{"floor":2.0,"key":"FearPotion"},{"floor":13.0,"key":"PowerPotion"},{"floor":16.0,"key":"SkillPotion"},{"floor":23.0,"key":"LiquidMemories"},{"floor":25.0,"key":"BlessingOfTheForge"},{"floor":38.0,"key":"Weak Potion"},{"floor":47.0,"key":"FocusPotion"},{"floor":48.0,"key":"FairyPotion"}],"is_trial":false,"path_per_floor":["M","M","M","M","M","R","E","R","T","R","M","$","E","?","R","B",null,"M","?","?","?","M","E","R","E","T","M","R","?","?","E","R","B",null,"M","?","?","M","$","R","E","M","T","M","E","?","M","M","R","B","B",null,"R","$","E","B"],"character_chosen":"DEFECT","items_purchased":["Apotheosis","Fire Potion","OrangePellets","DollysMirror","Coolheaded","Tempest","Compile Driver","FairyPotion"],"campfire_rested":3,"item_purchase_floors":[12,12,39,54,54,54,54,54],"current_hp_per_floor":[63,61,61,60,57,57,34,34,34,55,53,53,41,20,20,7,55,55,55,34,27,16,16,37,17,17,24,45,45,45,46,46,71,71,71,61,61,71,71,71,71,71,71,66,71,71,71,71,71,45,57,68,68,68,41,0,0],"gold":36,"neow_bonus":"BOSS_RELIC","is_daily":false,"chose_seed":false,"campfire_upgraded":3,"win_rate":0.0,"timestamp":1611062784,"path_taken":["M","?","M","?","M","R","E","R","T","R","M","$","E","?","R","BOSS","M","?","?","?","M","E","R","E","T","M","R","?","?","E","R","BOSS","M","?","?","?","?","R","E","M","T","M","E","?","M","?","R","BOSS","BOSS","R","$","E","BOSS"],"items_purchased_type":["Card","Potion","Relic","Relic","Card","Card","Card","Potion"],"build_version":"2020-12-22","purchased_purges":2,"victory":false,"max_hp_per_floor":[71,71,71,71,71,71,71,71,71,71,71,71,71,71,71,71,71,71,71,71,71,71,71,71,71,71,71,71,71,71,71,71,71,71,71,71,71,71,71,71,71,71,71,71,71,71,71,71,71,71,71,71,71,71,71,71,71],"relic_stats":{"Peace Pipe":3,"OrangePellets":[4],"counters":[29,135],"Ornamental Fan":[20],"Bird Faced Urn":[150],"Pandora\u0027s Box":["Compile Driver","Tempest","Chill","Leap","Hyperbeam","Sweeping Beam","Echo Form"],"Prayer Wheel":7,"MawBank":156,"Question Card":5,"obtain_stats":[{"Ice Cream":31,"Vajra":0,"Enchiridion":20,"The Courier":0,"MawBank":41,"Question Card":45,"Cables":26,"Nuclear Battery":34,"Calling Bell":0,"Peace Pipe":9,"Du-Vu Doll":55,"OrangePellets":39,"Ornamental Fan":13,"DollysMirror":54,"Bird Faced Urn":23,"Pandora\u0027s Box":17,"Prayer Wheel":25,"Red Mask":21,"Bottled Lightning":7,"Cracked Core":0,"Pocketwatch":0},{"Ice Cream":16,"Vajra":0,"Enchiridion":10,"The Courier":0,"MawBank":20,"Question Card":23,"Cables":14,"Nuclear Battery":17,"Calling Bell":0,"Peace Pipe":6,"Du-Vu Doll":28,"OrangePellets":19,"Ornamental Fan":8,"DollysMirror":27,"Bird Faced Urn":13,"Pandora\u0027s Box":9,"Prayer Wheel":14,"Red Mask":11,"Bottled Lightning":6,"Cracked Core":0,"Pocketwatch":0},{"Ice Cream":69,"Vajra":0,"Enchiridion":47,"The Courier":0,"MawBank":85,"Question Card":100,"Cables":59,"Nuclear Battery":74,"Calling Bell":0,"Peace Pipe":24,"Du-Vu Doll":130,"OrangePellets":81,"Ornamental Fan":33,"DollysMirror":123,"Bird Faced Urn":57,"Pandora\u0027s Box":42,"Prayer Wheel":59,"Red Mask":49,"Bottled Lightning":24,"Cracked Core":0,"Pocketwatch":0}],"Pocketwatch":[150],"Cables":[81,43,16,0,22]},"card_choices":[{"not_picked":["Leap","Gash"],"picked":"Sweeping Beam","floor":1.0},{"not_picked":["Consume","Steam"],"picked":"Conserve Battery","floor":2.0},{"not_picked":["Loop","Sunder"],"picked":"Defragment","floor":3.0},{"not_picked":["Barrage","Scrape","Leap"],"picked":"SKIP","floor":4.0},{"not_picked":["Force Field","Rebound"],"picked":"Reinforced Body","floor":5.0},{"not_picked":["Scrape","Double Energy"],"picked":"Skim","floor":7.0},{"not_picked":["Reprogram","Blizzard"],"picked":"Tempest","floor":11.0},{"not_picked":["Double Energy","Beam Cell"],"picked":"Aggregate","floor":13.0},{"not_picked":["Hyperbeam","Fission"],"picked":"Electrodynamics","floor":16.0},{"not_picked":["Barrage+1","Streamline"],"picked":"Stack","floor":18.0},{"not_picked":["Turbo","Cold Snap"],"picked":"Capacitor","floor":21.0},{"not_picked":["Stack","Streamline"],"picked":"Coolheaded","floor":22.0},{"not_picked":["Redo","All For One","Gash"],"picked":"SKIP","floor":23.0},{"not_picked":["Barrage","Rebound"],"picked":"Static Discharge","floor":25.0},{"not_picked":["Hologram","Streamline"],"picked":"Aggregate","floor":27.0},{"not_picked":["Go for the Eyes+1","Streamline"],"picked":"Barrage+1","floor":27.0},{"not_picked":["White Noise","Sweeping Beam"],"picked":"Self Repair","floor":31.0},{"not_picked":["Reboot","Creative AI"],"picked":"Fission","floor":33.0},{"not_picked":["Loop","Beam Cell+1"],"picked":"Defragment","floor":35.0},{"not_picked":["Conserve Battery","Cold Snap","Redo"],"picked":"SKIP","floor":35.0},{"not_picked":["Gash","Turbo","Beam Cell"],"picked":"SKIP","floor":38.0},{"not_picked":["Sweeping Beam","Rip and Tear","Rebound"],"picked":"SKIP","floor":38.0},{"not_picked":["Redo+1","Gash","FTL"],"picked":"SKIP","floor":41.0},{"not_picked":["Go for the Eyes+1","Lockon"],"picked":"Compile Driver+1","floor":42.0},{"not_picked":["Doom and Gloom+1","Streamline+1"],"picked":"Force Field+1","floor":42.0},{"not_picked":["Go for the Eyes+1","Ball Lightning"],"picked":"Double Energy","floor":44.0},{"not_picked":["Sweeping Beam","Lockon+1"],"picked":"Reinforced Body","floor":44.0},{"not_picked":["Chill","Chaos","Force Field"],"picked":"SKIP","floor":45.0},{"not_picked":["Reboot","Storm","Scrape"],"picked":"Compile Driver","floor":47.0},{"not_picked":["Gash","White Noise+1","Steam Power"],"picked":"Compile Driver","floor":47.0},{"not_picked":["Leap+1","Fusion","Genetic Algorithm"],"picked":"Coolheaded","floor":48.0},{"not_picked":["Scrape","Storm","Fission"],"picked":"Tempest","floor":48.0},{"not_picked":["Rebound","Gash","Compile Driver"],"picked":"Hologram","floor":55.0}],"player_experience":1707028,"relics_obtained":[{"floor":0.0,"key":"Vajra"},{"floor":0.0,"key":"The Courier"},{"floor":0.0,"key":"Pocketwatch"},{"floor":7.0,"key":"Bottled Lightning"},{"floor":9.0,"key":"Peace Pipe"},{"floor":13.0,"key":"Ornamental Fan"},{"floor":20.0,"key":"Enchiridion"},{"floor":21.0,"key":"Red Mask"},{"floor":23.0,"key":"Bird Faced Urn"},{"floor":25.0,"key":"Prayer Wheel"},{"floor":26.0,"key":"Cables"},{"floor":31.0,"key":"Ice Cream"},{"floor":41.0,"key":"MawBank"},{"floor":45.0,"key":"Question Card"},{"floor":55.0,"key":"Du-Vu Doll"}],"event_choices":[{"damage_healed":0.0,"max_hp_gain":0.0,"max_hp_loss":0.0,"gold_gain":0.0,"event_name":"Shining Light","player_choice":"Entered Light","floor":14.0,"gold_loss":0.0,"damage_taken":21.0,"cards_upgraded":["Defend_B","Apotheosis"]},{"damage_healed":0.0,"max_hp_gain":0.0,"max_hp_loss":0.0,"gold_gain":0.0,"event_name":"Vampires","player_choice":"Ignored","floor":19.0,"gold_loss":0.0,"damage_taken":0.0},{"damage_healed":0.0,"max_hp_gain":0.0,"max_hp_loss":0.0,"gold_gain":0.0,"event_name":"Cursed Tome","player_choice":"Obtained Book","floor":20.0,"gold_loss":0.0,"damage_taken":21.0},{"damage_healed":0.0,"max_hp_gain":0.0,"max_hp_loss":0.0,"gold_gain":0.0,"event_name":"Masked Bandits","player_choice":"Fought Bandits","floor":21.0,"gold_loss":0.0,"damage_taken":0.0},{"cards_removed":["Zap"],"damage_healed":0.0,"max_hp_gain":0.0,"max_hp_loss":0.0,"gold_gain":0.0,"event_name":"Beggar","player_choice":"Gave Gold","floor":29.0,"gold_loss":75.0,"damage_taken":0.0},{"damage_healed":0.0,"max_hp_gain":0.0,"max_hp_loss":0.0,"gold_gain":0.0,"event_name":"The Library","player_choice":"Read","floor":30.0,"gold_loss":0.0,"damage_taken":0.0,"cards_obtained":["Echo Form"]},{"damage_healed":0.0,"max_hp_gain":0.0,"max_hp_loss":0.0,"gold_gain":0.0,"event_name":"SensoryStone","player_choice":"Memory 3","floor":36.0,"gold_loss":0.0,"damage_taken":10.0},{"damage_healed":0.0,"max_hp_gain":0.0,"max_hp_loss":0.0,"gold_gain":0.0,"event_name":"Accursed Blacksmith","player_choice":"Forge","floor":37.0,"gold_loss":0.0,"damage_taken":0.0,"cards_upgraded":["Defragment"]},{"cards_removed":["Leap"],"damage_healed":5.0,"max_hp_gain":0.0,"max_hp_loss":0.0,"gold_gain":0.0,"event_name":"Bonfire Elementals","player_choice":"Offered Common","floor":46.0,"gold_loss":0.0,"damage_taken":0.0},{"cards_removed":["Leap"],"damage_healed":5.0,"max_hp_gain":0.0,"max_hp_loss":0.0,"gold_gain":0.0,"event_name":"Bonfire Elementals","player_choice":"Offered Special","floor":46.0,"gold_loss":0.0,"damage_taken":0.0}],"is_beta":false,"boss_relics":[{"not_picked":["Snecko Eye","Philosopher\u0027s Stone"],"picked":"Pandora\u0027s Box"},{"not_picked":["Velvet Choker","Empty Cage"],"picked":"Nuclear Battery"}],"items_purged_floors":[39,54],"is_endless":false,"potions_floor_spawned":[2,13,16,18,23,25,38,44,47,48],"killed_by":"The Heart","ascension_level":20}}