{"host":"bxdue9bkfm2khp2x","time":1611027099,"event":{"mods":["ATMod(阿瑾Mod)","Arknights The Spire","Aspiration","BaseMod","Better Vampires","Challenge The Spire","Colored Map","Colored Powertips","Conspire","Decade(王小明)","Dota2Spire","Highlight Path","Minty Spire (QoL Compilation)","MostiFishMod","Remilia（蕾米莉亚）","Replay The Spire","RumiaBox-露米娅的神秘盒子","Ryuuou龙王","Spicy Shops","StSLib","Td1madao Mod","The Alterego","The Bug Knight","The Cursed","The Servant 0.9.4","WarShipGirlsR/战舰少女R mod","noobMod","vexMod","【功能Mod】混沌之环修复补丁","【遗物卡牌】REMEMod","篝火指南"],"gold_per_floor":[110,110,110,35,55,55,55,66,66,94,117,117,127,143,143,219,219,230,145,195,210,58,58,90,90,117,133,151,163,163,163],"floor_reached":30,"language":"ZHS","playtime":2449,"items_purged":["Dualcast","Strike_B"],"score":550,"play_id":"ac393771-d437-4207-bd24-3b11b5a4f45c","local_time":"20210119113139","is_ascension_mode":true,"campfire_choices":[{"data":"Beam Cell","floor":6,"key":"SMITH"},{"data":"REME_ForAll","floor":12,"key":"SMITH"},{"data":"Zap","floor":15,"key":"SMITH"},{"data":"Go for the Eyes","floor":23,"key":"SMITH"},{"data":"Conserve Battery","floor":25,"key":"SMITH"}],"circlet_count":0,"master_deck":["AscendersBane","Defend_B","Defend_B","Zap+1","ats:Calcification","AT_Desolate","BootSequence","Gash","Beam Cell+1","REME_ForAll+1","Go for the Eyes+1","Electrodynamics","Loop+1","MostiFishMod:ReprogramOld+1","Gash+1","Rebound+1","Conserve Battery+1","Self Repair"],"relics":["Cracked Core","DaveBox","REME_ComplimentaryCards","ice","AT_ATBox","JellyFishMachine","SynthV:TestCard","Dota2Spire:OctarineCore","MagicDraw4","Astrolabe","Dota2Spire:BlackKingBar","AT_ArchangelStaff","Regal Pillow"],"acts_visited":["Exordium","TheCity"],"potions_floor_usage":[10,16,16],"damage_taken":[{"damage":0,"enemies":"conspire:RoseBush","floor":1,"turns":3},{"damage":1,"enemies":"Small Slimes","floor":5,"turns":3},{"damage":0,"enemies":"2 Louse","floor":8,"turns":3},{"damage":0,"enemies":"Replay:BlueRogue","floor":10,"turns":5},{"damage":0,"enemies":"Lots of Slimes","floor":13,"turns":4},{"damage":0,"enemies":"Blue Slaver","floor":14,"turns":3},{"damage":70,"enemies":"Fading Forest","floor":16,"turns":13},{"damage":0,"enemies":"Chosen","floor":18,"turns":2},{"damage":6,"enemies":"3 Byrds","floor":21,"turns":3},{"damage":6,"enemies":"conspire:SneckoGhost","floor":24,"turns":5},{"damage":12,"enemies":"conspire:HollyBat","floor":27,"turns":6},{"damage":10,"enemies":"Centurion and Healer","floor":28,"turns":5},{"damage":28,"enemies":"Snake Plant","floor":29,"turns":4},{"damage":0,"enemies":"3 Cultists","floor":30,"turns":3}],"seed_played":"-4729186347167222647","potions_obtained":[{"floor":1,"key":"Venom Potion"},{"floor":5,"key":"SkillPotion"},{"floor":10,"key":"Adrenaline Potion"},{"floor":13,"key":"PowerPotion"},{"floor":27,"key":"FairyPotion"},{"floor":29,"key":"EssenceOfDarkness"}],"is_trial":false,"path_per_floor":["M","?","?","$","M","R","?","M","T","E","T","R","M","M","R","B",null,"M","?","?","M","$","R","E","R","T","M","M","M","M"],"character_chosen":"DEFECT","items_purchased":["Conserve Battery"],"campfire_rested":0,"item_purchase_floors":[22],"current_hp_per_floor":[65,58,58,58,57,57,57,57,57,59,59,59,60,61,61,3,54,54,54,54,51,51,51,47,47,47,39,31,7,8,8],"gold":163,"neow_bonus":"THREE_CARDS","is_daily":false,"chose_seed":false,"campfire_upgraded":5,"win_rate":0.0,"timestamp":1611027099,"path_taken":["M","?","?","$","M","R","?","M","T","E","?","R","?","M","R","BOSS","M","?","?","M","$","R","E","R","T","M","M","M","M"],"items_purchased_type":["Card"],"build_version":"2020-12-22","purchased_purges":2,"victory":false,"max_hp_per_floor":[71,71,71,71,71,71,71,71,71,71,71,71,71,71,71,71,71,71,71,71,71,71,71,71,71,71,71,71,71,71,71],"card_choices":[{"not_picked":["Steam","MostiFishMod:PushDownKick"],"picked":"BootSequence","floor":0},{"not_picked":["Scrape","Ball Lightning"],"picked":"Gash","floor":1},{"not_picked":["Reboot","Static Discharge","Doom and Gloom","Lockon"],"picked":"Beam Cell","floor":5},{"not_picked":["Sweeping Beam","Cold Snap","AT_RobotInSpace","Beam Cell","MostiFishMod:PushDownKick"],"picked":"SKIP","floor":8},{"not_picked":["Reprogram","Panic Button","Chill","Force Field"],"picked":"REME_ForAll","floor":10},{"not_picked":["Leap","Compile Driver","Fusion","Doom and Gloom"],"picked":"Go for the Eyes","floor":13},{"not_picked":["Sweeping Beam","Go for the Eyes","Leap","AT_HeatAcrobatics","Turbo"],"picked":"SKIP","floor":14},{"not_picked":["REME_Shoggoth","Buffer","MostiFishMod:Exploitation","MostiFishMod:ActiveDefenseSystem"],"picked":"Electrodynamics","floor":16},{"not_picked":["BasicCrystalCard+1","Cold Snap","Turbo","Stack+1","Redo"],"picked":"SKIP","floor":18},{"not_picked":["MostiFishMod:Impulse","Reinforced Body","Turbo","Barrage"],"picked":"Rebound+1","floor":21},{"not_picked":["Auto Shields","Consume","ReplayTheSpireMod:Reroute Power","Hello World","Ball Lightning+1"],"picked":"SKIP","floor":24},{"not_picked":["Rebound+1","Steam","Leap","Coolheaded","Steam Power"],"picked":"SKIP","floor":27},{"not_picked":["ReplaySolidLightProjector","Hyperbeam","Beam Cell","MostiFishMod:PushDownKick","Compile Driver"],"picked":"SKIP","floor":28},{"not_picked":["Tempest","Hologram+1","Conserve Battery+1","Cold Snap"],"picked":"Self Repair","floor":29}],"player_experience":1283248,"relics_obtained":[{"floor":1,"key":"SynthV:TestCard"},{"floor":9,"key":"Dota2Spire:OctarineCore"},{"floor":10,"key":"MagicDraw4"},{"floor":24,"key":"AT_ArchangelStaff"},{"floor":26,"key":"Regal Pillow"}],"event_choices":[{"cards_removed":["Strike_B"],"damage_healed":0,"gold_gain":0,"player_choice":"Card Removal","damage_taken":7,"max_hp_gain":0,"max_hp_loss":0,"event_name":"Golden Wing","floor":2,"gold_loss":0},{"cards_removed":["Strike_B"],"damage_healed":0,"gold_gain":0,"player_choice":"Forget","damage_taken":0,"max_hp_gain":0,"max_hp_loss":0,"event_name":"Living Wall","floor":7,"gold_loss":0},{"damage_healed":0,"gold_gain":0,"player_choice":"Obtained Relic","damage_taken":0,"relics_obtained":["Dota2Spire:BlackKingBar"],"max_hp_gain":0,"max_hp_loss":0,"event_name":"Addict","floor":19,"gold_loss":85},{"damage_healed":0,"gold_gain":50,"player_choice":"Pray","damage_taken":0,"max_hp_gain":0,"max_hp_loss":0,"event_name":"Golden Shrine","floor":20,"gold_loss":0}],"is_beta":false,"boss_relics":[{"not_picked":["Ectoplasm","ReplayTheSpireMod:DimensionalGlitch"],"picked":"Astrolabe"}],"items_purged_floors":[4,22],"is_endless":false,"potions_floor_spawned":[1,5,10,13,27,29],"killed_by":"3 Cultists","ascension_level":20}}