{"host":"ecaj4hn004xnnrw9","time":1611093217,"event":{"mods":["AchievementEnabler","BaseMod","Better Third Choice","Card Forge","Hermit","Hubris","Infinite Spire","Jorbs\u0027s Wanderer Trilogy","Minty Spire (QoL Compilation)","Quick Restart","Relic Stats","Shop Mod","StSLib","The Construct","The Jungle","The Runesmith"],"gold_per_floor":[116,134,134,134,154,154,154,184,184,184,197,22,34,48,48,120,120,130,30,30,30,50,50,79,79,79,79,79,92,92,107,107,181,181,201,220,232,242,259,259,292,292,292,318,318,318,333,346,346,346],"floor_reached":51,"language":"ENG","playtime":5074,"items_purged":["Strike_R","Strike_R","Strike_R"],"score":1232,"play_id":"bd1e9312-d4a1-40b5-8e91-7a534fed5d44","local_time":"20210119215337","is_ascension_mode":true,"campfire_choices":[{"data":"Inflame","floor":6,"key":"SMITH"},{"floor":15,"key":"REST"},{"data":"Demon Form","floor":23,"key":"SMITH"},{"floor":25,"key":"REST"},{"data":"Clothesline","floor":32,"key":"SMITH"},{"data":"Limit Break","floor":40,"key":"SMITH"},{"data":"Shrug It Off","floor":42,"key":"SMITH"},{"data":"Pommel Strike","floor":46,"key":"SMITH"},{"data":"infinitespire:Punishment","floor":49,"key":"SMITH"}],"circlet_count":0,"master_deck":["AscendersBane","Defend_R","Defend_R","Defend_R","Defend_R","Bash+1","Inflame+1","Twin Strike","Cleave","Clothesline+1","Pommel Strike+1","Demon Form+1","Reaper","Flame Barrier","Reaper","infinitespire:Punishment+1","Limit Break+1","Shrug It Off+1"],"relics":["Hammer of Thor","Seething Fire","Anvil of the Gods","hubris:VirtuousBlindfold","Akabeko","hubris:ChampionShield","hubris:TinFlute","Happy Flower","construct:WeddingRing","infinitespire:WardingShard","infinitespire:Beetle Shell","Oddly Smooth Stone","hubris:Stopwatch","Runesmith:AutoHammer","infinitespire:CheckeredPen","Regal Pillow","Omamori"],"acts_visited":["Exordium","TheCity","TheBeyond"],"potions_floor_usage":[13,16,50,50],"damage_taken":[{"damage":6,"enemies":"Cultist","floor":1,"turns":3},{"damage":0,"enemies":"Small Slimes","floor":2,"turns":3},{"damage":1,"enemies":"2 Louse","floor":5,"turns":2},{"damage":30,"enemies":"Lagavulin","floor":8,"turns":5},{"damage":8,"enemies":"Large Slime","floor":11,"turns":3},{"damage":10,"enemies":"Exordium Thugs","floor":13,"turns":3},{"damage":3,"enemies":"Blue Slaver","floor":14,"turns":2},{"damage":22,"enemies":"Hexaghost","floor":16,"turns":6},{"damage":12,"enemies":"2 Thieves","floor":18,"turns":3},{"damage":7,"enemies":"Shell Parasite","floor":22,"turns":4},{"damage":30,"enemies":"Slavers","floor":24,"turns":5},{"damage":18,"enemies":"3 Cultists","floor":29,"turns":4},{"damage":12,"enemies":"Centurion and Healer","floor":31,"turns":4},{"damage":78,"enemies":"Automaton","floor":33,"turns":7},{"damage":13,"enemies":"3 Shapes","floor":35,"turns":7},{"damage":36,"enemies":"3 Darklings","floor":36,"turns":5},{"damage":18,"enemies":"Transient","floor":37,"turns":5},{"damage":31,"enemies":"Sphere and 2 Shapes","floor":38,"turns":5},{"damage":40,"enemies":"4 Shapes","floor":39,"turns":10},{"damage":38,"enemies":"Giant Head","floor":41,"turns":7},{"damage":42,"enemies":"Reptomancer","floor":44,"turns":6},{"damage":42,"enemies":"Jaw Worm Horde","floor":47,"turns":5},{"damage":28,"enemies":"3 Darklings","floor":48,"turns":3},{"damage":74,"enemies":"Time Eater","floor":50,"turns":7}],"seed_played":"-7059284439544786381","potions_obtained":[{"floor":11,"key":"BloodPotion"},{"floor":13,"key":"Explosive Potion"},{"floor":14,"key":"LiquidBronze"},{"floor":18,"key":"FearPotion"},{"floor":44,"key":"Regen Potion"},{"floor":47,"key":"Swift Potion"}],"is_trial":false,"path_per_floor":["M","M","?","?","M","R","?","E","T","T","M","$","M","M","R","B",null,"M","$","?","$","M","R","E","R","T","?","AVR","M","?","M","R","B",null,"M","M","M","M","M","R","E","R","T","E","?","R","M","M","R","B",null],"character_chosen":"IRONCLAD","items_purchased":["Cleave","Clothesline"],"campfire_rested":2,"item_purchase_floors":[12,12],"current_hp_per_floor":[62,62,62,55,54,54,54,24,24,24,16,16,21,18,40,18,61,56,56,56,56,49,49,25,47,47,47,47,57,40,42,42,22,62,75,75,62,50,45,45,71,71,71,56,56,56,56,62,62,54],"gold":346,"neow_bonus":"BOSS_RELIC","is_daily":false,"chose_seed":false,"campfire_upgraded":7,"win_rate":0.0,"timestamp":1611093217,"path_taken":["M","?","?","?","M","R","?","E","T","?","M","$","M","M","R","BOSS","M","$","?","?","M","R","E","R","T","?","AVR","?","?","M","R","BOSS","M","M","M","M","M","R","E","R","T","E","?","R","?","M","R","BOSS"],"items_purchased_type":["Card","Card"],"build_version":"2020-12-22","purchased_purges":3,"victory":true,"max_hp_per_floor":[75,75,75,75,75,75,75,75,75,75,75,75,75,75,75,75,75,75,75,75,75,75,75,75,75,75,75,75,75,75,75,75,75,75,75,75,75,75,75,75,75,75,75,75,75,75,75,75,75,75],"relic_stats":{"Regal Pillow":0,"Happy Flower":[33],"counters":[24,114],"obtain_stats":[{"Regal Pillow":44,"construct:WeddingRing":17,"Happy Flower":10,"hubris:VirtuousBlindfold":0,"Oddly Smooth Stone":28,"Hammer of Thor":0,"infinitespire:Beetle Shell":26,"Omamori":45,"Seething Fire":0,"infinitespire:CheckeredPen":43,"Burning Blood":0,"Akabeko":3,"infinitespire:WardingShard":24,"Anvil of the Gods":0,"hubris:Stopwatch":34,"Runesmith:AutoHammer":41,"hubris:ChampionShield":8,"hubris:TinFlute":9},{"Regal Pillow":21,"construct:WeddingRing":8,"Happy Flower":4,"hubris:VirtuousBlindfold":0,"Oddly Smooth Stone":11,"Hammer of Thor":0,"infinitespire:Beetle Shell":11,"Omamori":21,"Seething Fire":0,"infinitespire:CheckeredPen":20,"Burning Blood":0,"Akabeko":2,"infinitespire:WardingShard":11,"Anvil of the Gods":0,"hubris:Stopwatch":14,"Runesmith:AutoHammer":20,"hubris:ChampionShield":4,"hubris:TinFlute":4},{"Regal Pillow":99,"construct:WeddingRing":27,"Happy Flower":13,"hubris:VirtuousBlindfold":0,"Oddly Smooth Stone":39,"Hammer of Thor":0,"infinitespire:Beetle Shell":39,"Omamori":99,"Seething Fire":0,"infinitespire:CheckeredPen":93,"Burning Blood":0,"Akabeko":6,"infinitespire:WardingShard":39,"Anvil of the Gods":0,"hubris:Stopwatch":54,"Runesmith:AutoHammer":93,"hubris:ChampionShield":13,"hubris:TinFlute":13}]},"card_choices":[{"not_picked":["Hemokinesis","Headbutt"],"picked":"Inflame","floor":1},{"not_picked":["Warcry","Second Wind","Sever Soul"],"picked":"SKIP","floor":2},{"not_picked":["Evolve","Body Slam","Armaments"],"picked":"SKIP","floor":5},{"not_picked":["Feel No Pain","Combust"],"picked":"Twin Strike","floor":8},{"not_picked":["Armaments","Warcry","Power Through"],"picked":"SKIP","floor":11},{"not_picked":["Rupture","Thunderclap"],"picked":"Pommel Strike","floor":13},{"not_picked":["Armaments","Cleave"],"picked":"Demon Form","floor":14},{"not_picked":["Double Tap","Offering"],"picked":"Reaper","floor":16},{"not_picked":["Warcry","Wild Strike","Bloodletting"],"picked":"SKIP","floor":18},{"not_picked":["Iron Wave","Twin Strike","Power Through+1"],"picked":"SKIP","floor":22},{"not_picked":["Clothesline","Anger+1"],"picked":"Flame Barrier","floor":24},{"not_picked":["Headbutt","hubris:CleavingFinish","Sever Soul"],"picked":"SKIP","floor":29},{"not_picked":["infinitespire:NeuralNetwork","infinitespire:TheBestDefense"],"picked":"infinitespire:Punishment","floor":30},{"not_picked":["hubris:ReadiedAction","Thunderclap","Cleave"],"picked":"SKIP","floor":31},{"not_picked":["Brutality","Double Tap"],"picked":"Limit Break","floor":33},{"not_picked":["infinitespire:OneForAll","Thunderclap","Rampage+1"],"picked":"SKIP","floor":35},{"not_picked":["Anger","hubris:CleavingFinish"],"picked":"Shrug It Off","floor":36},{"not_picked":["Clash","Cleave","Shrug It Off"],"picked":"SKIP","floor":37},{"not_picked":["Heavy Blade+1","Thunderclap","Armaments"],"picked":"SKIP","floor":38},{"not_picked":["Rage","Warcry","Feel No Pain"],"picked":"SKIP","floor":39},{"not_picked":["Perfected Strike+1","Berserk","Body Slam"],"picked":"SKIP","floor":41},{"not_picked":["Body Slam","Anger","Sentinel"],"picked":"SKIP","floor":44},{"not_picked":["Sever Soul+1","Anger+1","Body Slam"],"picked":"SKIP","floor":47},{"not_picked":["Clothesline","Perfected Strike","Heavy Blade+1"],"picked":"SKIP","floor":48}],"player_experience":387466,"relics_obtained":[{"floor":3,"key":"Akabeko"},{"floor":8,"key":"hubris:ChampionShield"},{"floor":9,"key":"hubris:TinFlute"},{"floor":10,"key":"Happy Flower"},{"floor":24,"key":"infinitespire:WardingShard"},{"floor":26,"key":"infinitespire:Beetle Shell"},{"floor":41,"key":"Runesmith:AutoHammer"},{"floor":43,"key":"infinitespire:CheckeredPen"},{"floor":44,"key":"Regal Pillow"}],"event_choices":[{"cards_removed":["Strike_R"],"damage_healed":0,"gold_gain":0,"player_choice":"Card Removal","damage_taken":7,"max_hp_gain":0,"max_hp_loss":0,"event_name":"Golden Wing","floor":4,"gold_loss":0},{"cards_removed":["Strike_R"],"damage_healed":0,"gold_gain":0,"player_choice":"Offered Basic","damage_taken":0,"max_hp_gain":0,"max_hp_loss":0,"event_name":"Bonfire Elementals","floor":20,"gold_loss":0},{"damage_healed":0,"gold_gain":0,"player_choice":"Copied","damage_taken":0,"max_hp_gain":0,"max_hp_loss":0,"event_name":"Duplicator","floor":27,"gold_loss":0,"cards_obtained":["Reaper"]},{"damage_healed":0,"gold_gain":0,"player_choice":"Gave Potion","damage_taken":0,"relics_obtained":["Omamori"],"max_hp_gain":0,"max_hp_loss":0,"event_name":"WeMeetAgain","floor":45,"gold_loss":0}],"is_beta":false,"boss_relics":[{"not_picked":["Cursed Key","Fusion Hammer"],"picked":"construct:WeddingRing"},{"not_picked":["Runesmith:UraniumAnvil","Mark of Pain"],"picked":"hubris:Stopwatch"}],"items_purged_floors":[12,19,28],"is_endless":false,"potions_floor_spawned":[11,13,14,18,24,29,31,33,41,44,47],"ascension_level":15}}