{"host":"07w92xc562nr1xn4","time":1611090214,"event":{"mods":["BaseMod","Colored Map","Colored Powertips","Minty Spire (QoL Compilation)","Quick Restart","Replay The Spire","StSLib","The Senshi"],"gold_per_floor":[110,110,120,130,141,141,152,182,182,197,208,208,240,259,259,357,357,357,297,42,42,42,42,42,42,42,42,42,42,42,42,42,42,42,42,42],"floor_reached":35,"language":"ENG","playtime":3207,"items_purged":[],"score":749,"play_id":"3e371706-332f-4d52-bd18-b38bb0adc3a7","local_time":"20210119160334","is_ascension_mode":true,"campfire_choices":[{"data":"theSenshi:MoonCrisisMakeUp","floor":6.0,"key":"SMITH"},{"data":"theSenshi:RainbowMoonHeartAche","floor":12.0,"key":"SMITH"},{"floor":15.0,"key":"DIG"},{"data":"theSenshi:JupitersPower","floor":23.0,"key":"SMITH"},{"data":"theSenshi:MercurysCunning","floor":25.0,"key":"SMITH"},{"data":"theSenshi:NeptunesGrace","floor":28.0,"key":"SMITH"},{"floor":32.0,"key":"DIG"}],"circlet_count":0,"master_deck":["theSenshi:SailorKick","theSenshi:SailorKick","theSenshi:SailorKick","theSenshi:SailorBlock","theSenshi:SailorBlock","theSenshi:SailorBlock","theSenshi:SailorBlock+1","theSenshi:RoseThrow+1","theSenshi:MoonPrismPowerMakeUp","theSenshi:CrisisMakeUp","theSenshi:MercurysCunning+1","theSenshi:MoonsReflection","theSenshi:MoonCrisisMakeUp+1","theSenshi:RainbowMoonHeartAche+1","theSenshi:SailorChibiMoonAssists","theSenshi:StudyParty","theSenshi:LunaSensingAllies","theSenshi:GatheringStrength+1","theSenshi:SailorVenusAssists+1","theSenshi:NeptunesGrace+1","theSenshi:JupitersPower+1","theSenshi:LateForSchool","theSenshi:SteeledNerves","theSenshi:GlimpseOfThePast"],"relics":["theSenshi:TransformationBroochRelic","Oddly Smooth Stone","Divine Protection","Ornamental Fan","Counterbalance","Replay:Grab Bag","Ectoplasm","Sozu","Snecko Eye","Matryoshka","Sundial","Tiny Chest","Ancient Tea Set","Letter Opener","War Paint","Tiny House"],"acts_visited":["Exordium","TheCity","TheBeyond"],"potions_floor_usage":[],"damage_taken":[{"damage":1.0,"enemies":"Jaw Worm","floor":1.0,"turns":6.0},{"damage":3.0,"enemies":"Cultist","floor":3.0,"turns":5.0},{"damage":0.0,"enemies":"2 Louse","floor":4.0,"turns":3.0},{"damage":7.0,"enemies":"2 Fungi Beasts","floor":5.0,"turns":4.0},{"damage":8.0,"enemies":"Lots of Slimes","floor":7.0,"turns":5.0},{"damage":0.0,"enemies":"Lagavulin","floor":8.0,"turns":6.0},{"damage":1.0,"enemies":"3 Louse","floor":10.0,"turns":3.0},{"damage":0.0,"enemies":"Exordium Wildlife","floor":11.0,"turns":5.0},{"damage":0.0,"enemies":"Gremlin Nob","floor":13.0,"turns":4.0},{"damage":0.0,"enemies":"Exordium Thugs","floor":14.0,"turns":6.0},{"damage":32.0,"enemies":"Fading Forest","floor":16.0,"turns":11.0},{"damage":0.0,"enemies":"Chosen","floor":18.0,"turns":4.0},{"damage":5.0,"enemies":"2 Thieves","floor":19.0,"turns":4.0},{"damage":0.0,"enemies":"Snecko","floor":21.0,"turns":5.0},{"damage":5.0,"enemies":"Centurion and Healer","floor":22.0,"turns":6.0},{"damage":1.0,"enemies":"Replay:Snechameleon","floor":24.0,"turns":6.0},{"damage":13.0,"enemies":"3 Cultists","floor":27.0,"turns":5.0},{"damage":0.0,"enemies":"Chosen and Byrds","floor":29.0,"turns":4.0},{"damage":9.0,"enemies":"Book of Stabbing","floor":31.0,"turns":5.0},{"damage":0.0,"enemies":"Pondfish","floor":33.0,"turns":9.0},{"damage":74.0,"enemies":"3 Shapes","floor":35.0,"turns":6.0}],"seed_played":"-6377419310416743554","potions_obtained":[{"floor":1.0,"key":"Strength Potion"},{"floor":5.0,"key":"DistilledChaos"},{"floor":10.0,"key":"Swift Potion"},{"floor":11.0,"key":"Block Potion"},{"floor":13.0,"key":"BlessingOfTheForge"},{"floor":14.0,"key":"BlessingOfTheForge"},{"floor":16.0,"key":"FearPotion"}],"is_trial":false,"path_per_floor":["M","?","M","M","M","R","M","E","T","M","M","R","E","M","R_BF","B",null,"M","M","$","M","M","R","E","R","T","M","R","M","?","E","R_BF","B",null,"M"],"character_chosen":"THE_SENSHI","items_purchased":["Matryoshka"],"campfire_rested":0,"item_purchase_floors":[20],"current_hp_per_floor":[74,74,71,71,64,64,56,56,56,55,55,55,55,55,55,31,75,75,70,70,70,65,65,64,64,64,51,51,51,51,42,42,42,80,6,6],"gold":42,"neow_bonus":"REMOVE_CARD","is_daily":false,"chose_seed":false,"campfire_upgraded":5,"win_rate":0.0,"timestamp":1611090214,"path_taken":["M","?","?","M","M","R","M","E","T","M","M","R","E","M","R_BF","BOSS","M","M","$","M","M","R","E","R","T","M","R","M","?","E","R_BF","BOSS","M"],"items_purchased_type":["Relic"],"build_version":"2020-12-22","purchased_purges":0,"victory":false,"max_hp_per_floor":[75,75,75,75,75,75,75,75,75,75,75,75,75,75,75,75,75,75,75,75,75,75,75,75,75,75,75,75,75,75,75,75,75,80,80,80],"card_choices":[{"not_picked":["theSenshi:MoonCrystalPowerMakeUp","theSenshi:SailorChibiMoonAssists"],"picked":"theSenshi:CrisisMakeUp","floor":1.0},{"not_picked":["theSenshi:MoonTiaraMagic","theSenshi:TuxedoSmokingBomber"],"picked":"theSenshi:MercurysCunning","floor":3.0},{"not_picked":["theSenshi:LunasBite","theSenshi:SteeledNerves"],"picked":"theSenshi:MoonsReflection","floor":4.0},{"not_picked":["theSenshi:SailorMarsAssists","theSenshi:MoonsReflection"],"picked":"theSenshi:MoonCrisisMakeUp","floor":5.0},{"not_picked":["theSenshi:LateForSchool","theSenshi:TallSilhouette"],"picked":"theSenshi:RainbowMoonHeartAche","floor":7.0},{"not_picked":["theSenshi:SailorStarMakerAssists","theSenshi:SupersonicWaves"],"picked":"theSenshi:SailorChibiMoonAssists","floor":8.0},{"not_picked":["theSenshi:RainbowMoonHeartAche","theSenshi:SailorMarsAssists","theSenshi:EncouragingSpeech"],"picked":"SKIP","floor":10.0},{"not_picked":["theSenshi:PlutosSolemnity","theSenshi:SailorV","theSenshi:SailorStarFighterAssists"],"picked":"SKIP","floor":11.0},{"not_picked":["theSenshi:SailorStarFighterAssists","theSenshi:SailorMercuryAssists","theSenshi:SailorPlanetPower"],"picked":"SKIP","floor":13.0},{"not_picked":["theSenshi:LateForSchool","theSenshi:DramaticEntrance"],"picked":"theSenshi:StudyParty","floor":14.0},{"not_picked":["theSenshi:WarriorOfTheMoon","theSenshi:SailorSaturnAssists"],"picked":"theSenshi:LunaSensingAllies","floor":16.0},{"not_picked":["theSenshi:SailorVenusAssists","theSenshi:MoonTiaraMagic+1"],"picked":"theSenshi:GatheringStrength+1","floor":18.0},{"not_picked":["theSenshi:CrisisMakeUp+1","theSenshi:MoonPower"],"picked":"theSenshi:SailorVenusAssists","floor":19.0},{"not_picked":["theSenshi:CrisisMakeUp","theSenshi:MoonTiaraMagic"],"picked":"theSenshi:NeptunesGrace","floor":21.0},{"not_picked":["theSenshi:Sidestep","theSenshi:KlutzyLuck+1"],"picked":"theSenshi:JupitersPower","floor":22.0},{"not_picked":["theSenshi:SailorVenusAssists","theSenshi:Sidestep","theSenshi:MoonKick"],"picked":"SKIP","floor":24.0},{"not_picked":["theSenshi:RainbowMoonHeartAche","theSenshi:SailorChibiMoonAssists"],"picked":"theSenshi:LateForSchool","floor":27.0},{"not_picked":["theSenshi:MoonCrystalPowerMakeUp+1","theSenshi:Overload+1","theSenshi:MoonsReflection"],"picked":"SKIP","floor":29.0},{"not_picked":["theSenshi:DramaticEntrance","theSenshi:MoonCrystalPowerMakeUp"],"picked":"theSenshi:SteeledNerves","floor":31.0},{"not_picked":["theSenshi:SailorCosmosAssists","theSenshi:LunaSensingAllies"],"picked":"theSenshi:GlimpseOfThePast","floor":33.0},{"not_picked":["theSenshi:MoonTiaraMagic+1","theSenshi:YouCanTalk","theSenshi:MercurysCunning+1"],"picked":"SKIP","floor":35}],"player_experience":622164,"relics_obtained":[{"floor":8.0,"key":"Oddly Smooth Stone"},{"floor":9.0,"key":"Divine Protection"},{"floor":13.0,"key":"Ornamental Fan"},{"floor":15.0,"key":"Counterbalance"},{"floor":24.0,"key":"Sundial"},{"floor":26.0,"key":"Tiny Chest"},{"floor":26.0,"key":"Ancient Tea Set"},{"floor":31.0,"key":"Letter Opener"},{"floor":32.0,"key":"War Paint"}],"event_choices":[{"damage_healed":0.0,"max_hp_gain":0.0,"max_hp_loss":0.0,"gold_gain":0.0,"event_name":"The Woman in Blue","player_choice":"Bought 0 Potions","floor":2.0,"gold_loss":0.0,"damage_taken":0.0},{"damage_healed":0.0,"max_hp_gain":0.0,"max_hp_loss":0.0,"gold_gain":0.0,"event_name":"Vampires","player_choice":"Ignored","floor":30.0,"gold_loss":0.0,"damage_taken":0.0}],"is_beta":false,"boss_relics":[{"not_picked":["Replay:Drink Me","ReplayTheSpireMod:DimensionalGlitch"],"picked":"Replay:Grab Bag"},{"not_picked":["Fusion Hammer","ReplayTheSpireMod:Onyx Gauntlets"],"picked":"Ectoplasm"},{"not_picked":["Abe\u0027s Treasure","ChewingGum"],"picked":"Sozu"},{"not_picked":["Pandora\u0027s Box","Astrolabe"],"picked":"Snecko Eye"},{"not_picked":["Kintsugi","Runic Pyramid"],"picked":"Tiny House"}],"items_purged_floors":[],"is_endless":false,"potions_floor_spawned":[1,5,10,11,13,14,16,21,27,29,31,35],"killed_by":"3 Shapes","ascension_level":1}}