{"host":"7qoz5gmva6til3yp","time":1611081493,"event":{"mods":["AchievementEnabler","BaseMod","Minty Spire (QoL Compilation)","StSLib","SuperFastMode"],"gold_per_floor":[115,135,149,29,104,104,104,122,172,172,184,184,484,498,498,603,603,619,634,634,384,309,343,343,363,363,375,375,65,96,113,113,212,212,222,73,92,112,162,162,196,208,232,259,62,78,78,89,89,89],"floor_reached":51,"language":"KOR","playtime":2014,"items_purged":["Defend_G","Crippling Poison","Die Die Die","Wraith Form v2"],"score":1166,"play_id":"af94d9f7-62ab-4a44-971f-2db07681393a","local_time":"20210120033813","is_ascension_mode":true,"campfire_choices":[{"data":"Neutralize","floor":6,"key":"SMITH"},{"data":"Survivor","floor":10,"key":"SMITH"},{"floor":15,"key":"REST"},{"data":"Phantasmal Killer","floor":24,"key":"SMITH"},{"data":"Prepared","floor":28,"key":"SMITH"},{"data":"Acrobatics","floor":32,"key":"SMITH"},{"data":"Reflex","floor":40,"key":"SMITH"},{"data":"Grand Finale","floor":47,"key":"SMITH"},{"data":"Backflip","floor":49,"key":"SMITH"}],"circlet_count":0,"master_deck":["Survivor+1","Neutralize+1","Underhanded Strike","Backflip+1","Adrenaline+1","Escape Plan","Phantasmal Killer+1","Acrobatics+1","Prepared+1","Grand Finale+1","Reflex+1","Acrobatics","Prepared+1"],"relics":["Ring of the Snake","Eternal Feather","Akabeko","Old Coin","Pandora\u0027s Box","War Paint","StrikeDummy","Centennial Puzzle","Medical Kit","Dream Catcher","Empty Cage","Orrery","Tough Bandages","Smiling Mask","Blood Vial","Bag of Preparation"],"acts_visited":["Exordium","TheCity","TheBeyond"],"potions_floor_usage":[16,16],"damage_taken":[{"damage":0,"enemies":"Jaw Worm","floor":1,"turns":4},{"damage":2,"enemies":"Cultist","floor":2,"turns":5},{"damage":2,"enemies":"Small Slimes","floor":3,"turns":3},{"damage":0,"enemies":"3 Louse","floor":8,"turns":3},{"damage":1,"enemies":"Exordium Wildlife","floor":11,"turns":3},{"damage":1,"enemies":"Exordium Thugs","floor":14,"turns":4},{"damage":0,"enemies":"Slime Boss","floor":16,"turns":5},{"damage":4,"enemies":"3 Byrds","floor":18,"turns":5},{"damage":6,"enemies":"Spheric Guardian","floor":19,"turns":4},{"damage":0,"enemies":"Book of Stabbing","floor":23,"turns":3},{"damage":0,"enemies":"3 Cultists","floor":25,"turns":3},{"damage":0,"enemies":"Sentry and Sphere","floor":27,"turns":3},{"damage":0,"enemies":"Slavers","floor":30,"turns":1},{"damage":0,"enemies":"Centurion and Healer","floor":31,"turns":1},{"damage":0,"enemies":"Collector","floor":33,"turns":2},{"damage":0,"enemies":"3 Darklings","floor":35,"turns":1},{"damage":0,"enemies":"Orb Walker","floor":37,"turns":1},{"damage":0,"enemies":"Sphere and 2 Shapes","floor":38,"turns":1},{"damage":0,"enemies":"Mind Bloom Boss Battle","floor":39,"turns":1},{"damage":0,"enemies":"Giant Head","floor":41,"turns":1},{"damage":0,"enemies":"4 Shapes","floor":42,"turns":1},{"damage":0,"enemies":"Reptomancer","floor":44,"turns":1},{"damage":0,"enemies":"Spire Growth","floor":46,"turns":1},{"damage":0,"enemies":"Sphere and 2 Shapes","floor":48,"turns":1},{"damage":0,"enemies":"Time Eater","floor":50,"turns":2}],"seed_played":"7779186431103846778","potions_obtained":[{"floor":2,"key":"LiquidBronze"},{"floor":3,"key":"Fire Potion"},{"floor":11,"key":"Swift Potion"},{"floor":16,"key":"SpeedPotion"},{"floor":18,"key":"SkillPotion"},{"floor":27,"key":"PowerPotion"},{"floor":48,"key":"Energy Potion"}],"is_trial":false,"path_per_floor":["M","M","M","$","?","R","T","M","T","R","M","?","?","M","R","B",null,"M","M","?","$","?","E","R","M","T","M","R","$","E","M","R","B",null,"M","$","M","M","?","R","E","M","T","E","$","M","R","M","R","B",null],"character_chosen":"THE_SILENT","items_purchased":["Backflip","War Paint","Reflex","Medical Kit","Orrery","Bag of Preparation"],"campfire_rested":1,"item_purchase_floors":[4,21,29,29,36,45],"current_hp_per_floor":[49,47,45,45,34,34,34,34,34,40,39,25,18,17,44,44,70,66,60,60,60,60,60,66,66,66,66,70,70,70,70,70,70,70,70,70,70,70,70,70,70,70,70,70,70,70,70,70,70,70],"gold":89,"neow_bonus":"REMOVE_TWO","is_daily":false,"chose_seed":false,"campfire_upgraded":8,"win_rate":0.0,"timestamp":1611081493,"path_taken":["M","M","M","$","?","R","?","M","T","R","?","?","?","?","R","BOSS","M","M","?","$","?","E","R","M","T","M","R","$","E","M","R","BOSS","M","$","M","M","?","R","E","M","T","E","$","M","R","M","R","BOSS"],"items_purchased_type":["Card","Relic","Card","Relic","Relic","Relic"],"build_version":"2020-12-22","purchased_purges":4,"victory":true,"max_hp_per_floor":[70,70,70,70,70,70,70,70,70,70,70,70,70,70,70,70,70,70,70,70,70,70,70,70,70,70,70,70,70,70,70,70,70,70,70,70,70,70,70,70,70,70,70,70,70,70,70,70,70,70],"card_choices":[{"not_picked":["Deflect","Dagger Throw","Slice"],"picked":"SKIP","floor":1},{"not_picked":["Quick Slash","Choke"],"picked":"Underhanded Strike","floor":2},{"not_picked":["Skewer","Predator","Bane"],"picked":"SKIP","floor":3},{"not_picked":["Eviscerate","Sucker Punch","Poisoned Stab"],"picked":"SKIP","floor":8},{"not_picked":["Tools of the Trade","Dash","Bane"],"picked":"SKIP","floor":11},{"not_picked":["Outmaneuver","Slice"],"picked":"Terror","floor":14},{"not_picked":["Die Die Die","Tools of the Trade"],"picked":"Adrenaline","floor":16},{"not_picked":["Escape Plan","Flechettes"],"picked":"PiercingWail","floor":18},{"not_picked":["Catalyst","Finisher","Concentrate"],"picked":"SKIP","floor":19},{"not_picked":["Poisoned Stab+1","Underhanded Strike","Dash"],"picked":"SKIP","floor":23},{"not_picked":["Poisoned Stab+1","Underhanded Strike","Dash"],"picked":"SKIP","floor":23},{"not_picked":["Acrobatics","Leg Sweep","Dodge and Roll+1"],"picked":"SKIP","floor":25},{"not_picked":["Reflex+1","Setup"],"picked":"Grand Finale","floor":27},{"not_picked":["Dagger Spray","Backflip","Dash"],"picked":"SKIP","floor":30},{"not_picked":["Bouncing Flask+1","Flechettes","Finisher"],"picked":"SKIP","floor":31},{"not_picked":["Outmaneuver+1","Bane","Predator+1"],"picked":"SKIP","floor":35},{"not_picked":["Poisoned Stab","Escape Plan"],"picked":"Acrobatics","floor":36},{"not_picked":["Deflect","Flying Knee+1"],"picked":"Prepared+1","floor":36},{"not_picked":["Acrobatics","Dodge and Roll+1","Dagger Spray"],"picked":"SKIP","floor":37},{"not_picked":["Prepared","Slice+1","Phantasmal Killer"],"picked":"SKIP","floor":38},{"not_picked":["Skewer","Slice+1","Crippling Poison+1"],"picked":"SKIP","floor":41},{"not_picked":["Crippling Poison","Cloak And Dagger","Choke"],"picked":"SKIP","floor":42},{"not_picked":["Finisher","Expertise+1","Blur"],"picked":"SKIP","floor":44},{"not_picked":["Blade Dance","Bouncing Flask","Dagger Throw"],"picked":"SKIP","floor":46},{"not_picked":["Cloak And Dagger+1","Eviscerate","Backflip+1"],"picked":"SKIP","floor":48}],"player_experience":404799,"relics_obtained":[{"floor":7,"key":"Eternal Feather"},{"floor":9,"key":"Akabeko"},{"floor":23,"key":"StrikeDummy"},{"floor":26,"key":"Centennial Puzzle"},{"floor":30,"key":"Dream Catcher"},{"floor":39,"key":"Tough Bandages"},{"floor":43,"key":"Smiling Mask"},{"floor":44,"key":"Blood Vial"}],"event_choices":[{"damage_healed":0,"gold_gain":75,"player_choice":"Gather Gold","damage_taken":11,"max_hp_gain":0,"max_hp_loss":0,"event_name":"World of Goop","floor":5,"gold_loss":0},{"damage_healed":0,"gold_gain":0,"player_choice":"Entered Light","damage_taken":14,"max_hp_gain":0,"max_hp_loss":0,"event_name":"Shining Light","floor":12,"gold_loss":0,"cards_upgraded":["Strike_G","Strike_G"]},{"damage_healed":0,"gold_gain":0,"player_choice":"Success","damage_taken":7,"relics_obtained":["Old Coin"],"max_hp_gain":0,"max_hp_loss":0,"event_name":"Scrap Ooze","floor":13,"gold_loss":0},{"damage_healed":0,"gold_gain":0,"player_choice":"Read","damage_taken":0,"max_hp_gain":0,"max_hp_loss":0,"event_name":"The Library","floor":20,"gold_loss":0,"cards_obtained":["Prepared"]},{"cards_removed":["Endless Agony"],"damage_healed":0,"gold_gain":0,"player_choice":"Gave Gold","damage_taken":0,"max_hp_gain":0,"max_hp_loss":0,"event_name":"Beggar","floor":22,"gold_loss":75},{"damage_healed":0,"gold_gain":0,"player_choice":"Fight","damage_taken":0,"max_hp_gain":0,"max_hp_loss":0,"event_name":"MindBloom","floor":39,"gold_loss":0}],"is_beta":false,"boss_relics":[{"not_picked":["Coffee Dripper","Black Star"],"picked":"Pandora\u0027s Box"},{"not_picked":["Runic Dome","Ring of the Serpent"],"picked":"Empty Cage"}],"items_purged_floors":[4,21,29,45],"is_endless":false,"potions_floor_spawned":[2,3,11,16,18,23,27,30,38,39,48],"ascension_level":1}}