{"host":"1a3cjta80tad0aqj","time":1611059787,"event":{"mods":["2.2 Compatiblity","AchievementEnabler","BaseMod","Colored Map","DeckTracker","KOR Keyword Fix","Keyboard Shortcuts","Minty Spire (QoL Compilation)","Permanent Neow","Quick Restart","Random Character Button","StSLib","SuperFastMode","everything is the same but u backflip on backflip"],"gold_per_floor":[119,139,149,149,15,15,44,44,90,100,110,110,110,110,110,206,206,230,243,168,168,118,118,118,118,142,142,142],"floor_reached":27,"language":"KOR","playtime":698,"items_purged":["Strike_P"],"score":418,"play_id":"e92bff2e-a38f-4774-89be-2799e74680b9","local_time":"20210119213627","is_ascension_mode":true,"campfire_choices":[{"data":"Eruption","floor":6.0,"key":"SMITH"},{"data":"Adaptation","floor":8.0,"key":"SMITH"},{"data":"Ragnarok","floor":15.0,"key":"SMITH"},{"floor":23.0,"key":"REST"},{"data":"Ragnarok","floor":25,"key":"SMITH"}],"circlet_count":0,"master_deck":["AscendersBane","Strike_P","Strike_P","Defend_P","Defend_P","Defend_P","Eruption+1","Vigilance","BowlingBash","Adaptation+1","FearNoEvil","CutThroughFate","Conclude","Ragnarok+1","Injury","Ragnarok+1"],"relics":["PureWater","NeowsBlessing","Juzu Bracelet","Shovel","Smiling Mask","Golden Idol","Vajra","Sozu","Art of War"],"acts_visited":["Exordium","TheCity"],"potions_floor_usage":[],"damage_taken":[{"damage":0.0,"enemies":"Jaw Worm","floor":1.0,"turns":1.0},{"damage":0.0,"enemies":"2 Louse","floor":2.0,"turns":1.0},{"damage":0.0,"enemies":"Cultist","floor":3.0,"turns":1.0},{"damage":5.0,"enemies":"3 Sentries","floor":7.0,"turns":5.0},{"damage":0.0,"enemies":"2 Fungi Beasts","floor":10.0,"turns":2.0},{"damage":1.0,"enemies":"Lots of Slimes","floor":11.0,"turns":2.0},{"damage":29.0,"enemies":"Hexaghost","floor":16.0,"turns":6.0},{"damage":0.0,"enemies":"Chosen","floor":18.0,"turns":2.0},{"damage":25.0,"enemies":"Shell Parasite","floor":19.0,"turns":3.0},{"damage":46,"enemies":"Slavers","floor":27,"turns":3}],"seed_played":"-4142479656398274595","potions_obtained":[{"floor":2.0,"key":"Dexterity Potion"},{"floor":7.0,"key":"Explosive Potion"}],"is_trial":false,"path_per_floor":["M","M","M","?","$","R","E","R","T","M","M","?","?","?","R","B",null,"M","M","?","?","$","R","?","R","T","E"],"character_chosen":"WATCHER","items_purchased":["FearNoEvil","FearPotion"],"campfire_rested":1,"item_purchase_floors":[5,5],"current_hp_per_floor":[61,61,61,56,56,56,51,51,51,51,50,50,50,50,50,21,56,56,31,31,31,31,51,51,51,51,5,5],"gold":142,"neow_bonus":"THREE_ENEMY_KILL","is_daily":false,"chose_seed":false,"campfire_upgraded":4,"win_rate":0.0,"timestamp":1611059787,"path_taken":["M","M","M","?","$","R","E","R","T","M","M","?","?","?","R","BOSS","M","M","?","?","$","R","?","R","T","E"],"items_purchased_type":["Card","Potion"],"build_version":"2020-12-22","purchased_purges":1,"victory":false,"max_hp_per_floor":[68,68,68,68,68,68,68,68,68,68,68,68,68,68,68,68,68,68,68,68,68,68,68,68,68,68,68,68],"card_choices":[{"not_picked":["Halt","FlurryOfBlows"],"picked":"BowlingBash","floor":1.0},{"not_picked":["Study","Vengeance"],"picked":"BowlingBash","floor":2.0},{"not_picked":["JustLucky","WaveOfTheHand"],"picked":"Adaptation","floor":3.0},{"not_picked":["Pray","Evaluate"],"picked":"CutThroughFate","floor":7.0},{"not_picked":["ThirdEye","FollowUp","Evaluate"],"picked":"SKIP","floor":10.0},{"not_picked":["Consecrate","SignatureMove"],"picked":"Conclude","floor":11.0},{"not_picked":["DevaForm","Omniscience"],"picked":"Ragnarok","floor":16.0},{"not_picked":["Protect","EmptyBody+1","ForeignInfluence"],"picked":"SKIP","floor":18.0},{"not_picked":["Fasting2","ClearTheMind","Crescendo"],"picked":"SKIP","floor":19.0}],"player_experience":785772,"relics_obtained":[{"floor":7.0,"key":"Shovel"},{"floor":9.0,"key":"Smiling Mask"},{"floor":26,"key":"Art of War"}],"event_choices":[{"damage_healed":0.0,"max_hp_gain":0.0,"max_hp_loss":0.0,"gold_gain":0.0,"event_name":"Scrap Ooze","player_choice":"Success","floor":4.0,"gold_loss":0.0,"damage_taken":5.0,"relics_obtained":["Juzu Bracelet"]},{"damage_healed":0.0,"max_hp_gain":0.0,"max_hp_loss":0.0,"gold_gain":0.0,"cards_transformed":["Defend_P"],"event_name":"Living Wall","player_choice":"Change","floor":12.0,"gold_loss":0.0,"damage_taken":0.0,"cards_obtained":["Ragnarok"]},{"damage_healed":0.0,"max_hp_gain":0.0,"max_hp_loss":0.0,"gold_gain":0.0,"event_name":"Golden Idol","player_choice":"Take Wound","floor":13.0,"gold_loss":0.0,"damage_taken":0.0,"relics_obtained":["Golden Idol"],"cards_obtained":["Injury"]},{"cards_removed":["BowlingBash"],"damage_healed":0.0,"max_hp_gain":0.0,"max_hp_loss":0.0,"gold_gain":0.0,"event_name":"WeMeetAgain","player_choice":"Gave Card","floor":14.0,"gold_loss":0.0,"damage_taken":0.0,"relics_obtained":["Vajra"]},{"cards_removed":["Strike_P"],"damage_healed":0.0,"max_hp_gain":0.0,"max_hp_loss":0.0,"gold_gain":0.0,"event_name":"Beggar","player_choice":"Gave Gold","floor":20.0,"gold_loss":75.0,"damage_taken":0.0},{"damage_healed":0.0,"max_hp_gain":0.0,"max_hp_loss":0.0,"gold_gain":0.0,"event_name":"N\u0027loth","player_choice":"Ignored","floor":21.0,"gold_loss":0.0,"damage_taken":0.0}],"is_beta":false,"boss_relics":[{"not_picked":["Coffee Dripper","Runic Dome"],"picked":"Sozu"}],"items_purged_floors":[22],"is_endless":false,"potions_floor_spawned":[2,7,19],"killed_by":"Slavers","ascension_level":20}}