{"host":"p9jk0mlyvhgdzcz4","time":1611036630,"event":{"mods":["BaseMod","Colored Map","Minty Spire (QoL Compilation)","Quick Restart","Slay the Streamer","SuperFastMode"],"gold_per_floor":[14,27,27,51,75,75,93,93,93,93,106,106,122,162,182,182,313,313,332,355,270,270,293,293,309,309,309,309,334,353,353,353,353],"floor_reached":32,"language":"ENG","playtime":2090,"items_purged":[],"score":273,"play_id":"8d0c51b3-bf58-46d2-9929-fc2408d0395c","local_time":"20210119001030","is_ascension_mode":false,"campfire_choices":[{"data":"Echo Form","floor":6,"key":"SMITH"},{"floor":12,"key":"REST"},{"floor":16,"key":"REST"},{"floor":24,"key":"REST"},{"floor":26,"key":"REST"}],"circlet_count":0,"master_deck":["Darkness","Glacier","Leap","Leap","Auto Shields","Cold Snap","Heatsinks","Echo Form+1","Go for the Eyes","Cold Snap","Thunder Strike","Streamline","Stack","BootSequence","Barrage","Fission","Streamline","BootSequence","Beam Cell","Barrage","Double Energy","Reboot","Beam Cell","Defragment","Self Repair","Streamline+1","Capacitor","Undo","Consume","Electrodynamics"],"relics":["Cracked Core","Golden Idol","Juzu Bracelet","Dream Catcher","Sozu","Question Card","Ancient Tea Set","Bottled Tornado"],"acts_visited":["Exordium","TheCity"],"potions_floor_usage":[],"damage_taken":[{"damage":0,"enemies":"2 Louse","floor":1,"turns":3},{"damage":0,"enemies":"Jaw Worm","floor":2,"turns":4},{"damage":0,"enemies":"Small Slimes","floor":4,"turns":3},{"damage":0,"enemies":"Looter","floor":5,"turns":3},{"damage":0,"enemies":"3 Louse","floor":7,"turns":4},{"damage":7,"enemies":"2 Fungi Beasts","floor":11,"turns":3},{"damage":0,"enemies":"Blue Slaver","floor":13,"turns":3},{"damage":0,"enemies":"Lagavulin","floor":14,"turns":6},{"damage":14,"enemies":"3 Louse","floor":15,"turns":4},{"damage":33,"enemies":"The Guardian","floor":17,"turns":10},{"damage":11,"enemies":"Shell Parasite","floor":19,"turns":8},{"damage":13,"enemies":"Spheric Guardian","floor":20,"turns":5},{"damage":36,"enemies":"3 Cultists","floor":23,"turns":9},{"damage":19,"enemies":"Snake Plant","floor":25,"turns":6},{"damage":30,"enemies":"Shelled Parasite and Fungi","floor":29,"turns":7},{"damage":33,"enemies":"3 Cultists","floor":30,"turns":7},{"damage":44,"enemies":"Chosen and Byrds","floor":32,"turns":6}],"seed_played":"-1059670389446397242","potions_obtained":[{"floor":5,"key":"Ancient Potion"},{"floor":11,"key":"Energy Potion"},{"floor":17,"key":"EntropicBrew"}],"is_trial":false,"path_per_floor":["M","M","?","M","M","R","M","?","T","T","M","R","M","E","M","R","B",null,"M","M","?","?","M","R","M","R","T","T","M","M","?","M"],"character_chosen":"DEFECT","items_purchased":[],"campfire_rested":4,"item_purchase_floors":[],"current_hp_per_floor":[75,75,57,57,57,57,57,57,57,57,50,72,72,72,58,75,42,75,64,51,51,51,15,37,32,54,54,54,38,19,19,0,0],"gold":353,"neow_bonus":"THREE_RARE_CARDS","is_daily":false,"chose_seed":false,"campfire_upgraded":1,"win_rate":0.0,"timestamp":1611036630,"path_taken":["M","M","?","M","M","R","M","?","T","M","R","M","E","M","R","BOSS","M","M","?","?","M","R","M","R","T","M","M","?","M"],"items_purchased_type":[],"build_version":"2020-12-22","purchased_purges":0,"victory":false,"max_hp_per_floor":[75,75,75,75,75,75,75,75,75,75,75,75,75,75,75,75,75,75,75,75,75,75,75,75,75,75,75,75,75,75,75,75,75],"card_choices":[{"not_picked":["Core Surge","Electrodynamics"],"picked":"Thunder Strike","floor":0},{"not_picked":["Beam Cell","Coolheaded"],"picked":"Streamline","floor":1},{"not_picked":["Scrape","Rip and Tear"],"picked":"Stack","floor":2},{"not_picked":["Turbo","Sweeping Beam"],"picked":"BootSequence","floor":4},{"not_picked":["Compile Driver","Stack"],"picked":"Barrage","floor":5},{"not_picked":["Stack","Reprogram"],"picked":"Fission","floor":7},{"not_picked":["Redo","Beam Cell"],"picked":"Streamline","floor":11},{"not_picked":["Rebound","Scrape"],"picked":"BootSequence","floor":13},{"not_picked":["Blizzard","Doom and Gloom"],"picked":"Beam Cell","floor":14},{"not_picked":["Compile Driver","Stack"],"picked":"Barrage","floor":15},{"not_picked":["Ball Lightning","Barrage"],"picked":"Double Energy","floor":16},{"not_picked":["Creative AI","Core Surge"],"picked":"Reboot","floor":17},{"not_picked":["Steam Power","Hologram+1"],"picked":"Beam Cell","floor":19},{"not_picked":["Double Energy","Doom and Gloom"],"picked":"Defragment","floor":20},{"not_picked":["Defragment+1","Recycle","Undo"],"picked":"Hologram","floor":23},{"not_picked":["Conserve Battery","Auto Shields","Sunder"],"picked":"Self Repair","floor":24},{"not_picked":["Rebound","Sweeping Beam","Redo"],"picked":"Streamline+1","floor":25},{"not_picked":["Coolheaded","Gash","Undo+1"],"picked":"Capacitor","floor":26},{"not_picked":["Coolheaded","Fusion","Steam Power"],"picked":"Meteor Strike","floor":29},{"not_picked":["Cold Snap","Streamline","Barrage+1"],"picked":"Undo","floor":30}],"player_experience":9473,"relics_obtained":[{"floor":9,"key":"Juzu Bracelet"},{"floor":14,"key":"Dream Catcher"},{"floor":27,"key":"Bottled Tornado"}],"event_choices":[{"damage_healed":0,"gold_gain":0,"player_choice":"Take Damage","damage_taken":18,"relics_obtained":["Golden Idol"],"max_hp_gain":0,"max_hp_loss":0,"event_name":"Golden Idol","floor":3,"gold_loss":0},{"damage_healed":0,"gold_gain":0,"player_choice":"Ignored","damage_taken":0,"max_hp_gain":0,"max_hp_loss":0,"event_name":"Liars Game","floor":8,"gold_loss":0},{"damage_healed":0,"gold_gain":0,"player_choice":"Obtained Relic","damage_taken":0,"relics_obtained":["Question Card"],"max_hp_gain":0,"max_hp_loss":0,"event_name":"Addict","floor":21,"gold_loss":85},{"damage_healed":0,"gold_gain":0,"player_choice":"Opened","damage_taken":0,"relics_obtained":["Ancient Tea Set"],"max_hp_gain":0,"max_hp_loss":0,"event_name":"The Mausoleum","floor":22,"gold_loss":0},{"damage_healed":0,"gold_gain":0,"cards_transformed":["Meteor Strike","Hologram"],"player_choice":"Became Test Subject","damage_taken":0,"max_hp_gain":0,"max_hp_loss":0,"event_name":"Drug Dealer","floor":31,"gold_loss":0,"cards_obtained":["Consume","Electrodynamics"]}],"is_beta":false,"boss_relics":[{"not_picked":["SacredBark","Cursed Key"],"picked":"Sozu"}],"items_purged_floors":[],"is_endless":false,"potions_floor_spawned":[5,11,17,19,29,30],"killed_by":"Chosen and Byrds","ascension_level":0}}