{"host":"6a92uynocv4elkyp","time":1611078542,"event":{"mods":["AchievementEnabler","BaseMod","Infinite Spire","Minty Spire (QoL Compilation)","Quick Restart","StSLib"],"gold_per_floor":[141,141,141,167,167,257,356,461,461,22,22,112,214,326,326,587,587,627,680,101,110,25,25,25,88,88,88],"floor_reached":26,"language":"ENG","playtime":1086,"items_purged":["Regret","Doubt"],"score":521,"play_id":"3ea31a13-0e42-4702-b690-221f325f6cc5","local_time":"20210119184902","daily_mods":["SealedDeck","Red Cards","Green Cards","Blue Cards","Purple Cards","Colorless Cards","Heirloom","Flight","DeadlyEvents","Elite Swarm","Midas"],"is_ascension_mode":true,"campfire_choices":[{"floor":11,"key":"REST"},{"floor":15,"key":"REST"},{"floor":23,"key":"REST"}],"circlet_count":0,"master_deck":["AscendersBane","Flying Knee","Deadly Poison","Cold Snap","Chill","Skim","Gash+1","FollowUp","Consecrate","Beam Cell","Footwork","Flying Knee+1","Parasite","infinitespire:Starlight","Tools of the Trade","Machine Learning","A Thousand Cuts","Gash+1","Scrape+1","Barricade+1","MasterReality+1","A Thousand Cuts+1","Tools of the Trade+1","WheelKick+1","Feel No Pain+1","ForeignInfluence"],"relics":["Cracked Core","Ice Cream","Molten Egg 2","Akabeko","infinitespire:Lucky Rock","CeramicFish","Kunai","Regal Pillow","Frozen Egg 2","Art of War","infinitespire:Midas Blood","Anchor","SacredBark","Medical Kit","Shovel","Strawberry","Whetstone"],"acts_visited":["Exordium","TheCity"],"potions_floor_usage":[14,16],"damage_taken":[{"damage":8,"enemies":"Jaw Worm","floor":1,"turns":2},{"damage":9,"enemies":"Gremlin Nob","floor":6,"turns":3},{"damage":22,"enemies":"3 Sentries","floor":7,"turns":7},{"damage":38,"enemies":"Lagavulin","floor":8,"turns":5},{"damage":22,"enemies":"3 Sentries","floor":12,"turns":5},{"damage":9,"enemies":"Gremlin Nob","floor":13,"turns":3},{"damage":36,"enemies":"Lagavulin","floor":14,"turns":4},{"damage":42,"enemies":"Hexaghost","floor":16,"turns":6},{"damage":47,"enemies":"Shell Parasite","floor":18,"turns":5},{"damage":10,"enemies":"Chosen","floor":19,"turns":3},{"damage":17,"enemies":"3 Cultists","floor":25,"turns":4}],"seed_played":"-2692681941534605186","potions_obtained":[{"floor":1,"key":"Energy Potion"},{"floor":8,"key":"ColorlessPotion"},{"floor":12,"key":"FocusPotion"},{"floor":25,"key":"SteroidPotion"}],"is_trial":true,"path_per_floor":["M","?","?","T","?","E","E","E","T","$","R","E","E","E","R","B",null,"M","M","$","?","?","R","$","M","T"],"character_chosen":"DEFECT","items_purchased":["Frozen Egg 2","Gash+1","Scrape+1","Medical Kit","Shovel"],"campfire_rested":3,"item_purchase_floors":[10,10,10,20,20],"current_hp_per_floor":[56,56,56,56,56,57,45,17,17,17,53,41,42,16,52,20,58,21,11,11,11,18,56,56,49,49,49],"gold":88,"neow_bonus":"","is_daily":false,"chose_seed":false,"campfire_upgraded":0,"win_rate":0.0,"timestamp":1611078542,"path_taken":["M","?","?","?","?","E","E","E","T","$","R","?","E","E","R","BOSS","M","M","$","?","?","R","?","?","T"],"items_purchased_type":["Relic","Card","Card","Relic","Relic"],"build_version":"2020-12-22","purchased_purges":2,"victory":false,"max_hp_per_floor":[71,71,71,71,71,71,71,71,71,71,71,71,71,71,71,71,71,71,71,71,71,78,78,78,78,78,78],"card_choices":[{"not_picked":["Crescendo","Clash"],"picked":"Flying Knee","floor":1},{"not_picked":["infinitespire:Gouge","infinitespire:SevenWalls"],"picked":"infinitespire:Starlight","floor":5},{"not_picked":["Impervious","DevaForm"],"picked":"Tools of the Trade","floor":6},{"not_picked":["Electrodynamics","HandOfGreed+1"],"picked":"Machine Learning","floor":7},{"not_picked":["Metamorphosis","Brutality"],"picked":"A Thousand Cuts","floor":8},{"not_picked":["Limit Break","Metamorphosis"],"picked":"Barricade+1","floor":12},{"not_picked":["ConjureBlade","Violence"],"picked":"MasterReality+1","floor":13},{"not_picked":["Thinking Ahead","Phantasmal Killer"],"picked":"A Thousand Cuts+1","floor":14},{"not_picked":["Grand Finale+1","Meteor Strike+1"],"picked":"Tools of the Trade+1","floor":16},{"not_picked":["Iron Wave+1","Expertise","BowlingBash+1"],"picked":"SKIP","floor":18},{"not_picked":["Finisher+1","Halt"],"picked":"WheelKick+1","floor":19},{"not_picked":["PiercingWail","Headbutt+1"],"picked":"ForeignInfluence","floor":25}],"player_experience":116456,"relics_obtained":[{"floor":4,"key":"Akabeko"},{"floor":6,"key":"infinitespire:Lucky Rock"},{"floor":7,"key":"CeramicFish"},{"floor":8,"key":"Kunai"},{"floor":9,"key":"Regal Pillow"},{"floor":12,"key":"Art of War"},{"floor":13,"key":"infinitespire:Midas Blood"},{"floor":14,"key":"Anchor"},{"floor":26,"key":"Whetstone"}],"event_choices":[{"damage_healed":0,"gold_gain":0,"player_choice":"Ignored","damage_taken":0,"max_hp_gain":0,"max_hp_loss":0,"event_name":"Shining Light","floor":2,"gold_loss":0},{"damage_healed":0,"gold_gain":0,"player_choice":"Box","damage_taken":0,"relics_obtained":["Molten Egg 2"],"max_hp_gain":0,"max_hp_loss":0,"event_name":"Big Fish","floor":3,"gold_loss":0,"cards_obtained":["Regret"]},{"damage_healed":0,"gold_gain":0,"player_choice":"Read","damage_taken":0,"max_hp_gain":0,"max_hp_loss":0,"event_name":"The Library","floor":21,"gold_loss":0,"cards_obtained":["Feel No Pain"]},{"damage_healed":0,"gold_gain":0,"player_choice":"Obtained Relic","damage_taken":0,"relics_obtained":["Strawberry"],"max_hp_gain":0,"max_hp_loss":0,"event_name":"Addict","floor":22,"gold_loss":85}],"is_beta":false,"boss_relics":[{"not_picked":["Busted Crown","infinitespire:Cupcake"],"picked":"SacredBark"}],"items_purged_floors":[10,20],"is_endless":false,"potions_floor_spawned":[1,8,12,25],"ascension_level":20}}