{"host":"gzk4gkgy3zij1c51","time":1611085300,"event":{"mods":["BaseMod","Colored Map","Downfall","Highlight Path","Marked Mod","Minty Spire (QoL Compilation)","Relic Stats","StSLib","everything is the same but u backflip on backflip"],"gold_per_floor":[99,115,125,225,242,126,126,126,126,137,164,177,190,62,73,73,73,73],"floor_reached":16,"language":"ENG","playtime":1799,"items_purged":[],"score":104,"play_id":"11d5e206-1602-4133-a71a-dcce8e3a907e","local_time":"20210119194140","is_ascension_mode":false,"campfire_choices":[{"data":"bronze:Format","floor":1.0,"key":"SMITH"},{"data":"bronze:Repulsor","floor":9.0,"key":"SMITH"}],"circlet_count":0,"master_deck":["bronze:Strike","bronze:Strike","bronze:Strike","bronze:Strike","bronze:Defend","bronze:Defend","bronze:Defend","bronze:Defend","bronze:Replicate","bronze:Goto","bronze:Format+1","bronze:WhirlingStrike","bronze:Terminator","bronze:ClassDefault","bronze:Repulsor+1","bronze:BugBarrage","bronze:BronzeArmor","bronze:Verify","bronze:Optimize","bronze:Branch","bronze:DelayedSlice","bronze:ChildClass","bronze:DelayedGuard","bronze:DelayedSlice"],"relics":["bronze:BronzeCore","champ:DeflectingBracers","Orichalcum"],"acts_visited":["Exordium"],"potions_floor_usage":[13,16,16],"damage_taken":[{"damage":0.0,"enemies":"Cultist","floor":2.0,"turns":3.0},{"damage":0.0,"enemies":"2 Louse","floor":3.0,"turns":3.0},{"damage":0.0,"enemies":"Small Slimes","floor":5.0,"turns":3.0},{"damage":0.0,"enemies":"downfall:FleeingMerchant","floor":6.0,"turns":4.0},{"damage":16.0,"enemies":"Red Slaver","floor":10.0,"turns":4.0},{"damage":20.0,"enemies":"Lagavulin","floor":11.0,"turns":6.0},{"damage":22.0,"enemies":"Lots of Slimes","floor":12.0,"turns":5.0},{"damage":0,"enemies":"Blue Slaver","floor":13,"turns":3},{"damage":0,"enemies":"downfall:FleeingMerchant","floor":14,"turns":4},{"damage":5,"enemies":"Large Slime","floor":15,"turns":5},{"damage":9,"enemies":"SI_SHIV_ARCHETYPE","floor":16,"turns":5}],"seed_played":"1722714522563351145","potions_obtained":[{"floor":3.0,"key":"DistilledChaos"},{"floor":10.0,"key":"Guardian:BlockOnCardUsePotion"},{"floor":11.0,"key":"CultistPotion"},{"floor":13,"key":"SmokeBomb"},{"floor":15,"key":"Swift Potion"}],"is_trial":false,"path_per_floor":["R","M","M","?","M","$","T","?","R","M","E","M","M","$","M","B"],"character_chosen":"THE_AUTOMATON","items_purchased":["bronze:BugBarrage","bronze:BronzeArmor","bronze:ChildClass","bronze:DelayedGuard"],"campfire_rested":0,"item_purchase_floors":[6,6,14,14],"current_hp_per_floor":[70,70,70,70,70,70,70,70,70,54,34,12,12,12,7,0,0,0],"gold":73,"neow_bonus":"ONE_RANDOM_RARE_CARD","is_daily":false,"chose_seed":false,"campfire_upgraded":2,"win_rate":0.0,"timestamp":1611085300,"path_taken":["R","M","?","?","M","?","T","?","R","M","E","?","M","$","M","BOSS"],"items_purchased_type":["Card","Card","Card","Card"],"build_version":"2020-12-22","purchased_purges":0,"victory":false,"max_hp_per_floor":[70,70,70,70,70,70,70,70,70,70,70,70,70,70,70,70,70,70],"relic_stats":{"counters":[11,45],"Orichalcum":[36],"obtain_stats":[{"bronze:BronzeCore":0,"champ:DeflectingBracers":7,"Orichalcum":11},{"bronze:BronzeCore":0,"champ:DeflectingBracers":4,"Orichalcum":6},{"bronze:BronzeCore":0,"champ:DeflectingBracers":13,"Orichalcum":23}]},"card_choices":[{"not_picked":["bronze:DelayedSlice","bronze:Separator"],"picked":"bronze:WhirlingStrike","floor":2.0},{"not_picked":["bronze:Iterate","bronze:ChosenStrike"],"picked":"bronze:Terminator","floor":3.0},{"not_picked":["bronze:Invalidate","bronze:Overheat"],"picked":"bronze:ClassDefault","floor":5.0},{"not_picked":["bronze:Overheat","bronze:Constructor"],"picked":"bronze:Repulsor","floor":6.0},{"not_picked":["bronze:Terminator","bronze:Boost"],"picked":"bronze:Verify","floor":10.0},{"not_picked":["bronze:Deprecate","bronze:Iterate"],"picked":"bronze:Optimize","floor":11.0},{"not_picked":["bronze:Repulsor","bronze:Shell"],"picked":"bronze:Branch","floor":12.0},{"not_picked":["bronze:Allocate","bronze:Constructor","bronze:Safeguard"],"picked":"SKIP","floor":13},{"not_picked":["bronze:Terminator","bronze:DelayedGuard"],"picked":"bronze:DelayedSlice","floor":14},{"not_picked":["bronze:CutThrough","bronze:ChildClass"],"picked":"bronze:DelayedSlice","floor":15}],"player_experience":1020842,"relics_obtained":[{"floor":7.0,"key":"champ:DeflectingBracers"},{"floor":11.0,"key":"Orichalcum"}],"event_choices":[{"damage_healed":0.0,"max_hp_gain":0.0,"max_hp_loss":0.0,"gold_gain":0.0,"event_name":"NoteForYourself","player_choice":"Ignored","floor":8.0,"gold_loss":0.0,"damage_taken":0.0}],"is_beta":false,"boss_relics":[],"items_purged_floors":[],"is_endless":false,"potions_floor_spawned":[3,10,11,13,15],"killed_by":"SI_SHIV_ARCHETYPE","ascension_level":0}}