{"host":"2pmmafybkq7zb6na","time":1611038418,"event":{"mods":["AchievementEnabler","BaseMod","Colored Map","Highlight Path","Keyboard Shortcuts","Minty Spire (QoL Compilation)","Quick Restart","StSLib","SuperFastMode"],"gold_per_floor":[116,132,10,27,27,27,63,76,123,23,18,18,18],"floor_reached":12,"language":"KOR","playtime":407,"items_purged":["Strike_B","Defend_B"],"score":84,"play_id":"32b7b62c-0a8d-465e-af01-63152f400d95","local_time":"20210119154018","is_ascension_mode":true,"campfire_choices":[{"data":"Coolheaded","floor":6.0,"key":"SMITH"}],"circlet_count":0,"master_deck":["Strike_B","Defend_B","Defend_B","Defend_B","Zap","Dualcast","Hologram","Coolheaded+1","Conserve Battery","Blizzard+1","Creative AI","Genetic Algorithm"],"relics":["Cracked Core","Golden Idol","Molten Egg 2","Potion Belt"],"acts_visited":["Exordium"],"potions_floor_usage":[11,12],"damage_taken":[{"damage":1.0,"enemies":"Cultist","floor":1.0,"turns":3.0},{"damage":4.0,"enemies":"Jaw Worm","floor":2.0,"turns":4.0},{"damage":1.0,"enemies":"2 Louse","floor":4.0,"turns":3.0},{"damage":21.0,"enemies":"Lagavulin","floor":7.0,"turns":9.0},{"damage":0.0,"enemies":"2 Fungi Beasts","floor":8.0,"turns":4.0},{"damage":6,"enemies":"Exordium Thugs","floor":11,"turns":6},{"damage":14,"enemies":"Gremlin Nob","floor":12,"turns":3}],"seed_played":"533284252358430550","potions_obtained":[{"floor":1.0,"key":"Dexterity Potion"},{"floor":4.0,"key":"Dexterity Potion"},{"floor":11,"key":"DuplicationPotion"}],"is_trial":false,"path_per_floor":["M","M","$","M","?","R","E","M","T","$","M","E"],"character_chosen":"DEFECT","items_purchased":["Coolheaded"],"campfire_rested":0,"item_purchase_floors":[3],"current_hp_per_floor":[67,63,63,62,45,45,24,24,24,24,18,4,4],"gold":18,"neow_bonus":"REMOVE_TWO","is_daily":false,"chose_seed":false,"campfire_upgraded":1,"win_rate":0.0,"timestamp":1611038418,"path_taken":["M","?","M","$","M","?","R","E","M","T","$","M","E"],"items_purchased_type":["Card"],"build_version":"2020-12-22","purchased_purges":2,"victory":false,"max_hp_per_floor":[68,68,68,68,68,68,68,68,68,68,68,68,68],"card_choices":[{"not_picked":["Darkness","Barrage"],"picked":"Hologram","floor":1.0},{"not_picked":["Rebound","Scrape","Sunder"],"picked":"SKIP","floor":2.0},{"not_picked":["Reinforced Body","Stack"],"picked":"Conserve Battery","floor":4.0},{"not_picked":["Scrape+1","Conserve Battery"],"picked":"Blizzard+1","floor":7.0},{"not_picked":["Rebound+1","Stack"],"picked":"Creative AI","floor":8.0},{"not_picked":["Stack","Static Discharge"],"picked":"Genetic Algorithm","floor":11}],"player_experience":89020,"relics_obtained":[{"floor":7.0,"key":"Molten Egg 2"},{"floor":9.0,"key":"Potion Belt"}],"event_choices":[{"damage_healed":0.0,"max_hp_gain":0.0,"max_hp_loss":0.0,"gold_gain":0.0,"event_name":"Golden Idol","player_choice":"Take Damage","floor":5.0,"gold_loss":0.0,"damage_taken":17.0,"relics_obtained":["Golden Idol"]}],"is_beta":false,"boss_relics":[],"items_purged_floors":[3,10],"is_endless":false,"potions_floor_spawned":[1,4,11],"killed_by":"Gremlin Nob","ascension_level":1}}