{"host":"6ayekdpky30mcb5q","time":1611097728,"event":{"mods":["Act Like it!","Bard","BaseMod","Colored Map","GifTheSpireLib","Gremlin Mod","Hallownest","Hermit","Hero for Fun","Highlight Path","Jorbs\u0027s Wanderer Trilogy","Minty Spire (QoL Compilation)","StSLib","The Bladedancer","The Bug Knight","The Disciple","The Forsaken","WoW Paladin Mod"],"gold_per_floor":[110,110,125,28,28,28,28,56,56,32,45,61,61,85,85,185,185,202,234,134,151,169,169,200,200,227,227,242,242,253,178,178,282,332,350,375,375,375,443,443,459,475,501,540,540,549,570,145,145,150,150,150,0,28,33,33],"floor_reached":55,"language":"ENG","playtime":4138,"items_purged":["Pain","hermit:Strike_Hermit","hermit:Midnight+1","hermit:Snapshot+1"],"score":738,"play_id":"ae2067e2-1442-49a6-9cbc-a1fd650fb8c6","local_time":"20210119170848","is_ascension_mode":false,"campfire_choices":[{"data":"hermit:Snapshot","floor":6.0,"key":"SMITH"},{"data":"hermit:Enervate","floor":13.0,"key":"SMITH"},{"data":"hermit:Covet","floor":15.0,"key":"SMITH"},{"floor":23.0,"key":"REST"},{"data":"hermit:Glare","floor":25.0,"key":"SMITH"},{"data":"hermit:HighNoon","floor":27.0,"key":"SMITH"},{"data":"hermit:WideOpen","floor":29.0,"key":"SMITH"},{"data":"hermit:Defend_Hermit","floor":32.0,"key":"SMITH"},{"floor":40.0,"key":"RECALL"},{"floor":45.0,"key":"REST"},{"floor":49.0,"key":"REST"},{"data":"Madness","floor":52.0,"key":"SMITH"}],"circlet_count":0,"master_deck":["hermit:Strike_Hermit","hermit:Strike_Hermit","hermit:Defend_Hermit+1","hermit:Defend_Hermit","hermit:Defend_Hermit","hermit:Covet+1","hermit:TrackingShot+1","hermit:Enervate+1","hermit:BodyArmor+1","hermit:GoldenBullet","hermit:Glare+1","hermit:Enervate","hermit:HighNoon+1","hermit:Scavenge","hermit:WideOpen+1","Madness+1"],"relics":["hermit:Momento","NeowsBlessing","WarpedTongs","Singing Bowl","HollowMod:LifeEnderRelic","Dream Catcher","Philosopher\u0027s Stone","Red Mask","Tiny Chest","Nunchaku","Tiny House","Bronze Scales","CeramicFish","Oddly Smooth Stone","Bag of Preparation","Boot"],"acts_visited":["Exordium","TheCity","TheBeyond","TheEnding"],"potions_floor_usage":[54],"damage_taken":[{"damage":0.0,"enemies":"2 Louse","floor":1.0,"turns":1.0},{"damage":0.0,"enemies":"Cultist","floor":3.0,"turns":1.0},{"damage":0.0,"enemies":"Gremlin Nob","floor":8.0,"turns":1.0},{"damage":9.0,"enemies":"Jaw Worm","floor":11.0,"turns":6.0},{"damage":4.0,"enemies":"2 Fungi Beasts","floor":12.0,"turns":2.0},{"damage":44.0,"enemies":"The Guardian","floor":16.0,"turns":14.0},{"damage":6.0,"enemies":"2 Thieves","floor":18.0,"turns":3.0},{"damage":0.0,"enemies":"Masked Bandits","floor":19.0,"turns":3.0},{"damage":13.0,"enemies":"Snecko","floor":21.0,"turns":4.0},{"damage":10.0,"enemies":"3 Cultists","floor":22.0,"turns":4.0},{"damage":7.0,"enemies":"Slavers","floor":24.0,"turns":4.0},{"damage":11.0,"enemies":"Snake Plant","floor":28.0,"turns":4.0},{"damage":0.0,"enemies":"Cultist and Chosen","floor":30.0,"turns":4.0},{"damage":28.0,"enemies":"Collector","floor":33.0,"turns":9.0},{"damage":1.0,"enemies":"3 Darklings","floor":35.0,"turns":4.0},{"damage":14.0,"enemies":"3 Shapes","floor":36.0,"turns":5.0},{"damage":24.0,"enemies":"Maw","floor":41.0,"turns":6.0},{"damage":24.0,"enemies":"Jaw Worm Horde","floor":42.0,"turns":4.0},{"damage":41.0,"enemies":"Nemesis","floor":44.0,"turns":7.0},{"damage":31.0,"enemies":"4 Shapes","floor":47.0,"turns":5.0},{"damage":31.0,"enemies":"Donu and Deca","floor":50.0,"turns":8.0},{"damage":91,"enemies":"Shield and Spear","floor":54,"turns":8},{"damage":37,"enemies":"The Heart","floor":55,"turns":2}],"seed_played":"5644543776632623276","potions_obtained":[{"floor":3.0,"key":"SneckoOil"},{"floor":8.0,"key":"Dexterity Potion"},{"floor":11.0,"key":"EntropicBrew"},{"floor":21.0,"key":"EssenceOfSteel"},{"floor":30.0,"key":"EssenceOfSteel"},{"floor":34.0,"key":"FairyPotion"},{"floor":42.0,"key":"Dexterity Potion"}],"is_trial":false,"path_per_floor":["M","?","M","$","?","R","$","E","T","$","M","M","R","T","R","B",null,"M","?","$","M","M","R","E","R","T","R","M","R","M","?","R","B",null,"M","M","?","?","T","R","M","M","T","E","R","?","M","$","R","B",null,"R","$","E","B"],"character_chosen":"HERMIT","items_purchased":["hermit:BodyArmor","hermit:Glare","Oddly Smooth Stone","Bag of Preparation"],"campfire_rested":3,"item_purchase_floors":[4,10,48,48],"current_hp_per_floor":[75,75,75,75,75,75,75,75,75,75,68,64,64,64,64,20,77,73,73,73,62,52,78,73,73,73,73,62,62,64,64,64,38,96,97,85,85,85,85,85,63,41,41,33,66,66,37,37,72,41,112,112,112,23,0,0],"gold":33,"neow_bonus":"THREE_ENEMY_KILL","is_daily":false,"chose_seed":false,"campfire_upgraded":8,"win_rate":0.0,"timestamp":1611097728,"path_taken":["M","?","?","$","?","R","$","E","T","$","?","M","R","?","R","BOSS","M","?","$","M","M","R","E","R","T","R","M","R","M","?","R","BOSS","M","M","?","?","?","R","M","?","T","E","R","?","M","?","R","BOSS","R","$","E","BOSS"],"items_purchased_type":["Card","Card","Relic","Relic"],"build_version":"2020-12-22","purchased_purges":4,"victory":false,"max_hp_per_floor":[75,75,75,75,75,75,75,75,75,75,77,77,77,77,77,77,77,79,79,79,81,81,83,85,85,85,85,85,85,87,87,87,89,96,98,100,100,100,100,100,102,104,104,106,108,108,110,110,112,112,112,112,112,114,114,114],"card_choices":[{"not_picked":["hermit:SprayPray","hermit:Ricochet"],"picked":"hermit:TrackingShot","floor":1.0},{"not_picked":["hermit:Dive","hermit:Misfire"],"picked":"hermit:Enervate","floor":3.0},{"not_picked":["hermit:Shortfuse","hermit:Midnight"],"picked":"hermit:GoldenBullet","floor":8.0},{"not_picked":["hermit:SprayPray","hermit:HighCaliber","hermit:Desperado"],"picked":"Singing Bowl","floor":11.0},{"not_picked":["hermit:Misfire","hermit:WideOpen"],"picked":"hermit:Enervate","floor":12.0},{"not_picked":["hermit:Roughhouse","hermit:Magnum"],"picked":"hermit:HighNoon","floor":16.0},{"not_picked":["hermit:LowProfile+1","hermit:Dive","hermit:Coalescence"],"picked":"Singing Bowl","floor":18.0},{"not_picked":["hermit:Coalescence","hermit:Vantage"],"picked":"hermit:Midnight+1","floor":19.0},{"not_picked":["hermit:Grudge+1","hermit:TakeAim","hermit:LoneWolf"],"picked":"Singing Bowl","floor":21.0},{"not_picked":["hermit:Spite","hermit:CursedWeapon"],"picked":"hermit:Scavenge","floor":22.0},{"not_picked":["hermit:LowProfile","hermit:SprayPray","hermit:Manifest"],"picked":"Singing Bowl","floor":23.0},{"not_picked":["hermit:BlackWind","hermit:HighCaliber+1","hermit:CalledShot"],"picked":"Singing Bowl","floor":24.0},{"not_picked":["hermit:Roulette","hermit:Vantage"],"picked":"hermit:WideOpen","floor":28.0},{"not_picked":["hermit:TakeCover","hermit:BodyArmor+1","hermit:Coalescence"],"picked":"Singing Bowl","floor":30.0},{"not_picked":["hermit:BlackWind","hermit:Dissolve","hermit:HeroicBravado"],"picked":"Singing Bowl","floor":33.0},{"not_picked":["hermit:Manifest","hermit:SprayPray+1","hermit:Snipe"],"picked":"Singing Bowl","floor":34.0},{"not_picked":["hermit:HoleUp","hermit:BodyArmor+1","hermit:Spite+1"],"picked":"Singing Bowl","floor":35.0},{"not_picked":["hermit:HoleUp+1","hermit:Feint+1","hermit:BigShot+1"],"picked":"Singing Bowl","floor":36.0},{"not_picked":["hermit:Midnight+1","hermit:DeadMansHand+1","hermit:LuckOfTheDraw+1"],"picked":"Singing Bowl","floor":41.0},{"not_picked":["hermit:BigShot","hermit:Manifest","hermit:SprayPray+1"],"picked":"Singing Bowl","floor":42.0},{"not_picked":["hermit:GhostlyPresence+1","hermit:Roulette","hermit:Maintenance+1"],"picked":"Singing Bowl","floor":44.0},{"not_picked":["hermit:SprayPray","hermit:Ricochet","hermit:HighCaliber+1"],"picked":"Singing Bowl","floor":45.0},{"not_picked":["Impatience","Jack Of All Trades"],"picked":"Madness","floor":46.0},{"not_picked":["hermit:Manifest","hermit:FromBeyond","hermit:Combo+1"],"picked":"Singing Bowl","floor":47.0},{"not_picked":["hermit:Manifest","hermit:Deadeye","hermit:TakeCover"],"picked":"Singing Bowl","floor":49.0},{"not_picked":["hermit:HighCaliber+1","hermit:Manifest","hermit:CalledShot"],"picked":"Singing Bowl","floor":54}],"player_experience":588761,"relics_obtained":[{"floor":8.0,"key":"Singing Bowl"},{"floor":9.0,"key":"HollowMod:LifeEnderRelic"},{"floor":14.0,"key":"Dream Catcher"},{"floor":19.0,"key":"Red Mask"},{"floor":24.0,"key":"Tiny Chest"},{"floor":26.0,"key":"Nunchaku"},{"floor":43.0,"key":"Bronze Scales"},{"floor":44.0,"key":"CeramicFish"},{"floor":54,"key":"Boot"}],"event_choices":[{"damage_healed":0.0,"max_hp_gain":0.0,"max_hp_loss":0.0,"gold_gain":0.0,"event_name":"Accursed Blacksmith","player_choice":"Rummage","floor":2.0,"gold_loss":0.0,"damage_taken":0.0,"relics_obtained":["WarpedTongs"],"cards_obtained":["Pain"]},{"damage_healed":0.0,"max_hp_gain":0.0,"max_hp_loss":0.0,"gold_gain":0.0,"event_name":"Upgrade Shrine","player_choice":"Upgraded","floor":5.0,"gold_loss":0.0,"damage_taken":0.0,"cards_upgraded":["hermit:BodyArmor"]},{"damage_healed":0.0,"max_hp_gain":0.0,"max_hp_loss":0.0,"gold_gain":0.0,"event_name":"Masked Bandits","player_choice":"Fought Bandits","floor":19.0,"gold_loss":0.0,"damage_taken":0.0},{"cards_removed":["hermit:Strike_Hermit"],"damage_healed":0.0,"max_hp_gain":0.0,"max_hp_loss":0.0,"gold_gain":0.0,"event_name":"Beggar","player_choice":"Gave Gold","floor":31.0,"gold_loss":75.0,"damage_taken":0.0},{"damage_healed":0.0,"max_hp_gain":0.0,"max_hp_loss":0.0,"gold_gain":0.0,"event_name":"Mysterious Sphere","player_choice":"Ignored","floor":37.0,"gold_loss":0.0,"damage_taken":0.0},{"cards_removed":["hermit:Defend_Hermit"],"damage_healed":0.0,"max_hp_gain":0.0,"max_hp_loss":0.0,"gold_gain":0.0,"event_name":"Bonfire Elementals","player_choice":"Offered Basic","floor":38.0,"gold_loss":0.0,"damage_taken":0.0},{"damage_healed":0.0,"max_hp_gain":0.0,"max_hp_loss":0.0,"gold_gain":0.0,"event_name":"SensoryStone","player_choice":"Memory 1","floor":46.0,"gold_loss":0.0,"damage_taken":0.0}],"is_beta":false,"boss_relics":[{"not_picked":["Empty Cage","Runic Pyramid"],"picked":"Philosopher\u0027s Stone"},{"not_picked":["theForsaken:PaleLantern","SacredBark"],"picked":"Tiny House"}],"items_purged_floors":[4,20,48,53],"is_endless":false,"potions_floor_spawned":[3,8,11,18,21,30,41,42],"killed_by":"The Heart","ascension_level":0}}