{"host":"mvy2rmdvyttjfm6x","time":1611038754,"event":{"mods":["AchievementEnabler","BaseMod","Keyboard Shortcuts","Minty Spire (QoL Compilation)","Quick Restart","StSLib","SuperFastMode"],"gold_per_floor":[114,124,142,158,169,169,185,185,237,263,297,297,297,330,330,461,461,486,511,60,60,85,128,142,142,165,177,210,240,252,282,294,437,449,474,486,486],"floor_reached":36,"language":"KOR","playtime":3963,"items_purged":["Defend_R"],"score":486,"play_id":"d47306ed-ccc0-4875-954a-16b7a3c63072","local_time":"20210119154554","is_ascension_mode":true,"campfire_choices":[{"data":"True Grit","floor":6.0,"key":"SMITH"},{"data":"Bash","floor":8.0,"key":"SMITH"},{"floor":15.0,"key":"REST"},{"data":"Evolve","floor":25,"key":"SMITH"},{"data":"Barricade","floor":27,"key":"SMITH"},{"floor":30,"key":"REST"},{"floor":32,"key":"REST"}],"circlet_count":0,"master_deck":["Strike_R","Strike_R","Strike_R","Defend_R","Defend_R","Defend_R","Bash+1","Sword Boomerang","Shrug It Off","Ghostly Armor","Sentinel","True Grit+1","Wild Strike","Evolve+1","Fire Breathing","Shockwave","Barricade+1","Burning Pact","Seeing Red","Shrug It Off","Offering","Power Through+1"],"relics":["Black Blood","Anchor","Odd Mushroom","Toy Ornithopter","Golden Idol","Mummified Hand","Bronze Scales","Velvet Choker","Oddly Smooth Stone","Omamori","Strawberry","MawBank"],"acts_visited":["Exordium","TheCity","TheBeyond"],"potions_floor_usage":[16,23,23,23,33,33],"damage_taken":[{"damage":14.0,"enemies":"2 Louse","floor":1.0,"turns":3.0},{"damage":6.0,"enemies":"Cultist","floor":2.0,"turns":4.0},{"damage":2.0,"enemies":"Jaw Worm","floor":3.0,"turns":3.0},{"damage":12.0,"enemies":"3 Louse","floor":4.0,"turns":6.0},{"damage":13.0,"enemies":"Red Slaver","floor":5.0,"turns":4.0},{"damage":7.0,"enemies":"Looter","floor":7.0,"turns":5.0},{"damage":7.0,"enemies":"The Mushroom Lair","floor":10.0,"turns":8.0},{"damage":13.0,"enemies":"Lagavulin","floor":11.0,"turns":7.0},{"damage":2.0,"enemies":"3 Sentries","floor":14.0,"turns":5.0},{"damage":21,"enemies":"Slime Boss","floor":16,"turns":7},{"damage":38,"enemies":"Spheric Guardian","floor":18,"turns":6},{"damage":2,"enemies":"Chosen","floor":19,"turns":4},{"damage":0,"enemies":"Snake Plant","floor":22,"turns":4},{"damage":0,"enemies":"Gremlin Leader","floor":23,"turns":8},{"damage":22,"enemies":"Centurion and Healer","floor":24,"turns":8},{"damage":59,"enemies":"3 Cultists","floor":28,"turns":7},{"damage":1,"enemies":"Snecko","floor":29,"turns":6},{"damage":7,"enemies":"Snake Plant","floor":31,"turns":6},{"damage":37,"enemies":"Collector","floor":33,"turns":18},{"damage":28,"enemies":"3 Darklings","floor":35,"turns":7},{"damage":70,"enemies":"2 Orb Walkers","floor":36,"turns":4}],"seed_played":"2544382740617602190","potions_obtained":[{"floor":1.0,"key":"Swift Potion"},{"floor":3.0,"key":"GamblersBrew"},{"floor":4.0,"key":"SpeedPotion"},{"floor":10.0,"key":"AttackPotion"},{"floor":21,"key":"SmokeBomb"},{"floor":21,"key":"ColorlessPotion"},{"floor":21,"key":"HeartOfIron"},{"floor":22,"key":"PowerPotion"},{"floor":28,"key":"BlessingOfTheForge"},{"floor":29,"key":"Regen Potion"},{"floor":35,"key":"AttackPotion"}],"is_trial":false,"path_per_floor":["M","M","M","M","M","R","M","R","T","?","E","?","?","E","R","B",null,"M","M","$","?","M","E","M","R","T","R","M","M","R","M","R","B",null,"M","?"],"character_chosen":"IRONCLAD","items_purchased":["Oddly Smooth Stone","Burning Pact","Omamori"],"campfire_rested":3,"item_purchase_floors":[20,20,20],"current_hp_per_floor":[64,64,68,62,55,55,54,54,54,53,46,28,3,12,33,23,72,40,44,44,44,50,78,62,62,62,62,9,14,37,36,59,53,79,63,0,0],"gold":486,"neow_bonus":"REMOVE_TWO","is_daily":false,"chose_seed":false,"campfire_upgraded":4,"win_rate":0.0,"timestamp":1611038754,"path_taken":["M","M","M","M","M","R","M","R","T","?","E","?","?","E","R","BOSS","M","M","$","?","?","E","M","R","T","R","M","M","R","M","R","BOSS","M","?"],"items_purchased_type":["Relic","Card","Relic"],"build_version":"2020-12-22","purchased_purges":1,"victory":false,"max_hp_per_floor":[72,72,72,72,72,72,72,72,72,72,72,72,72,72,72,72,72,72,72,72,72,72,79,79,79,79,79,79,79,79,79,79,79,79,79,79,79],"card_choices":[{"not_picked":["Rupture","Flex"],"picked":"Sword Boomerang","floor":1.0},{"not_picked":["Cleave","Flame Barrier"],"picked":"Shrug It Off","floor":2.0},{"not_picked":["Clash","Shrug It Off"],"picked":"Ghostly Armor","floor":3.0},{"not_picked":["Intimidate","Warcry"],"picked":"Sentinel","floor":4.0},{"not_picked":["Twin Strike","Iron Wave"],"picked":"True Grit","floor":5.0},{"not_picked":["Infernal Blade","Body Slam"],"picked":"Wild Strike","floor":7.0},{"not_picked":["Body Slam","Dual Wield"],"picked":"Evolve","floor":10.0},{"not_picked":["Reaper","Thunderclap"],"picked":"Fire Breathing","floor":11.0},{"not_picked":["Battle Trance","Anger"],"picked":"Shockwave","floor":14.0},{"not_picked":["Reaper","Immolate"],"picked":"Barricade","floor":16},{"not_picked":["Searing Blow","Shockwave","Flex"],"picked":"SKIP","floor":18},{"not_picked":["Clash","Clothesline","Twin Strike+1"],"picked":"SKIP","floor":19},{"not_picked":["Warcry","Shrug It Off","Thunderclap"],"picked":"SKIP","floor":22},{"not_picked":["Ghostly Armor","Flex"],"picked":"Seeing Red","floor":23},{"not_picked":["Thunderclap","Wild Strike","Evolve"],"picked":"SKIP","floor":24},{"not_picked":["Sentinel","Rage","Seeing Red+1"],"picked":"SKIP","floor":28},{"not_picked":["Combust","Evolve"],"picked":"Shrug It Off","floor":29},{"not_picked":["Hemokinesis","Sever Soul","Whirlwind"],"picked":"SKIP","floor":31},{"not_picked":["Juggernaut","Exhume"],"picked":"Offering","floor":33},{"not_picked":["Spot Weakness+1","Cleave"],"picked":"Power Through+1","floor":35}],"player_experience":102978,"relics_obtained":[{"floor":9.0,"key":"Anchor"},{"floor":10.0,"key":"Odd Mushroom"},{"floor":11.0,"key":"Toy Ornithopter"},{"floor":14.0,"key":"Bronze Scales"},{"floor":23,"key":"Strawberry"},{"floor":26,"key":"MawBank"}],"event_choices":[{"damage_healed":0.0,"max_hp_gain":0.0,"max_hp_loss":0.0,"gold_gain":0.0,"event_name":"Mushrooms","player_choice":"Fought Mushrooms","floor":10.0,"gold_loss":0.0,"damage_taken":0.0},{"damage_healed":0.0,"max_hp_gain":0.0,"max_hp_loss":0.0,"gold_gain":0.0,"event_name":"Golden Idol","player_choice":"Take Damage","floor":12.0,"gold_loss":0.0,"damage_taken":18.0,"relics_obtained":["Golden Idol"]},{"damage_healed":0.0,"max_hp_gain":0.0,"max_hp_loss":0.0,"gold_gain":0.0,"event_name":"Scrap Ooze","player_choice":"Success","floor":13.0,"gold_loss":0.0,"damage_taken":25.0,"relics_obtained":["Mummified Hand"]},{"damage_healed":0,"gold_gain":0,"player_choice":"Got Potions","damage_taken":0,"max_hp_gain":0,"max_hp_loss":0,"event_name":"Lab","floor":21,"gold_loss":0},{"damage_healed":0,"gold_gain":0,"player_choice":"Fight","damage_taken":0,"max_hp_gain":0,"max_hp_loss":0,"event_name":"Mysterious Sphere","floor":36,"gold_loss":0}],"is_beta":false,"boss_relics":[{"not_picked":["Black Star","Coffee Dripper"],"picked":"Velvet Choker"},{"not_picked":["Runic Pyramid","Philosopher\u0027s Stone"],"picked":"Black Blood"}],"items_purged_floors":[20],"is_endless":false,"potions_floor_spawned":[1,3,4,10,22,28,29,35],"killed_by":"2 Orb Walkers","ascension_level":3}}