{"host":"r53pw7z744tg3fxg","time":1611085562,"event":{"mods":["AchievementEnabler","BaseMod","Colored Map","Colored Powertips","Highlight Path","Minty Spire (QoL Compilation)","Quick Restart","Transform Curses"],"gold_per_floor":[111,186,199,218,4,32,62,62,62],"floor_reached":8,"language":"ENG","playtime":386,"items_purged":[],"score":101,"play_id":"061877f4-6ef5-448f-a724-942ddb38e3a1","local_time":"20210119124602","is_ascension_mode":true,"campfire_choices":[],"circlet_count":0,"master_deck":["AscendersBane","Strike_P","Strike_P","Strike_P","Strike_P","Defend_P","Defend_P","Defend_P","Defend_P","Eruption","Vigilance","BowlingBash","DeceiveReality","PathToVictory","WheelKick"],"relics":["PureWater","Dream Catcher","Nunchaku","Ornamental Fan"],"acts_visited":[],"potions_floor_usage":[6,8],"damage_taken":[{"damage":2.0,"enemies":"Jaw Worm","floor":1.0,"turns":4.0},{"damage":1.0,"enemies":"Small Slimes","floor":3.0,"turns":5.0},{"damage":0.0,"enemies":"2 Louse","floor":4.0,"turns":3.0},{"damage":28,"enemies":"3 Sentries","floor":6,"turns":12},{"damage":24,"enemies":"Gremlin Nob","floor":8,"turns":3}],"seed_played":"-5881433270851578863","potions_obtained":[{"floor":1.0,"key":"DistilledChaos"},{"floor":6,"key":"Energy Potion"}],"is_trial":false,"path_per_floor":["M","?","M","M","$","E","?","E"],"character_chosen":"WATCHER","items_purchased":["Nunchaku","PathToVictory"],"campfire_rested":0,"item_purchase_floors":[5,5],"current_hp_per_floor":[59,48,47,47,47,19,19,0,0],"gold":62,"neow_bonus":"RANDOM_COMMON_RELIC","is_daily":false,"chose_seed":false,"campfire_upgraded":0,"win_rate":0.0,"timestamp":1611085562,"path_taken":["M","?","M","M","$","E","?","E"],"items_purchased_type":["Relic","Card"],"build_version":"2020-12-22","purchased_purges":0,"victory":false,"max_hp_per_floor":[68,68,68,68,68,68,68,68,68],"card_choices":[{"not_picked":["Crescendo","CrushJoints"],"picked":"BowlingBash","floor":1.0},{"not_picked":["Study","SandsOfTime"],"picked":"DeceiveReality","floor":3.0},{"not_picked":["Crescendo","Indignation","Nirvana"],"picked":"SKIP","floor":4.0},{"not_picked":["TalkToTheHand","PathToVictory"],"picked":"WheelKick","floor":6}],"player_experience":1311990,"relics_obtained":[{"floor":6,"key":"Ornamental Fan"}],"event_choices":[{"damage_healed":0.0,"max_hp_gain":0.0,"max_hp_loss":0.0,"gold_gain":75.0,"event_name":"World of Goop","player_choice":"Gather Gold","floor":2.0,"gold_loss":0.0,"damage_taken":11.0},{"damage_healed":0,"gold_gain":30,"player_choice":"Searched \u00271\u0027 times","damage_taken":0,"max_hp_gain":0,"max_hp_loss":0,"event_name":"Dead Adventurer","floor":7,"gold_loss":0}],"is_beta":false,"boss_relics":[],"items_purged_floors":[],"is_endless":false,"potions_floor_spawned":[1,6],"killed_by":"Gremlin Nob","ascension_level":16}}