{"host":"n605f8gctjc87d7h","time":1611035173,"event":{"mods":["Aspiration","Bard","BaseMod","Better Match","Better Note","Better Skull","Better Third Choice","Conspire","Halation","Infinite Spire","Minty Spire (QoL Compilation)","Replay The Spire","Retaliation","Shade Mod","Spicy Shops","StSLib","The IronCluck"],"gold_per_floor":[119,119,44,54,65,65,80,112,112,112,142,159,159,159,159,257,257,276,288,288,306,130,149,149,177,200,225,150,33,45,0,0,95,95,106,121,121,168,24,24,42,67,67,67,67,417,432,51,51,51],"floor_reached":51,"language":"ENG","playtime":3442,"items_purged":["ReplayTheSpireMod:Necrosis"],"score":1222,"play_id":"fc492dcc-f67f-4976-a233-89b021aea29e","local_time":"20210118214613","is_ascension_mode":true,"campfire_choices":[{"data":"Dash","floor":6.0,"key":"SMITH"},{"floor":10.0,"key":"REST"},{"data":"Zap","floor":13.0,"key":"SMITH"},{"floor":15.0,"key":"REST"},{"data":"Panache","floor":24.0,"key":"SMITH"},{"floor":32,"key":"REST"},{"floor":40,"key":"REST"},{"data":"Storm","floor":44,"key":"SMITH"},{"data":"Mirror Shield","floor":49,"key":"SMITH"}],"circlet_count":0,"master_deck":["AscendersBane","Strike_B","Strike_B","Defend_B+1","Defend_B","Defend_B","Zap+1","Dualcast+1","Dash","Dash+1","FTL","Mirror Shield+1","Ball Lightning","Machine Learning","Self Repair","Panache+1","White Noise","Leap","Buffer+1","Storm+1","Reboot","FTL","Chill+1","Flash of Steel","Streamline+1","Loop","ReplayTheSpireMod:System Scan+1","FIFO Queue"],"relics":["Cracked Core","Pen Nib","War Paint","Divine Protection","Philosopher\u0027s Stone","halation:BottledLove","aspiration:Lifesprig","Oddly Smooth Stone","conspire:SpecialSausage","Counterbalance","Geode","infinitespire:BottledMercury","Meat on the Bone","Old Coin","infinitespire:PuzzleCube","Happy Flower"],"acts_visited":["Exordium","TheCity","TheBeyond"],"potions_floor_usage":[38,42,50,50],"damage_taken":[{"damage":11.0,"enemies":"2 Louse","floor":1.0,"turns":2.0},{"damage":0.0,"enemies":"Cultist","floor":4.0,"turns":3.0},{"damage":2.0,"enemies":"Jaw Worm","floor":5.0,"turns":3.0},{"damage":4.0,"enemies":"Red Slaver","floor":7.0,"turns":3.0},{"damage":12.0,"enemies":"Gremlin Nob","floor":8.0,"turns":4.0},{"damage":15.0,"enemies":"3 Sentries","floor":11.0,"turns":7.0},{"damage":0.0,"enemies":"Looter","floor":12.0,"turns":2.0},{"damage":52.0,"enemies":"Fading Forest","floor":16.0,"turns":11.0},{"damage":6.0,"enemies":"3 Byrds","floor":18.0,"turns":4.0},{"damage":0.0,"enemies":"Spheric Guardian","floor":19.0,"turns":3.0},{"damage":9.0,"enemies":"Snake Plant","floor":21.0,"turns":4.0},{"damage":6.0,"enemies":"Centurion and Healer","floor":23.0,"turns":6.0},{"damage":0.0,"enemies":"conspire:Head Lice","floor":25.0,"turns":7.0},{"damage":19.0,"enemies":"Gremlin Leader","floor":27.0,"turns":5.0},{"damage":5,"enemies":"Cultist and Chosen","floor":30,"turns":5},{"damage":0,"enemies":"Champ","floor":33,"turns":11},{"damage":0,"enemies":"Orb Walker","floor":35,"turns":4},{"damage":0,"enemies":"3 Darklings","floor":36,"turns":4},{"damage":34,"enemies":"2 Orb Walkers","floor":38,"turns":6},{"damage":0,"enemies":"Sphere and 2 Shapes","floor":41,"turns":5},{"damage":8,"enemies":"Nemesis","floor":42,"turns":7},{"damage":0,"enemies":"Mind Bloom Boss Battle","floor":46,"turns":3},{"damage":0,"enemies":"Transient","floor":47,"turns":5},{"damage":21,"enemies":"Awakened One","floor":50,"turns":11}],"seed_played":"8539439711827179673","potions_obtained":[{"floor":4.0,"key":"SteroidPotion"},{"floor":8.0,"key":"Languid Potion"},{"floor":14.0,"key":"ColorlessPotion"},{"floor":14.0,"key":"GamblersBrew"},{"floor":19.0,"key":"LiquidBronze"},{"floor":25.0,"key":"Block Potion"},{"floor":27.0,"key":"Explosive Potion"},{"floor":33,"key":"Explosive Potion"},{"floor":35,"key":"Reflective Coating"},{"floor":38,"key":"BlessingOfTheForge"},{"floor":47,"key":"EssenceOfSteel"}],"is_trial":false,"path_per_floor":["M","?","$","M","M","R","M","E","T","R","E","M","R","?","R","B",null,"M","M","?","M","$","M","R","E","T","E","?","$","M","?","R","B",null,"M","M","?","?","$","R","M","E","T","R","?","?","M","$","R","B",null],"character_chosen":"DEFECT","items_purchased":["Panache","Storm","Geode","FIFO Queue","infinitespire:PuzzleCube","Happy Flower"],"campfire_rested":4,"item_purchase_floors":[22,29,39,48,48,48],"current_hp_per_floor":[64,64,64,64,62,62,58,46,46,70,55,55,55,55,79,27,68,62,62,62,60,60,61,61,68,68,56,56,56,58,58,82,82,82,82,82,82,55,55,79,82,81,81,81,81,81,81,81,81,60],"gold":51,"neow_bonus":"TEN_PERCENT_HP_BONUS","is_daily":false,"chose_seed":false,"campfire_upgraded":5,"win_rate":0.0,"timestamp":1611035173,"path_taken":["M","?","?","M","M","R","M","E","T","R","E","M","R","?","R","BOSS","M","M","?","M","$","M","R","E","T","E","?","$","M","?","R","BOSS","M","M","?","?","$","R","M","E","T","R","?","?","M","$","R","BOSS"],"items_purchased_type":["Card","Card","Relic","Card","Relic","Relic"],"build_version":"2020-12-22","purchased_purges":1,"victory":true,"max_hp_per_floor":[82,82,82,82,82,82,82,82,82,82,82,82,82,82,82,82,82,82,82,82,82,82,82,82,82,82,82,82,82,82,82,82,82,82,82,82,82,82,82,82,82,82,82,82,82,82,82,82,82,82],"card_choices":[{"not_picked":["Compile Driver","Coolheaded","Hologram"],"picked":"SKIP","floor":1.0},{"not_picked":["BasicCrystalCard","Turbo"],"picked":"FTL","floor":4.0},{"not_picked":["Turbo","Sweeping Beam","Blizzard"],"picked":"SKIP","floor":5.0},{"not_picked":["Streamline","Barrage","ReplayTheSpireMod:Reroute Power"],"picked":"SKIP","floor":7.0},{"not_picked":["Panic Button","Doom and Gloom"],"picked":"Mirror Shield","floor":8.0},{"not_picked":["Reinforced Body","Melter"],"picked":"Ball Lightning","floor":11.0},{"not_picked":["Rebound","Hologram","Steam"],"picked":"SKIP","floor":12.0},{"not_picked":["Fission","Buffer"],"picked":"Machine Learning","floor":16.0},{"not_picked":["Hologram","Steam Power","Beam Cell"],"picked":"SKIP","floor":18.0},{"not_picked":["Coolheaded+1","Beam Cell+1"],"picked":"Self Repair","floor":19.0},{"not_picked":["Scrape","Ball Lightning","Conserve Battery"],"picked":"SKIP","floor":21.0},{"not_picked":["Loop","Ball Lightning"],"picked":"White Noise","floor":23.0},{"not_picked":["Compile Driver+1","Hologram","Coolheaded"],"picked":"SKIP","floor":25.0},{"not_picked":["Compile Driver","Double Energy"],"picked":"Leap","floor":27.0},{"not_picked":["ReplayTheSpireMod:Omega Cannon+1","All For One+1"],"picked":"Buffer+1","floor":28.0},{"not_picked":["Turbo","Heatsinks","Redo"],"picked":"SKIP","floor":30},{"not_picked":["ReplayTheSpireMod:Fabricate Wheel","ReplayRNGCard"],"picked":"Reboot","floor":33},{"not_picked":["Compile Driver","ReplayTheSpireMod:Reroute Power"],"picked":"FTL","floor":35},{"not_picked":["Rebound","Lockon"],"picked":"Chill+1","floor":36},{"not_picked":["Trip","Forethought"],"picked":"Flash of Steel","floor":37},{"not_picked":["Leap","Steam+1"],"picked":"Streamline+1","floor":38},{"not_picked":["ReplaySort","Panic Button","Self Repair"],"picked":"SKIP","floor":41},{"not_picked":["Go for the Eyes","Hologram"],"picked":"Loop","floor":42},{"not_picked":["Cold Snap","Stack"],"picked":"ReplayTheSpireMod:System Scan+1","floor":46},{"not_picked":["Coolheaded","Rebound","ReplayTheSpireMod:Dual Polarity"],"picked":"SKIP","floor":47}],"player_experience":590262,"relics_obtained":[{"floor":8.0,"key":"Pen Nib"},{"floor":9.0,"key":"War Paint"},{"floor":11.0,"key":"Divine Protection"},{"floor":25.0,"key":"halation:BottledLove"},{"floor":26.0,"key":"aspiration:Lifesprig"},{"floor":27.0,"key":"Oddly Smooth Stone"},{"floor":38,"key":"Counterbalance"},{"floor":42,"key":"infinitespire:BottledMercury"},{"floor":43,"key":"Meat on the Bone"},{"floor":46,"key":"Old Coin"}],"event_choices":[{"damage_healed":0.0,"max_hp_gain":0.0,"max_hp_loss":0.0,"gold_gain":0.0,"event_name":"Lab","player_choice":"Got Potions","floor":14.0,"gold_loss":0.0,"damage_taken":0.0},{"damage_healed":0.0,"max_hp_gain":0.0,"max_hp_loss":0.0,"gold_gain":0.0,"event_name":"Vampires","player_choice":"Ignored","floor":20.0,"gold_loss":0.0,"damage_taken":0.0},{"damage_healed":0.0,"max_hp_gain":0.0,"max_hp_loss":0.0,"gold_gain":0.0,"event_name":"betterMatch:BetterMatch","player_choice":"2","floor":28.0,"gold_loss":0.0,"damage_taken":0.0,"cards_obtained":["betterMatch:RareCard"]},{"damage_healed":0,"gold_gain":0,"player_choice":"Paid Fearfully","damage_taken":0,"max_hp_gain":0,"max_hp_loss":0,"event_name":"Masked Bandits","floor":31,"gold_loss":45},{"damage_healed":0,"gold_gain":0,"player_choice":"Memory 1","damage_taken":0,"max_hp_gain":0,"max_hp_loss":0,"event_name":"SensoryStone","floor":37,"gold_loss":0},{"damage_healed":0,"gold_gain":0,"player_choice":"Fight","damage_taken":0,"max_hp_gain":0,"max_hp_loss":0,"event_name":"Mysterious Sphere","floor":38,"gold_loss":0},{"damage_healed":0,"gold_gain":0,"player_choice":"Fight","damage_taken":0,"max_hp_gain":0,"max_hp_loss":0,"event_name":"MindBloom","floor":46,"gold_loss":0}],"is_beta":false,"boss_relics":[{"not_picked":["conspire:RoyalGoblet","aspiration:IroncladSkillbook"],"picked":"Philosopher\u0027s Stone"},{"not_picked":["Painkiller Herb","Velvet Choker"],"picked":"conspire:SpecialSausage"}],"items_purged_floors":[3],"is_endless":false,"potions_floor_spawned":[4,8,19,25,27,33,35,36,38,47],"ascension_level":12}}