{"host":"bf9sa99gaumonoeu","time":1611079855,"event":{"mods":["AchievementEnabler","Act Like it!","Aspiration","BaseMod","Bestiary","Better Note","Block Reminder","Colored Map","Colored Powertips","Fox Events","Friendly Minions","Gensokyo","GifTheSpireLib","Googly Eyes","Hallownest","Hermit","Highlight Path","Jorbs\u0027s Wanderer Trilogy","KinomotoSakuraMod(????)","Koishi","Marisa????????","Minty Spire (QoL Compilation)","Rare Cards Sparkle","Relic Stats","Remilia??????","Replay The Spire","Spire Arcade","StS++","StSLib","The Administrix","The Animator","The Blue Laboratory","The Bug Knight","The Construct","The Cursed","The Hierophant","The Mystic","The Necromancer","The Poker Player","The Runesmith","The Senshi","The Servant 0.9.4","ojb\u0027s Info Mod"],"gold_per_floor":[211,106,117,127,140,175,186,17,41,41,41,56,75,103,103,103,103],"floor_reached":16,"language":"ENG","playtime":1086,"items_purged":[],"score":228,"play_id":"551a70be-dbca-40df-8fbe-746615af545b","local_time":"20210119161055","is_ascension_mode":true,"campfire_choices":[{"floor":11.0,"key":"REST"},{"data":"Blade Dance","floor":15,"key":"SMITH"}],"circlet_count":0,"master_deck":["AscendersBane","Strike_G","Strike_G","Strike_G","Strike_G","Strike_G","Defend_G","Defend_G","Defend_G","Defend_G","Defend_G","Survivor","Neutralize","Dagger Throw","Dagger Spray","Deadly Poison","Terror+1","Blade Dance+1","Dodge and Roll","StSpp:Lure","Dash"],"relics":["Ring of the Snake","Incense Burner","aspiration:VileToxins","Potion Belt","Boot"],"acts_visited":["Exordium"],"potions_floor_usage":[16],"damage_taken":[{"damage":0.0,"enemies":"Jaw Worm","floor":1.0,"turns":6.0},{"damage":1.0,"enemies":"Cultist","floor":3.0,"turns":4.0},{"damage":0.0,"enemies":"Small Slimes","floor":4.0,"turns":4.0},{"damage":7.0,"enemies":"Blue Slaver","floor":5.0,"turns":5.0},{"damage":20.0,"enemies":"3 Sentries","floor":6.0,"turns":10.0},{"damage":15.0,"enemies":"Large Slime","floor":7.0,"turns":7.0},{"damage":0.0,"enemies":"2 Fungi Beasts","floor":12.0,"turns":3.0},{"damage":0,"enemies":"3 Louse","floor":13,"turns":3},{"damage":7,"enemies":"Lagavulin","floor":14,"turns":5},{"damage":55,"enemies":"Hexaghost","floor":16,"turns":11}],"seed_played":"-238441604117898828","potions_obtained":[{"floor":5.0,"key":"blueLaboratory:BubblePotion"},{"floor":13,"key":"blueLaboratory:FruitPreserves"}],"is_trial":false,"path_per_floor":["M","$","M","M","M","E","M","$","T","?","R","M","M","E","R","B"],"character_chosen":"THE_SILENT","items_purchased":["Block Potion","Dagger Spray","aspiration:VileToxins"],"campfire_rested":1,"item_purchase_floors":[2,2,8],"current_hp_per_floor":[59,59,58,58,51,31,16,16,16,16,35,35,35,28,28,0,0],"gold":103,"neow_bonus":"HUNDRED_GOLD","is_daily":false,"chose_seed":false,"campfire_upgraded":1,"win_rate":0.0,"timestamp":1611079855,"path_taken":["M","$","M","M","M","E","M","$","T","?","R","M","?","E","R","BOSS"],"items_purchased_type":["Potion","Card","Relic"],"build_version":"2020-12-22","purchased_purges":0,"victory":false,"max_hp_per_floor":[66,66,66,66,66,66,66,66,66,66,66,66,66,66,66,66,66],"relic_stats":{"counters":[10,58],"Boot":[2],"obtain_stats":[{"aspiration:VileToxins":8,"Potion Belt":9,"Incense Burner":6,"Boot":14,"Ring of the Snake":0},{"aspiration:VileToxins":6,"Potion Belt":6,"Incense Burner":5,"Boot":9,"Ring of the Snake":0},{"aspiration:VileToxins":36,"Potion Belt":36,"Incense Burner":29,"Boot":47,"Ring of the Snake":0}],"Ring of the Snake":[20]},"card_choices":[{"not_picked":["Flying Knee","StSpp:TimeParadox"],"picked":"Dagger Throw","floor":1.0},{"not_picked":["Outmaneuver","Dagger Throw","StSpp:FiercePoison"],"picked":"SKIP","floor":3.0},{"not_picked":["Escape Plan","Slice"],"picked":"Deadly Poison","floor":4.0},{"not_picked":["Acrobatics","PiercingWail"],"picked":"Terror","floor":5.0},{"not_picked":["Prepared","Reflex"],"picked":"Blade Dance","floor":6.0},{"not_picked":["StSpp:Throw","Concentrate","Distraction"],"picked":"SKIP","floor":7.0},{"not_picked":["Quick Slash","Underhanded Strike"],"picked":"Dodge and Roll","floor":12.0},{"not_picked":["Flechettes","Deadly Poison"],"picked":"StSpp:Lure","floor":13},{"not_picked":["StSpp:CorrosivePoison","Distraction"],"picked":"Dash","floor":14}],"player_experience":991056,"relics_obtained":[{"floor":6.0,"key":"Incense Burner"},{"floor":9.0,"key":"Potion Belt"},{"floor":14,"key":"Boot"}],"event_choices":[{"damage_healed":0.0,"max_hp_gain":0.0,"max_hp_loss":0.0,"gold_gain":0.0,"event_name":"Upgrade Shrine","player_choice":"Upgraded","floor":10.0,"gold_loss":0.0,"damage_taken":0.0,"cards_upgraded":["Terror"]}],"is_beta":false,"boss_relics":[],"items_purged_floors":[],"is_endless":false,"potions_floor_spawned":[5,13],"killed_by":"Hexaghost","ascension_level":20}}