{"host":"r0e4s450fexxrjel","time":1611074328,"event":{"mods":["AchievementEnabler","Act Like it!","AlwaysNeverKeys","Bard","BaseMod","Better Third Choice","ChefMod","Colored Map","Conspire","Dota2Spire","Energized Spire","Evolution","Friendly Minions","GifTheSpireLib","Gold Saver","Hubris","Infinite Spire","Minty Spire (QoL Compilation)","Pale of the Ancients","RRrroohrrRGHHhhh!!","Replay The Spire","Shop Mod","StSLib","The Druid"],"gold_per_floor":[5396,5396,5408,5428,5438,5471,5471,5471,5471,5488,5505,5505,5538,5538,5538,5642,5642,5662,5662,5662,5679,5690,5724,5724,5759,5759,5509,5509,5525,5543,5563,5563,6027,6027,6439,6143,6143,6143,6561,6561,7014,7014,7014,7498,7998,7998,8535,9105,9105,9105,9105],"floor_reached":50,"language":"DEU","playtime":1621,"items_purged":[],"score":1029,"play_id":"636820b5-eb71-47ac-8035-af8402472594","local_time":"20210119173848","is_ascension_mode":false,"campfire_choices":[{"floor":8,"key":"REST"},{"data":"rorgmod:Storm","floor":12,"key":"SMITH"},{"data":"Electrodynamics","floor":15,"key":"SMITH"},{"floor":24,"key":"REST"},{"data":"GremboGang","floor":28,"key":"SMITH"},{"data":"hubris:PowerSurge","floor":32,"key":"SMITH"},{"data":"White Noise","floor":40,"key":"SMITH"},{"data":"ReplayTheSpireMod:Calculation Training","floor":42,"key":"SMITH"},{"data":"Buffer","floor":49,"key":"SMITH"}],"circlet_count":0,"master_deck":["Strike_B","Strike_B","Strike_B","Strike_B","Defend_B","Defend_B","Defend_B","Defend_B","Zap+1","Dualcast+1","Sunder","rorgmod:Steady Aim","rorgmod:Storm+1","Sweeping Beam","Electrodynamics+1","ReplayTheSpireMod:GoodbyeWorld","rorgmod:Steady Aim+1","ReplayTheSpireMod:Calculation Training+1","FIFO Queue","Buffer+1","hubris:SpecializedCircuitry","GremboGang+1","White Noise+1","Static Discharge+1","Capacitor+1","hubris:PowerSurge+1","Electrodynamics+1","Redo+1","rorgmod:Steady Aim+1","Loop+1","Panic Button+1"],"relics":["Cracked Core","EVO:Axolotl","Meat on the Bone","hubris:TinFlute","Omamori","conspire:SpecialSausage","Prayer Wheel","Solar Panel","Carrot","Dota2Spire:Desolator","infinitespire:EvilPickle","Nuclear Battery","TheAbacus","hubris:TenFootPole","energizedSpire:MagnifyingGlass","Counterbalance","Strawberry","Dota2Spire:PowerTreads","Dota2Spire:DrumOfEndurance"],"acts_visited":["Exordium","TheCity","TheBeyond"],"potions_floor_usage":[13,18,21,23,41,47,47,48,48,50,50],"damage_taken":[{"damage":1,"enemies":"Cultist","floor":1,"turns":4},{"damage":0,"enemies":"Small Slimes","floor":3,"turns":2},{"damage":6,"enemies":"Jaw Worm","floor":4,"turns":2},{"damage":9,"enemies":"Exordium Thugs","floor":5,"turns":4},{"damage":25,"enemies":"3 Sentries","floor":6,"turns":8},{"damage":0,"enemies":"3 Louse","floor":10,"turns":2},{"damage":8,"enemies":"Large Slime","floor":11,"turns":4},{"damage":8,"enemies":"Lagavulin","floor":13,"turns":5},{"damage":0,"enemies":"Slime Boss","floor":16,"turns":5},{"damage":0,"enemies":"Spheric Guardian","floor":18,"turns":3},{"damage":0,"enemies":"2 Thieves","floor":21,"turns":2},{"damage":0,"enemies":"Centurion and Healer","floor":22,"turns":3},{"damage":44,"enemies":"Slavers","floor":23,"turns":4},{"damage":17,"enemies":"Nightmare","floor":25,"turns":7},{"damage":0,"enemies":"Snecko","floor":29,"turns":4},{"damage":10,"enemies":"Cultist and Chosen","floor":30,"turns":3},{"damage":17,"enemies":"Snake Plant","floor":31,"turns":3},{"damage":0,"enemies":"Pondfish","floor":33,"turns":6},{"damage":7,"enemies":"3 Darklings","floor":35,"turns":2},{"damage":4,"enemies":"3 Shapes","floor":39,"turns":3},{"damage":0,"enemies":"Reptomancer","floor":41,"turns":1},{"damage":0,"enemies":"R_Hoarder","floor":44,"turns":5},{"damage":0,"enemies":"Transient","floor":45,"turns":5},{"damage":17,"enemies":"3 Darklings","floor":47,"turns":4},{"damage":24,"enemies":"Writhing Mass","floor":48,"turns":5},{"damage":75,"enemies":"Awakened One","floor":50,"turns":7}],"seed_played":"-2146217220788947966","potions_obtained":[{"floor":4,"key":"Swift Potion"},{"floor":10,"key":"ColorlessPotion"},{"floor":11,"key":"AttackPotion"},{"floor":13,"key":"SkillPotion"},{"floor":14,"key":"infinitespire:BlackPotion"},{"floor":18,"key":"Dota2Spire:HealingSalve"},{"floor":23,"key":"EntropicBrew"},{"floor":25,"key":"SpeedPotion"},{"floor":31,"key":"Reflective Coating"},{"floor":33,"key":"PowerPotion"},{"floor":41,"key":"GamblersBrew"},{"floor":48,"key":"Toxic Potion"}],"is_trial":false,"path_per_floor":["M","?","M","M","M","E","?","R","T","M","M","R","E","?","R","B",null,"M","?","?","M","M","E","R","NM","T","?","R","M","M","M","R","B",null,"M","$","?","AVR","M","R","E","R","T","E","M","?","M","M","R","B"],"character_chosen":"DEFECT","items_purchased":["TheAbacus","hubris:TenFootPole"],"campfire_rested":2,"item_purchase_floors":[36,36],"current_hp_per_floor":[74,74,74,68,59,34,34,56,56,56,48,48,40,40,40,40,75,75,75,75,75,75,43,65,62,62,62,62,74,68,57,57,65,75,72,72,72,72,75,75,82,82,82,82,82,82,81,67,67,0,0],"gold":9105,"neow_bonus":"UPGRADE_CARD","is_daily":false,"chose_seed":false,"campfire_upgraded":7,"win_rate":0.0,"timestamp":1611074328,"path_taken":["M","?","M","M","?","E","?","R","T","?","M","R","E","?","R","BOSS","M","?","?","M","M","E","R","NM","T","?","R","M","M","M","R","BOSS","M","$","?","AVR","M","R","E","R","T","E","M","?","M","M","R","BOSS"],"items_purchased_type":["Relic","Relic"],"build_version":"2020-12-22","purchased_purges":0,"victory":false,"max_hp_per_floor":[75,75,75,75,75,75,75,75,75,75,75,75,75,75,75,75,75,75,75,75,75,75,75,75,75,75,75,75,75,75,75,75,75,75,75,75,75,75,75,75,82,82,82,82,82,82,82,82,82,82,82],"card_choices":[{"not_picked":["rorgmod:Leap","Time Bomb","rorgmod:Antivirus"],"picked":"SKIP","floor":1},{"not_picked":["Barrage","FTL"],"picked":"Sunder","floor":3},{"not_picked":["Darkness","rorgmod:Refrigerate","rorgmod:Overcurrent"],"picked":"SKIP","floor":4},{"not_picked":["rorgmod:Hardcode","conspire:Rain"],"picked":"rorgmod:Steady Aim","floor":5},{"not_picked":["hubris:Ukulele","ReplayTheSpireMod:Omega Cannon"],"picked":"rorgmod:Storm","floor":6},{"not_picked":["Double Energy","Coolheaded"],"picked":"Sweeping Beam","floor":10},{"not_picked":["Barrage","rorgmod:Fragmentation","rorgmod:Antivirus"],"picked":"SKIP","floor":11},{"not_picked":["rorgmod:Hot Sockets","Turbo"],"picked":"Electrodynamics","floor":13},{"not_picked":["Seek","Buffer"],"picked":"ReplayTheSpireMod:Fabricate Wheel","floor":16},{"not_picked":["Sweeping Beam","rorgmod:Overcurrent+1"],"picked":"Glacier+1","floor":18},{"not_picked":["rorgmod:LRU Cache","Redo"],"picked":"rorgmod:Steady Aim+1","floor":21},{"not_picked":["rorgmod:Leap","Cold Snap"],"picked":"ReplayTheSpireMod:Calculation Training","floor":22},{"not_picked":["Hologram","Stack+1"],"picked":"FIFO Queue","floor":22},{"not_picked":["Coolheaded+1","Ball Lightning"],"picked":"Buffer","floor":23},{"not_picked":["rorgmod:Fusion","Streamline"],"picked":"hubris:SpecializedCircuitry","floor":25},{"not_picked":["rorgmod:Hardcode","rorgmod:Antivirus"],"picked":"White Noise","floor":29},{"not_picked":["rorgmod:Antivirus","rorgmod:Fragmentation"],"picked":"Static Discharge+1","floor":29},{"not_picked":["Rebound","Ball Lightning"],"picked":"Capacitor+1","floor":30},{"not_picked":["ReplayTheSpireMod:GoodbyeWorld","Undo+1","Compile Driver"],"picked":"SKIP","floor":30},{"not_picked":["rorgmod:Overcurrent","Machine Learning"],"picked":"hubris:PowerSurge","floor":31},{"not_picked":["Compile Driver","Steam Power","rorgmod:Antivirus+1"],"picked":"SKIP","floor":31},{"not_picked":["rorgmod:Loose Screws","Fission"],"picked":"Electrodynamics","floor":33},{"not_picked":["Rebound","Coolheaded+1"],"picked":"Redo+1","floor":35},{"not_picked":["Hologram+1","Self Repair","Double Energy"],"picked":"SKIP","floor":35},{"not_picked":["Coolheaded","Amplify","Cold Snap"],"picked":"SKIP","floor":39},{"not_picked":["Hologram+1","Redo","Sweeping Beam"],"picked":"SKIP","floor":39},{"not_picked":["hubris:SpecializedCircuitry","rorgmod:SQL Injection"],"picked":"rorgmod:Steady Aim+1","floor":41},{"not_picked":["Self Repair","Turbo+1"],"picked":"Loop+1","floor":44},{"not_picked":["BasicCrystalCard+1","Sweeping Beam","rorgmod:Leap+1"],"picked":"SKIP","floor":45},{"not_picked":["rorgmod:SQL Injection+1","ReplaySolidLightProjector+1","rorgmod:Fragmentation"],"picked":"SKIP","floor":45},{"not_picked":["Machine Learning","rorgmod:Leap+1"],"picked":"Panic Button+1","floor":47},{"not_picked":["Stack+1","Glacier+1","rorgmod:Centralize"],"picked":"SKIP","floor":47},{"not_picked":["Sweeping Beam+1","Stack+1","Skim"],"picked":"SKIP","floor":48},{"not_picked":["Rebound","rorgmod:Leap+1","Multi-Cast"],"picked":"SKIP","floor":48}],"player_experience":55178,"relics_obtained":[{"floor":6,"key":"Meat on the Bone"},{"floor":9,"key":"hubris:TinFlute"},{"floor":13,"key":"Omamori"},{"floor":23,"key":"Solar Panel"},{"floor":25,"key":"Carrot"},{"floor":26,"key":"Dota2Spire:Desolator"},{"floor":41,"key":"Strawberry"},{"floor":43,"key":"Dota2Spire:PowerTreads"},{"floor":44,"key":"Dota2Spire:DrumOfEndurance"}],"event_choices":[{"damage_healed":0,"gold_gain":0,"player_choice":"Forge","damage_taken":0,"max_hp_gain":0,"max_hp_loss":0,"event_name":"Accursed Blacksmith","floor":2,"gold_loss":0,"cards_upgraded":["Dualcast"]},{"damage_healed":0,"gold_gain":0,"player_choice":"Ignored","damage_taken":0,"max_hp_gain":0,"max_hp_loss":0,"event_name":"NoteForYourself","floor":7,"gold_loss":0},{"damage_healed":0,"gold_gain":0,"player_choice":"Got Potions","damage_taken":0,"max_hp_gain":0,"max_hp_loss":0,"event_name":"Lab","floor":14,"gold_loss":0},{"damage_healed":0,"gold_gain":0,"player_choice":"Leave","damage_taken":0,"max_hp_gain":0,"max_hp_loss":0,"event_name":"conspire:Investor","floor":19,"gold_loss":0},{"damage_healed":0,"gold_gain":0,"player_choice":"Read","damage_taken":0,"max_hp_gain":0,"max_hp_loss":0,"event_name":"The Library","floor":20,"gold_loss":0,"cards_obtained":["ReplayTheSpireMod:GoodbyeWorld"]},{"cards_removed":["Glacier"],"damage_healed":0,"gold_gain":0,"player_choice":"Offered Uncommon","damage_taken":0,"max_hp_gain":0,"max_hp_loss":0,"event_name":"Bonfire Elementals","floor":46,"gold_loss":0}],"is_beta":false,"boss_relics":[{"not_picked":["energizedSpire:DeadBattery","hubris:RunicObelisk"],"picked":"conspire:SpecialSausage"},{"not_picked":["Astrolabe","Snecko Eye"],"picked":"Nuclear Battery"}],"items_purged_floors":[],"is_endless":true,"potions_floor_spawned":[4,10,11,13,16,18,23,25,31,33,39,41,47,48],"killed_by":"Awakened One","ascension_level":0}}