{"host":"9czo1ewqehy3yunx","time":1611065864,"event":{"mods":["Act Like it!","BaseMod","CapriCore","DeckTracker","GifTheSpireLib","Hermit","Keyboard Shortcuts","Minty Spire (QoL Compilation)","Permanent Neow","Quick Restart","StSLib","SuperFastMode"],"gold_per_floor":[117,196,196,471,487,519,519,532,612,612,612,622,9,29,29,129,129,148,43,61,90,104,104,104,104],"floor_reached":24,"language":"KOR","playtime":1631,"items_purged":[],"score":221,"play_id":"22116505-d3cb-4413-9e08-cf9aa7bd3dc4","local_time":"20210119231744","is_ascension_mode":false,"campfire_choices":[{"data":"hermit:Grudge","floor":7,"key":"SMITH"},{"data":"hermit:Grudge","floor":10,"key":"SMITH"},{"floor":15,"key":"REST"},{"floor":23,"key":"REST"}],"circlet_count":0,"master_deck":["hermit:Strike_Hermit","hermit:Strike_Hermit","hermit:Strike_Hermit","hermit:Strike_Hermit","hermit:Defend_Hermit","hermit:Defend_Hermit","hermit:Defend_Hermit","hermit:Defend_Hermit","hermit:Snapshot+1","hermit:Covet+1","hermit:Grudge","Regret","hermit:GoldenBullet","hermit:Grudge+1","hermit:Spite","hermit:Vantage","hermit:Grudge+1","hermit:Roulette","hermit:EyeOfTheStorm","hermit:Cheat","hermit:ItchyTrigger+1","hermit:Determination","hermit:Glare","hermit:Spite","hermit:FatalDesire","hermit:SprayPray+1","hermit:Desperado","hermit:Midnight","hermit:TakeAim","hermit:GhostlyPresence+1","hermit:SprayPray","hermit:Enervate","hermit:FinalCanter","hermit:ShadowCloak"],"relics":["hermit:Momento","Prayer Wheel","Matryoshka","Potion Belt","Letter Opener","Pear","Question Card","hermit:RedScarf","Whetstone","hermit:BartenderGlass","Red Mask"],"acts_visited":["Exordium","TheCity"],"potions_floor_usage":[18,18,20,20,20,21,21,22,22,22,24],"damage_taken":[{"damage":6,"enemies":"Jaw Worm","floor":1,"turns":4},{"damage":0,"enemies":"2 Louse","floor":5,"turns":2},{"damage":46,"enemies":"Lagavulin","floor":6,"turns":6},{"damage":0,"enemies":"Cultist","floor":8,"turns":2},{"damage":11,"enemies":"Exordium Wildlife","floor":12,"turns":3},{"damage":8,"enemies":"Gremlin Gang","floor":14,"turns":2},{"damage":37,"enemies":"Slime Boss","floor":16,"turns":10},{"damage":23,"enemies":"3 Byrds","floor":18,"turns":3},{"damage":10,"enemies":"Spheric Guardian","floor":20,"turns":3},{"damage":51,"enemies":"Masked Bandits","floor":21,"turns":6},{"damage":2,"enemies":"3 Cultists","floor":22,"turns":4},{"damage":34,"enemies":"Snecko","floor":24,"turns":5}],"seed_played":"1667264027503287426","potions_obtained":[{"floor":1,"key":"LiquidBronze"},{"floor":5,"key":"SpeedPotion"},{"floor":14,"key":"Swift Potion"},{"floor":16,"key":"Strength Potion"},{"floor":18,"key":"Fruit Juice"},{"floor":21,"key":"Energy Potion"}],"is_trial":false,"path_per_floor":["M","?","T","?","M","E","R","M","T","R","T","M","$","M","R","B",null,"M","$","M","?","M","R","M"],"character_chosen":"HERMIT","items_purchased":["hermit:Cheat","hermit:ItchyTrigger","hermit:RedScarf","Whetstone","hermit:Determination","hermit:Midnight","hermit:TakeAim"],"campfire_rested":2,"item_purchase_floors":[13,13,13,13,13,19,19],"current_hp_per_floor":[69,69,69,69,69,23,23,23,23,23,33,22,22,14,39,2,85,62,62,57,6,4,31,0,0],"gold":104,"neow_bonus":"UPGRADE_CARD","is_daily":false,"chose_seed":false,"campfire_upgraded":2,"win_rate":0.0,"timestamp":1611065864,"path_taken":["M","?","?","?","M","E","R","?","T","R","?","M","$","?","R","BOSS","M","$","?","?","M","R","M"],"items_purchased_type":["Card","Card","Relic","Relic","Card","Card","Card"],"build_version":"2020-12-22","purchased_purges":0,"victory":false,"max_hp_per_floor":[75,75,75,75,75,75,75,75,75,75,85,85,85,85,85,85,85,85,85,90,90,90,90,90,90],"card_choices":[{"not_picked":["hermit:Dive","hermit:Headshot"],"picked":"hermit:Grudge","floor":1},{"not_picked":["hermit:Quickdraw","hermit:Purgatory"],"picked":"hermit:GoldenBullet","floor":5},{"not_picked":["hermit:CursedWeapon","hermit:PistolWhip"],"picked":"hermit:Grudge","floor":5},{"not_picked":["hermit:Snipe","hermit:HoleUp"],"picked":"hermit:Spite","floor":6},{"not_picked":["hermit:Feint","hermit:Gestalt"],"picked":"hermit:Vantage","floor":8},{"not_picked":["hermit:CursedWeapon","hermit:Headshot"],"picked":"hermit:Grudge","floor":8},{"not_picked":["hermit:Coalescence","hermit:WideOpen","hermit:LowProfile"],"picked":"hermit:Roulette","floor":12},{"not_picked":["hermit:CursedWeapon","hermit:TakeAim","hermit:HoleUp"],"picked":"hermit:EyeOfTheStorm","floor":12},{"not_picked":["hermit:BodyArmor","hermit:Maintenance","hermit:Vantage"],"picked":"hermit:Glare","floor":14},{"not_picked":["hermit:DeadOrAlive","hermit:Snipe","hermit:BigShot"],"picked":"hermit:Spite","floor":14},{"not_picked":["hermit:HeroicBravado","hermit:OverwhelmingPower","hermit:Gambit"],"picked":"hermit:FatalDesire","floor":16},{"not_picked":["hermit:Vantage+1","hermit:CalledShot+1","hermit:BodyArmor"],"picked":"hermit:SprayPray+1","floor":18},{"not_picked":["hermit:Dive","hermit:Horror+1","hermit:TakeCover"],"picked":"hermit:Desperado","floor":18},{"not_picked":["hermit:Glare","hermit:Scavenge","hermit:CalledShot+1"],"picked":"hermit:GhostlyPresence+1","floor":20},{"not_picked":["hermit:HoleUp","hermit:Combo","hermit:Dive"],"picked":"hermit:SprayPray","floor":20},{"not_picked":["hermit:Quickdraw","hermit:Feint+1","hermit:Determination"],"picked":"hermit:Enervate","floor":21},{"not_picked":["hermit:Combo+1","hermit:Grudge","hermit:LowProfile"],"picked":"hermit:FinalCanter","floor":22},{"not_picked":["hermit:LowProfile","hermit:Roulette","hermit:TakeCover"],"picked":"hermit:ShadowCloak","floor":22}],"player_experience":191605,"relics_obtained":[{"floor":3,"key":"Prayer Wheel"},{"floor":6,"key":"Matryoshka"},{"floor":9,"key":"Potion Belt"},{"floor":9,"key":"Letter Opener"},{"floor":11,"key":"Pear"},{"floor":11,"key":"Question Card"},{"floor":21,"key":"Red Mask"}],"event_choices":[{"damage_healed":0,"gold_gain":79,"player_choice":"Gained Gold","damage_taken":0,"max_hp_gain":0,"max_hp_loss":0,"event_name":"Golden Wing","floor":2,"gold_loss":0},{"damage_healed":0,"gold_gain":275,"player_choice":"Desecrate","damage_taken":0,"max_hp_gain":0,"max_hp_loss":0,"event_name":"Golden Shrine","floor":4,"gold_loss":0,"cards_obtained":["Regret"]},{"damage_healed":0,"gold_gain":0,"player_choice":"Fought Bandits","damage_taken":0,"max_hp_gain":0,"max_hp_loss":0,"event_name":"Masked Bandits","floor":21,"gold_loss":0}],"is_beta":false,"boss_relics":[{"not_picked":["Runic Dome","hermit:DentedPlate"],"picked":"hermit:BartenderGlass"}],"items_purged_floors":[],"is_endless":false,"potions_floor_spawned":[1,5,14,16,18,21],"killed_by":"Snecko","ascension_level":0}}