{"host":"wha9hktbkslqvblg","time":1611098556,"event":{"mods":["BaseMod","Colored Map","Minty Spire (QoL Compilation)","Relic Stats","SuperFastMode","everything is the same but u backflip on backflip"],"gold_per_floor":[119,119,44,7,82,82,415,434,434,459,53,72,72,86,86,162,162,181,181,181,198,198,198,98,125,125,125,0,0,0],"floor_reached":29,"language":"KOR","playtime":518,"items_purged":["Defend_B","Doubt","Strike_B"],"score":544,"play_id":"c16b9259-cd7c-4ba5-9fe5-8c7cb5093315","local_time":"20210120082236","is_ascension_mode":true,"campfire_choices":[{"data":"Sunder","floor":6.0,"key":"SMITH"},{"floor":15.0,"key":"REST"},{"floor":23.0,"key":"REST"},{"data":"Defragment","floor":27,"key":"SMITH"}],"circlet_count":0,"master_deck":["AscendersBane","Strike_B","Strike_B","Strike_B","Defend_B","Defend_B","Defend_B","Zap","Dualcast","Sunder+1","Loop","Chill","Reboot","Doom and Gloom","FTL","Aggregate","Core Surge","Go for the Eyes","Defragment+1","Hologram"],"relics":["Cracked Core","NeowsBlessing","Old Coin","Tiny Chest","Regal Pillow","Runic Capacitor","DataDisk","Cursed Key","Pen Nib"],"acts_visited":["Exordium","TheCity"],"potions_floor_usage":[],"damage_taken":[{"damage":0.0,"enemies":"Jaw Worm","floor":1.0,"turns":1.0},{"damage":0.0,"enemies":"Lagavulin","floor":7.0,"turns":1.0},{"damage":0.0,"enemies":"Cultist","floor":8.0,"turns":1.0},{"damage":22.0,"enemies":"3 Sentries","floor":10.0,"turns":9.0},{"damage":6.0,"enemies":"Small Slimes","floor":12.0,"turns":2.0},{"damage":6.0,"enemies":"2 Fungi Beasts","floor":14.0,"turns":2.0},{"damage":41.0,"enemies":"Slime Boss","floor":16.0,"turns":9.0},{"damage":5.0,"enemies":"Spheric Guardian","floor":18.0,"turns":4.0},{"damage":28.0,"enemies":"Shell Parasite","floor":21.0,"turns":5.0},{"damage":7.0,"enemies":"Gremlin Leader","floor":25.0,"turns":8.0},{"damage":13,"enemies":"Snake Plant","floor":29,"turns":2}],"seed_played":"-143396857969972630","potions_obtained":[{"floor":7.0,"key":"Weak Potion"},{"floor":14.0,"key":"LiquidBronze"},{"floor":16.0,"key":"SkillPotion"},{"floor":18.0,"key":"AttackPotion"},{"floor":25.0,"key":"Dexterity Potion"}],"is_trial":false,"path_per_floor":["M","?","$","$","?","R","E","M","T","E","$","M","?","M","R","B",null,"M","?","T","M","?","R","$","E","T","R","$","M"],"character_chosen":"DEFECT","items_purchased":["Sunder","Runic Capacitor","DataDisk","Doom and Gloom"],"campfire_rested":2,"item_purchase_floors":[4,11,11,11],"current_hp_per_floor":[64,60,60,60,49,49,49,49,49,27,27,21,21,15,51,10,56,51,31,31,3,3,40,40,33,33,33,33,20,20],"gold":0,"neow_bonus":"THREE_ENEMY_KILL","is_daily":false,"chose_seed":false,"campfire_upgraded":2,"win_rate":0.0,"timestamp":1611098556,"path_taken":["M","?","?","$","?","R","E","M","T","E","$","M","?","?","R","BOSS","M","?","?","M","?","R","$","E","T","R","$","M"],"items_purchased_type":["Card","Relic","Relic","Card"],"build_version":"2020-12-22","purchased_purges":3,"victory":false,"max_hp_per_floor":[71,71,71,71,71,71,71,71,71,71,71,71,71,71,71,71,71,71,76,76,76,76,76,76,76,76,76,76,76,76],"relic_stats":{"Regal Pillow":30,"counters":[11,44],"Tiny Chest":1,"Pen Nib":[0],"Cursed Key":1,"obtain_stats":[{"Regal Pillow":10,"DataDisk":11,"NeowsBlessing":0,"Tiny Chest":9,"Pen Nib":25,"Runic Capacitor":11,"Cracked Core":0,"Cursed Key":17,"Old Coin":7},{"Regal Pillow":4,"DataDisk":4,"NeowsBlessing":0,"Tiny Chest":3,"Pen Nib":10,"Runic Capacitor":4,"Cracked Core":0,"Cursed Key":7,"Old Coin":2},{"Regal Pillow":12,"DataDisk":12,"NeowsBlessing":0,"Tiny Chest":3,"Pen Nib":42,"Runic Capacitor":12,"Cracked Core":0,"Cursed Key":25,"Old Coin":2}]},"card_choices":[{"not_picked":["Beam Cell","Streamline","Go for the Eyes"],"picked":"SKIP","floor":1.0},{"not_picked":["Go for the Eyes","Steam Power"],"picked":"Loop","floor":7.0},{"not_picked":["Rebound","Auto Shields"],"picked":"Chill","floor":8.0},{"not_picked":["Steam","Chaos"],"picked":"Reboot","floor":10.0},{"not_picked":["Heatsinks","Gash","Rebound"],"picked":"SKIP","floor":12.0},{"not_picked":["Streamline","Buffer"],"picked":"Aggregate","floor":14.0},{"not_picked":["Rainbow","Amplify"],"picked":"Core Surge","floor":16.0},{"not_picked":["Storm","Melter"],"picked":"Go for the Eyes","floor":18.0},{"not_picked":["Stack","Go for the Eyes","Scrape"],"picked":"SKIP","floor":21.0},{"not_picked":["Chill","Barrage"],"picked":"Hologram","floor":25.0}],"player_experience":984526,"relics_obtained":[{"floor":7.0,"key":"Old Coin"},{"floor":9.0,"key":"Tiny Chest"},{"floor":10.0,"key":"Regal Pillow"},{"floor":25.0,"key":"Pen Nib"}],"event_choices":[{"damage_healed":0.0,"max_hp_gain":0.0,"max_hp_loss":0.0,"gold_gain":0.0,"event_name":"The Woman in Blue","player_choice":"Bought 0 Potions","floor":2.0,"gold_loss":0.0,"damage_taken":0.0},{"damage_healed":0.0,"max_hp_gain":0.0,"max_hp_loss":0.0,"gold_gain":75.0,"event_name":"World of Goop","player_choice":"Gather Gold","floor":5.0,"gold_loss":0.0,"damage_taken":11.0},{"damage_healed":0.0,"max_hp_gain":0.0,"max_hp_loss":0.0,"gold_gain":0.0,"event_name":"Match and Keep!","player_choice":"1 cards matched","floor":13.0,"gold_loss":0.0,"damage_taken":0.0,"cards_obtained":["FTL"]},{"damage_healed":0.0,"max_hp_gain":5.0,"max_hp_loss":0.0,"gold_gain":0.0,"event_name":"Forgotten Altar","player_choice":"Shed Blood","floor":19.0,"gold_loss":0.0,"damage_taken":25.0},{"damage_healed":0.0,"max_hp_gain":0.0,"max_hp_loss":0.0,"gold_gain":0.0,"event_name":"The Library","player_choice":"Read","floor":22.0,"gold_loss":0.0,"damage_taken":0.0,"cards_obtained":["Defragment"]}],"is_beta":false,"boss_relics":[{"not_picked":["Velvet Choker","Empty Cage"],"picked":"Cursed Key"}],"items_purged_floors":[3,24,28],"is_endless":false,"potions_floor_spawned":[7,14,16,18,25],"killed_by":"Snake Plant","ascension_level":20}}