{"host":"cgaibh95wzkurumv","time":1611068228,"event":{"mods":["BaseMod","Minty Spire (QoL Compilation)","Replay The Spire","StSLib","The Runesmith"],"gold_per_floor":[144,144,144,69,114,114,114,78,103,53,53,98,188,233,233,533,533,578,623,73,118,118,118,118],"floor_reached":23,"language":"SPA","playtime":1045,"items_purged":["Strike_R"],"score":189,"play_id":"432ef8a8-8d44-4267-aec4-711c0ac79c6b","local_time":"20210119115708","daily_mods":["Allstar","Blue Cards","Midas"],"is_ascension_mode":false,"campfire_choices":[{"floor":6,"key":"REST"},{"data":"Defend_R","floor":15,"key":"PURGE"}],"circlet_count":0,"master_deck":["Strike_R","Strike_R+1","Defend_R","Defend_R","Defend_R","Bash","Replay:Sssssssssshield","Secret Weapon","Mind Blast","Thinking Ahead","Replay:Parry","ReplayGash","Uppercut","Wild Strike","Seek","Cold Snap","Sunder+1"],"relics":["Burning Blood","Toy Ornithopter","Ring of Peace","ReplayTheSpireMod:Lightbulb","Mark of Pain","Girya","Replay:Bottled Snecko"],"acts_visited":["Exordium","TheCity"],"potions_floor_usage":[16,23],"damage_taken":[{"damage":3,"enemies":"Small Slimes","floor":1,"turns":3},{"damage":3,"enemies":"Jaw Worm","floor":5,"turns":4},{"damage":0,"enemies":"2 Louse","floor":12,"turns":4},{"damage":17,"enemies":"3 Sentries","floor":13,"turns":8},{"damage":0,"enemies":"2 Fungi Beasts","floor":14,"turns":4},{"damage":89,"enemies":"The Guardian","floor":16,"turns":15},{"damage":10,"enemies":"Spheric Guardian","floor":18,"turns":4},{"damage":8,"enemies":"3 Byrds","floor":19,"turns":6},{"damage":1,"enemies":"Shelled Parasite and Fungi","floor":21,"turns":6},{"damage":94,"enemies":"Gremlin Leader","floor":23,"turns":9}],"seed_played":"3706737729498028133","potions_obtained":[{"floor":1,"key":"BloodPotion"},{"floor":5,"key":"Dexterity Potion"},{"floor":16,"key":"Venom Potion"},{"floor":19,"key":"Reflective Coating"}],"is_trial":false,"path_per_floor":["M","?","?","$","M","R","?","$","T","?","?","M","E","M","R","B",null,"M","M","$","M","?","E"],"character_chosen":"IRONCLAD","items_purchased":["Uppercut","Girya","Replay:Bottled Snecko"],"campfire_rested":1,"item_purchase_floors":[8,20,20],"current_hp_per_floor":[80,85,85,85,85,85,78,78,78,78,78,84,73,79,79,18,85,81,79,79,84,84,0,0],"gold":118,"neow_bonus":"","is_daily":true,"chose_seed":false,"campfire_upgraded":0,"win_rate":0.0,"timestamp":1611068228,"path_taken":["M","?","?","?","M","R","?","$","T","?","?","?","E","M","R","BOSS","M","M","$","M","?","E"],"items_purchased_type":["Card","Relic","Relic"],"build_version":"2020-12-22","purchased_purges":1,"victory":false,"max_hp_per_floor":[80,85,85,85,85,85,85,85,85,85,85,85,85,85,85,85,85,85,85,85,85,85,85,85],"card_choices":[{"not_picked":["Beam Cell","Gash"],"picked":"ReplayGash","floor":1},{"not_picked":["Compile Driver","Ball Lightning","ReplayTheSpireMod:Strike From Hell"],"picked":"SKIP","floor":5},{"not_picked":["Ball Lightning","Twin Strike","Wild Strike"],"picked":"SKIP","floor":12},{"not_picked":["Cleave","True Grit"],"picked":"Wild Strike","floor":13},{"not_picked":["Eclipse","BasicCrystalCard","ReplayTheSpireMod:Strike From Hell"],"picked":"SKIP","floor":14},{"not_picked":["Bludgeon","Electrodynamics"],"picked":"Seek","floor":16},{"not_picked":["Barrage","Compile Driver","Thunderclap+1"],"picked":"SKIP","floor":18},{"not_picked":["Chaos","ReplayTheSpireMod:GoodbyeWorld"],"picked":"Cold Snap","floor":19},{"not_picked":["Infernal Blade","Self Repair"],"picked":"Sunder+1","floor":21}],"player_experience":278449,"relics_obtained":[{"floor":9,"key":"Toy Ornithopter"},{"floor":11,"key":"Ring of Peace"},{"floor":13,"key":"ReplayTheSpireMod:Lightbulb"}],"event_choices":[{"damage_healed":0,"gold_gain":0,"player_choice":"Donut","damage_taken":0,"max_hp_gain":5,"max_hp_loss":0,"event_name":"Big Fish","floor":2,"gold_loss":0},{"cards_removed":["Strike_R"],"damage_healed":0,"gold_gain":0,"player_choice":"Card Removal","damage_taken":7,"max_hp_gain":0,"max_hp_loss":0,"event_name":"Golden Wing","floor":7,"gold_loss":0},{"cards_removed":["Strike_R"],"damage_healed":0,"gold_gain":0,"player_choice":"Card Removal","damage_taken":0,"max_hp_gain":0,"max_hp_loss":0,"event_name":"The Cleric","floor":10,"gold_loss":50},{"damage_healed":0,"gold_gain":0,"player_choice":"Ignored","damage_taken":0,"max_hp_gain":0,"max_hp_loss":0,"event_name":"Vampires","floor":22,"gold_loss":0}],"is_beta":false,"boss_relics":[{"not_picked":["Honey Jar","Painkiller Herb"],"picked":"Mark of Pain"}],"items_purged_floors":[4],"is_endless":false,"potions_floor_spawned":[1,5,16,19],"killed_by":"Gremlin Leader","ascension_level":0}}