{"host":"a3oe3gstxz77c7qu","time":1611082851,"event":{"mods":["2.2 Compatiblity","Act Like it!","Astrologer","BaseMod","Bestiary","Better Altar","Better Match","Better Note","Better Skull","Better Third Choice","Block Reminder","Curses Come First","Custom Start","Dark Map","Downfall","Fox Events","Friendly Minions","GifTheSpireLib","Hallownest","Hermit","Jorbs\u0027s Wanderer Trilogy","Lobotomy","LobotomyExtend","Marisa????????","Minty Spire (QoL Compilation)","Permanent Neow","Quick Restart","Relic Stats","StSLib","The Bug Knight","The Cursed","The Disciple","The Jungle","Uncapped","Unknown Chances","Wandering Minibosses"],"gold_per_floor":[109,122,122,122,122,122,147,147,171,203,219,252,269,286,286,528,528,545,26,20,20,40,161,161,161,161,186,186,196,121,133,133,376,376,456,169,169,188,39,182,182,246,246,261,304,156,156,184,184,184,184],"floor_reached":50,"language":"ENG","playtime":3737,"items_purged":["Strike_MRS","Defend_MRS","LittleHelper"],"score":904,"play_id":"2a0b0575-ec0f-42e8-8ec2-1cd4e32757b1","local_time":"20210119190051","is_ascension_mode":true,"campfire_choices":[{"data":"AsteroidBelt","floor":6.0,"key":"SMITH"},{"data":"OortCloud","floor":15.0,"key":"SMITH"},{"data":"MillisecondPulsars","floor":24,"key":"SMITH"},{"data":"AsteroidBelt","floor":28,"key":"SMITH"},{"data":"DarkMatter","floor":32,"key":"SMITH"},{"data":"MasterSpark","floor":41,"key":"SMITH"},{"data":"LuminesStrike","floor":47,"key":"SMITH"},{"floor":49,"key":"REST"}],"circlet_count":0,"master_deck":["Defend_MRS","Defend_MRS","MasterSpark+1","BlackSwan","AsteroidBelt+1","GalacticHalo+1","MeatLantern","UniverseFragment","Parasite","Parasite","OortCloud+1","DarkMatter+1","MillisecondPulsars+1","Parasite","AsteroidBelt+1","OrrerysSun","EnergyFlow","EnergyRecoil+1","EventHorizon","LuminesStrike+1"],"relics":["MiniHakkero","CogitoBucket","RabbitCall","LetterFromLob","Turnip","hexamod:BolsterEngine","ShroomBag","ChangeAnything","SacredBark","TreeSap","DollysMirror","TungstenRod","hexamod:Sixitude","Meat on the Bone","Guardian:GemstoneGun","AtMidnight","AspirationHeart","ExperimentalFamiliar","Guardian:PocketSentry","Vajra","Lantern","CaptainsWheel","Calipers"],"acts_visited":["Exordium","TheCity","TheBeyond"],"potions_floor_usage":[33,50,50],"damage_taken":[{"damage":0.0,"enemies":"Hallownest:monsterHuskWarrior","floor":1.0,"turns":3.0},{"damage":0.0,"enemies":"Hallownest:monsterHuskGuard","floor":2.0,"turns":5.0},{"damage":1.0,"enemies":"Hallownest:monsterMarmu","floor":3.0,"turns":7.0},{"damage":0.0,"enemies":"Hallownest:eliteVengeflyKing","floor":7.0,"turns":9.0},{"damage":2.0,"enemies":"Hallownest:eliteCrystalGuardian","floor":10.0,"turns":7.0},{"damage":3.0,"enemies":"2_ Uuma","floor":11.0,"turns":4.0},{"damage":5.0,"enemies":"Hallownest:eliteVengeflyKing","floor":12.0,"turns":12.0},{"damage":2.0,"enemies":"Hallownest:Wandering_and_Horned","floor":13.0,"turns":6.0},{"damage":1.0,"enemies":"Hallownest:monsterFoolEater","floor":14.0,"turns":5.0},{"damage":32.0,"enemies":"Hallownest:BossHornet","floor":16.0,"turns":15.0},{"damage":12.0,"enemies":"3 Byrds","floor":18.0,"turns":5.0},{"damage":2,"enemies":"2 Thieves","floor":20,"turns":4},{"damage":0,"enemies":"Snecko","floor":22,"turns":9},{"damage":39,"enemies":"Slavers","floor":23,"turns":10},{"damage":0,"enemies":"Book of Stabbing","floor":27,"turns":6},{"damage":0,"enemies":"Cultist and Chosen","floor":29,"turns":11},{"damage":0,"enemies":"Snake Plant","floor":31,"turns":4},{"damage":39,"enemies":"Automaton","floor":33,"turns":14},{"damage":3,"enemies":"3 Darklings","floor":35,"turns":8},{"damage":3,"enemies":"3 Shapes","floor":38,"turns":6},{"damage":32,"enemies":"Giant Head","floor":40,"turns":12},{"damage":1,"enemies":"Spire Growth","floor":42,"turns":6},{"damage":0,"enemies":"Jaw Worm Horde","floor":44,"turns":5},{"damage":46,"enemies":"Writhing Mass","floor":45,"turns":4},{"damage":5,"enemies":"Nemesis","floor":48,"turns":5},{"damage":94,"enemies":"Time Eater","floor":50,"turns":4}],"seed_played":"-4158824899300948936","potions_obtained":[{"floor":2.0,"key":"LiquidMemories"},{"floor":7.0,"key":"ShroomBrew"},{"floor":12.0,"key":"BlessingOfTheForge"},{"floor":13.0,"key":"hexamod:SoulburnPotion"},{"floor":18.0,"key":"PowerPotion"},{"floor":22,"key":"Energy Potion"},{"floor":29,"key":"EntropicBrew"},{"floor":33,"key":"Regen Potion"},{"floor":44,"key":"FairyPotion"},{"floor":45,"key":"Regen Potion"}],"is_trial":false,"path_per_floor":["M","M","?","?","?","R","E","?","T","E","M","E","M","M","R","B",null,"M","$","M","?","M","E","R","E","T","E","R","M","?","M","R","B",null,"M","$","?","M","$","E","R","M","T","M","M","$","R","E","R","B"],"character_chosen":"MARISA","items_purchased":["DollysMirror","TungstenRod","Guardian:PocketSentry","EnergyFlow","Vajra","LuminesStrike"],"campfire_rested":1,"item_purchase_floors":[19,19,36,36,39,46],"current_hp_per_floor":[68,68,67,67,67,67,67,71,71,69,70,69,71,74,74,44,67,59,59,61,61,65,32,32,32,32,48,48,64,64,68,68,47,76,79,79,79,82,82,53,53,58,58,64,36,36,36,49,74,18,18],"gold":184,"neow_bonus":"","is_daily":false,"chose_seed":false,"campfire_upgraded":7,"win_rate":0.0,"timestamp":1611082851,"path_taken":["M","M","?","?","?","R","E","?","T","E","M","E","?","M","R","BOSS","M","$","M","?","M","E","R","E","T","E","R","?","?","M","R","BOSS","M","$","?","M","$","E","R","M","T","M","?","$","R","E","R","BOSS"],"items_purchased_type":["Relic","Relic","Relic","Card","Relic","Card"],"build_version":"2020-12-22","purchased_purges":3,"victory":false,"max_hp_per_floor":[75,75,75,75,75,75,75,75,75,75,75,75,75,75,75,75,75,75,75,75,75,75,75,75,75,75,75,75,85,85,85,85,85,85,85,85,85,85,85,85,85,85,85,85,85,85,85,85,85,70,70],"relic_stats":{"counters":[30,188],"Turnip":[9],"obtain_stats":[{"RabbitCall":0,"Lantern":40,"Calipers":48,"Blue Candle":12,"SacredBark":17,"Guardian:GemstoneGun":27,"hexamod:Sixitude":23,"AspirationHeart":29,"Vajra":39,"Guardian:PocketSentry":36,"ShroomBag":10,"CogitoBucket":0,"CaptainsWheel":43,"ExperimentalFamiliar":34,"DollysMirror":19,"TreeSap":18,"AtMidnight":29,"Turnip":7,"LetterFromLob":1,"MiniHakkero":0,"hexamod:BolsterEngine":9,"ChangeAnything":11,"TungstenRod":19,"Meat on the Bone":26},{"RabbitCall":0,"Lantern":24,"Calipers":28,"Blue Candle":8,"SacredBark":11,"Guardian:GemstoneGun":17,"hexamod:Sixitude":16,"AspirationHeart":19,"Vajra":23,"Guardian:PocketSentry":22,"ShroomBag":5,"CogitoBucket":0,"CaptainsWheel":25,"ExperimentalFamiliar":21,"DollysMirror":13,"TreeSap":13,"AtMidnight":19,"Turnip":4,"LetterFromLob":1,"MiniHakkero":0,"hexamod:BolsterEngine":4,"ChangeAnything":7,"TungstenRod":13,"Meat on the Bone":16},{"RabbitCall":0,"Lantern":164,"Calipers":183,"Blue Candle":48,"SacredBark":74,"Guardian:GemstoneGun":109,"hexamod:Sixitude":103,"AspirationHeart":121,"Vajra":153,"Guardian:PocketSentry":147,"ShroomBag":31,"CogitoBucket":0,"CaptainsWheel":169,"ExperimentalFamiliar":139,"DollysMirror":80,"TreeSap":80,"AtMidnight":121,"Turnip":24,"LetterFromLob":3,"MiniHakkero":0,"hexamod:BolsterEngine":24,"ChangeAnything":36,"TungstenRod":80,"Meat on the Bone":103}],"TungstenRod":78,"Meat on the Bone":48},"card_choices":[{"not_picked":["Wellcheers","FairyFestival"],"picked":"BlackSwan","floor":1.0},{"not_picked":["Acceleration","MilkyWay"],"picked":"AsteroidBelt","floor":1.0},{"not_picked":["RefractionSpark","6A"],"picked":"GalacticHalo","floor":2.0},{"not_picked":["OldLady","OSAHOGD","FairyFestival"],"picked":"Singing Bowl","floor":2.0},{"not_picked":["SpiderBud","UniverseFragment"],"picked":"MeatLantern","floor":2.0},{"not_picked":["CherryBlossoms","Murderer","OSAHOGD"],"picked":"Singing Bowl","floor":7.0},{"not_picked":["NakedNest","MHz"],"picked":"UniverseFragment","floor":7.0},{"not_picked":["SporeBomb","MilkyWay","UnstableBomb"],"picked":"SKIP","floor":7.0},{"not_picked":["PunishingBird","Scorched","CENSORED"],"picked":"Singing Bowl","floor":10.0},{"not_picked":["RefractionSpark","WitchOfGreed","BinaryStars"],"picked":"SKIP","floor":10.0},{"not_picked":["6A","StarlightTyphoon"],"picked":"OortCloud","floor":11.0},{"not_picked":["PunishingBird","LaLuna","SnowQueen"],"picked":"Singing Bowl","floor":11.0},{"not_picked":["LuminesStrike","GalacticHalo"],"picked":"DarkMatter","floor":12.0},{"not_picked":["Wellcheers","SpiderBud","Yin"],"picked":"Singing Bowl","floor":12.0},{"not_picked":["Funeral","VoidDream","Porccubus"],"picked":"Singing Bowl","floor":13.0},{"not_picked":["FairyDestructionRay","DeepEcoloBomb","GrandCross"],"picked":"SKIP","floor":13.0},{"not_picked":["Bloodbath","GalaxyChild","CENSORED"],"picked":"Singing Bowl","floor":14.0},{"not_picked":["ChargeUpSpray","PropBag","Orbital"],"picked":"SKIP","floor":14.0},{"not_picked":["BinaryStars","BlazingStar"],"picked":"MillisecondPulsars","floor":16.0},{"not_picked":["HeroicMonk","DreamingCurrent","NakedNest"],"picked":"Singing Bowl","floor":16.0},{"not_picked":["BigBird","WallGazer","OldLady"],"picked":"Singing Bowl","floor":18.0},{"not_picked":["DC","PowerUp","DragonMeteor"],"picked":"SKIP","floor":18.0},{"not_picked":["FieryBird","WallGazer","WhitesApple"],"picked":"Singing Bowl","floor":20},{"not_picked":["LuminesStrike+1","OpenUniverse+1","Orbital+1"],"picked":"SKIP","floor":20},{"not_picked":["CherryBlossoms","Wellcheers","QueenOfHatred"],"picked":"Singing Bowl","floor":22},{"not_picked":["DC+1","SporeBomb","WitchLeyline"],"picked":"SKIP","floor":22},{"not_picked":["PropBag","MysteriousBeam"],"picked":"AsteroidBelt","floor":23},{"not_picked":["Yin","Murderer","SpiderBud"],"picked":"Singing Bowl","floor":23},{"not_picked":["SnowQueen","SpiderBud","Porccubus"],"picked":"Singing Bowl","floor":27},{"not_picked":["BigCrunch","PowerUp+1","WitchOfGreed+1"],"picked":"SKIP","floor":27},{"not_picked":["Bloodbath","HappyTeddy"],"picked":"LittleHelper","floor":29},{"not_picked":["MagicAbsorber","IllusionStar","LuminesStrike"],"picked":"SKIP","floor":29},{"not_picked":["MilkyWay","MachineGunSpark+1","NonDirectionalLaser+1"],"picked":"SKIP","floor":31},{"not_picked":["Murderer","FairyFestival","Yin"],"picked":"Singing Bowl","floor":33},{"not_picked":["LuminesStrike","AsteroidBelt+1"],"picked":"OrrerysSun","floor":35},{"not_picked":["NothingThere","BigBadWolf","Variant"],"picked":"Singing Bowl","floor":35},{"not_picked":["Woodsman","LaLuna","LongBird"],"picked":"Singing Bowl","floor":38},{"not_picked":["ShootingEcho+1","DragonMeteor+1","FairyDestructionRay"],"picked":"SKIP","floor":38},{"not_picked":["AsteroidBelt","WitchLeyline"],"picked":"EnergyRecoil+1","floor":40},{"not_picked":["LittlePrince","OSAHOGD","RedShoes"],"picked":"Singing Bowl","floor":40},{"not_picked":["Scorched","Scarecrow","WhiteNight"],"picked":"Singing Bowl","floor":42},{"not_picked":["LuminesStrike+1","FairyDestructionRay","MysteriousBeam+1"],"picked":"SKIP","floor":42},{"not_picked":["Porccubus","QueenOfHatred","HappyTeddy"],"picked":"Singing Bowl","floor":44},{"not_picked":["UnstableBomb+1","IllusionStar","StarlightTyphoon+1"],"picked":"SKIP","floor":44},{"not_picked":["MysteriousBeam+1","GravityBeat+1"],"picked":"EventHorizon","floor":45},{"not_picked":["FieryBird","LaLuna","WallGazer"],"picked":"Singing Bowl","floor":45},{"not_picked":["Variant","LaLuna","BigBird"],"picked":"Singing Bowl","floor":48},{"not_picked":["MagicAbsorber","ChargingUp+1","ManaRampage"],"picked":"SKIP","floor":48}],"player_experience":1061238,"relics_obtained":[{"floor":1.0,"key":"LetterFromLob"},{"floor":7.0,"key":"Turnip"},{"floor":9.0,"key":"hexamod:BolsterEngine"},{"floor":10.0,"key":"ShroomBag"},{"floor":12.0,"key":"Blue Candle"},{"floor":23,"key":"hexamod:Sixitude"},{"floor":26,"key":"Meat on the Bone"},{"floor":27,"key":"Guardian:GemstoneGun"},{"floor":29,"key":"AtMidnight"},{"floor":40,"key":"Lantern"},{"floor":43,"key":"CaptainsWheel"},{"floor":48,"key":"Calipers"}],"event_choices":[{"damage_healed":0.0,"max_hp_gain":0.0,"max_hp_loss":0.0,"gold_gain":0.0,"event_name":"betterMatch:BetterMatch","player_choice":"2","floor":5.0,"gold_loss":0.0,"damage_taken":0.0,"cards_obtained":[]},{"damage_healed":4.0,"max_hp_gain":0.0,"max_hp_loss":0.0,"gold_gain":0.0,"event_name":"betterSkull:BetterSkull","player_choice":"LEAVE ","floor":8.0,"gold_loss":0.0,"damage_taken":0.0,"cards_upgraded":[],"relics_obtained":[]},{"cards_removed":["Strike_MRS"],"damage_healed":0,"gold_gain":0,"player_choice":"Purged","damage_taken":0,"max_hp_gain":0,"max_hp_loss":0,"event_name":"Purifier","floor":21,"gold_loss":0},{"cards_removed":["UpSweep"],"damage_healed":0,"gold_gain":0,"player_choice":"Gave Gold","damage_taken":0,"max_hp_gain":0,"max_hp_loss":0,"event_name":"Beggar","floor":30,"gold_loss":75},{"cards_removed":["Defend_MRS"],"damage_healed":0,"gold_gain":0,"player_choice":"Purged","damage_taken":0,"max_hp_gain":0,"max_hp_loss":0,"event_name":"Purifier","floor":37,"gold_loss":0}],"is_beta":false,"boss_relics":[{"not_picked":["RampagingMagicTools","Sozu"],"picked":"SacredBark"},{"not_picked":["BewitchedHakkero","Busted Crown"],"picked":"ExperimentalFamiliar"}],"items_purged_floors":[19,36,46],"is_endless":false,"potions_floor_spawned":[2,7,12,13,18,22,29,33,35,40,44,45,48],"killed_by":"Time Eater","ascension_level":6}}