{"host":"d61fcf2p3sjwe6yo","time":1611056148,"event":{"mods":["AchievementEnabler","BaseMod","Colored Map","Downfall","Minty Spire (QoL Compilation)","StSLib","SuperFastMode"],"gold_per_floor":[99,119,138,152,166,166,212,212,72,72,90,90,75,100,116,116,116],"floor_reached":16,"language":"ENG","playtime":579,"items_purged":["bronze:Strike"],"score":143,"play_id":"1776845b-0431-4ac7-a9fa-bfe3a8f781ac","local_time":"20210119143548","is_ascension_mode":true,"campfire_choices":[{"floor":1,"key":"RECALL"},{"data":"bronze:OilSpill","floor":10,"key":"SMITH"},{"data":"bronze:OilSpill","floor":12,"key":"SMITH"}],"circlet_count":0,"master_deck":["bronze:Strike","bronze:Strike","bronze:Strike","bronze:Defend","bronze:Defend","bronze:Defend","bronze:Defend","bronze:Replicate+1","bronze:Goto","bronze:OilSpill+1","bronze:Return","bronze:TinkerersToolbox","bronze:Shell","bronze:OilSpill+1","bronze:OilSpill","bronze:BronzeOrb","bronze:HardenedForm"],"relics":["bronze:BronzeCore","hexamod:BolsterEngine","Strawberry","bronze:BottledCode","Sundial"],"acts_visited":["Exordium"],"potions_floor_usage":[16],"damage_taken":[{"damage":0,"enemies":"Cultist","floor":2,"turns":2},{"damage":7,"enemies":"Small Slimes","floor":3,"turns":3},{"damage":2,"enemies":"Jaw Worm","floor":4,"turns":3},{"damage":1,"enemies":"Exordium Wildlife","floor":5,"turns":3},{"damage":0,"enemies":"downfall:FleeingMerchant","floor":9,"turns":4},{"damage":8,"enemies":"Blue Slaver","floor":11,"turns":3},{"damage":10,"enemies":"downfall:FleeingMerchant","floor":13,"turns":4},{"damage":10,"enemies":"Gremlin Nob","floor":14,"turns":3},{"damage":3,"enemies":"2 Fungi Beasts","floor":15,"turns":2},{"damage":18,"enemies":"SI_SHIV_ARCHETYPE","floor":16,"turns":5}],"seed_played":"3592251308744680613","potions_obtained":[{"floor":5,"key":"GamblersBrew"},{"floor":11,"key":"Strength Potion"},{"floor":14,"key":"SteroidPotion"}],"is_trial":false,"path_per_floor":["R","M","M","M","M","?","T","?","$","R","M","R","$","E","M","B"],"character_chosen":"THE_AUTOMATON","items_purchased":["bronze:OilSpill"],"campfire_rested":0,"item_purchase_floors":[9],"current_hp_per_floor":[63,63,56,54,53,41,48,48,48,48,40,40,30,20,17,0,0],"gold":116,"neow_bonus":"UPGRADE_CARD","is_daily":false,"chose_seed":false,"campfire_upgraded":2,"win_rate":0.0,"timestamp":1611056148,"path_taken":["R","M","M","M","?","?","T","?","$","R","M","R","?","E","M","BOSS"],"items_purchased_type":["Card"],"build_version":"2020-12-22","purchased_purges":1,"victory":false,"max_hp_per_floor":[70,70,70,70,70,70,77,67,67,67,67,67,67,67,67,67,67],"card_choices":[{"not_picked":["bronze:CutThrough","bronze:WildBeam"],"picked":"bronze:OilSpill","floor":2},{"not_picked":["bronze:BitShift","bronze:BuggyMess","bronze:DelayedSlice"],"picked":"SKIP","floor":3},{"not_picked":["bronze:Separator","bronze:WildBeam"],"picked":"bronze:Return","floor":4},{"not_picked":["bronze:MaxOutput","bronze:Turbo"],"picked":"bronze:TinkerersToolbox","floor":5},{"not_picked":["bronze:Iterate","bronze:ItsAFeature"],"picked":"bronze:Shell","floor":9},{"not_picked":["bronze:Iterate","bronze:Deprecate"],"picked":"bronze:OilSpill","floor":11},{"not_picked":["bronze:Separator","bronze:NullPointer"],"picked":"bronze:BronzeOrb","floor":13},{"not_picked":["bronze:ClassDefault","bronze:FindAndReplace"],"picked":"bronze:HardenedForm","floor":14},{"not_picked":["bronze:Optimize","bronze:InfiniteBeams","bronze:Separator"],"picked":"SKIP","floor":15}],"player_experience":601170,"relics_obtained":[{"floor":7,"key":"Strawberry"},{"floor":14,"key":"Sundial"}],"event_choices":[{"damage_healed":0,"gold_gain":0,"player_choice":"Success","damage_taken":12,"relics_obtained":["hexamod:BolsterEngine"],"max_hp_gain":0,"max_hp_loss":0,"event_name":"Scrap Ooze","floor":6,"gold_loss":0}],"is_beta":false,"boss_relics":[],"items_purged_floors":[9],"is_endless":false,"potions_floor_spawned":[5,11,14],"killed_by":"SI_SHIV_ARCHETYPE","ascension_level":8}}