{"host":"51fyd6gkml7xavq8","time":1611094825,"event":{"mods":["BaseMod","BetterRewards","Colored Map","Energized Spire","Infinite Spire","Minty Spire (QoL Compilation)","Replay The Spire","Shop Mod","Spicy Shops","StSLib","The Blue Laboratory","[IsaacMod]????"],"gold_per_floor":[132,120,120,120,120,120,140,140,167,167,183,183,201,241,241,241,241],"floor_reached":16,"language":"ENG","playtime":583,"items_purged":["Dualcast"],"score":210,"play_id":"2436b884-7331-41ca-a2aa-4d6340621c35","local_time":"20210119192025","is_ascension_mode":true,"campfire_choices":[{"data":"BettingIsNotGood","floor":6,"key":"SMITH"},{"data":"Gash","floor":10,"key":"SMITH"},{"data":"Cold Snap","floor":12,"key":"SMITH"}],"circlet_count":0,"master_deck":["AscendersBane","Strike_B","Strike_B","Strike_B","Strike_B","Defend_B","Defend_B","Defend_B","Defend_B","BettingIsNotGood+1","Cold Snap+1","Spreading Infection","Gash+1"],"relics":["Cracked Core","HushsDoor","BookOfRevelations","MerchantsRug","Ring of Panic","Ring of Fury","Cables","Golden Idol","Pen Nib"],"acts_visited":["Exordium"],"potions_floor_usage":[2,14],"damage_taken":[{"damage":7,"enemies":"Jaw Worm","floor":1,"turns":3},{"damage":10,"enemies":"Small Slimes","floor":7,"turns":3},{"damage":0,"enemies":"Cultist","floor":11,"turns":2},{"damage":15,"enemies":"2 Fungi Beasts","floor":13,"turns":3},{"damage":9,"enemies":"3 Louse","floor":14,"turns":3},{"damage":43,"enemies":"The Guardian","floor":16,"turns":6}],"seed_played":"-7142260506809361569","potions_obtained":[{"floor":1,"key":"EntropicBrew"},{"floor":7,"key":"Venom Potion"}],"is_trial":false,"path_per_floor":["M","$","?","?","T","R","M","?","T","R","M","R","M","M","R_BF","B"],"character_chosen":"DEFECT","items_purchased":["MerchantsRug"],"campfire_rested":0,"item_purchase_floors":[0],"current_hp_per_floor":[56,56,49,49,49,49,49,31,31,31,31,31,26,17,42,0,0],"gold":241,"neow_bonus":"","is_daily":false,"chose_seed":false,"campfire_upgraded":3,"win_rate":0.0,"timestamp":1611094825,"path_taken":["M","$","?","?","?","R","?","?","T","R","M","R","M","M","R_BF","BOSS"],"items_purchased_type":["Relic"],"build_version":"2020-12-22","purchased_purges":1,"victory":false,"max_hp_per_floor":[75,75,75,75,75,75,75,75,75,75,75,75,75,75,75,75,75],"card_choices":[{"not_picked":[],"picked":"BettingIsNotGood","floor":0},{"not_picked":["Turbo","Auto Shields"],"picked":"Cold Snap","floor":1},{"not_picked":["Turbo","Steam Power"],"picked":"Gash","floor":7},{"not_picked":["Tempest","Conserve Battery"],"picked":"Bomb","floor":11},{"not_picked":["Rip and Tear","Coolheaded","Sweeping Beam"],"picked":"SKIP","floor":13},{"not_picked":["ReplayTheSpireMod:GoodbyeWorld","Aggregate","ReplaySolidLightProjector"],"picked":"SKIP","floor":14}],"player_experience":655392,"relics_obtained":[{"floor":4,"key":"Ring of Panic"},{"floor":4,"key":"Ring of Fury"},{"floor":5,"key":"Cables"},{"floor":9,"key":"Pen Nib"}],"event_choices":[{"cards_removed":["Zap"],"damage_healed":0,"gold_gain":0,"player_choice":"Card Removal","damage_taken":7,"max_hp_gain":0,"max_hp_loss":0,"event_name":"Golden Wing","floor":3,"gold_loss":0},{"damage_healed":0,"gold_gain":0,"player_choice":"Take Damage","damage_taken":18,"relics_obtained":["Golden Idol"],"max_hp_gain":0,"max_hp_loss":0,"event_name":"Golden Idol","floor":8,"gold_loss":0},{"damage_healed":25,"gold_gain":0,"player_choice":"Banana","damage_taken":0,"max_hp_gain":0,"max_hp_loss":0,"event_name":"Big Fish","floor":15,"gold_loss":0}],"is_beta":false,"boss_relics":[],"items_purged_floors":[2],"is_endless":false,"potions_floor_spawned":[1,7],"killed_by":"The Guardian","ascension_level":10}}