{"host":"hfcva6mq15ctj0gu","time":1611091228,"event":{"mods":["Abigail Mod","AchievementEnabler","Act Like it!","Alarm Clock","BaseMod","Better Altar","Better Match","Better Skull","Better Third Choice","BetterRewards","CapriCore","Card Forge","Colored Map","Curses Come First","Disable Question Mark Monsters","Displayed Cursed Tome","Emptier Cage","FoggyMod","Friendly Minions","Gold Saver","Good Game Mod","Grow up Mod","Highlight Path","Kiyohime????","Kratos Character Expansion","Marisa????????","Minty Spire (QoL Compilation)","Permanent Neow","Poem Panic","Poor People Problems","Reimu??????","Remilia??????","Shade Mod","Shop Mod","StSLib","The Immortal","The Servant 0.9.4","The Vixen","Transform Curses","Virulent Crown","????"],"gold_per_floor":[1663,1663,1663,1350,1427,1460,977,1020,1020,1020,1020,1039,1039,805,654,758,767,793,495,515,515,538,568,843,868,868,868,868,906,711,747,15,128,128,157,157,157,186,204,107,49,76,76,14,14,41,41,75,6,6,6,6,46,73,73],"floor_reached":56,"language":"ENG","playtime":2430,"items_purged":[],"score":2006,"play_id":"e4a7e2d4-7664-4238-ac17-2fa7e3d30abf","local_time":"20210119222028","is_ascension_mode":false,"campfire_choices":[{"floor":13,"key":"RECALL"},{"floor":47,"key":"REST"}],"circlet_count":0,"master_deck":["KiyohimeMod:Track+1","KiyohimeMod:EatSoul+1","KratosMod:FullCounter+1","KiyohimeMod:RedBlackKey+1","KiyohimeMod:RedBlackKey+1","KiyohimeMod:BlueBlackKey+1","KiyohimeMod:GreenBlackKey+1","KiyohimeMod:Berserker+1","KiyohimeMod:RedBlackKey+1","KiyohimeMod:GreenBlackKey+1","KiyohimeMod:BlueBlackKey+1","KratosMod:FullCounter+1","KiyohimeMod:Barrier+1","Master of Strategy+1","KiyohimeMod:Barrier+1","KiyohimeMod:Berserker+1","KiyohimeMod:BlueBlackKey+1","KiyohimeMod:Berserker+1","KiyohimeMod:PrismaCosmos+1","KiyohimeMod:Barrier+1","KiyohimeMod:Berserker+1","Violence+1","KiyohimeMod:BlueBlackKey+1","KiyohimeMod:EatSoul+1","KiyohimeMod:GreenBlackKey+1","KiyohimeMod:MagicCrystal+1","KiyohimeMod:GreenBlackKey+1","KiyohimeMod:FragmentsOf2030+1","KiyohimeMod:GreenBlackKey+1","KiyohimeMod:FirstPremonition+1","Madness+1","Madness+1","Master of Strategy+1","Jack Of All Trades+1","Jack Of All Trades+1"],"relics":["KiyohimeMod:FireDragon","Hammer of Thor","Seething Fire","Anvil of the Gods","REME:ComplimentaryCards","MerchantsRug","Chemical X","Lizard Tail","TentaclePot:ReiMu","HornCleat","Torii","Membership Card","Bottled Flame","CeramicFish","Bottled Lightning","KiyohimeMod:HolyShroudOfMagdalene","Mummified Hand","Art of War","Lantern","Orichalcum","Omamori","ClockworkSouvenir","Happy Flower","Darkstone Periapt","Ornamental Fan","The Courier","Oddly Smooth Stone","Toxic Egg 2","Kunai","RuthlessExorcism:ReiMu","Bronze Scales","Mercury Hourglass","KratosMod:minohorn","Centennial Puzzle","Tea:ReiMu","Boot","KiyohimeMod:TerritoryCreation","Bag of Marbles","Blood Vial","Medical Kit","KiyohimeMod:UnlimitedPranaSupply","OrangePellets","Pen Nib","Bottled Tornado","Sling","Mastiff:ReiMu","Nunchaku","Nunchaku","Vajra","KiyohimeMod:ElixirOfRejuvenation","InkBottle"],"acts_visited":["Exordium","TheCity","TheBeyond","TheEnding"],"potions_floor_usage":[],"damage_taken":[{"damage":0,"enemies":"Cultist","floor":1,"turns":2},{"damage":9,"enemies":"3 Sentries","floor":6,"turns":5},{"damage":0,"enemies":"Lagavulin","floor":8,"turns":3},{"damage":0,"enemies":"2 Louse","floor":12,"turns":2},{"damage":0,"enemies":"Slime Boss","floor":16,"turns":3},{"damage":0,"enemies":"2 Thieves","floor":18,"turns":3},{"damage":0,"enemies":"3 Byrds","floor":20,"turns":4},{"damage":0,"enemies":"Snake Plant","floor":22,"turns":3},{"damage":12,"enemies":"Gremlin Leader","floor":23,"turns":4},{"damage":0,"enemies":"Sentry and Sphere","floor":25,"turns":3},{"damage":6,"enemies":"Book of Stabbing","floor":29,"turns":4},{"damage":21,"enemies":"Slavers","floor":31,"turns":3},{"damage":0,"enemies":"Automaton","floor":33,"turns":4},{"damage":7,"enemies":"3 Shapes","floor":35,"turns":1},{"damage":0,"enemies":"Orb Walker","floor":38,"turns":2},{"damage":0,"enemies":"Reptomancer","floor":48,"turns":3},{"damage":0,"enemies":"Donu and Deca","floor":50,"turns":4},{"damage":0,"enemies":"Shield and Spear","floor":54,"turns":2},{"damage":21,"enemies":"The Heart","floor":55,"turns":4}],"seed_played":"4670708639119175769","potions_obtained":[{"floor":16,"key":"Fire Potion"},{"floor":22,"key":"Block Potion"},{"floor":25,"key":"Block Potion"},{"floor":54,"key":"Fire Potion"}],"is_trial":false,"path_per_floor":["M","?","?","$","?","E","$","E","T","T","?","M","R","$","R","B",null,"M","$","M","?","M","E","?","M","T","?","T","E","$","E","R","B",null,"M","?","?","M","?","R","$","?","T","R","$","T","R","E","R","B",null,"R","$","E","B",null],"character_chosen":"Kiyohime","items_purchased":["MerchantsRug","KiyohimeMod:EatSoul","Chemical X","KratosMod:FullCounter","Whetstone","TentaclePot:ReiMu","HornCleat","KiyohimeMod:RedBlackKey","Torii","KiyohimeMod:RedBlackKey","Membership Card","KiyohimeMod:GreenBlackKey","Bottled Flame","KiyohimeMod:Berserker","KiyohimeMod:WaterTurn","KiyohimeMod:GreenBlackKey","KiyohimeMod:BlueBlackKey","KiyohimeMod:Berserker","CeramicFish","Bottled Lightning","DollysMirror","KiyohimeMod:Barrier","Master of Strategy","KiyohimeMod:Berserker","Orichalcum","Omamori","ClockworkSouvenir","KiyohimeMod:BlueBlackKey","KiyohimeMod:Berserker","Pantograph","Happy Flower","Darkstone Periapt","Violence","KiyohimeMod:LimitedZeroOver","Ornamental Fan","KiyohimeMod:MagicCrystal","Oddly Smooth Stone","Toxic Egg 2","Kunai","RuthlessExorcism:ReiMu","Bronze Scales","Eternal Feather","Mercury Hourglass","Lee\u0027s Waffle","KratosMod:minohorn","Centennial Puzzle","Tea:ReiMu","Potion Belt","Boot","KiyohimeMod:TerritoryCreation","Bag of Marbles","Blood Vial","Medical Kit","KiyohimeMod:UnlimitedPranaSupply","OrangePellets","Sling","Nunchaku","Nunchaku","Vajra","KiyohimeMod:ElixirOfRejuvenation"],"campfire_rested":1,"item_purchase_floors":[0,0,0,0,0,0,0,0,0,0,4,4,4,4,7,7,7,7,7,7,7,7,7,14,14,14,14,15,15,15,19,19,19,19,30,30,32,32,32,32,32,32,32,32,32,32,32,32,32,32,40,40,40,40,41,44,49,49,49,53],"current_hp_per_floor":[44,54,64,74,84,85,95,105,115,125,29,39,49,59,69,104,240,250,260,270,280,290,288,298,308,318,328,338,342,367,356,397,407,417,420,430,440,450,403,431,441,441,451,461,471,481,547,557,567,577,587,597,607,617,616],"gold":73,"neow_bonus":"","is_daily":false,"chose_seed":false,"campfire_upgraded":0,"win_rate":0.0,"timestamp":1611091228,"path_taken":["M","?","?","$","?","E","?","E","T","?","?","?","R","?","R","BOSS","M","$","?","?","?","E","?","?","T","?","?","E","?","E","R","BOSS","M","?","?","?","?","R","$","?","T","R","$","?","R","E","R","BOSS","R","$","E","BOSS"],"items_purchased_type":["Relic","Card","Relic","Card","Relic","Relic","Relic","Card","Relic","Card","Relic","Card","Relic","Card","Card","Card","Card","Card","Relic","Relic","Relic","Card","Card","Card","Relic","Relic","Relic","Card","Card","Relic","Relic","Relic","Card","Card","Relic","Card","Relic","Relic","Relic","Relic","Relic","Relic","Relic","Relic","Relic","Relic","Relic","Relic","Relic","Relic","Relic","Relic","Relic","Relic","Relic","Relic","Relic","Relic","Relic","Relic"],"build_version":"2020-12-22","purchased_purges":0,"victory":true,"max_hp_per_floor":[80,90,100,110,120,130,140,150,160,170,180,190,200,210,220,230,240,250,260,270,280,290,300,310,320,330,340,350,360,370,380,397,407,417,427,437,447,457,467,477,487,497,507,517,527,537,547,557,567,577,587,597,607,617,637],"card_choices":[{"not_picked":["KiyohimeMod:ExSpicyMapoTofu","KiyohimeMod:Preemptive"],"picked":"KiyohimeMod:BlueBlackKey","floor":1},{"not_picked":["KiyohimeMod:CelestialInvertedMoon","KiyohimeMod:SteelTraining"],"picked":"KiyohimeMod:RedBlackKey","floor":6},{"not_picked":["KiyohimeMod:CommandCard_Arts","KiyohimeMod:BlueBlackKey"],"picked":"KiyohimeMod:Barrier","floor":8},{"not_picked":["KiyohimeMod:SteelTraining","KiyohimeMod:Preemptive","KiyohimeMod:BeElegant"],"picked":"SKIP","floor":12},{"not_picked":["KiyohimeMod:CastleOfTheSun","KiyohimeMod:JeweledSword"],"picked":"KiyohimeMod:PrismaCosmos","floor":16},{"not_picked":["KiyohimeMod:EatSoul+1","KiyohimeMod:ExSpicyMapoTofu"],"picked":"KiyohimeMod:Berserker","floor":18},{"not_picked":["KiyohimeMod:AndSoTheShipConquers","KiyohimeMod:CommandCard_Quick","KiyohimeMod:LimitedZeroOver"],"picked":"SKIP","floor":20},{"not_picked":["KiyohimeMod:RedBlackKey","KiyohimeMod:Berserker"],"picked":"KiyohimeMod:BlueBlackKey","floor":22},{"not_picked":["KiyohimeMod:Preemptive+1","KiyohimeMod:Grimoire","KiyohimeMod:AndSoTheShipConquers"],"picked":"SKIP","floor":23},{"not_picked":["KiyohimeMod:SteelTraining","KiyohimeMod:WaterTurn"],"picked":"KiyohimeMod:EatSoul","floor":25},{"not_picked":["KiyohimeMod:FormalCraft","KiyohimeMod:Projection"],"picked":"KiyohimeMod:GreenBlackKey+1","floor":29},{"not_picked":["KiyohimeMod:EatSoul","KiyohimeMod:FacelessMoon"],"picked":"KiyohimeMod:GreenBlackKey","floor":31},{"not_picked":["KiyohimeMod:CastleOfTheSun","KiyohimeMod:GoldenCarpFigure+1"],"picked":"KiyohimeMod:FragmentsOf2030","floor":33},{"not_picked":["KiyohimeMod:ImaginaryAround","KiyohimeMod:FormalCraft"],"picked":"KiyohimeMod:GreenBlackKey","floor":35},{"not_picked":["KiyohimeMod:BeastOfBillows","KiyohimeMod:CelestialInvertedMoon+1"],"picked":"KiyohimeMod:FirstPremonition+1","floor":38},{"not_picked":["PanicButton+1","Dramatic Entrance"],"picked":"Master of Strategy+1","floor":42},{"not_picked":["Deep Breath+1","HandOfGreed"],"picked":"Jack Of All Trades+1","floor":42},{"not_picked":["Enlightenment+1","Bandage Up+1"],"picked":"Jack Of All Trades+1","floor":42},{"not_picked":["KiyohimeMod:Preemptive","KiyohimeMod:AndSoTheShipConquers+1","KiyohimeMod:SteelTraining+1"],"picked":"SKIP","floor":48},{"not_picked":["KiyohimeMod:EatSoul+1","KiyohimeMod:WaterTurn+1","KiyohimeMod:Preemptive"],"picked":"SKIP","floor":54}],"player_experience":122100,"relics_obtained":[{"floor":6,"key":"StoneCalendar"},{"floor":8,"key":"KiyohimeMod:HolyShroudOfMagdalene"},{"floor":9,"key":"Blue Candle"},{"floor":10,"key":"Mummified Hand"},{"floor":23,"key":"White Beast Statue"},{"floor":28,"key":"Matryoshka"},{"floor":29,"key":"MealTicket"},{"floor":31,"key":"The Courier"},{"floor":43,"key":"Pen Nib"},{"floor":43,"key":"Bottled Tornado"},{"floor":46,"key":"Mastiff:ReiMu"},{"floor":46,"key":"Smiling Mask"},{"floor":48,"key":"War Paint"},{"floor":54,"key":"InkBottle"}],"event_choices":[{"damage_healed":54,"gold_gain":0,"player_choice":"Leave","damage_taken":0,"max_hp_gain":0,"max_hp_loss":90,"event_name":"betterThird:BetterShining","floor":3,"gold_loss":0},{"damage_healed":0,"gold_gain":77,"player_choice":"Gained Gold","damage_taken":0,"max_hp_gain":0,"max_hp_loss":0,"event_name":"Golden Wing","floor":5,"gold_loss":0},{"damage_healed":0,"gold_gain":0,"player_choice":"RE RE RE ","damage_taken":112,"relics_obtained":["Art of War","ScarletDevilRocket","Lantern"],"max_hp_gain":0,"max_hp_loss":0,"event_name":"betterSkull:BetterSkull","floor":11,"gold_loss":0,"cards_upgraded":[]},{"damage_healed":0,"gold_gain":0,"player_choice":"Ignored","damage_taken":0,"max_hp_gain":0,"max_hp_loss":0,"event_name":"N\u0027loth","floor":21,"gold_loss":0},{"damage_healed":0,"gold_gain":275,"player_choice":"Desecrate","damage_taken":0,"max_hp_gain":0,"max_hp_loss":0,"event_name":"Golden Shrine","floor":24,"gold_loss":0,"cards_obtained":["Regret"]},{"damage_healed":0,"gold_gain":0,"player_choice":"Ignored","damage_taken":0,"max_hp_gain":0,"max_hp_loss":0,"event_name":"Ghosts","floor":27,"gold_loss":0},{"cards_removed":["KiyohimeMod:LimitedZeroOver"],"damage_healed":0,"gold_gain":0,"player_choice":"Removed Power","damage_taken":0,"max_hp_gain":0,"max_hp_loss":0,"event_name":"Falling","floor":36,"gold_loss":0},{"damage_healed":0,"gold_gain":0,"player_choice":"Bought 0 Potions","damage_taken":0,"max_hp_gain":0,"max_hp_loss":0,"event_name":"The Woman in Blue","floor":37,"gold_loss":0},{"damage_healed":0,"gold_gain":0,"player_choice":"Embrace Madness","damage_taken":57,"max_hp_gain":0,"max_hp_loss":0,"event_name":"Winding Halls","floor":39,"gold_loss":0,"cards_obtained":["Madness","Madness"]},{"damage_healed":0,"gold_gain":0,"player_choice":"Memory 3","damage_taken":10,"max_hp_gain":0,"max_hp_loss":0,"event_name":"SensoryStone","floor":42,"gold_loss":0}],"is_beta":false,"boss_relics":[{"not_picked":["SlaversCollar","Snecko Eye"],"picked":"PoemPanic:PoemPanicRelic"},{"not_picked":["Cursed Key","Velvet Choker"],"picked":"Sozu"}],"items_purged_floors":[],"is_endless":false,"potions_floor_spawned":[16,22,25,29,31,35,38,54],"ascension_level":0}}