{"host":"9jj9tzo2iym4bpat","time":1611100177,"event":{"mods":["Act Like it!","BaseMod","CapriCore","Colored Map","Dark Map","Luminous","Minty Spire (QoL Compilation)","Permanent Neow","StSLib","Td1madao Mod","The Animator","The Immortal","The Marked","The Servant 0.9.4","Yakumo Yukari mod"],"gold_per_floor":[215,215,234,106,106,106,143,143,194,194,194,204,232,206,206,309,336,355,375,375,395,69,69,69,98,98,98,26,51,51,65,65,65,65],"floor_reached":33,"language":"ENG","playtime":972,"items_purged":[],"score":294,"play_id":"33426ff6-11be-4a14-811c-7db955572d41","local_time":"20210119174937","is_ascension_mode":true,"campfire_choices":[{"floor":6,"key":"REST"},{"floor":8,"key":"REST"},{"data":"Accuracy","floor":10,"key":"SMITH"},{"floor":15,"key":"REST"},{"floor":23,"key":"REST"},{"floor":27,"key":"REST"},{"floor":32,"key":"REST"}],"circlet_count":0,"master_deck":["Strike_G","Strike_G","Strike_G","Defend_G","Defend_G","Defend_G","Defend_G","Survivor","Neutralize","Dagger Spray+1","Slice","Accuracy+1","Slice","Infinite Blades","Infinite Blades","Flying Knee+1","Eviscerate+1","Concentrate+1","Leg Sweep","Backstab","Footwork","Infinite Blades","A Thousand Cuts"],"relics":["Ring of the Snake","CeramicFish","CaptainsWheel","Whetstone","Astrolabe","Bag of Preparation","Sling","PreservedInsect","Singing Bowl"],"acts_visited":["Exordium","TheCity"],"potions_floor_usage":[7,16,29,31,33],"damage_taken":[{"damage":0,"enemies":"2 Louse","floor":1,"turns":3},{"damage":0,"enemies":"Jaw Worm","floor":3,"turns":4},{"damage":13,"enemies":"Gremlin Nob","floor":7,"turns":4},{"damage":10,"enemies":"Small Slimes","floor":12,"turns":3},{"damage":1,"enemies":"Exordium Thugs","floor":13,"turns":4},{"damage":15,"enemies":"Slime Boss","floor":16,"turns":9},{"damage":6,"enemies":"3 Byrds","floor":18,"turns":5},{"damage":30,"enemies":"Chosen","floor":19,"turns":5},{"damage":13,"enemies":"Snecko","floor":21,"turns":5},{"damage":17,"enemies":"Centurion and Healer","floor":25,"turns":6},{"damage":8,"enemies":"Snake Plant","floor":29,"turns":6},{"damage":7,"enemies":"Snecko","floor":31,"turns":4},{"damage":60,"enemies":"Automaton","floor":33,"turns":6}],"seed_played":"-7611565923282937899","potions_obtained":[{"floor":3,"key":"CunningPotion"},{"floor":13,"key":"Poison Potion"},{"floor":16,"key":"BlessingOfTheForge"},{"floor":21,"key":"FearPotion"},{"floor":25,"key":"Regen Potion"},{"floor":29,"key":"EssenceOfSteel"}],"is_trial":false,"path_per_floor":["M","?","M","$","?","R","E","R","T","R","?","M","M","?","R","B",null,"M","M","?","M","$","R","?","M","T","R","$","M","?","M","R","B"],"character_chosen":"THE_SILENT","items_purchased":["Accuracy","Slice","Footwork","Bag of Preparation","Sling","DistilledChaos"],"campfire_rested":6,"item_purchase_floors":[4,4,22,22,22,28],"current_hp_per_floor":[70,70,70,70,58,70,57,70,70,70,70,60,59,59,70,55,70,64,34,21,8,8,30,30,13,13,35,35,27,27,34,57,0,0],"gold":65,"neow_bonus":"HUNDRED_GOLD","is_daily":false,"chose_seed":false,"campfire_upgraded":1,"win_rate":0.0,"timestamp":1611100177,"path_taken":["M","?","M","$","?","R","E","R","T","R","?","M","?","?","R","BOSS","M","M","?","M","$","R","?","?","T","R","$","M","?","M","R","BOSS"],"items_purchased_type":["Card","Card","Card","Relic","Relic","Potion"],"build_version":"2020-12-22","purchased_purges":0,"victory":false,"max_hp_per_floor":[70,70,70,70,70,70,70,70,70,70,70,70,70,70,70,70,70,70,70,75,75,75,75,75,75,75,75,75,75,75,77,77,77,77],"card_choices":[{"not_picked":["Dagger Throw","Well Laid Plans"],"picked":"Dagger Spray","floor":1},{"not_picked":["Flying Knee","Deflect"],"picked":"Slice","floor":3},{"not_picked":["Tactician","Sucker Punch"],"picked":"Infinite Blades","floor":7},{"not_picked":["Bane","Poisoned Stab","Flying Knee"],"picked":"SKIP","floor":12},{"not_picked":["Bane","Masterful Stab"],"picked":"Infinite Blades","floor":13},{"not_picked":["Crippling Poison","Backflip+1","Dagger Spray"],"picked":"SKIP","floor":18},{"not_picked":["Quick Slash","Bouncing Flask"],"picked":"Leg Sweep","floor":19},{"not_picked":["Distraction","Quick Slash"],"picked":"Backstab","floor":21},{"not_picked":["Bane","Dagger Spray+1"],"picked":"Infinite Blades","floor":25},{"not_picked":["Quick Slash+1","Dodge and Roll"],"picked":"A Thousand Cuts","floor":29},{"not_picked":["Flying Knee","Underhanded Strike+1","Predator"],"picked":"Singing Bowl","floor":31}],"player_experience":291576,"relics_obtained":[{"floor":7,"key":"CaptainsWheel"},{"floor":9,"key":"Whetstone"},{"floor":26,"key":"Singing Bowl"}],"event_choices":[{"damage_healed":0,"gold_gain":0,"player_choice":"Leave","damage_taken":0,"max_hp_gain":0,"max_hp_loss":0,"event_name":"The Cleric","floor":2,"gold_loss":0},{"damage_healed":0,"gold_gain":0,"player_choice":"Success","damage_taken":12,"relics_obtained":["CeramicFish"],"max_hp_gain":0,"max_hp_loss":0,"event_name":"Scrap Ooze","floor":5,"gold_loss":0},{"damage_healed":0,"gold_gain":0,"player_choice":"Ignored","damage_taken":0,"max_hp_gain":0,"max_hp_loss":0,"event_name":"Golden Idol","floor":11,"gold_loss":0},{"damage_healed":0,"gold_gain":0,"player_choice":"Left Gold","damage_taken":0,"max_hp_gain":0,"max_hp_loss":0,"event_name":"World of Goop","floor":14,"gold_loss":26},{"damage_healed":0,"gold_gain":0,"player_choice":"Shed Blood","damage_taken":18,"max_hp_gain":5,"max_hp_loss":0,"event_name":"Forgotten Altar","floor":20,"gold_loss":0},{"damage_healed":0,"gold_gain":0,"player_choice":"Gave Potion","damage_taken":0,"relics_obtained":["PreservedInsect"],"max_hp_gain":0,"max_hp_loss":0,"event_name":"WeMeetAgain","floor":24,"gold_loss":0},{"damage_healed":0,"gold_gain":0,"player_choice":"Ignored","damage_taken":0,"max_hp_gain":0,"max_hp_loss":0,"event_name":"Ghosts","floor":30,"gold_loss":0}],"is_beta":false,"boss_relics":[{"not_picked":["Snecko Eye","Coffee Dripper"],"picked":"Astrolabe"}],"items_purged_floors":[],"is_endless":false,"potions_floor_spawned":[3,13,16,21,25,29],"killed_by":"Automaton","ascension_level":4}}