{"host":"a03nuch2hxtfs9ti","time":1611022451,"event":{"mods":["BaseMod","Custom Start","Marisa£®ÏF”Í°°ƒß¿Ì…≥£©","Minty Spire (QoL Compilation)","Replay The Spire","StSLib","Td1madao Mod","The Servant 0.9.4"],"gold_per_floor":[117,117,130,148,148,182,198,198,198],"floor_reached":8,"language":"ZHS","playtime":526,"items_purged":[],"score":61,"play_id":"639d21eb-d5db-49b7-b47c-d5cbd86eaf28","local_time":"20210119101411","is_ascension_mode":true,"campfire_choices":[],"circlet_count":0,"master_deck":["Strike_B","Strike_B","Strike_B","Strike_B","Defend_B","Defend_B","Defend_B","Defend_B","Zap","Dualcast","Time Bomb+1","Blizzard","Defragment","Loop","Turbo"],"relics":["Cracked Core","Dead Branch","Pantograph","Orichalcum"],"acts_visited":["Exordium"],"potions_floor_usage":[6,7],"damage_taken":[{"damage":2,"enemies":"2 Louse","floor":1,"turns":3},{"damage":1,"enemies":"Cultist","floor":3,"turns":3},{"damage":3,"enemies":"Jaw Worm","floor":4,"turns":4},{"damage":17,"enemies":"Replay:BlueRogue","floor":6,"turns":10},{"damage":6,"enemies":"Large Slime","floor":7,"turns":4},{"damage":28,"enemies":"Lagavulin","floor":8,"turns":6}],"seed_played":"-5305643232391032642","potions_obtained":[{"floor":1,"key":"Block Potion"},{"floor":6,"key":"PowerPotion"}],"is_trial":false,"path_per_floor":["M","?","M","M","T","E","M","E"],"character_chosen":"DEFECT","items_purchased":[],"campfire_rested":0,"item_purchase_floors":[],"current_hp_per_floor":[52,52,51,48,48,31,25,0,0],"gold":198,"neow_bonus":"ONE_RARE_RELIC","is_daily":false,"chose_seed":false,"campfire_upgraded":0,"win_rate":0.0,"timestamp":1611022451,"path_taken":["M","?","?","M","?","E","M","E"],"items_purchased_type":[],"build_version":"2020-12-22","purchased_purges":0,"victory":false,"max_hp_per_floor":[75,75,75,75,75,75,75,75,75],"card_choices":[{"not_picked":["Barrage","Cold Snap"],"picked":"Time Bomb","floor":1},{"not_picked":["Streamline","Rebound"],"picked":"Blizzard","floor":3},{"not_picked":["ReplayTheSpireMod:Repulse","Turbo"],"picked":"Defragment","floor":4},{"not_picked":["Static Discharge","Scrape"],"picked":"Loop","floor":6},{"not_picked":["Barrage","Static Discharge"],"picked":"Turbo","floor":7}],"player_experience":277678,"relics_obtained":[{"floor":5,"key":"Pantograph"},{"floor":6,"key":"Orichalcum"}],"event_choices":[{"damage_healed":0,"gold_gain":0,"player_choice":"Forge","damage_taken":0,"max_hp_gain":0,"max_hp_loss":0,"event_name":"Accursed Blacksmith","floor":2,"gold_loss":0,"cards_upgraded":["Time Bomb"]}],"is_beta":false,"boss_relics":[],"items_purged_floors":[],"is_endless":false,"potions_floor_spawned":[1,6],"killed_by":"Lagavulin","ascension_level":1}}