{"host":"uv231blk40vjdojr","time":1611063018,"event":{"mods":["AchievementEnabler","BaseMod","Bestiary","Minty Spire (QoL Compilation)","Relic Stats"],"gold_per_floor":[109,109,120,13,13,13,43,74,74,74,74,32,60,71,71,148,148,148,148,148,148],"floor_reached":20,"language":"ENG","playtime":609,"items_purged":[],"score":360,"play_id":"4005355d-39c8-4e7e-ac82-9df23968ef25","local_time":"20210119143018","is_ascension_mode":true,"campfire_choices":[{"data":"Darkness","floor":6,"key":"SMITH"},{"data":"Static Discharge","floor":10,"key":"SMITH"},{"data":"Leap","floor":15,"key":"SMITH"}],"circlet_count":0,"master_deck":["AscendersBane","Strike_B","Strike_B","Strike_B","Defend_B","Defend_B","Defend_B","Defend_B","Zap","Dualcast","Darkness+1","Static Discharge+1","Compile Driver","Leap+1","Conserve Battery","Melter","Doom and Gloom","Fission","Leap"],"relics":["Cracked Core","NeowsBlessing","Odd Mushroom","Lantern","Blood Vial","Oddly Smooth Stone","Ectoplasm"],"acts_visited":["Exordium","TheCity"],"potions_floor_usage":[8,8],"damage_taken":[{"damage":0,"enemies":"Jaw Worm","floor":1,"turns":1},{"damage":0,"enemies":"Cultist","floor":3,"turns":1},{"damage":0,"enemies":"The Mushroom Lair","floor":7,"turns":1},{"damage":14,"enemies":"3 Sentries","floor":8,"turns":5},{"damage":19,"enemies":"Lagavulin","floor":13,"turns":4},{"damage":1,"enemies":"2 Louse","floor":14,"turns":3},{"damage":26,"enemies":"The Guardian","floor":16,"turns":9},{"damage":22,"enemies":"Shell Parasite","floor":18,"turns":5},{"damage":12,"enemies":"Chosen","floor":19,"turns":3},{"damage":34,"enemies":"Snake Plant","floor":20,"turns":3}],"seed_played":"-6793148801064405539","potions_obtained":[{"floor":1,"key":"DuplicationPotion"},{"floor":3,"key":"Block Potion"},{"floor":16,"key":"DuplicationPotion"}],"is_trial":false,"path_per_floor":["M","?","M","$","$","R","?","E","T","R","$","$","E","M","R","B",null,"M","M","M"],"character_chosen":"DEFECT","items_purchased":["Static Discharge","Compile Driver","Melter"],"campfire_rested":0,"item_purchase_floors":[4,4,12],"current_hp_per_floor":[64,64,64,64,64,64,64,50,50,50,50,50,33,34,34,10,56,36,26,0,0],"gold":148,"neow_bonus":"THREE_ENEMY_KILL","is_daily":false,"chose_seed":false,"campfire_upgraded":3,"win_rate":0.0,"timestamp":1611063018,"path_taken":["M","?","M","?","$","R","?","E","T","R","?","$","E","M","R","BOSS","M","M","M"],"items_purchased_type":["Card","Card","Card"],"build_version":"2020-12-22","purchased_purges":0,"victory":false,"max_hp_per_floor":[71,71,71,71,71,71,71,71,71,71,71,71,71,71,71,71,71,71,71,71,71],"relic_stats":{"Blood Vial":12,"counters":[10,35],"Ectoplasm":25,"obtain_stats":[{"Blood Vial":9,"Lantern":8,"NeowsBlessing":0,"Oddly Smooth Stone":13,"Ectoplasm":17,"Odd Mushroom":7,"Cracked Core":0},{"Blood Vial":4,"Lantern":4,"NeowsBlessing":0,"Oddly Smooth Stone":5,"Ectoplasm":7,"Odd Mushroom":3,"Cracked Core":0},{"Blood Vial":8,"Lantern":8,"NeowsBlessing":0,"Oddly Smooth Stone":12,"Ectoplasm":24,"Odd Mushroom":3,"Cracked Core":0}]},"card_choices":[{"not_picked":["Lockon","Compile Driver"],"picked":"Darkness","floor":1},{"not_picked":["Redo","Turbo","Hologram"],"picked":"SKIP","floor":3},{"not_picked":["Gash","Barrage"],"picked":"Leap","floor":7},{"not_picked":["Sunder","Turbo"],"picked":"Conserve Battery","floor":8},{"not_picked":["Go for the Eyes","All For One"],"picked":"Doom and Gloom","floor":13},{"not_picked":["Sweeping Beam","Turbo","Beam Cell"],"picked":"SKIP","floor":14},{"not_picked":["Creative AI","Core Surge"],"picked":"Fission","floor":16},{"not_picked":["Streamline","Rebound+1","Storm"],"picked":"SKIP","floor":18},{"not_picked":["Darkness","Stack"],"picked":"Leap","floor":19}],"player_experience":703934,"relics_obtained":[{"floor":7,"key":"Odd Mushroom"},{"floor":8,"key":"Lantern"},{"floor":9,"key":"Blood Vial"},{"floor":13,"key":"Oddly Smooth Stone"}],"event_choices":[{"cards_removed":["Strike_B"],"damage_healed":0,"gold_gain":0,"player_choice":"Offered Basic","damage_taken":0,"max_hp_gain":0,"max_hp_loss":0,"event_name":"Bonfire Elementals","floor":2,"gold_loss":0},{"damage_healed":0,"gold_gain":0,"player_choice":"Fought Mushrooms","damage_taken":0,"max_hp_gain":0,"max_hp_loss":0,"event_name":"Mushrooms","floor":7,"gold_loss":0}],"is_beta":false,"boss_relics":[{"not_picked":["Calling Bell","Busted Crown"],"picked":"Ectoplasm"}],"items_purged_floors":[],"is_endless":false,"potions_floor_spawned":[1,3,16],"killed_by":"Snake Plant","ascension_level":20}}