{"host":"ef3ybc9bdsabvdps","time":1611088599,"event":{"mods":["BaseMod","Minty Spire (QoL Compilation)"],"gold_per_floor":[113,129,141,216,216,216,236,236,236,248,248,273,284,311,311,409,409,427,208,208,123,139,139,151,151,204,236,96,96,96,115,115,115,115],"floor_reached":33,"language":"KOR","playtime":1023,"items_purged":["Defend_P","Defend_P"],"score":314,"play_id":"3af8ad1b-6a9a-4e96-9812-358c8774de12","local_time":"20210120053639","is_ascension_mode":true,"campfire_choices":[{"data":"Eruption","floor":6.0,"key":"SMITH"},{"floor":8.0,"key":"REST"},{"data":"BowlingBash","floor":15,"key":"SMITH"},{"data":"Bite","floor":23,"key":"SMITH"},{"data":"Bite","floor":25,"key":"SMITH"},{"data":"Adaptation","floor":29,"key":"SMITH"},{"data":"Bite","floor":32,"key":"PURGE"}],"circlet_count":0,"master_deck":["Defend_P+1","Eruption+1","Vigilance","BowlingBash+1","EmptyFist","FlurryOfBlows","EmptyBody","Consecrate","Bite+1","Bite+1","Bite","Bite","InnerPeace+1","Adaptation+1"],"relics":["Busted Crown","Bag of Marbles","Meat on the Bone","GoldenEye","Empty Cage","Damaru","Turnip","War Paint","Peace Pipe"],"acts_visited":["Exordium","TheCity"],"potions_floor_usage":[],"damage_taken":[{"damage":0.0,"enemies":"Cultist","floor":1.0,"turns":3.0},{"damage":0.0,"enemies":"Jaw Worm","floor":2.0,"turns":4.0},{"damage":11.0,"enemies":"Small Slimes","floor":3.0,"turns":2.0},{"damage":9.0,"enemies":"Exordium Thugs","floor":7.0,"turns":5.0},{"damage":2.0,"enemies":"Looter","floor":10.0,"turns":3.0},{"damage":4.0,"enemies":"3 Sentries","floor":12.0,"turns":7.0},{"damage":0,"enemies":"Exordium Wildlife","floor":13,"turns":3},{"damage":7,"enemies":"Lagavulin","floor":14,"turns":7},{"damage":53,"enemies":"Hexaghost","floor":16,"turns":14},{"damage":7,"enemies":"3 Byrds","floor":18,"turns":5},{"damage":15,"enemies":"Chosen","floor":22,"turns":2},{"damage":18,"enemies":"Centurion and Healer","floor":24,"turns":4},{"damage":14,"enemies":"Slavers","floor":27,"turns":3},{"damage":10,"enemies":"Chosen and Byrds","floor":31,"turns":3},{"damage":75,"enemies":"Collector","floor":33,"turns":6}],"seed_played":"-2135091769007235905","potions_obtained":[{"floor":3.0,"key":"Ancient Potion"},{"floor":14,"key":"SpeedPotion"},{"floor":22,"key":"Block Potion"},{"floor":31,"key":"SmokeBomb"}],"is_trial":false,"path_per_floor":["M","M","M","?","?","R","M","R","T","M","?","E","M","E","R","B",null,"M","$","?","?","M","R","M","R","T","E","$","R","$","M","R","B"],"character_chosen":"WATCHER","items_purchased":["Damaru","Adaptation"],"campfire_rested":1,"item_purchase_floors":[19,28],"current_hp_per_floor":[72,72,61,50,50,50,41,62,62,60,65,61,61,54,54,13,77,70,70,53,53,42,42,40,40,40,38,38,38,38,40,40,0,0],"gold":115,"neow_bonus":"BOSS_RELIC","is_daily":false,"chose_seed":false,"campfire_upgraded":5,"win_rate":0.0,"timestamp":1611088599,"path_taken":["M","?","M","?","?","R","M","R","T","M","?","E","M","E","R","BOSS","M","$","?","?","M","R","M","R","T","E","$","R","?","M","R","BOSS"],"items_purchased_type":["Relic","Card"],"build_version":"2020-12-22","purchased_purges":2,"victory":false,"max_hp_per_floor":[72,72,72,72,72,72,72,72,72,72,77,77,77,77,77,77,77,77,77,53,53,53,53,53,53,53,53,53,53,53,53,53,53,53],"card_choices":[{"not_picked":[],"picked":"BowlingBash","floor":1.0},{"not_picked":["Protect"],"picked":"SKIP","floor":2.0},{"not_picked":[],"picked":"EmptyFist","floor":3.0},{"not_picked":[],"picked":"FlurryOfBlows","floor":7.0},{"not_picked":[],"picked":"EmptyBody","floor":10.0},{"not_picked":[],"picked":"Consecrate","floor":12.0},{"not_picked":["FlyingSleeves"],"picked":"SKIP","floor":13},{"not_picked":["SignatureMove"],"picked":"SKIP","floor":14},{"not_picked":["Wireheading+1"],"picked":"SKIP","floor":18},{"not_picked":[],"picked":"InnerPeace","floor":22},{"not_picked":["ClearTheMind"],"picked":"SKIP","floor":24},{"not_picked":["Evaluate"],"picked":"SKIP","floor":27},{"not_picked":["SashWhip"],"picked":"SKIP","floor":31}],"player_experience":312744,"relics_obtained":[{"floor":9.0,"key":"Bag of Marbles"},{"floor":12.0,"key":"Meat on the Bone"},{"floor":14,"key":"GoldenEye"},{"floor":26,"key":"War Paint"},{"floor":27,"key":"Peace Pipe"}],"event_choices":[{"damage_healed":0.0,"max_hp_gain":0.0,"max_hp_loss":0.0,"gold_gain":75.0,"event_name":"World of Goop","player_choice":"Gather Gold","floor":4.0,"gold_loss":0.0,"damage_taken":11.0},{"cards_removed":["Strike_P"],"damage_healed":0.0,"max_hp_gain":0.0,"max_hp_loss":0.0,"gold_gain":0.0,"event_name":"Living Wall","player_choice":"Forget","floor":5.0,"gold_loss":0.0,"damage_taken":0.0},{"damage_healed":0.0,"max_hp_gain":5.0,"max_hp_loss":0.0,"gold_gain":0.0,"event_name":"Big Fish","player_choice":"Donut","floor":11.0,"gold_loss":0.0,"damage_taken":0.0},{"damage_healed":0,"gold_gain":0,"player_choice":"Became a vampire","damage_taken":0,"max_hp_gain":0,"max_hp_loss":24,"event_name":"Vampires","floor":20,"gold_loss":0,"cards_obtained":["Bite","Bite","Bite","Bite","Bite"]},{"damage_healed":0,"gold_gain":0,"player_choice":"Obtained Relic","damage_taken":0,"relics_obtained":["Turnip"],"max_hp_gain":0,"max_hp_loss":0,"event_name":"Addict","floor":21,"gold_loss":85}],"is_beta":false,"boss_relics":[{"not_picked":["Snecko Eye","Cursed Key"],"picked":"Empty Cage"}],"items_purged_floors":[19,28],"is_endless":false,"potions_floor_spawned":[3,14,22,31],"killed_by":"Collector","ascension_level":1}}