{"host":"a1eatafr7pisesky","time":1611072864,"event":{"mods":["AchievementEnabler","BaseMod","Colored Map","Keyboard Shortcuts","Minty Spire (QoL Compilation)","Replay The Spire","Say the Spire","StSLib","SuperFastMode","everything is the same but u backflip on backflip"],"gold_per_floor":[118,118,320,116,216,245,245,276,299,318,349,349,364,119,119,224,224,242,88,108,108,108,108,141,141,141,152,167,177,177,177,177,211,211,315,315,335,40,262,262,275,275,289,289,289,314,325,341,359,239,239,239,239],"floor_reached":52,"language":"KOR","playtime":1887,"items_purged":["Defend_P","Voices","Strike_P","Defend_P"],"score":957,"play_id":"ee1862d1-82f2-44c6-9ace-686e770ae437","local_time":"20210120011424","is_ascension_mode":true,"campfire_choices":[{"data":"Eruption","floor":7.0,"key":"SMITH"},{"data":"FlurryOfBlows","floor":12.0,"key":"SMITH"},{"data":"MentalFortress","floor":15.0,"key":"SMITH"},{"data":"Adaptation","floor":23,"key":"SMITH"},{"floor":30,"key":"DIG"},{"data":"Scrawl","floor":42,"key":"SMITH"},{"data":"Adaptation","floor":44,"key":"SMITH"},{"floor":51,"key":"RECALL"}],"circlet_count":0,"master_deck":["Strike_P","Strike_P","Strike_P","Eruption+1","Vigilance","CrushJoints","Indignation","Tantrum","Meditate+1","FlurryOfBlows+1","SpiritShield","FearNoEvil","MentalFortress+1","FlurryOfBlows","MentalFortress+1","Adaptation+1","Adaptation+1","Omniscience","Replay:AtTheReady","Scrawl+1"],"relics":["HolyWater","NeowsBlessing","Pen Nib","The Courier","MealTicket","Replay:Bottled Snecko","ReplayTheSpireMod:CursedCoin","Lantern","Bag of Preparation","Empty Cage","MutagenicStrength","Onion Ring","Shovel","Bag of Marbles","Red Mask","Garlic","Replay:Bottled Flurry","Centennial Puzzle"],"acts_visited":["Exordium","TheCity","TheBeyond"],"potions_floor_usage":[],"damage_taken":[{"damage":0.0,"enemies":"2 Louse","floor":1.0,"turns":1.0},{"damage":0.0,"enemies":"3 Sentries","floor":6.0,"turns":2.0},{"damage":0.0,"enemies":"Lagavulin","floor":8.0,"turns":1.0},{"damage":0.0,"enemies":"Jaw Worm","floor":10.0,"turns":1.0},{"damage":12.0,"enemies":"3 Sentries","floor":11.0,"turns":4.0},{"damage":0.0,"enemies":"Cultist","floor":13.0,"turns":3.0},{"damage":25.0,"enemies":"Hexaghost","floor":16.0,"turns":4.0},{"damage":12.0,"enemies":"Chosen","floor":18.0,"turns":2.0},{"damage":0,"enemies":"3 Byrds","floor":20,"turns":4},{"damage":13,"enemies":"Replay:Snechameleon","floor":24,"turns":4},{"damage":0,"enemies":"Snecko","floor":27,"turns":1},{"damage":0,"enemies":"Shelled Parasite and Fungi","floor":28,"turns":2},{"damage":0,"enemies":"3 Cultists","floor":29,"turns":3},{"damage":0,"enemies":"Masked Bandits","floor":33,"turns":1},{"damage":0,"enemies":"Collector","floor":35,"turns":1},{"damage":0,"enemies":"Orb Walker","floor":37,"turns":1},{"damage":0,"enemies":"3 Darklings","floor":41,"turns":1},{"damage":35,"enemies":"Sphere and 2 Shapes","floor":43,"turns":6},{"damage":0,"enemies":"Giant Head","floor":46,"turns":2},{"damage":4,"enemies":"Maw","floor":47,"turns":4},{"damage":0,"enemies":"Spire Growth","floor":48,"turns":1},{"damage":4,"enemies":"Jaw Worm Horde","floor":49,"turns":3},{"damage":55,"enemies":"Awakened One","floor":52,"turns":7}],"seed_played":"-3672534396348275626","potions_obtained":[{"floor":11.0,"key":"SteroidPotion"},{"floor":13.0,"key":"Ambrosia"},{"floor":16.0,"key":"Regen Potion"},{"floor":29,"key":"LiquidMemories"},{"floor":37,"key":"Adrenaline Potion"}],"is_trial":false,"path_per_floor":["M","?","?","$","?","E","R","E","T","M","E","R","M","$","R","B",null,"M","$","M","?","?","R","E","?","T","M","M","M","R","PTL","PTL","?","R_BF","B",null,"M","$","?","?","M","R","M","R","T","E","M","M","M","$","R","B"],"character_chosen":"WATCHER","items_purchased":["Tantrum","Meditate+1","MentalFortress","ReplayTheSpireMod:CursedCoin","Lantern","Bag of Preparation","MentalFortress+1","Adaptation","Adaptation","Replay:Bottled Flurry"],"campfire_rested":0,"item_purchase_floors":[4,4,14,14,14,14,19,19,19,38],"current_hp_per_floor":[65,70,51,51,51,51,51,51,51,51,39,39,39,54,54,29,65,53,68,68,68,54,54,41,41,41,41,41,41,41,41,41,41,41,41,72,72,82,82,82,82,82,47,47,47,47,43,43,39,54,54,0,0],"gold":239,"neow_bonus":"THREE_ENEMY_KILL","is_daily":false,"chose_seed":false,"campfire_upgraded":6,"win_rate":0.0,"timestamp":1611072864,"path_taken":["M","?","?","$","?","E","R","E","T","?","E","R","M","?","R","BOSS","M","$","M","?","?","R","E","?","T","?","M","M","R","PTL","PTL","?","R_BF","BOSS","M","$","?","?","M","R","M","R","T","E","M","M","M","$","R","BOSS"],"items_purchased_type":["Card","Card","Card","Relic","Relic","Relic","Card","Card","Card","Relic"],"build_version":"2020-12-22","purchased_purges":4,"victory":false,"max_hp_per_floor":[72,77,77,77,77,77,77,77,77,77,77,77,77,77,77,77,77,77,77,77,77,82,82,82,82,82,82,82,82,82,82,82,82,82,82,82,82,82,82,82,82,82,82,82,82,82,82,82,82,82,82,82,82],"card_choices":[{"not_picked":["ClearTheMind","Wireheading"],"picked":"CrushJoints","floor":1.0},{"not_picked":["WindmillStrike","FlyingSleeves"],"picked":"Indignation","floor":3.0},{"not_picked":["Halt","Consecrate"],"picked":"FlurryOfBlows","floor":6.0},{"not_picked":["WaveOfTheHand","Pray","CutThroughFate"],"picked":"SKIP","floor":8.0},{"not_picked":["SignatureMove","CutThroughFate"],"picked":"SpiritShield","floor":10.0},{"not_picked":["EmptyFist","Replay:ManipulateFuture"],"picked":"FearNoEvil","floor":11.0},{"not_picked":["Prostrate","Protect","FlyingSleeves"],"picked":"SKIP","floor":13.0},{"not_picked":["BowlingBash","Halt"],"picked":"FlurryOfBlows","floor":18.0},{"not_picked":["SashWhip","Nirvana","ThirdEye"],"picked":"SKIP","floor":20},{"not_picked":["Prostrate","ThirdEye","JustLucky"],"picked":"SKIP","floor":24},{"not_picked":["EmptyFist","ClearTheMind+1","Consecrate"],"picked":"SKIP","floor":27},{"not_picked":["ThirdEye","Replay:DivineShield","CrushJoints"],"picked":"SKIP","floor":28},{"not_picked":["EmptyBody","TalkToTheHand"],"picked":"Omniscience","floor":29},{"not_picked":["CutThroughFate","Evaluate"],"picked":"Replay:AtTheReady","floor":33},{"not_picked":["MasterReality","SpiritShield"],"picked":"Scrawl","floor":35},{"not_picked":["JustLucky","Pray","CutThroughFate+1"],"picked":"SKIP","floor":37},{"not_picked":["Evaluate","WindmillStrike+1","Sanctity+1"],"picked":"SKIP","floor":41},{"not_picked":["Replay:Anticipation+1","WheelKick+1","BowlingBash"],"picked":"SKIP","floor":43},{"not_picked":["Adaptation","Replay:BluntJabs+1","Blasphemy"],"picked":"SKIP","floor":46},{"not_picked":["BowlingBash+1","ClearTheMind+1","Collect+1"],"picked":"SKIP","floor":47},{"not_picked":["Replay:ManipulateFuture","Replay:AtTheReady+1","EmptyBody+1"],"picked":"SKIP","floor":48},{"not_picked":["EmptyBody+1","Replay:Vibes+1","CarveReality"],"picked":"SKIP","floor":49}],"player_experience":327292,"relics_obtained":[{"floor":6.0,"key":"Pen Nib"},{"floor":8.0,"key":"The Courier"},{"floor":9.0,"key":"MealTicket"},{"floor":11.0,"key":"Replay:Bottled Snecko"},{"floor":24,"key":"Onion Ring"},{"floor":26,"key":"Shovel"},{"floor":30,"key":"Bag of Marbles"},{"floor":33,"key":"Red Mask"},{"floor":46,"key":"Centennial Puzzle"}],"event_choices":[{"damage_healed":0.0,"max_hp_gain":5.0,"max_hp_loss":0.0,"gold_gain":0.0,"event_name":"Big Fish","player_choice":"Donut","floor":2.0,"gold_loss":0.0,"damage_taken":0.0},{"damage_healed":0.0,"max_hp_gain":0.0,"max_hp_loss":0.0,"gold_gain":100.0,"event_name":"Golden Shrine","player_choice":"Pray","floor":5.0,"gold_loss":0.0,"damage_taken":0.0},{"damage_healed":0,"gold_gain":0,"player_choice":"Inject Mutagens","damage_taken":0,"relics_obtained":["MutagenicStrength"],"max_hp_gain":0,"max_hp_loss":0,"event_name":"Drug Dealer","floor":21,"gold_loss":0},{"damage_healed":0,"gold_gain":0,"player_choice":"Shed Blood","damage_taken":19,"max_hp_gain":5,"max_hp_loss":0,"event_name":"Forgotten Altar","floor":22,"gold_loss":0},{"damage_healed":0,"gold_gain":0,"player_choice":"Ignored","damage_taken":0,"max_hp_gain":0,"max_hp_loss":0,"event_name":"Vampires","floor":25,"gold_loss":0},{"damage_healed":0,"gold_gain":0,"player_choice":"Fought Bandits","damage_taken":0,"max_hp_gain":0,"max_hp_loss":0,"event_name":"Masked Bandits","floor":33,"gold_loss":0},{"damage_healed":0,"gold_gain":222,"player_choice":"Wore Mask","damage_taken":0,"max_hp_gain":0,"max_hp_loss":0,"event_name":"Tomb of Lord Red Mask","floor":39,"gold_loss":0}],"is_beta":false,"boss_relics":[{"not_picked":["Velvet Choker","Replay:Bronze Core"],"picked":"Empty Cage"},{"not_picked":["Calling Bell","Replay:Wanted Poster"],"picked":"HolyWater"}],"items_purged_floors":[4,14,38,50],"is_endless":false,"potions_floor_spawned":[11,13,16,29,33,37,43,47],"killed_by":"Awakened One","ascension_level":9}}