{"host":"y2qfgmdkwisnz7x5","time":1611096568,"event":{"mods":["BaseMod","Colored Map","Minty Spire (QoL Compilation)","Shop Mod"],"gold_per_floor":[211,8,8,8,21,21,21,21,73,106,106,131,131,198,198,302,302,320,331,347,62,62,62,73,0,50,77,77,95,95,113,113,212,212,229,31,48,48,48],"floor_reached":38,"language":"DEU","playtime":1528,"items_purged":["Defend_R","Strike_R"],"score":460,"play_id":"6e8ba9eb-aa5c-4053-b1e8-8e131fa9d3fb","local_time":"20210119234928","is_ascension_mode":true,"campfire_choices":[{"data":"Bash","floor":6,"key":"SMITH"},{"data":"Metallicize","floor":8,"key":"SMITH"},{"data":"Seeing Red","floor":11,"key":"SMITH"},{"floor":15,"key":"REST"},{"data":"Barricade","floor":23,"key":"SMITH"},{"data":"Whirlwind","floor":28,"key":"SMITH"},{"data":"Cleave","floor":32,"key":"SMITH"}],"circlet_count":0,"master_deck":["Strike_R","Strike_R","Strike_R","Defend_R","Defend_R","Defend_R","Bash+1","Iron Wave+1","Metallicize+1","Iron Wave","Seeing Red+1","Clash+1","Reaper+1","Warcry","Cleave+1","Clothesline+1","Barricade+1","Whirlwind+1","Feed","Demon Form","Forethought"],"relics":["Burning Blood","Self Forming Clay","Art of War","Ginger","Ancient Tea Set","Velvet Choker","ClockworkSouvenir","Dream Catcher","Pear","Philosopher\u0027s Stone"],"acts_visited":["Exordium","TheCity","TheBeyond"],"potions_floor_usage":[10,12,16,20,27,31,37],"damage_taken":[{"damage":4,"enemies":"Small Slimes","floor":1,"turns":4},{"damage":0,"enemies":"2 Louse","floor":5,"turns":3},{"damage":14,"enemies":"Lagavulin","floor":10,"turns":6},{"damage":29,"enemies":"Gremlin Nob","floor":12,"turns":4},{"damage":50,"enemies":"Slime Boss","floor":16,"turns":14},{"damage":9,"enemies":"Shell Parasite","floor":18,"turns":4},{"damage":10,"enemies":"Spheric Guardian","floor":19,"turns":5},{"damage":20,"enemies":"Snecko","floor":20,"turns":4},{"damage":20,"enemies":"Shelled Parasite and Fungi","floor":24,"turns":6},{"damage":44,"enemies":"Book of Stabbing","floor":27,"turns":7},{"damage":9,"enemies":"Cultist and Chosen","floor":29,"turns":5},{"damage":2,"enemies":"Chosen and Byrds","floor":31,"turns":5},{"damage":35,"enemies":"Collector","floor":33,"turns":11},{"damage":27,"enemies":"Orb Walker","floor":35,"turns":4},{"damage":34,"enemies":"3 Shapes","floor":37,"turns":10},{"damage":74,"enemies":"Transient","floor":38,"turns":4}],"seed_played":"-8226478198824924515","potions_obtained":[{"floor":1,"key":"DuplicationPotion"},{"floor":5,"key":"Strength Potion"},{"floor":10,"key":"SteroidPotion"},{"floor":18,"key":"Fire Potion"},{"floor":20,"key":"BloodPotion"},{"floor":27,"key":"DistilledChaos"},{"floor":35,"key":"DistilledChaos"},{"floor":37,"key":"Ancient Potion"}],"is_trial":false,"path_per_floor":["M","$","?","?","M","R","$","R","T","E","R","E","?","?","R","B",null,"M","M","M","$","?","R","M","?","T","E","R","M","?","M","R","B",null,"M","$","M","M"],"character_chosen":"IRONCLAD","items_purchased":["Metallicize","Iron Wave","Barricade","ClockworkSouvenir","Forethought"],"campfire_rested":1,"item_purchase_floors":[2,2,21,21,36],"current_hp_per_floor":[80,80,73,73,79,79,79,79,79,71,71,48,32,32,56,12,80,77,73,65,65,65,65,55,55,55,47,47,48,48,62,62,43,90,82,82,70,0,0],"gold":48,"neow_bonus":"HUNDRED_GOLD","is_daily":false,"chose_seed":false,"campfire_upgraded":6,"win_rate":0.0,"timestamp":1611096568,"path_taken":["M","$","?","?","?","R","$","R","T","E","R","E","?","?","R","BOSS","M","M","M","$","?","R","?","?","T","E","R","M","?","M","R","BOSS","M","$","M","?"],"items_purchased_type":["Card","Card","Card","Relic","Card"],"build_version":"2020-12-22","purchased_purges":2,"victory":false,"max_hp_per_floor":[80,80,80,80,80,80,80,80,80,80,80,80,80,80,80,80,80,80,80,80,80,80,80,80,80,80,90,90,90,90,90,90,90,90,90,90,93,93,93],"card_choices":[{"not_picked":["Combust","Thunderclap"],"picked":"Iron Wave","floor":1},{"not_picked":["Clash","Dual Wield"],"picked":"Seeing Red","floor":5},{"not_picked":["Headbutt","Havoc"],"picked":"Clash","floor":10},{"not_picked":["Heavy Blade","Anger","Reckless Charge"],"picked":"SKIP","floor":12},{"not_picked":["Corruption","Fiend Fire"],"picked":"Reaper","floor":16},{"not_picked":["True Grit","Reckless Charge+1"],"picked":"Warcry","floor":18},{"not_picked":["Wild Strike","Power Through+1"],"picked":"Cleave","floor":19},{"not_picked":["Headbutt","Anger+1"],"picked":"Clothesline+1","floor":20},{"not_picked":["Sword Boomerang+1","Second Wind+1"],"picked":"Feed","floor":24},{"not_picked":["Flex","Cleave+1","Whirlwind"],"picked":"SKIP","floor":27},{"not_picked":["Reckless Charge+1","Wild Strike","Heavy Blade"],"picked":"SKIP","floor":29},{"not_picked":["Pummel","Dark Embrace","Evolve"],"picked":"SKIP","floor":31},{"not_picked":["Feed","Juggernaut"],"picked":"Demon Form","floor":33},{"not_picked":["Sword Boomerang","Twin Strike+1","Body Slam"],"picked":"SKIP","floor":35},{"not_picked":["Hemokinesis","Spot Weakness","Inflame+1"],"picked":"SKIP","floor":37}],"player_experience":893410,"relics_obtained":[{"floor":9,"key":"Art of War"},{"floor":10,"key":"Ginger"},{"floor":12,"key":"Ancient Tea Set"},{"floor":26,"key":"Dream Catcher"},{"floor":27,"key":"Pear"}],"event_choices":[{"damage_healed":0,"gold_gain":0,"player_choice":"Success","damage_taken":7,"relics_obtained":["Self Forming Clay"],"max_hp_gain":0,"max_hp_loss":0,"event_name":"Scrap Ooze","floor":3,"gold_loss":0},{"damage_healed":0,"gold_gain":0,"player_choice":"0 cards matched","damage_taken":0,"max_hp_gain":0,"max_hp_loss":0,"event_name":"Match and Keep!","floor":4,"gold_loss":0,"cards_obtained":[]},{"damage_healed":0,"gold_gain":0,"player_choice":"Entered Light","damage_taken":16,"max_hp_gain":0,"max_hp_loss":0,"event_name":"Shining Light","floor":13,"gold_loss":0,"cards_upgraded":["Iron Wave","Clash"]},{"damage_healed":0,"gold_gain":67,"player_choice":"Gained Gold","damage_taken":0,"max_hp_gain":0,"max_hp_loss":0,"event_name":"Golden Wing","floor":14,"gold_loss":0},{"damage_healed":0,"gold_gain":0,"cards_transformed":["Strike_R"],"player_choice":"Transformed","damage_taken":0,"max_hp_gain":0,"max_hp_loss":0,"event_name":"Transmorgrifier","floor":22,"gold_loss":0,"cards_obtained":["Whirlwind"]},{"damage_healed":0,"gold_gain":0,"player_choice":"Paid Fearfully","damage_taken":0,"max_hp_gain":0,"max_hp_loss":0,"event_name":"Masked Bandits","floor":25,"gold_loss":73},{"damage_healed":0,"gold_gain":0,"player_choice":"Forge","damage_taken":0,"max_hp_gain":0,"max_hp_loss":0,"event_name":"Accursed Blacksmith","floor":30,"gold_loss":0,"cards_upgraded":["Reaper"]}],"is_beta":false,"boss_relics":[{"not_picked":["Calling Bell","Astrolabe"],"picked":"Velvet Choker"},{"not_picked":["Pandora\u0027s Box","Runic Pyramid"],"picked":"Philosopher\u0027s Stone"}],"items_purged_floors":[2,36],"is_endless":false,"potions_floor_spawned":[1,5,10,18,20,27,35,37],"killed_by":"Transient","ascension_level":3}}