{"host":"gk336il5jfnqajsw","time":1611024293,"event":{"mods":["2.2 Compatiblity","AchievementEnabler","BaseMod","Colored Powertips","Minty Spire (QoL Compilation)","Relic Stats","StSLib"],"gold_per_floor":[109,120,120,120,140,175,175,74,74,74,24,0,0,74,74,199,199,214,214,234,134,134,150,150,190,190,209,209,227,251,269,269,398,398,423,441,460,76,90,90,115,115,115,136,136,474,474,499,499,499,499],"floor_reached":50,"language":"ENG","playtime":2224,"items_purged":["Strike_R","Injury","Bash"],"score":594,"play_id":"eeb40a30-28c4-4f82-9e2f-8e0ee12a1d82","local_time":"20210118194453","is_ascension_mode":false,"campfire_choices":[{"data":"Barricade","floor":7,"key":"SMITH"},{"data":"Body Slam","floor":13,"key":"SMITH"},{"data":"Armaments","floor":15,"key":"SMITH"},{"data":"Brutality","floor":24,"key":"SMITH"},{"data":"True Grit","floor":28,"key":"SMITH"},{"data":"Rupture","floor":32,"key":"SMITH"},{"floor":40,"key":"REST"},{"floor":47,"key":"RECALL"},{"data":"Power Through","floor":49,"key":"SMITH"}],"circlet_count":0,"master_deck":["Defend_R","Defend_R","Defend_R","Barricade+1","Body Slam+1","True Grit+1","Shrug It Off","Brutality+1","Shrug It Off","Armaments+1","Juggernaut","Shockwave+1","Hemokinesis+1","Feel No Pain+1","Power Through","Power Through+1","Combust","Shrug It Off+1","Body Slam+1","Rupture+1","Double Tap","CurseOfTheBell","Fire Breathing+1","Madness","Madness","Doubt","Parasite","Shrug It Off+1"],"relics":["Burning Blood","Eternal Feather","Sundial","Golden Idol","Paper Frog","Astrolabe","Mango","Pantograph","Calling Bell","MealTicket","Kunai","WingedGreaves","Bottled Lightning","Old Coin"],"acts_visited":["Exordium","TheCity","TheBeyond"],"potions_floor_usage":[5,6,6,14,16,25,33,36,39,44,48,50],"damage_taken":[{"damage":9,"enemies":"Jaw Worm","floor":1,"turns":4},{"damage":2,"enemies":"2 Louse","floor":2,"turns":3},{"damage":0,"enemies":"Cultist","floor":5,"turns":5},{"damage":42,"enemies":"Gremlin Nob","floor":6,"turns":6},{"damage":24,"enemies":"3 Sentries","floor":14,"turns":9},{"damage":20,"enemies":"Hexaghost","floor":16,"turns":11},{"damage":3,"enemies":"Chosen","floor":18,"turns":6},{"damage":6,"enemies":"Shell Parasite","floor":20,"turns":4},{"damage":10,"enemies":"Cultist and Chosen","floor":23,"turns":8},{"damage":12,"enemies":"Book of Stabbing","floor":25,"turns":8},{"damage":19,"enemies":"Centurion and Healer","floor":27,"turns":10},{"damage":12,"enemies":"Shelled Parasite and Fungi","floor":29,"turns":9},{"damage":12,"enemies":"Cultist and Chosen","floor":30,"turns":8},{"damage":8,"enemies":"Snake Plant","floor":31,"turns":5},{"damage":34,"enemies":"Champ","floor":33,"turns":8},{"damage":30,"enemies":"Orb Walker","floor":35,"turns":6},{"damage":28,"enemies":"3 Darklings","floor":36,"turns":6},{"damage":13,"enemies":"Jaw Worm Horde","floor":37,"turns":5},{"damage":46,"enemies":"Transient","floor":39,"turns":5},{"damage":12,"enemies":"Maw","floor":41,"turns":7},{"damage":14,"enemies":"4 Shapes","floor":44,"turns":5},{"damage":32,"enemies":"Giant Head","floor":46,"turns":9},{"damage":36,"enemies":"Writhing Mass","floor":48,"turns":8},{"damage":102,"enemies":"Awakened One","floor":50,"turns":12}],"seed_played":"2535825532803514968","potions_obtained":[{"floor":4,"key":"LiquidBronze"},{"floor":4,"key":"Weak Potion"},{"floor":4,"key":"Fire Potion"},{"floor":6,"key":"LiquidBronze"},{"floor":14,"key":"Strength Potion"},{"floor":23,"key":"Dexterity Potion"},{"floor":25,"key":"GamblersBrew"},{"floor":31,"key":"Strength Potion"},{"floor":37,"key":"SpeedPotion"},{"floor":39,"key":"EssenceOfSteel"},{"floor":46,"key":"Swift Potion"},{"floor":48,"key":"DuplicationPotion"}],"is_trial":false,"path_per_floor":["M","M","?","?","M","E","R","$","T","?","?","$","R","?","R","B",null,"M","?","M","$","?","M","R","E","T","M","R","M","M","M","R","B",null,"M","M","M","$","M","R","M","?","T","M","?","E","R","M","R","B"],"character_chosen":"IRONCLAD","items_purchased":["Shrug It Off","Armaments","Bottled Lightning"],"campfire_rested":1,"item_purchase_floors":[8,12,38],"current_hp_per_floor":[77,80,85,85,85,49,55,55,55,55,55,55,64,46,55,41,85,85,85,85,85,85,81,85,93,93,80,89,83,77,75,87,71,99,75,53,46,61,21,62,56,44,44,36,99,73,88,58,73,0,0],"gold":499,"neow_bonus":"TRANSFORM_CARD","is_daily":false,"chose_seed":false,"campfire_upgraded":7,"win_rate":0.0,"timestamp":1611024293,"path_taken":["M","M","?","?","?","E","R","$","T","?","?","$","R","?","R","BOSS","M","?","M","$","?","M","R","E","T","M","R","M","?","M","R","BOSS","M","?","M","$","M","R","M","?","T","M","?","E","R","M","R","BOSS"],"items_purchased_type":["Card","Card","Relic"],"build_version":"2020-12-22","purchased_purges":3,"victory":false,"max_hp_per_floor":[80,80,85,85,85,85,85,85,85,85,85,85,85,85,85,85,85,85,85,85,85,85,85,85,99,99,99,99,99,99,99,99,99,99,99,99,99,99,99,99,99,99,99,99,99,99,99,99,99,99,99],"relic_stats":{"counters":[24,167],"Sundial":[28],"Golden Idol":146,"Astrolabe":["Shockwave","Hemokinesis","Feel No Pain"],"Pantograph":37,"Eternal Feather":91,"MealTicket":15,"Kunai":[0],"obtain_stats":[{"Golden Idol":10,"Astrolabe":17,"Eternal Feather":6,"Mango":25,"Burning Blood":0,"Old Coin":46,"Calling Bell":34,"Sundial":9,"Pantograph":26,"MealTicket":34,"WingedGreaves":34,"Kunai":34,"Bottled Lightning":38,"Paper Frog":14},{"Golden Idol":4,"Astrolabe":6,"Eternal Feather":4,"Mango":10,"Burning Blood":0,"Old Coin":22,"Calling Bell":15,"Sundial":4,"Pantograph":10,"MealTicket":15,"WingedGreaves":15,"Kunai":15,"Bottled Lightning":18,"Paper Frog":4},{"Golden Idol":18,"Astrolabe":38,"Eternal Feather":18,"Mango":64,"Burning Blood":0,"Old Coin":147,"Calling Bell":104,"Sundial":18,"Pantograph":64,"MealTicket":104,"WingedGreaves":104,"Kunai":104,"Bottled Lightning":121,"Paper Frog":18}],"Burning Blood":128},"card_choices":[{"not_picked":["Pommel Strike","Warcry"],"picked":"Body Slam","floor":1},{"not_picked":["Flex","Cleave"],"picked":"True Grit","floor":2},{"not_picked":["Anger","Heavy Blade"],"picked":"Shrug It Off","floor":5},{"not_picked":["Cleave","Twin Strike"],"picked":"Brutality","floor":6},{"not_picked":["Demon Form","Limit Break"],"picked":"Juggernaut","floor":16},{"not_picked":["Clash","Hemokinesis"],"picked":"Power Through","floor":18},{"not_picked":["Rampage","True Grit"],"picked":"Power Through","floor":20},{"not_picked":["Thunderclap","Infernal Blade","Sword Boomerang"],"picked":"SKIP","floor":23},{"not_picked":["Ghostly Armor","Cleave"],"picked":"Combust","floor":25},{"not_picked":["Inflame","Spot Weakness"],"picked":"Shrug It Off+1","floor":27},{"not_picked":["Barricade","Headbutt","Havoc"],"picked":"SKIP","floor":29},{"not_picked":["Wild Strike","Pommel Strike"],"picked":"Body Slam+1","floor":30},{"not_picked":["Bloodletting+1","Thunderclap"],"picked":"Rupture","floor":31},{"not_picked":["Brutality","Demon Form"],"picked":"Double Tap","floor":33},{"not_picked":["Metallicize","Armaments+1","Disarm+1"],"picked":"SKIP","floor":35},{"not_picked":["Pommel Strike","Headbutt","Anger"],"picked":"SKIP","floor":36},{"not_picked":["Perfected Strike+1","Sword Boomerang"],"picked":"Fire Breathing+1","floor":37},{"not_picked":["Uppercut+1","Wild Strike+1","Thunderclap+1"],"picked":"SKIP","floor":39},{"not_picked":["Double Tap","Sword Boomerang+1","Shockwave"],"picked":"SKIP","floor":41},{"not_picked":["Blood for Blood","Rage+1","Flex+1"],"picked":"SKIP","floor":44},{"not_picked":["Feel No Pain+1","Headbutt","Blood for Blood+1"],"picked":"SKIP","floor":46},{"not_picked":["Cleave+1","Pummel+1"],"picked":"Shrug It Off+1","floor":48}],"player_experience":551406,"relics_obtained":[{"floor":6,"key":"Eternal Feather"},{"floor":9,"key":"Sundial"},{"floor":25,"key":"Mango"},{"floor":26,"key":"Pantograph"},{"floor":34,"key":"MealTicket"},{"floor":34,"key":"Kunai"},{"floor":34,"key":"WingedGreaves"},{"floor":46,"key":"Old Coin"}],"event_choices":[{"damage_healed":0,"gold_gain":0,"player_choice":"Donut","damage_taken":0,"max_hp_gain":5,"max_hp_loss":0,"event_name":"Big Fish","floor":3,"gold_loss":0},{"damage_healed":0,"gold_gain":0,"player_choice":"Got Potions","damage_taken":0,"max_hp_gain":0,"max_hp_loss":0,"event_name":"Lab","floor":4,"gold_loss":0},{"damage_healed":0,"gold_gain":0,"player_choice":"Take Wound","damage_taken":0,"relics_obtained":["Golden Idol"],"max_hp_gain":0,"max_hp_loss":0,"event_name":"Golden Idol","floor":10,"gold_loss":0,"cards_obtained":["Injury"]},{"cards_removed":["Strike_R"],"damage_healed":0,"gold_gain":0,"player_choice":"Card Removal","damage_taken":0,"max_hp_gain":0,"max_hp_loss":0,"event_name":"The Cleric","floor":11,"gold_loss":50},{"damage_healed":0,"gold_gain":0,"player_choice":"Searched \u00272\u0027 times","damage_taken":0,"relics_obtained":["Paper Frog"],"max_hp_gain":0,"max_hp_loss":0,"event_name":"Dead Adventurer","floor":14,"gold_loss":0},{"damage_healed":0,"gold_gain":0,"player_choice":"Ignored","damage_taken":0,"max_hp_gain":0,"max_hp_loss":0,"event_name":"Vampires","floor":19,"gold_loss":0},{"damage_healed":0,"gold_gain":0,"player_choice":"Full Heal","damage_taken":0,"max_hp_gain":0,"max_hp_loss":0,"event_name":"Wheel of Change","floor":22,"gold_loss":0},{"damage_healed":0,"gold_gain":0,"player_choice":"Embrace Madness","damage_taken":12,"max_hp_gain":0,"max_hp_loss":0,"event_name":"Winding Halls","floor":42,"gold_loss":0,"cards_obtained":["Madness","Madness"]},{"damage_healed":63,"gold_gain":0,"player_choice":"Heal","damage_taken":0,"max_hp_gain":0,"max_hp_loss":0,"event_name":"MindBloom","floor":45,"gold_loss":0,"cards_obtained":["Doubt"]}],"is_beta":false,"boss_relics":[{"not_picked":["Tiny House","SlaversCollar"],"picked":"Astrolabe"},{"not_picked":["Velvet Choker","Runic Dome"],"picked":"Calling Bell"}],"items_purged_floors":[8,21,38],"is_endless":false,"potions_floor_spawned":[6,14,23,25,31,37,39,46,48],"killed_by":"Awakened One","ascension_level":0}}