{"host":"f5mjulaw5aqlqmd7","time":1611030588,"event":{"mods":["Act Like it!","BaseMod","Colored Map","GifTheSpireLib","Hallownest","Minty Spire (QoL Compilation)","StSLib","The Bug Knight"],"gold_per_floor":[112,123,75,91,17,28,28,60,85,116,135,310,310,328,328,423,423,439,439,107,125,138,138,173,272,295,323,323,323,57,75,75,75,75],"floor_reached":33,"language":"ENG","playtime":2926,"items_purged":["Doubt"],"score":320,"play_id":"90f069f2-ce4d-4612-bb63-cfa5adc59337","local_time":"20210118232948","is_ascension_mode":false,"campfire_choices":[{"data":"Genetic Algorithm","floor":7,"key":"SMITH"},{"floor":13,"key":"REST"},{"data":"Darkness","floor":15,"key":"SMITH"},{"floor":23,"key":"REST"},{"floor":28,"key":"REST"},{"floor":32,"key":"REST"}],"circlet_count":0,"master_deck":["Defend_B","Defend_B","Defend_B","Defend_B","Zap","Dualcast","Auto Shields","Conserve Battery","Ball Lightning","Hologram","Genetic Algorithm+1","Compile Driver","Darkness+1","Conserve Battery","Stack","Stack","Thunder Strike","Static Discharge+1","Cold Snap+1","Chill","Darkness+1","Hello World+1","Bite+1","Bite+1","Bite+1","Bite+1","Bite+1","Loop","Barrage+1","Lockon+1"],"relics":["Cracked Core","NeowsBlessing","Centennial Puzzle","Bronze Scales","Regal Pillow","Nuclear Battery","Molten Egg 2","Darkstone Periapt","Whetstone","Matryoshka","Toolbox"],"acts_visited":["Exordium","TheCity"],"potions_floor_usage":[10],"damage_taken":[{"damage":0,"enemies":"Jaw Worm","floor":1,"turns":1},{"damage":0,"enemies":"Small Slimes","floor":2,"turns":1},{"damage":0,"enemies":"2 Louse","floor":4,"turns":1},{"damage":8,"enemies":"Large Slime","floor":6,"turns":5},{"damage":32,"enemies":"Lagavulin","floor":8,"turns":6},{"damage":11,"enemies":"3 Sentries","floor":10,"turns":6},{"damage":2,"enemies":"2 Fungi Beasts","floor":11,"turns":3},{"damage":3,"enemies":"Looter","floor":14,"turns":3},{"damage":36,"enemies":"Slime Boss","floor":16,"turns":8},{"damage":13,"enemies":"Spheric Guardian","floor":18,"turns":5},{"damage":23,"enemies":"Shell Parasite","floor":21,"turns":4},{"damage":2,"enemies":"Snake Plant","floor":22,"turns":3},{"damage":12,"enemies":"Book of Stabbing","floor":24,"turns":5},{"damage":45,"enemies":"Gremlin Leader","floor":27,"turns":9},{"damage":23,"enemies":"3 Cultists","floor":31,"turns":4},{"damage":73,"enemies":"Automaton","floor":33,"turns":12}],"seed_played":"-8296139380578759071","potions_obtained":[{"floor":4,"key":"Strength Potion"},{"floor":8,"key":"SteroidPotion"},{"floor":10,"key":"FocusPotion"},{"floor":11,"key":"EntropicBrew"},{"floor":24,"key":"Swift Potion"}],"is_trial":false,"path_per_floor":["M","M","$","M","$","M","R","E","T","E","M","?","R","M","R","B",null,"M","?","$","M","M","R","E","?","T","E","R","?","$","M","R","B"],"character_chosen":"DEFECT","items_purchased":["Ball Lightning","Genetic Algorithm","Molten Egg 2","Loop","Toolbox","Barrage+1"],"campfire_rested":4,"item_purchase_floors":[3,5,20,30,30,30],"current_hp_per_floor":[75,75,75,75,75,67,67,35,35,24,22,22,59,56,56,20,75,62,48,48,25,23,62,50,50,50,5,44,44,44,30,56,0,0],"gold":75,"neow_bonus":"THREE_ENEMY_KILL","is_daily":false,"chose_seed":false,"campfire_upgraded":2,"win_rate":0.0,"timestamp":1611030588,"path_taken":["M","M","$","M","$","M","R","E","T","E","M","?","R","M","R","BOSS","M","?","$","M","M","R","E","?","T","E","R","?","$","M","R","BOSS"],"items_purchased_type":["Card","Card","Relic","Card","Relic","Card"],"build_version":"2020-12-22","purchased_purges":1,"victory":false,"max_hp_per_floor":[75,75,75,75,75,75,75,75,75,75,75,75,75,75,75,75,75,75,80,80,80,80,80,80,80,80,80,80,56,56,56,56,56,56],"card_choices":[{"not_picked":["Go for the Eyes","Gash"],"picked":"Auto Shields","floor":1},{"not_picked":["FTL","Auto Shields"],"picked":"Conserve Battery","floor":2},{"not_picked":["Skim","Rip and Tear"],"picked":"Hologram","floor":4},{"not_picked":["Redo","Storm"],"picked":"Compile Driver","floor":6},{"not_picked":["Genetic Algorithm","Chill"],"picked":"Darkness","floor":8},{"not_picked":["Consume","Steam"],"picked":"Conserve Battery","floor":10},{"not_picked":["Amplify","Consume"],"picked":"Stack","floor":11},{"not_picked":["Beam Cell","Go for the Eyes"],"picked":"Stack","floor":14},{"not_picked":["Amplify","Reboot"],"picked":"Thunder Strike","floor":16},{"not_picked":["Beam Cell+1","Fusion"],"picked":"Static Discharge+1","floor":18},{"not_picked":["Leap","Chaos"],"picked":"Cold Snap+1","floor":21},{"not_picked":["Darkness","Conserve Battery"],"picked":"Chill","floor":22},{"not_picked":["Cold Snap+1","Redo"],"picked":"Darkness+1","floor":24},{"not_picked":["Steam Power","Compile Driver+1"],"picked":"Hello World+1","floor":27},{"not_picked":["Darkness+1","Aggregate+1"],"picked":"Lockon+1","floor":31}],"player_experience":38000,"relics_obtained":[{"floor":8,"key":"Centennial Puzzle"},{"floor":9,"key":"Bronze Scales"},{"floor":10,"key":"Regal Pillow"},{"floor":24,"key":"Darkstone Periapt"},{"floor":26,"key":"Whetstone"},{"floor":27,"key":"Matryoshka"}],"event_choices":[{"damage_healed":0,"gold_gain":175,"player_choice":"AGREE","damage_taken":0,"max_hp_gain":0,"max_hp_loss":0,"event_name":"Liars Game","floor":12,"gold_loss":0,"cards_obtained":["Doubt"]},{"damage_healed":0,"gold_gain":0,"player_choice":"Shed Blood","damage_taken":19,"max_hp_gain":5,"max_hp_loss":0,"event_name":"Forgotten Altar","floor":19,"gold_loss":0},{"damage_healed":0,"gold_gain":99,"player_choice":"Stole From Cult","damage_taken":0,"max_hp_gain":0,"max_hp_loss":0,"event_name":"Nest","floor":25,"gold_loss":0},{"damage_healed":0,"gold_gain":0,"player_choice":"Became a vampire","damage_taken":0,"max_hp_gain":0,"max_hp_loss":24,"event_name":"Vampires","floor":29,"gold_loss":0,"cards_obtained":["Bite","Bite","Bite","Bite","Bite"]}],"is_beta":false,"boss_relics":[{"not_picked":["Runic Pyramid","Calling Bell"],"picked":"Nuclear Battery"}],"items_purged_floors":[20],"is_endless":false,"potions_floor_spawned":[4,8,10,11,21,24,27],"killed_by":"Automaton","ascension_level":0}}