{"host":"x3q4ieql2tr7v8o6","time":1611017754,"event":{"mods":["BaseMod","Bestiary","Better Altar","Better Match","Better Note","Better Sensory Stone","Better Skull","Better Third Choice","Colored Map","Colored Powertips","Curses Come First","Minty Spire (QoL Compilation)","StSLib"],"gold_per_floor":[117,117,117,127,277,37,37,37,62,62,96,115,115,132,132,210,260,276,262,262,262,0,0,19,19,90,110,123,123,4,4,4,4,4],"floor_reached":33,"language":"ENG","playtime":747,"items_purged":["Doubt"],"score":425,"play_id":"76b456ae-d0a1-4c46-83ac-a47b2268db6d","local_time":"20210119005554","is_ascension_mode":true,"campfire_choices":[{"data":"Sucker Punch","floor":8.0,"key":"SMITH"},{"data":"Neutralize","floor":10.0,"key":"SMITH"},{"floor":15,"key":"REST"},{"data":"Noxious Fumes","floor":23,"key":"SMITH"},{"floor":29,"key":"REST"},{"floor":32,"key":"REST"}],"circlet_count":0,"master_deck":["AscendersBane","Strike_G+1","Strike_G+1","Strike_G+1","Strike_G+1","Strike_G+1","Defend_G+1","Defend_G+1","Defend_G+1","Defend_G+1","Defend_G+1","Survivor+1","Neutralize+1","Blade Dance+1","Slice","Slice","Sucker Punch+1","Regret","Riddle With Holes","A Thousand Cuts","Parasite","Prepared","Phantasmal Killer","Accuracy","Deadly Poison","Cloak And Dagger","Noxious Fumes+1","Acrobatics","Blur","Bouncing Flask","Accuracy","Deflect","Decay"],"relics":["Ring of the Snake","Lantern","Membership Card","The Specimen","Bag of Preparation","Torii","Tiny House","Bag of Marbles","Incense Burner","MutagenicStrength","StrikeDummy","Anchor"],"acts_visited":["Exordium","TheCity"],"potions_floor_usage":[11,19,33,33],"damage_taken":[{"damage":9.0,"enemies":"Small Slimes","floor":1.0,"turns":6.0},{"damage":0.0,"enemies":"Jaw Worm","floor":4.0,"turns":3.0},{"damage":24,"enemies":"Lagavulin","floor":11,"turns":6},{"damage":0,"enemies":"Cultist","floor":12,"turns":2},{"damage":4,"enemies":"2 Fungi Beasts","floor":14,"turns":3},{"damage":47,"enemies":"Slime Boss","floor":16,"turns":10},{"damage":1,"enemies":"Chosen","floor":18,"turns":2},{"damage":4,"enemies":"2 Thieves","floor":19,"turns":4},{"damage":7,"enemies":"Snecko","floor":24,"turns":4},{"damage":9,"enemies":"Centurion and Healer","floor":27,"turns":3},{"damage":22,"enemies":"3 Cultists","floor":28,"turns":5},{"damage":62,"enemies":"Collector","floor":33,"turns":7}],"seed_played":"-4595810330633454675","potions_obtained":[{"floor":4.0,"key":"FearPotion"},{"floor":12,"key":"Block Potion"},{"floor":17,"key":"DuplicationPotion"},{"floor":19,"key":"SpeedPotion"}],"is_trial":false,"path_per_floor":["M","?","?","M","?","$","?","R","T","R","E","M","?","M","R","B",null,"M","M","?","?","$","R","M","?","T","M","M","R","$","?","R","B"],"character_chosen":"THE_SILENT","items_purchased":["Membership Card","Slice","Sucker Punch","Bag of Marbles","Noxious Fumes","Incense Burner","Anchor","Accuracy","Deflect"],"campfire_rested":3,"item_purchase_floors":[6,6,6,22,22,22,30,30,30],"current_hp_per_floor":[50,50,50,50,50,50,50,50,50,50,26,26,42,38,57,10,57,56,52,52,52,52,52,45,45,45,36,14,35,35,35,56,0,0],"gold":4,"neow_bonus":"RANDOM_COMMON_RELIC","is_daily":false,"chose_seed":true,"campfire_upgraded":3,"win_rate":0.0,"timestamp":1611017754,"path_taken":["M","?","?","M","?","$","?","R","T","R","E","M","?","M","R","BOSS","M","M","?","?","$","R","M","?","T","M","M","R","$","?","R","BOSS"],"items_purchased_type":["Relic","Card","Card","Relic","Card","Relic","Relic","Card","Card"],"build_version":"2020-12-22","purchased_purges":1,"victory":false,"max_hp_per_floor":[66,66,66,66,66,66,66,66,66,66,66,66,66,66,66,66,71,71,71,71,71,71,71,71,71,71,71,71,71,71,71,71,71,71],"card_choices":[{"not_picked":["Deadly Poison","Endless Agony"],"picked":"Blade Dance","floor":1.0},{"not_picked":["Prepared","Underhanded Strike"],"picked":"Slice","floor":4.0},{"not_picked":["Quick Slash","Bane"],"picked":"Riddle With Holes","floor":11},{"not_picked":["Prepared","Flechettes"],"picked":"A Thousand Cuts","floor":12},{"not_picked":["Underhanded Strike","Bane"],"picked":"Prepared","floor":14},{"not_picked":["Storm of Steel","Tools of the Trade"],"picked":"Phantasmal Killer","floor":16},{"not_picked":["Deadly Poison","Blade Dance"],"picked":"Accuracy","floor":17},{"not_picked":["Underhanded Strike","Quick Slash"],"picked":"Deadly Poison","floor":18},{"not_picked":["Sucker Punch","Bane"],"picked":"Cloak And Dagger","floor":19},{"not_picked":["Unload","Underhanded Strike"],"picked":"Acrobatics","floor":24},{"not_picked":["Acrobatics","Poisoned Stab"],"picked":"Blur","floor":27},{"not_picked":["Tactician","Acrobatics"],"picked":"Bouncing Flask","floor":28}],"player_experience":737396,"relics_obtained":[{"floor":9.0,"key":"Bag of Preparation"},{"floor":11,"key":"Torii"},{"floor":26,"key":"StrikeDummy"}],"event_choices":[{"damage_healed":0.0,"max_hp_gain":0.0,"max_hp_loss":0.0,"gold_gain":0.0,"event_name":"Living Wall","player_choice":"Grow","floor":2.0,"gold_loss":0.0,"damage_taken":0.0,"cards_upgraded":["Blade Dance"]},{"damage_healed":0.0,"max_hp_gain":0.0,"max_hp_loss":0.0,"gold_gain":0.0,"event_name":"Golden Wing","player_choice":"Ignored","floor":3.0,"gold_loss":0.0,"damage_taken":0.0},{"damage_healed":0.0,"max_hp_gain":0.0,"max_hp_loss":0.0,"gold_gain":150.0,"event_name":"betterThird:BetterSerpent","player_choice":"AGREE","floor":5.0,"gold_loss":0.0,"damage_taken":127.0},{"damage_healed":0.0,"max_hp_gain":0.0,"max_hp_loss":0.0,"gold_gain":0.0,"event_name":"Big Fish","player_choice":"Box","floor":7.0,"gold_loss":0.0,"damage_taken":0.0,"relics_obtained":["The Specimen"],"cards_obtained":["Regret"]},{"damage_healed":16,"gold_gain":0,"player_choice":"Healed and dodged fight","damage_taken":0,"max_hp_gain":0,"max_hp_loss":0,"event_name":"Mushrooms","floor":13,"gold_loss":0,"cards_obtained":["Parasite"]},{"damage_healed":0,"gold_gain":0,"player_choice":"Ignored","damage_taken":0,"max_hp_gain":0,"max_hp_loss":0,"event_name":"Ghosts","floor":20,"gold_loss":0},{"damage_healed":0,"gold_gain":0,"player_choice":"Simplicity","damage_taken":0,"max_hp_gain":0,"max_hp_loss":10,"event_name":"betterThird:BetterWriting","floor":21,"gold_loss":0},{"damage_healed":0,"gold_gain":0,"player_choice":"Inject Mutagens","damage_taken":0,"relics_obtained":["MutagenicStrength"],"max_hp_gain":0,"max_hp_loss":0,"event_name":"Drug Dealer","floor":25,"gold_loss":0},{"damage_healed":0,"gold_gain":0,"player_choice":" Defy","damage_taken":0,"max_hp_gain":0,"max_hp_loss":0,"event_name":"betterAltar:BetterAltar","floor":31,"gold_loss":0,"cards_obtained":["Decay"]}],"is_beta":false,"boss_relics":[{"not_picked":["Coffee Dripper","Ring of the Serpent"],"picked":"Tiny House"}],"items_purged_floors":[6],"is_endless":false,"potions_floor_spawned":[4,12,19,24],"killed_by":"Collector","ascension_level":15}}