{"host":"osfffw6eu3utmcte","time":1611050271,"event":{"mods":["AchievementEnabler","BaseMod","Googly Eyes","Minty Spire (QoL Compilation)","StSLib"],"gold_per_floor":[114,131,145,213,213,213,243,253,253,286,300,300,315,315,315,419,469,483,483,501,511,280,280,310,114,141,158,189,189,220,239,239,336,336,349,1348,548,548,567,567,567,69,69,100,100,100,118,148,148,148],"floor_reached":51,"language":"ENG","playtime":5743,"items_purged":["Pain","Strike_G","Normality","Strike_G"],"score":1295,"play_id":"61e2539a-f43d-4215-8b7a-8584ec4b3b17","local_time":"20210119105751","is_ascension_mode":true,"campfire_choices":[{"data":"Noxious Fumes","floor":6.0,"key":"SMITH"},{"data":"Burst","floor":12.0,"key":"SMITH"},{"floor":15.0,"key":"REST"},{"data":"Storm of Steel","floor":23.0,"key":"SMITH"},{"floor":32.0,"key":"REST"},{"data":"Normality","floor":40,"key":"PURGE"},{"data":"Defend_G","floor":45,"key":"PURGE"},{"data":"Envenom","floor":49,"key":"SMITH"}],"circlet_count":0,"master_deck":["Defend_G","Defend_G","Defend_G","Defend_G","Survivor","Neutralize","Adrenaline+1","Sucker Punch+1","Backstab+1","Blur","Backflip+1","Noxious Fumes+1","Bouncing Flask","Blade Dance","Burst+1","Leg Sweep","Storm of Steel+1","Doppelganger","Terror","Flechettes","Night Terror","Forethought","Dagger Spray+1","Envenom+1","Acrobatics+1","Tools of the Trade","Panache","Sadistic Nature","Jack Of All Trades","Chrysalis","Tactician","Predator+1","Concentrate+1"],"relics":["Astrolabe","Kunai","Snake Skull","Ancient Tea Set","Bag of Preparation","MealTicket","Tiny House","WarpedTongs","TwistedFunnel","Paper Crane","Regal Pillow","Centennial Puzzle","Eternal Feather","The Courier","SacredBark","Chemical X","Mummified Hand","Peace Pipe","Lee\u0027s Waffle","Vajra","Bronze Scales","Bird Faced Urn","Potion Belt","Thread and Needle"],"acts_visited":["TheBeyond"],"potions_floor_usage":[50],"damage_taken":[{"damage":0.0,"enemies":"Small Slimes","floor":1.0,"turns":4.0},{"damage":0.0,"enemies":"Jaw Worm","floor":2.0,"turns":3.0},{"damage":0.0,"enemies":"2 Louse","floor":3.0,"turns":5.0},{"damage":20.0,"enemies":"3 Sentries","floor":7.0,"turns":8.0},{"damage":0.0,"enemies":"Gremlin Gang","floor":8.0,"turns":5.0},{"damage":0.0,"enemies":"Lagavulin","floor":10.0,"turns":5.0},{"damage":0.0,"enemies":"Red Slaver","floor":11.0,"turns":3.0},{"damage":0.0,"enemies":"3 Louse","floor":13.0,"turns":3.0},{"damage":12.0,"enemies":"Hexaghost","floor":16.0,"turns":7.0},{"damage":0.0,"enemies":"Spheric Guardian","floor":18.0,"turns":5.0},{"damage":7.0,"enemies":"3 Byrds","floor":20.0,"turns":6.0},{"damage":11.0,"enemies":"Snake Plant","floor":21.0,"turns":5.0},{"damage":2.0,"enemies":"Book of Stabbing","floor":24.0,"turns":3.0},{"damage":13.0,"enemies":"Cultist and Chosen","floor":27.0,"turns":7.0},{"damage":44.0,"enemies":"Slavers","floor":28.0,"turns":6.0},{"damage":0.0,"enemies":"Gremlin Leader","floor":30.0,"turns":5.0},{"damage":0.0,"enemies":"Snecko","floor":31.0,"turns":3.0},{"damage":0.0,"enemies":"Champ","floor":33.0,"turns":13.0},{"damage":4,"enemies":"Orb Walker","floor":35,"turns":4},{"damage":3,"enemies":"3 Darklings","floor":39,"turns":4},{"damage":10,"enemies":"Reptomancer","floor":44,"turns":6},{"damage":0,"enemies":"Transient","floor":47,"turns":5},{"damage":0,"enemies":"Giant Head","floor":48,"turns":4},{"damage":40,"enemies":"Time Eater","floor":50,"turns":11}],"seed_played":"-4596475769806076660","potions_obtained":[{"floor":1.0,"key":"ColorlessPotion"},{"floor":2.0,"key":"CultistPotion"},{"floor":11.0,"key":"CultistPotion"},{"floor":13.0,"key":"Energy Potion"},{"floor":17.0,"key":"ColorlessPotion"},{"floor":21.0,"key":"Ancient Potion"},{"floor":27.0,"key":"Weak Potion"},{"floor":30.0,"key":"Block Potion"},{"floor":31.0,"key":"Fruit Juice"},{"floor":39,"key":"LiquidMemories"}],"is_trial":false,"path_per_floor":["M","M","M","?","T","R","E","M","T","E","M","R","M","?","R","B",null,"M","?","M","M","$","R","E","$","T","M","E","?","E","M","R","B",null,"M","?","$","?","M","R","?","$","T","E","R","$","M","E","R","B",null],"character_chosen":"THE_SILENT","items_purchased":["TwistedFunnel","Forethought","Chemical X","Panache","Mummified Hand","Peace Pipe","Tactician","Lee\u0027s Waffle","Vajra","Bronze Scales"],"campfire_rested":2,"item_purchase_floors":[22,25,37,37,37,37,42,42,42,42],"current_hp_per_floor":[63,63,63,63,63,63,43,43,43,43,43,43,43,25,46,34,66,66,66,59,48,63,63,61,75,75,62,18,18,18,23,77,77,79,75,75,80,80,77,80,70,87,87,83,87,87,87,87,87,49],"gold":148,"neow_bonus":"BOSS_RELIC","is_daily":false,"chose_seed":false,"campfire_upgraded":4,"win_rate":0.0,"timestamp":1611050271,"path_taken":["M","M","M","?","?","R","E","M","T","E","?","R","M","?","R","BOSS","M","?","M","?","$","R","E","?","T","M","E","?","E","M","R","BOSS","M","?","$","?","M","R","?","$","T","E","R","$","M","E","R","BOSS"],"items_purchased_type":["Relic","Card","Relic","Card","Relic","Relic","Card","Relic","Relic","Relic"],"build_version":"2020-12-22","purchased_purges":4,"victory":true,"max_hp_per_floor":[70,70,70,70,70,70,70,70,70,70,70,70,70,70,70,70,75,75,75,75,75,75,75,75,75,75,75,75,75,75,80,80,80,80,80,80,80,80,80,80,80,87,87,87,87,87,87,87,87,87],"card_choices":[{"not_picked":["Dagger Throw","Deflect"],"picked":"Blur","floor":1.0},{"not_picked":["Outmaneuver","Quick Slash"],"picked":"Backflip","floor":2.0},{"not_picked":["Dagger Spray","Tactician"],"picked":"Noxious Fumes","floor":3.0},{"not_picked":["Setup","Distraction"],"picked":"Bouncing Flask","floor":7.0},{"not_picked":["Cloak And Dagger","Flying Knee"],"picked":"Blade Dance","floor":8.0},{"not_picked":["Cloak And Dagger","Backflip"],"picked":"Burst","floor":10.0},{"not_picked":["Dagger Throw","Cloak And Dagger"],"picked":"Leg Sweep","floor":11.0},{"not_picked":["Acrobatics","Masterful Stab"],"picked":"Storm of Steel","floor":13.0},{"not_picked":["Glass Knife","Phantasmal Killer"],"picked":"Doppelganger","floor":16.0},{"not_picked":["All Out Attack","Cloak And Dagger"],"picked":"Terror","floor":17.0},{"not_picked":["Backflip","Outmaneuver","Reflex"],"picked":"SKIP","floor":18.0},{"not_picked":["Dodge and Roll","Quick Slash","Backflip"],"picked":"SKIP","floor":20.0},{"not_picked":["Deflect+1","Dodge and Roll"],"picked":"Flechettes","floor":21.0},{"not_picked":["Riddle With Holes","Prepared"],"picked":"Night Terror","floor":24.0},{"not_picked":["Endless Agony","Terror","Bane+1"],"picked":"SKIP","floor":27.0},{"not_picked":["Slice","Acrobatics"],"picked":"Dagger Spray+1","floor":28.0},{"not_picked":["Night Terror","Terror"],"picked":"Envenom","floor":30.0},{"not_picked":["Quick Slash","Prepared"],"picked":"Acrobatics+1","floor":31.0},{"not_picked":["Adrenaline","A Thousand Cuts"],"picked":"Tools of the Trade","floor":33.0},{"not_picked":["Deflect+1","Dagger Spray","Poisoned Stab"],"picked":"SKIP","floor":35},{"not_picked":["Deadly Poison+1","Acrobatics+1","Expertise"],"picked":"SKIP","floor":39},{"not_picked":["Blind","Jack Of All Trades"],"picked":"Sadistic Nature","floor":41},{"not_picked":["Dark Shackles","Dramatic Entrance"],"picked":"Jack Of All Trades","floor":41},{"not_picked":["Dark Shackles","Metamorphosis"],"picked":"Chrysalis","floor":41},{"not_picked":["Choke+1","Prepared+1"],"picked":"Predator+1","floor":44},{"not_picked":["Poisoned Stab","Sucker Punch+1","Dodge and Roll+1"],"picked":"SKIP","floor":47},{"not_picked":["Adrenaline","Bane+1"],"picked":"Concentrate+1","floor":48}],"player_experience":554959,"relics_obtained":[{"floor":5.0,"key":"Kunai"},{"floor":7.0,"key":"Snake Skull"},{"floor":9.0,"key":"Ancient Tea Set"},{"floor":10.0,"key":"Bag of Preparation"},{"floor":24.0,"key":"Paper Crane"},{"floor":26.0,"key":"Regal Pillow"},{"floor":28.0,"key":"Centennial Puzzle"},{"floor":30.0,"key":"The Courier"},{"floor":43,"key":"Bird Faced Urn"},{"floor":44,"key":"Potion Belt"},{"floor":48,"key":"Thread and Needle"}],"event_choices":[{"damage_healed":0.0,"max_hp_gain":0.0,"max_hp_loss":0.0,"gold_gain":68.0,"event_name":"Golden Wing","player_choice":"Gained Gold","floor":4.0,"gold_loss":0.0,"damage_taken":0.0},{"damage_healed":0.0,"max_hp_gain":0.0,"max_hp_loss":0.0,"gold_gain":0.0,"event_name":"Scrap Ooze","player_choice":"Success","floor":14.0,"gold_loss":0.0,"damage_taken":18.0,"relics_obtained":["MealTicket"]},{"damage_healed":0.0,"max_hp_gain":0.0,"max_hp_loss":0.0,"gold_gain":0.0,"event_name":"Accursed Blacksmith","player_choice":"Rummage","floor":19.0,"gold_loss":0.0,"damage_taken":0.0,"relics_obtained":["WarpedTongs"],"cards_obtained":["Pain"]},{"damage_healed":0.0,"max_hp_gain":0.0,"max_hp_loss":0.0,"gold_gain":0.0,"event_name":"The Mausoleum","player_choice":"Opened","floor":29.0,"gold_loss":0.0,"damage_taken":0.0,"relics_obtained":["Eternal Feather"]},{"damage_healed":0,"gold_gain":999,"player_choice":"Gold","damage_taken":0,"max_hp_gain":0,"max_hp_loss":0,"event_name":"MindBloom","floor":36,"gold_loss":0,"cards_obtained":["Normality","Normality"]},{"damage_healed":0,"gold_gain":0,"player_choice":"Ignored","damage_taken":0,"max_hp_gain":0,"max_hp_loss":0,"event_name":"Tomb of Lord Red Mask","floor":38,"gold_loss":0},{"damage_healed":0,"gold_gain":0,"player_choice":"Memory 3","damage_taken":10,"max_hp_gain":0,"max_hp_loss":0,"event_name":"SensoryStone","floor":41,"gold_loss":0}],"is_beta":false,"boss_relics":[{"not_picked":["Runic Dome","Runic Pyramid"],"picked":"Tiny House"},{"not_picked":["Pandora\u0027s Box","Velvet Choker"],"picked":"SacredBark"}],"items_purged_floors":[22,25,37,42],"is_endless":false,"potions_floor_spawned":[1,2,11,13,21,27,30,31,39],"ascension_level":7}}