{"host":"i7jfea87xc8lz16p","time":1611076550,"event":{"mods":["AchievementEnabler","BaseMod","Colored Powertips","Minty Spire (QoL Compilation)","Relic Stats"],"gold_per_floor":[111,111,125,14,27,52,52,77,102,2,2,2,43,59,59,155,155,174,174,198,113,138,138,158,158,158,158,33,67,82,103,103,201,201,215,235,27,0,0,0,0,0,51,51,69,69,82,100,100,100,100,100],"floor_reached":51,"language":"ENG","playtime":2585,"items_purged":["Strike_G","Strike_G","Strike_G"],"score":1345,"play_id":"5f3e53b9-102b-4e0a-a000-fd86c0c74685","local_time":"20210119181550","is_ascension_mode":true,"campfire_choices":[{"data":"Flechettes","floor":7,"key":"SMITH"},{"floor":11,"key":"REST"},{"data":"Blade Dance","floor":15,"key":"SMITH"},{"floor":23,"key":"REST"},{"floor":25,"key":"REST"},{"floor":27,"key":"REST"},{"floor":32,"key":"REST"},{"data":"Wraith Form v2","floor":40,"key":"SMITH"},{"data":"Malaise","floor":42,"key":"SMITH"},{"data":"After Image","floor":44,"key":"SMITH"},{"data":"Cloak And Dagger","floor":46,"key":"SMITH"},{"data":"Dagger Spray","floor":49,"key":"SMITH"}],"circlet_count":0,"master_deck":["AscendersBane","Strike_G","Strike_G","Defend_G","Defend_G","Defend_G","Defend_G","Defend_G","Survivor","Neutralize","Terror","Masterful Stab","Flechettes+1","Blade Dance+1","Malaise+1","Caltrops","Envenom","Dagger Spray+1","Necronomicurse","Finisher","Cloak And Dagger+1","Dash","After Image+1","Wraith Form v2+1","Acrobatics+1","Infinite Blades","Leg Sweep","Bouncing Flask+1"],"relics":["Ring of the Snake","NeowsBlessing","Orichalcum","Strawberry","Mummified Hand","Snake Skull","Golden Idol","Bag of Preparation","Snecko Eye","Necronomicon","Bronze Scales","HornCleat","Mango","WristBlade","Lee\u0027s Waffle","Red Mask","Bottled Lightning","Omamori"],"acts_visited":["Exordium","TheCity","TheBeyond"],"potions_floor_usage":[16,16,24,29,50,50],"damage_taken":[{"damage":0,"enemies":"2 Louse","floor":1,"turns":1},{"damage":0,"enemies":"Cultist","floor":3,"turns":1},{"damage":0,"enemies":"Small Slimes","floor":5,"turns":1},{"damage":22,"enemies":"Gremlin Nob","floor":6,"turns":4},{"damage":21,"enemies":"Lagavulin","floor":8,"turns":6},{"damage":0,"enemies":"Gremlin Nob","floor":13,"turns":3},{"damage":0,"enemies":"2 Fungi Beasts","floor":14,"turns":3},{"damage":46,"enemies":"Slime Boss","floor":16,"turns":11},{"damage":0,"enemies":"3 Byrds","floor":18,"turns":4},{"damage":9,"enemies":"Chosen","floor":20,"turns":4},{"damage":22,"enemies":"Shelled Parasite and Fungi","floor":22,"turns":3},{"damage":13,"enemies":"3 Cultists","floor":24,"turns":4},{"damage":17,"enemies":"Gremlin Leader","floor":29,"turns":5},{"damage":0,"enemies":"Centurion and Healer","floor":30,"turns":3},{"damage":0,"enemies":"Snecko","floor":31,"turns":4},{"damage":60,"enemies":"Champ","floor":33,"turns":11},{"damage":22,"enemies":"3 Darklings","floor":35,"turns":5},{"damage":0,"enemies":"3 Shapes","floor":36,"turns":3},{"damage":0,"enemies":"Transient","floor":45,"turns":6},{"damage":13,"enemies":"Sphere and 2 Shapes","floor":47,"turns":5},{"damage":0,"enemies":"Jaw Worm Horde","floor":48,"turns":2},{"damage":59,"enemies":"Donu and Deca","floor":50,"turns":9},{"damage":38,"enemies":"Time Eater","floor":51,"turns":6}],"seed_played":"-7850878422209458908","potions_obtained":[{"floor":6,"key":"Dexterity Potion"},{"floor":8,"key":"Dexterity Potion"},{"floor":13,"key":"Fruit Juice"},{"floor":22,"key":"Fruit Juice"},{"floor":24,"key":"Strength Potion"},{"floor":35,"key":"SneckoOil"},{"floor":45,"key":"SkillPotion"},{"floor":48,"key":"GhostInAJar"}],"is_trial":false,"path_per_floor":["M","?","M","$","M","E","R","E","T","$","R","?","E","M","R","B",null,"M","?","M","?","M","R","M","R","T","R","$","E","M","M","R","B",null,"M","M","$","?","?","R","T","R","T","R","M","R","M","M","R","B","B"],"character_chosen":"THE_SILENT","items_purchased":["Masterful Stab","Infinite Blades","Lee\u0027s Waffle"],"campfire_rested":5,"item_purchase_floors":[4,37,37],"current_hp_per_floor":[59,59,59,59,59,44,44,23,23,23,44,44,44,44,44,3,54,54,33,24,24,2,23,15,37,37,59,59,56,56,56,83,23,73,51,51,97,97,92,92,92,92,92,92,92,92,79,79,79,20,0,0],"gold":100,"neow_bonus":"THREE_ENEMY_KILL","is_daily":false,"chose_seed":false,"campfire_upgraded":7,"win_rate":0.0,"timestamp":1611076550,"path_taken":["M","?","?","$","M","E","R","E","T","$","R","?","E","M","R","BOSS","M","?","M","?","M","R","M","R","T","R","$","E","M","M","R","BOSS","M","M","$","?","?","R","?","R","T","R","M","R","M","M","R","BOSS","BOSS"],"items_purchased_type":["Card","Card","Relic"],"build_version":"2020-12-22","purchased_purges":3,"victory":false,"max_hp_per_floor":[66,66,66,66,66,73,73,73,73,73,73,66,66,66,66,71,71,71,71,71,71,71,71,76,76,76,76,76,90,90,90,90,90,90,90,90,97,97,92,92,92,92,92,92,92,92,92,92,92,92,92,92],"relic_stats":{"Lee\u0027s Waffle":46,"counters":[23,104],"Mummified Hand":[92],"Golden Idol":118,"Bronze Scales":[157],"Snecko Eye":[140,132,119,129],"Snake Skull":[271],"Bag of Preparation":[19],"Necronomicon":[24],"Orichalcum":[162],"obtain_stats":[{"Lee\u0027s Waffle":37,"NeowsBlessing":0,"Golden Idol":12,"Mango":29,"Snake Skull":9,"Bag of Preparation":13,"Omamori":43,"Orichalcum":2,"HornCleat":26,"WristBlade":34,"Mummified Hand":8,"Strawberry":6,"Bronze Scales":21,"Snecko Eye":17,"Necronomicon":19,"Red Mask":38,"Bottled Lightning":41,"Ring of the Snake":0},{"Lee\u0027s Waffle":18,"NeowsBlessing":0,"Golden Idol":5,"Mango":13,"Snake Skull":5,"Bag of Preparation":6,"Omamori":18,"Orichalcum":1,"HornCleat":12,"WristBlade":16,"Mummified Hand":5,"Strawberry":4,"Bronze Scales":10,"Snecko Eye":8,"Necronomicon":9,"Red Mask":18,"Bottled Lightning":18,"Ring of the Snake":0},{"Lee\u0027s Waffle":76,"NeowsBlessing":0,"Golden Idol":13,"Mango":50,"Snake Skull":13,"Bag of Preparation":16,"Omamori":76,"Orichalcum":1,"HornCleat":45,"WristBlade":68,"Mummified Hand":13,"Strawberry":7,"Bronze Scales":38,"Snecko Eye":30,"Necronomicon":34,"Red Mask":76,"Bottled Lightning":76,"Ring of the Snake":0}],"Ring of the Snake":[46]},"card_choices":[{"not_picked":["Acrobatics","Dodge and Roll"],"picked":"Quick Slash","floor":1},{"not_picked":["PiercingWail","Bane"],"picked":"Terror","floor":3},{"not_picked":["Leg Sweep","Cloak And Dagger"],"picked":"Flechettes","floor":5},{"not_picked":["Sucker Punch","Cloak And Dagger"],"picked":"Blade Dance","floor":6},{"not_picked":["Masterful Stab","Blade Dance"],"picked":"Malaise","floor":8},{"not_picked":["Backflip","Bane"],"picked":"Caltrops","floor":13},{"not_picked":["Flechettes","Dagger Throw","Outmaneuver"],"picked":"SKIP","floor":14},{"not_picked":["Phantasmal Killer","Glass Knife"],"picked":"Envenom","floor":16},{"not_picked":["Flying Knee","Poisoned Stab"],"picked":"Dagger Spray","floor":18},{"not_picked":["Blade Dance","Underhanded Strike","Quick Slash+1"],"picked":"SKIP","floor":20},{"not_picked":["Sucker Punch","Underhanded Strike"],"picked":"Finisher","floor":22},{"not_picked":["Deflect","Bane"],"picked":"Cloak And Dagger","floor":24},{"not_picked":["Concentrate+1","Tactician","Quick Slash"],"picked":"SKIP","floor":29},{"not_picked":["Outmaneuver","Finisher"],"picked":"Dash","floor":30},{"not_picked":["Poisoned Stab","Setup"],"picked":"After Image","floor":31},{"not_picked":["Malaise","Adrenaline"],"picked":"Wraith Form v2","floor":33},{"not_picked":["Poisoned Stab+1","Underhanded Strike","Outmaneuver"],"picked":"SKIP","floor":35},{"not_picked":["Sucker Punch","Riddle With Holes"],"picked":"Acrobatics+1","floor":36},{"not_picked":["Cloak And Dagger","Backflip+1"],"picked":"Leg Sweep","floor":45},{"not_picked":["Tactician","Prepared","Acrobatics"],"picked":"SKIP","floor":47},{"not_picked":["Predator+1","Flechettes+1"],"picked":"Bouncing Flask+1","floor":48}],"player_experience":1821366,"relics_obtained":[{"floor":6,"key":"Strawberry"},{"floor":8,"key":"Mummified Hand"},{"floor":9,"key":"Snake Skull"},{"floor":13,"key":"Bag of Preparation"},{"floor":19,"key":"Necronomicon"},{"floor":26,"key":"HornCleat"},{"floor":29,"key":"Mango"},{"floor":41,"key":"Bottled Lightning"},{"floor":43,"key":"Omamori"}],"event_choices":[{"cards_removed":["Quick Slash"],"damage_healed":0,"gold_gain":0,"player_choice":"Gave Card","damage_taken":0,"relics_obtained":["Orichalcum"],"max_hp_gain":0,"max_hp_loss":0,"event_name":"WeMeetAgain","floor":2,"gold_loss":0},{"damage_healed":0,"gold_gain":0,"player_choice":"Lose Max HP","damage_taken":0,"relics_obtained":["Golden Idol"],"max_hp_gain":0,"max_hp_loss":7,"event_name":"Golden Idol","floor":12,"gold_loss":0},{"damage_healed":0,"gold_gain":0,"player_choice":"Obtained Book","damage_taken":21,"max_hp_gain":0,"max_hp_loss":0,"event_name":"Cursed Tome","floor":19,"gold_loss":0},{"damage_healed":0,"gold_gain":0,"player_choice":"Obtained Relic","damage_taken":0,"relics_obtained":["Bronze Scales"],"max_hp_gain":0,"max_hp_loss":0,"event_name":"Addict","floor":21,"gold_loss":85},{"damage_healed":0,"gold_gain":0,"player_choice":"Paid","damage_taken":0,"relics_obtained":["Red Mask"],"max_hp_gain":0,"max_hp_loss":0,"event_name":"Tomb of Lord Red Mask","floor":38,"gold_loss":27},{"damage_healed":0,"gold_gain":0,"player_choice":"Max HP","damage_taken":0,"max_hp_gain":0,"max_hp_loss":5,"event_name":"Winding Halls","floor":39,"gold_loss":0}],"is_beta":false,"boss_relics":[{"not_picked":["Tiny House","Astrolabe"],"picked":"Snecko Eye"},{"not_picked":["Ring of the Serpent","SacredBark"],"picked":"WristBlade"}],"items_purged_floors":[4,10,28],"is_endless":false,"potions_floor_spawned":[6,8,13,22,24,35,45,48],"killed_by":"Time Eater","ascension_level":20}}