{"host":"ix2a18c4ohfsrslv","time":1611080602,"event":{"mods":["BaseMod","Better Third Choice","Downfall","Minty Spire (QoL Compilation)","StSLib"],"gold_per_floor":[0,11,11,27,107,257,257,15,15,40,40,60,60,76,91,188,188,188,202,13,13,27,27,27,27,54,133,158,158,36,36,53,53,53,53],"floor_reached":33,"language":"ENG","playtime":1992,"items_purged":["Normality","bronze:Goto","bronze:WhirlingStrike"],"score":261,"play_id":"2dd77138-af74-408b-8ba9-2c35caac1aa3","local_time":"20210119102322","is_ascension_mode":false,"campfire_choices":[{"data":"bronze:Replicate","floor":1,"key":"SMITH"},{"floor":11,"key":"REST"},{"data":"bronze:Terminator","floor":13,"key":"SMITH"},{"data":"bronze:Separator","floor":18,"key":"SMITH"},{"data":"bronze:Turbo","floor":23,"key":"SMITH"},{"floor":29,"key":"REST"}],"circlet_count":0,"master_deck":["bronze:Strike","bronze:Strike","bronze:Strike","bronze:Defend","bronze:Defend","bronze:Constructor","downfall:Icky","bronze:Frontload","bronze:ItsAFeature","bronze:Terminator+1","bronze:Separator+1","bronze:Turbo+1","bronze:FollowUp","bronze:CutThrough","bronze:BugBarrage","bronze:ClassDefault"],"relics":["bronze:BronzeCore","WingedGreaves","Kunai","Mercury Hourglass","Membership Card","Tiny Chest","Runic Dome","Question Card","Pantograph","Calipers","White Beast Statue","Juzu Bracelet"],"acts_visited":["Exordium","TheCity"],"potions_floor_usage":[14,16,19,32,33,33],"damage_taken":[{"damage":2,"enemies":"2 Louse","floor":2,"turns":3},{"damage":1,"enemies":"Cultist","floor":4,"turns":3},{"damage":5,"enemies":"downfall:FleeingMerchant","floor":8,"turns":4},{"damage":32,"enemies":"Gremlin Nob","floor":10,"turns":5},{"damage":11,"enemies":"Jaw Worm","floor":12,"turns":2},{"damage":0,"enemies":"3 Louse","floor":14,"turns":3},{"damage":9,"enemies":"Exordium Thugs","floor":15,"turns":6},{"damage":14,"enemies":"SI_SHIV_ARCHETYPE","floor":16,"turns":7},{"damage":5,"enemies":"Shell Parasite","floor":19,"turns":4},{"damage":9,"enemies":"downfall:FleeingMerchant","floor":20,"turns":4},{"damage":6,"enemies":"Chosen","floor":22,"turns":4},{"damage":40,"enemies":"Gremlin Leader","floor":26,"turns":9},{"damage":0,"enemies":"downfall:FleeingMerchant","floor":30,"turns":4},{"damage":0,"enemies":"3 Cultists","floor":32,"turns":5},{"damage":56,"enemies":"WA_ARCHETYPE_CALM","floor":33,"turns":16}],"seed_played":"-2377747393300555923","potions_obtained":[{"floor":4,"key":"LiquidBronze"},{"floor":10,"key":"Block Potion"},{"floor":15,"key":"Swift Potion"},{"floor":26,"key":"FearPotion"},{"floor":30,"key":"Energy Potion"},{"floor":32,"key":"EssenceOfSteel"}],"is_trial":false,"path_per_floor":["R","M","?","M","T","?","T","$","?","E","R","M","R","M","M","B",null,"R","M","$","?","M","R","T","?","E","T","T","R","$","?","M","B"],"character_chosen":"THE_AUTOMATON","items_purchased":["Membership Card","bronze:ItsAFeature","Question Card","bronze:ClassDefault","Explosive Potion"],"campfire_rested":2,"item_purchase_floors":[8,8,20,30,30],"current_hp_per_floor":[70,68,68,67,67,67,67,62,62,30,51,40,40,40,31,17,70,70,65,56,56,50,50,50,50,10,10,10,31,31,31,31,0,0,0],"gold":53,"neow_bonus":"ONE_RARE_RELIC","is_daily":false,"chose_seed":false,"campfire_upgraded":4,"win_rate":0.0,"timestamp":1611080602,"path_taken":["R","M","?","?","?","?","T","$","?","E","R","M","R","M","M","BOSS","R","M","$","?","M","R","T","?","E","?","?","R","?","?","M","BOSS"],"items_purchased_type":["Relic","Card","Relic","Card","Potion"],"build_version":"2020-12-22","purchased_purges":3,"victory":false,"max_hp_per_floor":[70,70,70,70,70,70,70,70,70,70,70,70,70,70,70,70,70,70,70,70,70,70,70,70,70,70,70,70,70,70,70,70,70,70,70],"card_choices":[{"not_picked":["bronze:BuggyMess","bronze:Fortify"],"picked":"bronze:Constructor","floor":2},{"not_picked":["bronze:BitShift","bronze:OilSpill"],"picked":"bronze:WhirlingStrike","floor":4},{"not_picked":["bronze:FindAndReplace","bronze:DelayedSlice"],"picked":"bronze:Frontload","floor":8},{"not_picked":["bronze:ForceShield","bronze:Branch"],"picked":"bronze:Terminator","floor":10},{"not_picked":["bronze:DelayedGuard","bronze:BuggyMess"],"picked":"bronze:Separator","floor":12},{"not_picked":["bronze:Overheat","bronze:BronzeArmor"],"picked":"bronze:Turbo","floor":14},{"not_picked":["bronze:Safeguard","bronze:Backtrace"],"picked":"bronze:FollowUp","floor":15},{"not_picked":["bronze:Allocate+1","bronze:Deprecate","bronze:DelayedGuard"],"picked":"SKIP","floor":19},{"not_picked":["bronze:Frontload","bronze:WildBeam","bronze:OilSpill+1"],"picked":"SKIP","floor":20},{"not_picked":["bronze:Shell+1","bronze:FineTuning","bronze:Overheat","bronze:DelayedGuard"],"picked":"SKIP","floor":22},{"not_picked":["bronze:Shield","bronze:DelayedGuard","bronze:BitShift"],"picked":"bronze:CutThrough","floor":26},{"not_picked":["bronze:ChildClass","bronze:Shell+1","bronze:Philosophize"],"picked":"bronze:BugBarrage","floor":30},{"not_picked":["bronze:OilSpill","bronze:Repair","bronze:Format","bronze:Philosophize"],"picked":"SKIP","floor":32}],"player_experience":172104,"relics_obtained":[{"floor":5,"key":"Kunai"},{"floor":7,"key":"Mercury Hourglass"},{"floor":10,"key":"Tiny Chest"},{"floor":24,"key":"Pantograph"},{"floor":26,"key":"Calipers"},{"floor":27,"key":"White Beast Statue"},{"floor":28,"key":"Juzu Bracelet"}],"event_choices":[],"is_beta":false,"boss_relics":[{"not_picked":["Snecko Eye","Astrolabe"],"picked":"Runic Dome"}],"items_purged_floors":[8,20,30],"is_endless":false,"potions_floor_spawned":[4,10,15,26,30,32],"killed_by":"WA_ARCHETYPE_CALM","ascension_level":0}}