{"host":"3zmssa4s99zhxek5","time":1611030177,"event":{"mods":["AchievementEnabler","BaseMod","Minty Spire (QoL Compilation)","Permanent Neow","Relic Stats"],"gold_per_floor":[112,122,47,66,66,99,115,115,167,200,200,5,5,17,17,92,92,105,115,115,125,41,67,67,67,67,67,94,94,110,130,130,207,207,226,226,243,168,182,209,224,256,256,48,67,118,118,151,151,151,151],"floor_reached":52,"language":"KOR","playtime":3071,"items_purged":["Strike_G","Strike_G"],"score":2055,"play_id":"3d2d8bbd-55e1-419d-9660-a0456c4b57da","local_time":"20210119132257","is_ascension_mode":true,"campfire_choices":[{"data":"Glass Knife","floor":8.0,"key":"SMITH"},{"data":"Envenom","floor":11.0,"key":"SMITH"},{"data":"Sadistic Nature","floor":15,"key":"SMITH"},{"data":"Noxious Fumes","floor":24,"key":"SMITH"},{"data":"Neutralize","floor":27,"key":"SMITH"},{"data":"Survivor","floor":29,"key":"SMITH"},{"data":"Footwork","floor":32,"key":"SMITH"},{"data":"Wraith Form v2","floor":47,"key":"SMITH"},{"floor":49,"key":"REST"}],"circlet_count":0,"master_deck":["AscendersBane","Defend_G","Defend_G","Defend_G","Survivor+1","Neutralize+1","Glass Knife+1","Envenom+1","Backstab","Dash","Riddle With Holes","All Out Attack","Dagger Spray","Sadistic Nature+1","Venomology","Noxious Fumes+1","Riddle With Holes+1","Footwork+1","Wraith Form v2+1","PiercingWail"],"relics":["Ring of the Snake","Meat on the Bone","Regal Pillow","Toy Ornithopter","Velvet Choker","Pocketwatch","Unceasing Top","Happy Flower","Busted Crown","Art of War","Centennial Puzzle","Ice Cream","The Courier","Akabeko","Turnip","Snake Skull"],"acts_visited":["Exordium","TheCity","TheBeyond"],"potions_floor_usage":[18,19,21,23,23,30,30,33,33,37,39,40,40,42,42,42,46,48,50,51,51,51],"damage_taken":[{"damage":0.0,"enemies":"2 Louse","floor":1.0,"turns":3.0},{"damage":1.0,"enemies":"Small Slimes","floor":2.0,"turns":3.0},{"damage":0.0,"enemies":"Cultist","floor":4.0,"turns":2.0},{"damage":17.0,"enemies":"3 Sentries","floor":6.0,"turns":9.0},{"damage":0.0,"enemies":"Blue Slaver","floor":7.0,"turns":2.0},{"damage":2.0,"enemies":"Lagavulin","floor":10.0,"turns":4.0},{"damage":8,"enemies":"Large Slime","floor":14,"turns":3},{"damage":0,"enemies":"Slime Boss","floor":16,"turns":5},{"damage":3,"enemies":"Chosen","floor":18,"turns":4},{"damage":13,"enemies":"Shell Parasite","floor":19,"turns":4},{"damage":11,"enemies":"Snecko","floor":21,"turns":4},{"damage":34,"enemies":"Slavers","floor":23,"turns":4},{"damage":0,"enemies":"Gremlin Leader","floor":28,"turns":4},{"damage":1,"enemies":"3 Cultists","floor":30,"turns":3},{"damage":19,"enemies":"Centurion and Healer","floor":31,"turns":5},{"damage":29,"enemies":"Collector","floor":33,"turns":6},{"damage":5,"enemies":"Orb Walker","floor":35,"turns":3},{"damage":6,"enemies":"3 Shapes","floor":37,"turns":5},{"damage":2,"enemies":"Spire Growth","floor":39,"turns":5},{"damage":30,"enemies":"Giant Head","floor":40,"turns":6},{"damage":10,"enemies":"Jaw Worm Horde","floor":41,"turns":3},{"damage":18,"enemies":"Nemesis","floor":42,"turns":7},{"damage":5,"enemies":"4 Shapes","floor":45,"turns":3},{"damage":19,"enemies":"2 Orb Walkers","floor":46,"turns":5},{"damage":5,"enemies":"Giant Head","floor":48,"turns":6},{"damage":26,"enemies":"Awakened One","floor":50,"turns":8},{"damage":47,"enemies":"Time Eater","floor":51,"turns":9}],"seed_played":"-7345074042693197099","potions_obtained":[{"floor":2.0,"key":"SpeedPotion"},{"floor":6.0,"key":"SneckoOil"},{"floor":14,"key":"DuplicationPotion"},{"floor":28,"key":"SkillPotion"}],"is_trial":false,"path_per_floor":["M","M","?","M","?","E","M","R","T","E","R","$","?","M","R","B",null,"M","M","?","M","$","E","R","?","T","R","E","R","M","M","R","B",null,"M","T","M","$","M","E","M","E","T","$","M","?","R","E","R","B","B",null],"character_chosen":"THE_SILENT","items_purchased":["Sadistic Nature","Noxious Fumes","Akabeko"],"campfire_rested":1,"item_purchase_floors":[12,22,44],"current_hp_per_floor":[44,43,43,43,36,19,31,31,31,41,41,41,41,45,45,45,61,63,53,35,41,41,29,29,29,29,29,41,41,50,43,43,36,62,57,57,56,56,68,41,43,40,40,40,47,45,45,45,71,50,30],"gold":151,"neow_bonus":"TRANSFORM_TWO_CARDS","is_daily":false,"chose_seed":false,"campfire_upgraded":8,"win_rate":0.0,"timestamp":1611030177,"path_taken":["M","M","?","M","?","E","M","R","T","E","R","$","?","M","R","BOSS","M","M","?","M","$","E","R","?","T","R","E","R","M","M","R","BOSS","M","?","M","$","M","E","M","E","T","$","M","?","R","E","R","BOSS","BOSS"],"items_purchased_type":["Card","Card","Relic"],"build_version":"2020-12-22","purchased_purges":2,"victory":true,"max_hp_per_floor":[66,66,66,66,66,66,66,66,66,66,66,66,66,66,66,66,66,66,66,71,71,71,71,71,71,71,71,71,71,71,71,71,71,71,71,71,71,71,71,71,71,71,71,71,71,71,71,71,71,71,71],"relic_stats":{"Regal Pillow":5,"Happy Flower":[24],"counters":[27,125],"Snake Skull":[119],"Centennial Puzzle":[21],"Busted Crown":18,"Turnip":[1],"Art of War":[2],"obtain_stats":[{"Ice Cream":42,"Regal Pillow":9,"Happy Flower":28,"Velvet Choker":17,"The Courier":43,"Snake Skull":48,"Akabeko":44,"Centennial Puzzle":40,"Busted Crown":34,"Turnip":46,"Art of War":36,"Toy Ornithopter":10,"Unceasing Top":26,"Ring of the Snake":0,"Meat on the Bone":6,"Pocketwatch":23},{"Ice Cream":22,"Regal Pillow":5,"Happy Flower":13,"Velvet Choker":8,"The Courier":22,"Snake Skull":25,"Akabeko":22,"Centennial Puzzle":20,"Busted Crown":16,"Turnip":24,"Art of War":17,"Toy Ornithopter":6,"Unceasing Top":12,"Ring of the Snake":0,"Meat on the Bone":4,"Pocketwatch":12},{"Ice Cream":94,"Regal Pillow":19,"Happy Flower":51,"Velvet Choker":31,"The Courier":94,"Snake Skull":108,"Akabeko":94,"Centennial Puzzle":84,"Busted Crown":65,"Turnip":102,"Art of War":68,"Toy Ornithopter":23,"Unceasing Top":47,"Ring of the Snake":0,"Meat on the Bone":17,"Pocketwatch":47}],"Toy Ornithopter":101,"Unceasing Top":[22],"Ring of the Snake":[54],"Meat on the Bone":144,"Pocketwatch":[48]},"card_choices":[{"not_picked":["Quick Slash","Distraction"],"picked":"Backstab","floor":1.0},{"not_picked":["Dagger Throw","Poisoned Stab"],"picked":"Dash","floor":2.0},{"not_picked":["Sucker Punch","Flechettes"],"picked":"Riddle With Holes","floor":4.0},{"not_picked":["Underhanded Strike","Setup","Accuracy"],"picked":"SKIP","floor":6.0},{"not_picked":["Underhanded Strike","Setup","Accuracy"],"picked":"SKIP","floor":6.0},{"not_picked":["Underhanded Strike","Setup","Accuracy"],"picked":"SKIP","floor":6.0},{"not_picked":["Quick Slash","Blade Dance"],"picked":"All Out Attack","floor":7.0},{"not_picked":["Setup","Poisoned Stab"],"picked":"Dagger Spray","floor":10.0},{"not_picked":["Dash","Tactician","Reflex"],"picked":"SKIP","floor":14},{"not_picked":["Phantasmal Killer","Envenom"],"picked":"Venomology","floor":16},{"not_picked":["Flying Knee","Finisher+1","Terror"],"picked":"SKIP","floor":18},{"not_picked":["Outmaneuver","Dodge and Roll"],"picked":"Blade Dance","floor":19},{"not_picked":["Predator","Quick Slash","Poisoned Stab"],"picked":"SKIP","floor":21},{"not_picked":["Predator","Quick Slash","Poisoned Stab"],"picked":"SKIP","floor":21},{"not_picked":["Blur","Unload"],"picked":"Riddle With Holes+1","floor":23},{"not_picked":["Riddle With Holes","All Out Attack","Prepared"],"picked":"SKIP","floor":28},{"not_picked":["Bane","Prepared"],"picked":"Footwork","floor":30},{"not_picked":["Eviscerate","Backstab","Skewer+1"],"picked":"SKIP","floor":31},{"not_picked":["Adrenaline","Venomology"],"picked":"Wraith Form v2","floor":33},{"not_picked":["Outmaneuver"],"picked":"SKIP","floor":35},{"not_picked":["Expertise"],"picked":"SKIP","floor":37},{"not_picked":["Sucker Punch+1"],"picked":"SKIP","floor":39},{"not_picked":[],"picked":"PiercingWail","floor":40},{"not_picked":["Sucker Punch"],"picked":"SKIP","floor":41},{"not_picked":["Acrobatics+1"],"picked":"SKIP","floor":42},{"not_picked":["Sucker Punch+1"],"picked":"SKIP","floor":45},{"not_picked":["Dagger Throw"],"picked":"SKIP","floor":48}],"player_experience":1513028,"relics_obtained":[{"floor":6.0,"key":"Meat on the Bone"},{"floor":9.0,"key":"Regal Pillow"},{"floor":10.0,"key":"Toy Ornithopter"},{"floor":23,"key":"Pocketwatch"},{"floor":26,"key":"Unceasing Top"},{"floor":28,"key":"Happy Flower"},{"floor":36,"key":"Art of War"},{"floor":40,"key":"Centennial Puzzle"},{"floor":42,"key":"Ice Cream"},{"floor":43,"key":"The Courier"},{"floor":46,"key":"Turnip"},{"floor":48,"key":"Snake Skull"}],"event_choices":[{"cards_removed":["Defend_G"],"damage_healed":0.0,"max_hp_gain":0.0,"max_hp_loss":0.0,"gold_gain":0.0,"event_name":"The Cleric","player_choice":"Card Removal","floor":3.0,"gold_loss":75.0,"damage_taken":0.0},{"cards_removed":["Strike_G"],"damage_healed":0.0,"max_hp_gain":0.0,"max_hp_loss":0.0,"gold_gain":0.0,"event_name":"Golden Wing","player_choice":"Card Removal","floor":5.0,"gold_loss":0.0,"damage_taken":7.0},{"cards_removed":["Strike_G"],"damage_healed":0,"gold_gain":0,"player_choice":"Forget","damage_taken":0,"max_hp_gain":0,"max_hp_loss":0,"event_name":"Living Wall","floor":13,"gold_loss":0},{"damage_healed":0,"gold_gain":0,"player_choice":"Shed Blood","damage_taken":23,"max_hp_gain":5,"max_hp_loss":0,"event_name":"Forgotten Altar","floor":20,"gold_loss":0},{"cards_removed":["Blade Dance"],"damage_healed":0,"gold_gain":0,"player_choice":"Purged","damage_taken":0,"max_hp_gain":0,"max_hp_loss":0,"event_name":"Purifier","floor":25,"gold_loss":0},{"damage_healed":0,"gold_gain":0,"player_choice":"Fight","damage_taken":0,"max_hp_gain":0,"max_hp_loss":0,"event_name":"Mysterious Sphere","floor":46,"gold_loss":0}],"is_beta":false,"boss_relics":[{"not_picked":["Sozu","Calling Bell"],"picked":"Velvet Choker"},{"not_picked":["Snecko Eye","Runic Pyramid"],"picked":"Busted Crown"}],"items_purged_floors":[38,44],"is_endless":false,"potions_floor_spawned":[2,6,14,19,21,28,35,39,48],"ascension_level":20}}