{"host":"ml2ro5l6hu6y0pll","time":1611016755,"event":{"mods":["AchievementEnabler","BaseMod","Colored Map","Colored Powertips","Custom Start","Googly Eyes","Minty Spire (QoL Compilation)","Quick Restart","Rare Cards Sparkle","Relic Stats","StSLib","everything is the same but u backflip on backflip"],"gold_per_floor":[117,136,136,146,166,193,523,548,601,635,499,513,538,564,564,639,639,650,650,666,681,699,727,727,753,753,784,547,572,603,439,439,516,516,529,529,548,284,300,332,365,399,399,427,458,458,491,509,509,509,509],"floor_reached":52,"language":"ENG","playtime":1898,"items_purged":["Bane"],"score":3652,"play_id":"9a44961c-7785-4c53-9d38-b87bfe051d5f","local_time":"20210119003915","daily_mods":["Flight","Elite Swarm"],"is_ascension_mode":true,"campfire_choices":[{"data":"Bouncing Flask","floor":15,"key":"SMITH"},{"data":"Adrenaline","floor":24,"key":"SMITH"},{"data":"Adrenaline","floor":32,"key":"SMITH"},{"data":"Burst","floor":49,"key":"SMITH"}],"circlet_count":0,"master_deck":["Backflip+1","Deadly Poison+1","Catalyst+1","Survivor+1","Deadly Poison+1","Deadly Poison+1","Crippling Poison+1","Catalyst+1","Night Terror+1","Well Laid Plans+1","Wraith Form v2+1","Endless Agony","Bouncing Flask+1","After Image","Storm of Steel","Adrenaline+1","Dagger Spray","PiercingWail","Burst+1","Bullet Time","Adrenaline","Bullet Time","Adrenaline+1","Backflip+1","Adrenaline+1"],"relics":["Ring of the Snake","The Specimen","HoveringKite","Tingsha","Tough Bandages","Snake Skull","TwistedFunnel","Kunai","Old Coin","Sundial","Bag of Marbles","Potion Belt","Ginger","Juzu Bracelet","Philosopher\u0027s Stone","Regal Pillow","Lantern","MealTicket","Gambling Chip","Bag of Preparation","Eternal Feather","InkBottle","Oddly Smooth Stone","Runic Pyramid","Toxic Egg 2","FossilizedHelix","Blue Candle","HornCleat","StrikeDummy","Blood Vial","Centennial Puzzle","Meat on the Bone"],"acts_visited":["Exordium","TheCity","TheBeyond"],"potions_floor_usage":[23,51,51],"damage_taken":[{"damage":0,"enemies":"2 Louse","floor":1,"turns":1},{"damage":0,"enemies":"Small Slimes","floor":2,"turns":1},{"damage":1,"enemies":"Jaw Worm","floor":4,"turns":2},{"damage":0,"enemies":"Large Slime","floor":5,"turns":1},{"damage":0,"enemies":"3 Sentries","floor":6,"turns":3},{"damage":0,"enemies":"Lagavulin","floor":7,"turns":2},{"damage":0,"enemies":"Gremlin Nob","floor":8,"turns":2},{"damage":0,"enemies":"Lagavulin","floor":10,"turns":2},{"damage":0,"enemies":"3 Louse","floor":12,"turns":2},{"damage":0,"enemies":"Gremlin Nob","floor":13,"turns":2},{"damage":0,"enemies":"Lagavulin","floor":14,"turns":2},{"damage":0,"enemies":"Hexaghost","floor":16,"turns":2},{"damage":0,"enemies":"Spheric Guardian","floor":18,"turns":2},{"damage":2,"enemies":"2 Thieves","floor":20,"turns":3},{"damage":0,"enemies":"Centurion and Healer","floor":21,"turns":3},{"damage":0,"enemies":"Snecko","floor":22,"turns":2},{"damage":2,"enemies":"Slavers","floor":23,"turns":3},{"damage":0,"enemies":"Gremlin Leader","floor":25,"turns":2},{"damage":18,"enemies":"Book of Stabbing","floor":27,"turns":3},{"damage":0,"enemies":"Gremlin Leader","floor":29,"turns":1},{"damage":0,"enemies":"Slavers","floor":30,"turns":2},{"damage":18,"enemies":"Champ","floor":33,"turns":3},{"damage":0,"enemies":"Orb Walker","floor":35,"turns":1},{"damage":0,"enemies":"3 Darklings","floor":37,"turns":2},{"damage":0,"enemies":"Transient","floor":39,"turns":1},{"damage":0,"enemies":"Nemesis","floor":40,"turns":1},{"damage":0,"enemies":"Reptomancer","floor":41,"turns":1},{"damage":0,"enemies":"Giant Head","floor":42,"turns":1},{"damage":0,"enemies":"Reptomancer","floor":44,"turns":1},{"damage":0,"enemies":"Nemesis","floor":45,"turns":1},{"damage":0,"enemies":"Reptomancer","floor":47,"turns":1},{"damage":0,"enemies":"Maw","floor":48,"turns":1},{"damage":0,"enemies":"Donu and Deca","floor":50,"turns":3},{"damage":0,"enemies":"Awakened One","floor":51,"turns":4}],"seed_played":"3758567230195596816","potions_obtained":[{"floor":1,"key":"GamblersBrew"},{"floor":2,"key":"CultistPotion"},{"floor":8,"key":"PowerPotion"},{"floor":13,"key":"ColorlessPotion"},{"floor":16,"key":"Dexterity Potion"},{"floor":18,"key":"GhostInAJar"},{"floor":23,"key":"Regen Potion"}],"is_trial":true,"path_per_floor":["M","M","?","M","M","E","E","E","T","E","$","M","E","E","R","B",null,"M","?","M","M","M","E","R","E","T","E","$","E","E","$","R","B",null,"M","?","M","$","M","E","E","E","T","E","E","$","E","M","R","B","B",null],"character_chosen":"THE_SILENT","items_purchased":["Dagger Spray","DuplicationPotion","Bag of Preparation","Oddly Smooth Stone","Toxic Egg 2"],"campfire_rested":0,"item_purchase_floors":[11,11,28,31,38],"current_hp_per_floor":[59,59,59,58,58,58,58,58,58,58,58,58,58,58,58,58,64,64,64,62,62,62,60,60,60,60,42,57,57,57,66,66,48,62,62,62,62,63,63,63,63,63,63,63,63,63,63,63,63,63,63],"gold":509,"neow_bonus":"","is_daily":false,"chose_seed":false,"campfire_upgraded":4,"win_rate":0.0,"timestamp":1611016755,"path_taken":["M","M","?","M","M","E","E","E","T","E","$","M","E","E","R","BOSS","M","?","M","M","M","E","R","E","T","E","$","E","E","$","R","BOSS","M","?","M","$","M","E","E","E","T","E","E","$","E","M","R","BOSS","BOSS"],"items_purchased_type":["Card","Potion","Relic","Relic","Relic"],"build_version":"2020-12-22","purchased_purges":1,"victory":true,"max_hp_per_floor":[66,66,66,66,66,66,66,66,66,66,66,66,66,66,66,66,66,66,66,66,66,66,66,66,66,66,66,66,66,66,66,66,66,66,66,63,63,63,63,63,63,63,63,63,63,63,63,63,63,63,63],"relic_stats":{"Regal Pillow":0,"counters":[34,64],"Blue Candle":[0],"HoveringKite":[17],"Tingsha":[174],"Eternal Feather":0,"Snake Skull":[351],"Juzu Bracelet":0,"Bag of Preparation":[30],"Ginger":[0],"Blood Vial":0,"Tough Bandages":[174],"Centennial Puzzle":[0],"Sundial":[2],"Gambling Chip":[46],"MealTicket":25,"Kunai":[7],"obtain_stats":[{"TwistedFunnel":0,"Regal Pillow":23,"Lantern":25,"HoveringKite":0,"Snake Skull":0,"Juzu Bracelet":14,"Bag of Preparation":28,"Ginger":13,"Old Coin":7,"Blood Vial":44,"Tough Bandages":0,"Centennial Puzzle":45,"HornCleat":42,"Sundial":8,"Gambling Chip":27,"Philosopher\u0027s Stone":17,"MealTicket":26,"Kunai":6,"Toxic Egg 2":38,"InkBottle":30,"Ring of the Snake":0,"Runic Pyramid":34,"Potion Belt":10,"The Specimen":0,"Blue Candle":41,"Oddly Smooth Stone":31,"Tingsha":0,"Eternal Feather":29,"Bag of Marbles":9,"StrikeDummy":43,"FossilizedHelix":40,"Meat on the Bone":47},{"TwistedFunnel":0,"Regal Pillow":17,"Lantern":18,"HoveringKite":0,"Snake Skull":0,"Juzu Bracelet":11,"Bag of Preparation":19,"Ginger":10,"Old Coin":6,"Blood Vial":29,"Tough Bandages":0,"Centennial Puzzle":30,"HornCleat":28,"Sundial":7,"Gambling Chip":19,"Philosopher\u0027s Stone":12,"MealTicket":18,"Kunai":5,"Toxic Egg 2":24,"InkBottle":21,"Ring of the Snake":0,"Runic Pyramid":22,"Potion Belt":8,"The Specimen":0,"Blue Candle":27,"Oddly Smooth Stone":21,"Tingsha":0,"Eternal Feather":20,"Bag of Marbles":7,"StrikeDummy":28,"FossilizedHelix":26,"Meat on the Bone":31},{"TwistedFunnel":0,"Regal Pillow":35,"Lantern":37,"HoveringKite":0,"Snake Skull":0,"Juzu Bracelet":20,"Bag of Preparation":40,"Ginger":18,"Old Coin":10,"Blood Vial":54,"Tough Bandages":0,"Centennial Puzzle":55,"HornCleat":53,"Sundial":12,"Gambling Chip":40,"Philosopher\u0027s Stone":22,"MealTicket":37,"Kunai":8,"Toxic Egg 2":49,"InkBottle":43,"Ring of the Snake":0,"Runic Pyramid":46,"Potion Belt":14,"The Specimen":0,"Blue Candle":52,"Oddly Smooth Stone":43,"Tingsha":0,"Eternal Feather":41,"Bag of Marbles":12,"StrikeDummy":53,"FossilizedHelix":51,"Meat on the Bone":56}],"InkBottle":[7],"Ring of the Snake":[72],"Meat on the Bone":0},"card_choices":[{"not_picked":["Endless Agony","Cloak And Dagger","Masterful Stab"],"picked":"SKIP","floor":1},{"not_picked":["Cloak And Dagger","Masterful Stab"],"picked":"Endless Agony","floor":1},{"not_picked":["Dagger Throw","Underhanded Strike"],"picked":"Skewer","floor":2},{"not_picked":["Setup","Deflect"],"picked":"Bane","floor":4},{"not_picked":["Bane","Cloak And Dagger"],"picked":"Bouncing Flask","floor":5},{"not_picked":["Envenom","Night Terror"],"picked":"After Image","floor":6},{"not_picked":["Doppelganger","Envenom","Night Terror"],"picked":"SKIP","floor":7},{"not_picked":["Corpse Explosion","Doppelganger"],"picked":"Storm of Steel","floor":8},{"not_picked":["Envenom","Venomology"],"picked":"Adrenaline","floor":10},{"not_picked":["Underhanded Strike","Backflip","Terror"],"picked":"SKIP","floor":12},{"not_picked":["A Thousand Cuts","Storm of Steel","Phantasmal Killer"],"picked":"SKIP","floor":13},{"not_picked":["Phantasmal Killer","Burst","A Thousand Cuts"],"picked":"SKIP","floor":14},{"not_picked":["Acrobatics","Poisoned Stab"],"picked":"PiercingWail","floor":18},{"not_picked":["Masterful Stab","Underhanded Strike+1","Flying Knee"],"picked":"SKIP","floor":20},{"not_picked":["Backflip","Deadly Poison"],"picked":"Burst","floor":21},{"not_picked":["Prepared","Concentrate","Outmaneuver"],"picked":"SKIP","floor":22},{"not_picked":["Tools of the Trade","Corpse Explosion","Phantasmal Killer"],"picked":"SKIP","floor":23},{"not_picked":["Corpse Explosion","Tools of the Trade"],"picked":"Bullet Time","floor":25},{"not_picked":["Envenom","Venomology"],"picked":"Adrenaline","floor":27},{"not_picked":["Unload","Night Terror"],"picked":"Bullet Time","floor":29},{"not_picked":["Malaise","Tools of the Trade"],"picked":"Adrenaline","floor":30},{"not_picked":["Deflect+1","Dagger Throw+1","PiercingWail"],"picked":"SKIP","floor":35},{"not_picked":["Dagger Throw","Sucker Punch","Prepared"],"picked":"SKIP","floor":37},{"not_picked":["Outmaneuver+1","All Out Attack"],"picked":"Backflip+1","floor":39},{"not_picked":["Phantasmal Killer+1","Tools of the Trade","Grand Finale"],"picked":"SKIP","floor":40},{"not_picked":["Grand Finale","Tools of the Trade","Glass Knife"],"picked":"SKIP","floor":41},{"not_picked":["Night Terror+1","Storm of Steel+1","Glass Knife"],"picked":"SKIP","floor":42},{"not_picked":["Malaise+1","Night Terror+1"],"picked":"Adrenaline+1","floor":44},{"not_picked":["Tools of the Trade","Glass Knife","Night Terror+1"],"picked":"SKIP","floor":45},{"not_picked":["Corpse Explosion+1","Tools of the Trade","Unload"],"picked":"SKIP","floor":47},{"not_picked":["Outmaneuver+1","Masterful Stab","Sucker Punch"],"picked":"SKIP","floor":48}],"player_experience":835456,"relics_obtained":[{"floor":6,"key":"Kunai"},{"floor":7,"key":"Old Coin"},{"floor":8,"key":"Sundial"},{"floor":9,"key":"Bag of Marbles"},{"floor":10,"key":"Potion Belt"},{"floor":13,"key":"Ginger"},{"floor":14,"key":"Juzu Bracelet"},{"floor":23,"key":"Regal Pillow"},{"floor":25,"key":"Lantern"},{"floor":26,"key":"MealTicket"},{"floor":27,"key":"Gambling Chip"},{"floor":29,"key":"Eternal Feather"},{"floor":30,"key":"InkBottle"},{"floor":40,"key":"FossilizedHelix"},{"floor":41,"key":"Blue Candle"},{"floor":42,"key":"HornCleat"},{"floor":43,"key":"StrikeDummy"},{"floor":44,"key":"Blood Vial"},{"floor":45,"key":"Centennial Puzzle"},{"floor":47,"key":"Meat on the Bone"}],"event_choices":[{"damage_healed":0,"gold_gain":0,"player_choice":"Ignored","damage_taken":0,"max_hp_gain":0,"max_hp_loss":0,"event_name":"Liars Game","floor":3,"gold_loss":0},{"cards_removed":["Skewer"],"damage_healed":0,"gold_gain":0,"player_choice":"Elegance","damage_taken":0,"max_hp_gain":0,"max_hp_loss":0,"event_name":"Back to Basics","floor":19,"gold_loss":0},{"damage_healed":0,"gold_gain":0,"player_choice":"Max HP","damage_taken":0,"max_hp_gain":0,"max_hp_loss":3,"event_name":"Winding Halls","floor":36,"gold_loss":0}],"is_beta":false,"boss_relics":[{"not_picked":["Tiny House","WristBlade"],"picked":"Philosopher\u0027s Stone"},{"not_picked":["Fusion Hammer","Calling Bell"],"picked":"Runic Pyramid"}],"items_purged_floors":[28],"is_endless":false,"potions_floor_spawned":[1,2,6,8,13,16,18,23,29,33,35,39,41,48],"ascension_level":20}}