{"host":"2i0myh7fqij2ti1z","time":1611032877,"event":{"mods":["Aspiration","BaseMod","Better Third Choice","Colored Powertips","Conspire","Evolution","FoggyMod","GifTheSpireLib","Highlight Path","Hubris","Minty Spire (QoL Compilation)","Permanent Neow","Quick Restart","Random Character Button","Random Character Mod","Replay The Spire","Shop Mod","Spicy Shops","StSLib","Stuff the Spire","Wandering Minibosses","vexMod","óô»ðÖ¸ÄÏ"],"gold_per_floor":[109,38,38,38,38,38,72,84,84,84,112,187,187,201,201,305,305,321,296,149,149,149,175,193,217,269,296,313,213,213,241,241,241,241],"floor_reached":33,"language":"ENG","playtime":1413,"items_purged":["Injury","J.A.X."],"score":483,"play_id":"b0df5a57-7bf8-49aa-a04b-4f0d2f924f36","local_time":"20210119130757","is_ascension_mode":true,"campfire_choices":[{"data":"StuffTheSpire:RockThrow","floor":6,"key":"SMITH"},{"data":"Corruption","floor":30,"key":"SMITH"},{"data":"ReplayTheSpireMod:Strike From Hell","floor":32,"key":"SMITH"}],"circlet_count":0,"master_deck":["StuffTheSpire:RockThrow+1","Iron Wave+1","ReplayTheSpireMod:Strike From Hell+1","Headbutt","StuffTheSpire:Slingshot","conspire:Purge","Dropkick","Rage","hubris:ReadiedAction","Corruption+1","Disarm+1","Sword Boomerang+1","Armaments+1","Shockwave+1"],"relics":["StuffTheSpire:OccultApparatus","EVO:Axolotl","hubris:Icosahedron","Mummified Hand","ReplayTheSpireMod:TigerMarble","Molten Egg 2","Boot","WarpedTongs","Coffee Dripper","Darkstone Periapt","ReplayTheSpireMod:Lightbulb","StuffTheSpire:Gunfinga","Potion Belt"],"acts_visited":["Exordium","TheCity"],"potions_floor_usage":[16,16,23,23,28,31],"damage_taken":[{"damage":0,"enemies":"Small Slimes","floor":1,"turns":3},{"damage":13,"enemies":"3 Sentries","floor":7,"turns":2},{"damage":5,"enemies":"Jaw Worm","floor":8,"turns":2},{"damage":0,"enemies":"Gremlin Nob","floor":11,"turns":2},{"damage":6,"enemies":"Cultist","floor":14,"turns":2},{"damage":32,"enemies":"The Guardian","floor":16,"turns":8},{"damage":17,"enemies":"Shell Parasite","floor":18,"turns":3},{"damage":14,"enemies":"Gremlin Leader","floor":23,"turns":4},{"damage":12,"enemies":"Chosen","floor":24,"turns":3},{"damage":31,"enemies":"Slavers","floor":27,"turns":3},{"damage":0,"enemies":"Snake Plant","floor":28,"turns":1},{"damage":9,"enemies":"Gremlin Leader","floor":31,"turns":3},{"damage":12,"enemies":"conspire:MysteriousRune","floor":33,"turns":2}],"seed_played":"7863280588820259551","potions_obtained":[{"floor":7,"key":"Languid Potion"},{"floor":11,"key":"Strength Potion"},{"floor":14,"key":"DistilledChaos"},{"floor":18,"key":"Swift Potion"},{"floor":27,"key":"SteroidPotion"},{"floor":28,"key":"Strength Potion"}],"is_trial":false,"path_per_floor":["M","$","?","?","T","R","E","M","T","?","E","?","?","M","R","B",null,"M","?","$","?","?","E","M","T","T","E","M","$","R","E","R","B"],"character_chosen":"IRONCLAD","items_purchased":["conspire:Purge","Sword Boomerang+1"],"campfire_rested":0,"item_purchase_floors":[2,20],"current_hp_per_floor":[80,80,80,80,80,80,73,74,74,74,80,69,69,69,80,54,80,69,69,69,69,69,55,43,43,43,12,12,12,12,3,3,0,0],"gold":241,"neow_bonus":"RANDOM_EVENT","is_daily":false,"chose_seed":false,"campfire_upgraded":3,"win_rate":0.0,"timestamp":1611032877,"path_taken":["M","$","?","?","?","R","E","?","T","?","E","?","?","?","R","BOSS","M","?","$","?","?","E","?","?","T","E","?","?","R","E","R","BOSS"],"items_purchased_type":["Card","Card"],"build_version":"2020-12-22","purchased_purges":2,"victory":false,"max_hp_per_floor":[80,80,80,80,80,80,80,80,80,80,80,80,80,80,80,80,80,80,80,80,80,80,80,80,80,80,80,80,80,80,80,80,80,80],"card_choices":[{"not_picked":["Thunderclap","Sword Boomerang","Warcry"],"picked":"SKIP","floor":1},{"not_picked":["Flex","Clothesline"],"picked":"Dropkick","floor":7},{"not_picked":["Inflame","Replay:Undeath\u0027s Touch"],"picked":"Abandon","floor":8},{"not_picked":["Inflame","Infernal Blade"],"picked":"Rage","floor":11},{"not_picked":["Run Through+1","Body Slam+1"],"picked":"hubris:ReadiedAction","floor":14},{"not_picked":["Limit Break","Exhume"],"picked":"Corruption","floor":16},{"not_picked":["Havoc","hubris:ReadiedAction"],"picked":"Disarm+1","floor":18},{"not_picked":["Sword Boomerang+1","Shrug It Off"],"picked":"Armaments+1","floor":23},{"not_picked":["Heavy Blade+1","Run Through+1","Fire Breathing"],"picked":"SKIP","floor":24},{"not_picked":["Havoc","Barricade"],"picked":"Shockwave+1","floor":27},{"not_picked":["StuffTheSpire:Incineration+1","Sword Boomerang+1","Heavy Blade+1"],"picked":"SKIP","floor":28},{"not_picked":["conspire:HitWhereItHurts+1","Replay:Undeath\u0027s Touch+1","Armaments"],"picked":"SKIP","floor":31}],"player_experience":246000,"relics_obtained":[{"floor":5,"key":"Mummified Hand"},{"floor":7,"key":"ReplayTheSpireMod:TigerMarble"},{"floor":11,"key":"Boot"},{"floor":23,"key":"Darkstone Periapt"},{"floor":25,"key":"ReplayTheSpireMod:Lightbulb"},{"floor":26,"key":"StuffTheSpire:Gunfinga"},{"floor":27,"key":"Potion Belt"}],"event_choices":[{"damage_healed":0,"gold_gain":75,"player_choice":"Gold","damage_taken":11,"max_hp_gain":0,"max_hp_loss":0,"event_name":"betterThird:BetterGoop","floor":12,"gold_loss":0},{"damage_healed":0,"gold_gain":0,"player_choice":"Rummage","damage_taken":0,"relics_obtained":["WarpedTongs"],"max_hp_gain":0,"max_hp_loss":0,"event_name":"Accursed Blacksmith","floor":13,"gold_loss":0,"cards_obtained":["Pain"]},{"damage_healed":0,"gold_gain":0,"player_choice":"Obtain J.A.X.","damage_taken":0,"max_hp_gain":0,"max_hp_loss":0,"event_name":"Drug Dealer","floor":22,"gold_loss":0,"cards_obtained":["J.A.X."]}],"is_beta":false,"boss_relics":[{"not_picked":["Replay:Ancient Bell","hubris:ScarierMask"],"picked":"Coffee Dripper"}],"items_purged_floors":[20,29],"is_endless":false,"potions_floor_spawned":[7,11,14,18,27,28],"killed_by":"conspire:MysteriousRune","ascension_level":4}}