{"host":"gk9qdtkqd8dwfeg2","time":1611061409,"event":{"mods":["Act Like it!","Aspiration","BaseMod","Colored Powertips","KomeijiMod","Minty Spire (QoL Compilation)","Quick Restart","Replay The Spire","Shop Mod","StSLib","TestMod","The Gatherer","The Servant 0.9.4","Waifu the Spire","WarShipGirlsR/战舰少女R mod","Yuri Mod","【遗物卡牌】REMEMod"],"gold_per_floor":[113,60,79,25,43,43,43,61,132,132,159,159,188,12,12,83,83,95,95,145,159,177,210,210,235,235,267,283,283,58,85,85,164,164,176,196,465,484,501,501,14,34,112,12,41,53,82,35,35,35,35,35,35,35,70,70],"floor_reached":57,"language":"ZHS","playtime":2522,"items_purged":["Defend_B","Tactician","Defend_B"],"score":3421,"play_id":"c841acf7-5cef-4832-a93f-9142312d567f","local_time":"20210119210329","is_ascension_mode":true,"campfire_choices":[{"data":"Zap","floor":6.0,"key":"SMITH"},{"floor":12.0,"key":"REST"},{"data":"FateSonata","floor":15.0,"key":"SMITH"},{"floor":24.0,"key":"REST"},{"floor":29.0,"key":"REST"},{"floor":32.0,"key":"REST"},{"floor":40,"key":"RECALL"},{"floor":49,"key":"REST"},{"data":"Heatsinks","floor":53,"key":"SMITH"}],"circlet_count":0,"master_deck":["AscendersBane","Strike_B","Strike_B","Defend_B","Zap+1","Dualcast","FateSonata+1","Gash","White Noise","Go for the Eyes","Biased Cognition+1","Steam","Riddle With Holes","Neutralize","Glacier","Consume","Echo Form","All For One","Hologram+1","FIFO Queue","Skim","ReplayGash","Heatsinks+1","Meteor Strike","Sunder","Turbo+1","Glacier+1","Machine Learning"],"relics":["Cracked Core","testmod-TestBox","REME_ComplimentaryCards","testmod-IncinerationGenerator","aspiration:HummingbirdHeart","Anchor","Potion Belt","SlaversCollar","aspiration:PoetsPen","Pen Nib","testmod-Justice","Gremlin Horn","Replay:Antivirus Software","MerchantsRug","testmod-AssaultLearning","aspiration:SecretTechniqueScroll","Mummified Hand","Sundial","REME_HourglassOfDeath","testmod-Muramasa"],"acts_visited":["Exordium","TheCity","TheBeyond","TheEnding"],"potions_floor_usage":[45,51,56,56,56],"damage_taken":[{"damage":7.0,"enemies":"Jaw Worm","floor":1.0,"turns":3.0},{"damage":1.0,"enemies":"Cultist","floor":3.0,"turns":3.0},{"damage":2.0,"enemies":"2 Louse","floor":5.0,"turns":2.0},{"damage":13.0,"enemies":"Red Slaver","floor":8.0,"turns":3.0},{"damage":22.0,"enemies":"3 Sentries","floor":11.0,"turns":8.0},{"damage":9.0,"enemies":"Lagavulin","floor":13.0,"turns":7.0},{"damage":6.0,"enemies":"Hexaghost","floor":16.0,"turns":9.0},{"damage":2.0,"enemies":"2 Thieves","floor":18.0,"turns":3.0},{"damage":0.0,"enemies":"Shell Parasite","floor":21.0,"turns":2.0},{"damage":0.0,"enemies":"Shelled Parasite and Fungi","floor":22.0,"turns":4.0},{"damage":33.0,"enemies":"Slavers","floor":23.0,"turns":5.0},{"damage":13.0,"enemies":"REME_1_Revenger","floor":25.0,"turns":5.0},{"damage":0.0,"enemies":"Gremlin Leader","floor":27.0,"turns":3.0},{"damage":23.0,"enemies":"Chosen and Byrds","floor":28.0,"turns":5.0},{"damage":0.0,"enemies":"Replay:Snechameleon","floor":31.0,"turns":3.0},{"damage":0.0,"enemies":"Pondfish","floor":33.0,"turns":3.0},{"damage":17.0,"enemies":"3 Shapes","floor":35.0,"turns":4.0},{"damage":0.0,"enemies":"3 Darklings","floor":36.0,"turns":2.0},{"damage":7.0,"enemies":"4 Shapes","floor":38.0,"turns":3.0},{"damage":0,"enemies":"Writhing Mass","floor":39,"turns":3},{"damage":0,"enemies":"3 Darklings","floor":42,"turns":3},{"damage":4,"enemies":"R_Hoarder","floor":45,"turns":3},{"damage":0,"enemies":"Spire Growth","floor":46,"turns":2},{"damage":0,"enemies":"Reptomancer","floor":47,"turns":2},{"damage":0,"enemies":"Donu and Deca","floor":50,"turns":4},{"damage":0,"enemies":"Awakened One","floor":51,"turns":5},{"damage":0,"enemies":"Shield and Spear","floor":55,"turns":5},{"damage":10,"enemies":"The Heart","floor":56,"turns":4}],"seed_played":"4329869808369110187","potions_obtained":[{"floor":1.0,"key":"Elixir"},{"floor":3.0,"key":"DuplicationPotion"},{"floor":18.0,"key":"DuplicationPotion"},{"floor":22.0,"key":"Energy Potion"},{"floor":25.0,"key":"testmod-TimePotion"},{"floor":38.0,"key":"Swift Potion"},{"floor":42,"key":"SpeedPotion"},{"floor":45,"key":"SpeedPotion"},{"floor":46,"key":"Weak Potion"}],"is_trial":false,"path_per_floor":["M","$","M","?","M","R","?","M","T","?","E","R","E","$","R","B",null,"M","?","?","M","M","E","R","E","T","E","M","R","$","E","R","B",null,"M","M","?","M","M","R","$","M","T","$","E","M","E","$","R","B","B",null,"R","$","E","B",null],"character_chosen":"DEFECT","items_purchased":["Gash","Echo Form","MerchantsRug","testmod-AssaultLearning","Mummified Hand","Sundial"],"campfire_rested":5,"item_purchase_floors":[2,14,30,30,41,41],"current_hp_per_floor":[57,57,56,56,54,54,54,41,41,41,19,40,31,31,31,25,60,58,58,51,51,51,18,39,26,26,26,3,24,24,24,45,45,65,48,48,48,41,41,41,41,41,41,41,37,37,37,37,58,58,58,68,68,68,68,58],"gold":70,"neow_bonus":"NOSTALGIA","is_daily":false,"chose_seed":false,"campfire_upgraded":3,"win_rate":0.0,"timestamp":1611061409,"path_taken":["M","$","M","?","?","R","?","M","T","?","E","R","E","$","R","BOSS","M","?","?","?","M","E","R","E","T","E","?","R","$","E","R","BOSS","M","?","?","?","M","R","$","M","T","?","E","M","E","$","R","BOSS","BOSS","R","$","E","BOSS"],"items_purchased_type":["Card","Card","Relic","Relic","Relic","Relic"],"build_version":"2020-12-22","purchased_purges":3,"victory":true,"max_hp_per_floor":[71,71,71,71,71,71,71,71,71,71,71,71,71,71,71,71,71,71,71,71,71,71,71,71,71,71,71,71,71,71,71,71,71,71,71,71,71,71,71,71,71,71,71,71,71,71,71,71,71,71,71,71,71,71,71,71],"card_choices":[{"not_picked":["Reinforced Body","Steam"],"picked":"Beam Cell","floor":1.0},{"not_picked":["Stack","Cold Snap"],"picked":"White Noise","floor":3.0},{"not_picked":["Rebound","Double Energy"],"picked":"Go for the Eyes","floor":5.0},{"not_picked":["Redo","Rebound"],"picked":"Steam","floor":8.0},{"not_picked":["REME_Whirling","ReplayTheSpireMod:Omega Cannon"],"picked":"Glacier","floor":11.0},{"not_picked":["Cold Snap","ReplayTheSpireMod:Reroute Power"],"picked":"Consume","floor":13.0},{"not_picked":["Reboot","Electrodynamics"],"picked":"All For One","floor":16.0},{"not_picked":["Redo","Panic Button"],"picked":"Hologram+1","floor":18.0},{"not_picked":["Redo","Leap","Go for the Eyes"],"picked":"SKIP","floor":21.0},{"not_picked":["Hologram","ReplaySolidLightProjector"],"picked":"FIFO Queue","floor":22.0},{"not_picked":["ReplayTheSpireMod:System Scan","aspiration:Polymerization"],"picked":"Skim","floor":23.0},{"not_picked":["Cold Snap","Go for the Eyes"],"picked":"ReplayGash","floor":25.0},{"not_picked":["Blizzard+1","Stack","REME_Whirling"],"picked":"SKIP","floor":27.0},{"not_picked":["Consume","BasicCrystalCard"],"picked":"Heatsinks","floor":28.0},{"not_picked":["FIFO Queue","Compile Driver"],"picked":"Meteor Strike","floor":31.0},{"not_picked":["Darkness","Steam Power"],"picked":"Sunder","floor":35.0},{"not_picked":["Crystallizer","Reinforced Body","REME_DataAnalysis"],"picked":"SKIP","floor":36.0},{"not_picked":["Panic Button","Rainbow","Loop"],"picked":"SKIP","floor":38.0},{"not_picked":["Hologram","Reinforced Body+1","Consume"],"picked":"SKIP","floor":39},{"not_picked":["Hologram","Storm","ReplaySort"],"picked":"SKIP","floor":42},{"not_picked":["Go for the Eyes","BasicCrystalCard","Steam","Machine Learning"],"picked":"SKIP","floor":45},{"not_picked":["Rebound","Sweeping Beam"],"picked":"Turbo+1","floor":46},{"not_picked":["Stack+1","Sunder"],"picked":"Glacier+1","floor":47},{"not_picked":["Leap","Compile Driver"],"picked":"Machine Learning","floor":55}],"player_experience":660105,"relics_obtained":[{"floor":9.0,"key":"aspiration:HummingbirdHeart"},{"floor":11.0,"key":"Anchor"},{"floor":13.0,"key":"Potion Belt"},{"floor":23.0,"key":"Pen Nib"},{"floor":25.0,"key":"testmod-Justice"},{"floor":26.0,"key":"Gremlin Horn"},{"floor":27.0,"key":"Replay:Antivirus Software"},{"floor":31.0,"key":"HoshigumaDish"},{"floor":45,"key":"REME_IWantAll"},{"floor":47,"key":"REME_HourglassOfDeath"},{"floor":55,"key":"testmod-Muramasa"}],"event_choices":[{"damage_healed":0.0,"max_hp_gain":0.0,"max_hp_loss":0.0,"gold_gain":0.0,"event_name":"WeMeetAgain","player_choice":"Paid Gold","floor":4.0,"gold_loss":54.0,"damage_taken":0.0,"relics_obtained":["Replay:Wax Seal"]},{"damage_healed":0.0,"max_hp_gain":0.0,"max_hp_loss":0.0,"gold_gain":0.0,"event_name":"恩洛斯的盘子","player_choice":"Sell","floor":19.0,"relics_lost":["Replay:Grab Bag"],"gold_loss":0.0,"damage_taken":0.0},{"damage_healed":0.0,"max_hp_gain":0.0,"max_hp_loss":0.0,"gold_gain":50.0,"event_name":"FaceTrader","player_choice":"Touch","floor":20.0,"gold_loss":0.0,"damage_taken":7.0}],"is_beta":false,"boss_relics":[{"not_picked":["Velvet Choker","REME_ChargedStone"],"picked":"Replay:Grab Bag"},{"not_picked":["Cursed Key","Sozu"],"picked":"SlaversCollar"},{"not_picked":["ChewingGum","Coffee Dripper"],"picked":"Philosopher\u0027s Stone"},{"not_picked":["Empty Cage","aspiration:IroncladSkillbook"],"picked":"aspiration:PoetsPen"},{"not_picked":["REME_LowDesire","testmod-KeyOfTheVoid"],"picked":"aspiration:SecretTechniqueScroll"}],"items_purged_floors":[30,44,48],"is_endless":false,"potions_floor_spawned":[1,3,18,22,25,38,42,45,46,47],"ascension_level":20}}