{"host":"00tqcjwpycel7e54","time":1611066660,"event":{"mods":["ATMod(阿瑾Mod)","Act Like it!","Aspiration","BaseMod","Colored Powertips","Gensokyo","Hallownest","Hermit","Highlight Path","Hubris","Koishi","LagranYue(拉格朗・月)","Lobotomy","Luminous","Marisa（F雨　魔理沙）","Minty Spire (QoL Compilation)","Pale of the Ancients","Remilia（蕾米莉亚）","Robot Space Explorer","SOS（斯巴达之子）","Shop Mod","Spicy Shops","StSLib","The Administrix","The Animator","The Bug Knight","The Construct","The Cursed","The Gatherer","The Hierophant","The Jungle","The Mystic","The Runesmith","The Servant 0.9.4","Youmu（魂魄妖梦）","Yuyuko","[IsaacMod]以撒尖塔","vexMod","【遗物卡牌】REMEMod"],"gold_per_floor":[117,127,127,143,143,169,169,196,196,196,208,208,219,252,252,252,252],"floor_reached":16,"language":"ZHS","playtime":1390,"items_purged":[],"score":174,"play_id":"731eabc2-c0b4-4b05-929d-f9e6bff97ec0","local_time":"20210119223100","is_ascension_mode":true,"campfire_choices":[{"data":"Zap","floor":7,"key":"SMITH"},{"data":"Dualcast","floor":10,"key":"SMITH"},{"data":"Fan","floor":12,"key":"SMITH"},{"data":"AT_ThreeBodyProblem","floor":15,"key":"SMITH"}],"circlet_count":0,"master_deck":["Strike_B","Strike_B","Strike_B","Strike_B","Defend_B","Defend_B","Defend_B","Defend_B","Zap+1","Dualcast+1","Sweeping Beam","hubris:PowerSurge","Ball Lightning","Coolheaded","Echo Form","Fan+1","AT_ThreeBodyProblem+1"],"relics":["Cracked Core","AT_ATBox","REME_ComplimentaryCards","HushsDoor","LagranYue:RandomDrawCardRelic","NeowsBlessing","TuHaoJin","Strawberry","Omamori","MealTicket","hubris:BundleOfHerbs","ScarletDevilRocket"],"acts_visited":["Gensokyo:Gensokyo"],"potions_floor_usage":[14,16,16,16],"damage_taken":[{"damage":0.0,"enemies":"Gensokyo:Gryphon","floor":1.0,"turns":1.0},{"damage":0.0,"enemies":"Gensokyo:Python","floor":2.0,"turns":1.0},{"damage":0,"enemies":"Gensokyo:3_Fairies","floor":4,"turns":1},{"damage":15,"enemies":"Gensokyo:Mamizou","floor":6,"turns":7},{"damage":0,"enemies":"Gensokyo:Cirno","floor":8,"turns":4},{"damage":2,"enemies":"Gensokyo:Kitsune","floor":11,"turns":2},{"damage":0,"enemies":"Gensokyo:5_Fairies","floor":13,"turns":3},{"damage":6,"enemies":"Gensokyo:Aya","floor":14,"turns":3},{"damage":52,"enemies":"Gensokyo:Reimu","floor":16,"turns":13}],"seed_played":"-6736477907691252869","potions_obtained":[{"floor":2.0,"key":"PotionOfCapacity"},{"floor":3,"key":"Fire Potion"},{"floor":4,"key":"AttackPotion"},{"floor":14,"key":"DuplicationPotion"}],"is_trial":false,"path_per_floor":["M","M","?","M","?","E","R","E","T","R","M","R","M","E","R","B"],"character_chosen":"DEFECT","items_purchased":[],"campfire_rested":0,"item_purchase_floors":[],"current_hp_per_floor":[75,75,75,75,72,57,57,57,57,57,55,55,55,52,52,0,0],"gold":252,"neow_bonus":"THREE_ENEMY_KILL","is_daily":false,"chose_seed":false,"campfire_upgraded":4,"win_rate":0.0,"timestamp":1611066660,"path_taken":["M","M","?","M","?","E","R","E","T","R","M","R","?","E","R","BOSS"],"items_purchased_type":[],"build_version":"2020-12-22","purchased_purges":0,"victory":false,"max_hp_per_floor":[75,75,75,75,82,82,82,82,82,82,82,82,82,82,82,82,82],"card_choices":[{"not_picked":["Darkness","Coolheaded"],"picked":"Sweeping Beam","floor":1.0},{"not_picked":["Undo","Cold Snap"],"picked":"hubris:PowerSurge","floor":2.0},{"not_picked":["Leap","Steam"],"picked":"Ball Lightning","floor":4},{"not_picked":["Auto Shields","REME_DataAnalysis"],"picked":"Coolheaded","floor":6},{"not_picked":["Doom and Gloom","AT_DarkMatter"],"picked":"Echo Form","floor":8},{"not_picked":["AT_HeatAcrobatics","REME_Whirling"],"picked":"Fan","floor":11},{"not_picked":["Sweeping Beam","Conserve Battery","Leap"],"picked":"SKIP","floor":13},{"not_picked":["Go for the Eyes","Redo"],"picked":"AT_ThreeBodyProblem","floor":14}],"player_experience":657881,"relics_obtained":[{"floor":6,"key":"Omamori"},{"floor":8,"key":"MealTicket"},{"floor":9,"key":"hubris:BundleOfHerbs"},{"floor":14,"key":"ScarletDevilRocket"}],"event_choices":[],"is_beta":false,"boss_relics":[],"items_purged_floors":[],"is_endless":false,"potions_floor_spawned":[2,4,13,14],"killed_by":"Gensokyo:Reimu","ascension_level":5}}