{"host":"xbs6xfa3tvu21mfl","time":1611057597,"event":{"mods":["BaseMod","Downfall","Minty Spire (QoL Compilation)","Quick Restart","StSLib"],"gold_per_floor":[99,111,128,128,147,147,147,11,111,126,140,151,182,192,203,300,300,300,300,300,312,18,18,43,28,42,56,56,56,76,89,104,104,104],"floor_reached":33,"language":"ZHS","playtime":2466,"items_purged":["Regret","Doubt"],"score":300,"play_id":"e992155b-1bad-47d0-885c-4ac2635ef7ee","local_time":"20210119195957","is_ascension_mode":false,"campfire_choices":[{"data":"bronze:ThunderWave","floor":1.0,"key":"SMITH"},{"data":"bronze:Mutator","floor":18.0,"key":"SMITH"}],"circlet_count":0,"master_deck":["bronze:Defend","bronze:Defend","bronze:Defend","bronze:Replicate","bronze:Goto","bronze:ThunderWave+1","bronze:Iterate","bronze:Overload+1","bronze:Constructor","bronze:WhirlingStrike","bronze:Iterate","bronze:Separator","bronze:MaxOutput","bronze:ForceShield","bronze:Repair","bronze:CutThrough","bronze:GetLatest","bronze:FineTuning","bronze:Mutator+1","bronze:BuggyMess","bronze:GetLatest+1","bronze:Branch","expansioncontent:DashGenerateEvil","bronze:CloningBeam","bronze:Branch","bronze:ChosenStrike","bronze:Terminator"],"relics":["bronze:PlatinumCore","Pantograph","Bottled Flame","Incense Burner","Tiny Chest"],"acts_visited":["Exordium","TheCity"],"potions_floor_usage":[28,32],"damage_taken":[{"damage":1.0,"enemies":"Jaw Worm","floor":2.0,"turns":4.0},{"damage":7.0,"enemies":"Small Slimes","floor":3.0,"turns":4.0},{"damage":2.0,"enemies":"2 Louse","floor":5.0,"turns":3.0},{"damage":5.0,"enemies":"downfall:FleeingMerchant","floor":8.0,"turns":4.0},{"damage":29.0,"enemies":"downfall:Heads","floor":9.0,"turns":6.0},{"damage":12.0,"enemies":"Exordium Thugs","floor":10.0,"turns":5.0},{"damage":0.0,"enemies":"Blue Slaver","floor":11.0,"turns":3.0},{"damage":3.0,"enemies":"Large Slime","floor":12.0,"turns":8.0},{"damage":0.0,"enemies":"Gremlin Nob","floor":13.0,"turns":2.0},{"damage":6.0,"enemies":"Exordium Wildlife","floor":14.0,"turns":3.0},{"damage":0.0,"enemies":"2 Fungi Beasts","floor":15.0,"turns":3.0},{"damage":42.0,"enemies":"DF_ARCHETYPE_STREAMLINE","floor":16.0,"turns":12.0},{"damage":0.0,"enemies":"Chosen","floor":19.0,"turns":1.0},{"damage":0.0,"enemies":"Spheric Guardian","floor":21.0,"turns":3.0},{"damage":0.0,"enemies":"downfall:FleeingMerchant","floor":22.0,"turns":4.0},{"damage":0.0,"enemies":"Book of Stabbing","floor":23.0,"turns":2.0},{"damage":0.0,"enemies":"downfall:FleeingMerchant","floor":25.0,"turns":4.0},{"damage":8.0,"enemies":"Snake Plant","floor":26.0,"turns":5.0},{"damage":31.0,"enemies":"3 Cultists","floor":27.0,"turns":5.0},{"damage":0,"enemies":"Cultist and Chosen","floor":28,"turns":1},{"damage":21,"enemies":"Sentry and Sphere","floor":30,"turns":7},{"damage":9,"enemies":"3 Cultists","floor":31,"turns":7},{"damage":15,"enemies":"Centurion and Healer","floor":32,"turns":7},{"damage":49,"enemies":"WA_ARCHETYPE_CALM","floor":33,"turns":6}],"seed_played":"-6869653845326893137","potions_obtained":[{"floor":10.0,"key":"Energy Potion"},{"floor":11.0,"key":"ColorlessPotion"},{"floor":12.0,"key":"Fire Potion"},{"floor":13.0,"key":"SpeedPotion"},{"floor":15.0,"key":"SmokeBomb"},{"floor":16.0,"key":"Explosive Potion"},{"floor":26.0,"key":"champ:CounterPotion"},{"floor":27.0,"key":"SmokeBomb"},{"floor":31,"key":"Fire Potion"},{"floor":32,"key":"AttackPotion"}],"is_trial":false,"path_per_floor":["R","M","M","?","M","?","T","$","?","M","M","M","E","M","M","B",null,"R","M","?","M","$","E","T","$","M","M","M","?","M","M","M","B"],"character_chosen":"THE_AUTOMATON","items_purchased":["bronze:WhirlingStrike","expansioncontent:DashGenerateEvil"],"campfire_rested":0,"item_purchase_floors":[8,22],"current_hp_per_floor":[63,62,55,55,53,53,53,48,19,7,7,4,11,12,19,9,63,63,63,63,63,63,63,63,63,62,38,38,38,24,22,14,0,0],"gold":104,"neow_bonus":"THREE_RARE_CARDS","is_daily":false,"chose_seed":false,"campfire_upgraded":2,"win_rate":0.0,"timestamp":1611057597,"path_taken":["R","M","M","?","M","?","T","$","?","M","M","M","E","M","M","BOSS","R","M","?","M","?","E","T","$","M","M","M","?","?","M","M","BOSS"],"items_purchased_type":["Card","Card"],"build_version":"2020-12-22","purchased_purges":2,"victory":false,"max_hp_per_floor":[63,63,63,63,63,63,63,63,63,63,63,63,63,63,63,63,63,63,63,63,63,63,63,63,63,63,63,63,63,63,63,63,63,63],"card_choices":[{"not_picked":["bronze:HyperBeam","bronze:FindAndReplace"],"picked":"bronze:ThunderWave","floor":0.0},{"not_picked":["bronze:BuggyMess","bronze:OilSpill"],"picked":"bronze:Iterate","floor":2.0},{"not_picked":["bronze:CutThrough","bronze:DarkDash"],"picked":"bronze:Overload","floor":3.0},{"not_picked":["bronze:Shell","bronze:NullPointer"],"picked":"bronze:Constructor","floor":5.0},{"not_picked":["bronze:Boost","bronze:BurnOut","bronze:Iterate"],"picked":"SKIP","floor":8.0},{"not_picked":["bronze:NullPointer","bronze:Deprecate"],"picked":"bronze:Separator","floor":9.0},{"not_picked":["bronze:Overheat","bronze:WildBeam"],"picked":"bronze:MaxOutput","floor":10.0},{"not_picked":["bronze:Terminator","bronze:ForLoop"],"picked":"bronze:ForceShield","floor":11.0},{"not_picked":["bronze:ThunderWave","bronze:ForLoop"],"picked":"bronze:Repair","floor":12.0},{"not_picked":["bronze:OilSpill","bronze:ForLoop"],"picked":"bronze:CutThrough","floor":13.0},{"not_picked":["bronze:Overheat","bronze:Return"],"picked":"bronze:GetLatest","floor":14.0},{"not_picked":["bronze:Iterate","bronze:Boost"],"picked":"bronze:FineTuning","floor":15.0},{"not_picked":["bronze:FindAndReplace","bronze:BurnOut"],"picked":"bronze:Mutator","floor":16.0},{"not_picked":["bronze:Shield","bronze:BugBarrage"],"picked":"bronze:BuggyMess","floor":19.0},{"not_picked":["bronze:Shell","bronze:DelayedSlice"],"picked":"bronze:GetLatest+1","floor":21.0},{"not_picked":["bronze:FineTuning","bronze:BitShift+1"],"picked":"bronze:Branch","floor":22.0},{"not_picked":["bronze:WildBeam+1","bronze:Shell+1"],"picked":"bronze:CloningBeam","floor":25.0},{"not_picked":["bronze:WhirlingStrike","bronze:Iterate"],"picked":"bronze:Branch","floor":26.0},{"not_picked":["bronze:ItsAFeature+1","bronze:Invalidate","bronze:Deprecate+1"],"picked":"SKIP","floor":27.0},{"not_picked":["bronze:ClassDefault","bronze:DelayedSlice"],"picked":"bronze:ChosenStrike","floor":30},{"not_picked":["bronze:ShipIt","bronze:FineTuning","bronze:Shield"],"picked":"SKIP","floor":31},{"not_picked":["bronze:BuggyMess+1","bronze:WhirlingStrike+1"],"picked":"bronze:Terminator","floor":32}],"player_experience":138602,"relics_obtained":[{"floor":7.0,"key":"Bottled Flame"},{"floor":13.0,"key":"Incense Burner"},{"floor":24.0,"key":"Tiny Chest"}],"event_choices":[{"damage_healed":0.0,"max_hp_gain":0.0,"max_hp_loss":0.0,"gold_gain":0.0,"event_name":"Big Fish","player_choice":"Box","floor":4.0,"gold_loss":0.0,"damage_taken":0.0,"relics_obtained":["Pantograph"],"cards_obtained":["Regret"]},{"damage_healed":0,"gold_gain":0,"player_choice":"Ignored","damage_taken":0,"max_hp_gain":0,"max_hp_loss":0,"event_name":"NoteForYourself","floor":29,"gold_loss":0}],"is_beta":false,"boss_relics":[{"not_picked":["Runic Pyramid","SacredBark"],"picked":"bronze:PlatinumCore"}],"items_purged_floors":[8,22],"is_endless":false,"potions_floor_spawned":[10,11,12,13,15,16,23,26,27,31,32],"killed_by":"WA_ARCHETYPE_CALM","ascension_level":0}}