{"host":"94aus4jnk6thj94q","time":1611086289,"event":{"mods":["BaseMod","Minty Spire (QoL Compilation)","Quick Restart","StSLib"],"gold_per_floor":[113,126,139,153,153,185,185,195,273,273,293,293,38,116,116,219,219,238,249,265,265,277,277,192,192,266,297,297,297,297,311,311,411,411,421,441,441,46,46,46,64,64,64,75,110,110,110,110],"floor_reached":47,"language":"ENG","playtime":4056,"items_purged":[],"score":475,"play_id":"a709a913-a52e-430a-8b50-1b379345817c","local_time":"20210119215809","is_ascension_mode":false,"campfire_choices":[{"floor":7.0,"key":"REST"},{"floor":10.0,"key":"REST"},{"floor":12.0,"key":"RECALL"},{"data":"Panacea","floor":15.0,"key":"SMITH"},{"floor":23.0,"key":"REST"},{"floor":28.0,"key":"REST"},{"data":"Chill","floor":30.0,"key":"SMITH"},{"floor":32.0,"key":"REST"},{"floor":40.0,"key":"REST"},{"data":"1","floor":42.0,"key":"LIFT"}],"circlet_count":0,"master_deck":["Strike_B+1","Strike_B+1","Strike_B+1","Strike_B+1","Defend_B+1","Defend_B+1","Defend_B+1","Defend_B+1","Zap+1","Dualcast","Cold Snap","Doom and Gloom","Leap","Leap","Coolheaded","Panacea+1","Self Repair","Core Surge","Blizzard+1","Darkness","Chill+1","Defragment","Rainbow","Conserve Battery","Madness","Madness","Loop","Darkness+1","Conserve Battery","Doubt"],"relics":["Cracked Core","The Courier","Question Card","Juzu Bracelet","Nuclear Battery","WingedGreaves","Art of War","Velvet Choker","DataDisk","Girya","Oddly Smooth Stone","Happy Flower"],"acts_visited":["Exordium","TheCity","TheBeyond"],"potions_floor_usage":[],"damage_taken":[{"damage":2.0,"enemies":"Small Slimes","floor":1.0,"turns":2.0},{"damage":0.0,"enemies":"Cultist","floor":2.0,"turns":3.0},{"damage":1.0,"enemies":"2 Louse","floor":3.0,"turns":2.0},{"damage":3.0,"enemies":"Blue Slaver","floor":4.0,"turns":4.0},{"damage":14.0,"enemies":"Gremlin Nob","floor":6.0,"turns":5.0},{"damage":20.0,"enemies":"Large Slime","floor":8.0,"turns":6.0},{"damage":1.0,"enemies":"2 Fungi Beasts","floor":11.0,"turns":3.0},{"damage":23.0,"enemies":"Hexaghost","floor":16.0,"turns":14.0},{"damage":8.0,"enemies":"Chosen","floor":18.0,"turns":6.0},{"damage":4.0,"enemies":"Shell Parasite","floor":19.0,"turns":7.0},{"damage":24.0,"enemies":"Centurion and Healer","floor":20.0,"turns":9.0},{"damage":12.0,"enemies":"Cultist and Chosen","floor":22.0,"turns":6.0},{"damage":28.0,"enemies":"Slavers","floor":27.0,"turns":6.0},{"damage":24.0,"enemies":"Snake Plant","floor":31.0,"turns":6.0},{"damage":69.0,"enemies":"Collector","floor":33.0,"turns":15.0},{"damage":9.0,"enemies":"3 Darklings","floor":35.0,"turns":6.0},{"damage":10.0,"enemies":"Orb Walker","floor":36.0,"turns":4.0},{"damage":9.0,"enemies":"Sphere and 2 Shapes","floor":41.0,"turns":6.0},{"damage":3.0,"enemies":"Transient","floor":44.0,"turns":5.0},{"damage":82.0,"enemies":"Reptomancer","floor":45.0,"turns":7.0},{"damage":67,"enemies":"Nemesis","floor":47,"turns":9}],"seed_played":"4092512206999696720","potions_obtained":[{"floor":2.0,"key":"EntropicBrew"},{"floor":3.0,"key":"SpeedPotion"},{"floor":16.0,"key":"FocusPotion"},{"floor":22.0,"key":"Dexterity Potion"},{"floor":27.0,"key":"FocusPotion"},{"floor":31.0,"key":"GamblersBrew"},{"floor":33.0,"key":"Energy Potion"},{"floor":35.0,"key":"Strength Potion"},{"floor":36.0,"key":"Ancient Potion"}],"is_trial":false,"path_per_floor":["M","M","M","M","?","E","R","M","T","R","M","R","$","?","R","B",null,"M","M","M","?","M","R","?","?","T","E","R","?","R","M","R","B",null,"M","M","?","$","?","R","M","R","T","M","E","?","E"],"character_chosen":"DEFECT","items_purchased":["Juzu Bracelet","Panacea","Self Repair","DataDisk","Girya","Conserve Battery"],"campfire_rested":6,"item_purchase_floors":[13,13,13,38,38,38],"current_hp_per_floor":[73,73,72,69,69,55,75,55,55,75,74,74,74,74,74,58,75,74,75,58,58,53,75,75,75,75,54,75,75,75,58,75,13,75,73,70,70,70,61,75,73,73,73,75,29,75,8,8],"gold":110,"neow_bonus":"UPGRADE_CARD","is_daily":false,"chose_seed":false,"campfire_upgraded":2,"win_rate":0.0,"timestamp":1611086289,"path_taken":["M","M","M","M","?","E","R","M","T","R","M","R","$","?","R","BOSS","M","M","M","?","M","R","?","?","T","E","R","?","R","M","R","BOSS","M","M","?","$","?","R","M","R","T","M","E","?","E"],"items_purchased_type":["Relic","Card","Card","Relic","Relic","Card"],"build_version":"2020-12-22","purchased_purges":0,"victory":false,"max_hp_per_floor":[75,75,75,75,75,75,75,75,75,75,75,75,75,75,75,75,75,75,75,75,75,75,75,75,75,75,75,75,75,75,75,75,75,75,75,75,75,75,75,75,75,75,75,75,75,75,75,75],"card_choices":[{"not_picked":["Coolheaded","Turbo"],"picked":"Cold Snap","floor":1.0},{"not_picked":["Consume","Redo"],"picked":"Doom and Gloom","floor":2.0},{"not_picked":["Hologram","Beam Cell","Gash"],"picked":"SKIP","floor":3.0},{"not_picked":["Genetic Algorithm","Scrape"],"picked":"Sunder","floor":4.0},{"not_picked":["Hologram","Go for the Eyes"],"picked":"Leap","floor":6.0},{"not_picked":["Seek","Redo"],"picked":"Leap","floor":8.0},{"not_picked":["Cold Snap","Hologram","Stack"],"picked":"Coolheaded","floor":11.0},{"not_picked":["Echo Form","Meteor Strike","Rainbow"],"picked":"Core Surge","floor":16.0},{"not_picked":["Barrage","Rebound","Go for the Eyes"],"picked":"Blizzard+1","floor":18.0},{"not_picked":["Redo","Gash+1","Beam Cell"],"picked":"Darkness","floor":19.0},{"not_picked":["Storm","Auto Shields","Tempest","Turbo"],"picked":"SKIP","floor":20.0},{"not_picked":["Skim","Coolheaded","Creative AI","Gash+1"],"picked":"SKIP","floor":22.0},{"not_picked":["Hologram","Amplify","Beam Cell"],"picked":"Chill","floor":27.0},{"not_picked":["Gash+1","BootSequence+1","Force Field+1"],"picked":"Defragment","floor":31.0},{"not_picked":["Buffer","Fission","Biased Cognition"],"picked":"Rainbow","floor":33.0},{"not_picked":["Gash+1","Coolheaded+1","Reprogram","Compile Driver"],"picked":"SKIP","floor":35.0},{"not_picked":["Compile Driver+1","Barrage+1","Hologram+1","Double Energy+1"],"picked":"SKIP","floor":36.0},{"not_picked":["Reinforced Body+1","Beam Cell+1","Auto Shields+1"],"picked":"Loop","floor":41.0},{"not_picked":["Hologram","Skim+1","Sweeping Beam+1"],"picked":"Darkness+1","floor":44.0},{"not_picked":["Buffer","Reprogram","Ball Lightning"],"picked":"Conserve Battery","floor":45}],"player_experience":5827429,"relics_obtained":[{"floor":6.0,"key":"The Courier"},{"floor":9.0,"key":"Question Card"},{"floor":27.0,"key":"Art of War"},{"floor":43.0,"key":"Oddly Smooth Stone"},{"floor":45,"key":"Happy Flower"}],"event_choices":[{"damage_healed":0.0,"max_hp_gain":0.0,"max_hp_loss":0.0,"gold_gain":0.0,"event_name":"The Woman in Blue","player_choice":"Bought 0 Potions","floor":5.0,"gold_loss":0.0,"damage_taken":0.0},{"damage_healed":0.0,"max_hp_gain":0.0,"max_hp_loss":0.0,"gold_gain":78.0,"event_name":"Golden Wing","player_choice":"Gained Gold","floor":14.0,"gold_loss":0.0,"damage_taken":0.0},{"damage_healed":0.0,"max_hp_gain":0.0,"max_hp_loss":0.0,"gold_gain":0.0,"event_name":"The Mausoleum","player_choice":"Ignored","floor":21.0,"gold_loss":0.0,"damage_taken":0.0},{"damage_healed":0.0,"max_hp_gain":0.0,"max_hp_loss":0.0,"gold_gain":0.0,"event_name":"Addict","player_choice":"Obtained Relic","floor":24.0,"gold_loss":85.0,"damage_taken":0.0,"relics_obtained":["WingedGreaves"]},{"damage_healed":0.0,"max_hp_gain":0.0,"max_hp_loss":0.0,"gold_gain":0.0,"event_name":"Back to Basics","player_choice":"Simplicity","floor":25.0,"gold_loss":0.0,"damage_taken":0.0,"cards_upgraded":["Strike_B","Strike_B","Strike_B","Strike_B","Defend_B","Defend_B","Defend_B","Defend_B"]},{"damage_healed":0.0,"max_hp_gain":0.0,"max_hp_loss":0.0,"gold_gain":0.0,"event_name":"Ghosts","player_choice":"Ignored","floor":29.0,"gold_loss":0.0,"damage_taken":0.0},{"cards_removed":["Sunder"],"damage_healed":0.0,"max_hp_gain":0.0,"max_hp_loss":0.0,"gold_gain":0.0,"event_name":"Falling","player_choice":"Removed Attack","floor":37.0,"gold_loss":0.0,"damage_taken":0.0},{"damage_healed":0.0,"max_hp_gain":0.0,"max_hp_loss":0.0,"gold_gain":0.0,"event_name":"Winding Halls","player_choice":"Embrace Madness","floor":39.0,"gold_loss":0.0,"damage_taken":9.0,"cards_obtained":["Madness","Madness"]},{"damage_healed":46,"gold_gain":0,"player_choice":"Heal","damage_taken":0,"max_hp_gain":0,"max_hp_loss":0,"event_name":"MindBloom","floor":46,"gold_loss":0,"cards_obtained":["Doubt"]}],"is_beta":false,"boss_relics":[{"not_picked":["Astrolabe","Black Star"],"picked":"Nuclear Battery"},{"not_picked":["Cursed Key","Philosopher\u0027s Stone"],"picked":"Velvet Choker"}],"items_purged_floors":[],"is_endless":false,"potions_floor_spawned":[2,3,16,22,27,31,33,35,36,44],"killed_by":"Nemesis","ascension_level":0}}