{"host":"utcbn1j9ebmpc40m","time":1611017445,"event":{"mods":["BaseMod","Better Altar","Better Match","GifTheSpireLib","Minty Spire (QoL Compilation)","Poor People Problems","StSLib","SuperFastMode","The IronCluck","The Servant 0.9.4"],"gold_per_floor":[114,114,131,131,148,148,183,200,200,200,232,232,232,232],"floor_reached":13,"language":"ENG","playtime":331,"items_purged":[],"score":140,"play_id":"2b6cf0fd-f86d-4487-8434-9e7b2f7b674e","local_time":"20210118195045","is_ascension_mode":true,"campfire_choices":[{"data":"Catalyst","floor":6,"key":"SMITH"},{"floor":12,"key":"REST"}],"circlet_count":0,"master_deck":["AscendersBane","Strike_G","Strike_G","Strike_G","Strike_G","Defend_G","Defend_G","Defend_G","Defend_G","Defend_G","Survivor","Neutralize","Poisoned Stab","Deadly Poison","Catalyst+1","Malaise","Parasite","Crippling Poison+1","Deadly Poison+1"],"relics":["Ring of the Snake","NeowsBlessing","FaceOfCleric","Blood Vial","Dream Catcher","Toxic Egg 2"],"acts_visited":["Exordium"],"potions_floor_usage":[],"damage_taken":[{"damage":0,"enemies":"Small Slimes","floor":1,"turns":1},{"damage":0,"enemies":"Cultist","floor":3,"turns":1},{"damage":0,"enemies":"2 Louse","floor":5,"turns":1},{"damage":20,"enemies":"Gremlin Nob","floor":7,"turns":4},{"damage":29,"enemies":"Lots of Slimes","floor":8,"turns":5},{"damage":25,"enemies":"Lagavulin","floor":11,"turns":5},{"damage":45,"enemies":"3 Sentries","floor":13,"turns":7}],"seed_played":"3251372801678635550","potions_obtained":[{"floor":1,"key":"BlessingOfTheForge"},{"floor":5,"key":"SpeedPotion"}],"is_trial":false,"path_per_floor":["M","?","M","?","M","R","E","M","T","?","E","R","E"],"character_chosen":"THE_SILENT","items_purchased":[],"campfire_rested":1,"item_purchase_floors":[],"current_hp_per_floor":[63,63,63,63,64,64,45,19,19,37,15,37,0,0],"gold":232,"neow_bonus":"THREE_ENEMY_KILL","is_daily":false,"chose_seed":false,"campfire_upgraded":1,"win_rate":0.0,"timestamp":1611017445,"path_taken":["M","?","?","?","?","R","E","M","T","?","E","R","E"],"items_purchased_type":[],"build_version":"2020-12-22","purchased_purges":0,"victory":false,"max_hp_per_floor":[70,70,70,70,71,71,72,73,73,73,74,74,74,74],"card_choices":[{"not_picked":["Expertise","Footwork"],"picked":"Poisoned Stab","floor":1},{"not_picked":["Bane","Deflect"],"picked":"Deadly Poison","floor":3},{"not_picked":["Backflip","Underhanded Strike"],"picked":"Catalyst","floor":5},{"not_picked":["Sucker Punch","Slice"],"picked":"Malaise","floor":7},{"not_picked":["Endless Agony","Blade Dance","Flying Knee"],"picked":"SKIP","floor":8},{"not_picked":["Poisoned Stab","Catalyst+1"],"picked":"Crippling Poison+1","floor":11},{"not_picked":["Eviscerate","Dodge and Roll+1"],"picked":"Deadly Poison+1","floor":12}],"player_experience":501558,"relics_obtained":[{"floor":7,"key":"Blood Vial"},{"floor":9,"key":"Dream Catcher"},{"floor":11,"key":"Toxic Egg 2"}],"event_choices":[{"cards_removed":["Strike_G"],"damage_healed":0,"gold_gain":0,"player_choice":"Offered Basic","damage_taken":0,"max_hp_gain":0,"max_hp_loss":0,"event_name":"Bonfire Elementals","floor":2,"gold_loss":0},{"damage_healed":0,"gold_gain":0,"player_choice":"Trade","damage_taken":0,"relics_obtained":["FaceOfCleric"],"max_hp_gain":0,"max_hp_loss":0,"event_name":"FaceTrader","floor":4,"gold_loss":0},{"damage_healed":18,"gold_gain":0,"player_choice":"Healed and dodged fight","damage_taken":0,"max_hp_gain":0,"max_hp_loss":0,"event_name":"Mushrooms","floor":10,"gold_loss":0,"cards_obtained":["Parasite"]}],"is_beta":false,"boss_relics":[],"items_purged_floors":[],"is_endless":false,"potions_floor_spawned":[1,5],"killed_by":"3 Sentries","ascension_level":10}}