{"host":"0mk07bycsqo1qk03","time":1611057386,"event":{"mods":["BaseMod","Downfall","Hermit","Hubris","Minty Spire (QoL Compilation)","StSLib","The Cursed"],"gold_per_floor":[99,99,199,212,22,32,32,51,51,51,67,83,100,100,114,216,216,216,235,248,267,267,267,267],"floor_reached":22,"language":"ENG","playtime":1234,"items_purged":[],"score":180,"play_id":"fa91dc78-fefb-4062-9862-0ccec846863e","local_time":"20210119125626","is_ascension_mode":false,"campfire_choices":[{"data":"champ:StrikeOfGenius","floor":1,"key":"SMITH"},{"data":"champ:ShieldWall","floor":9,"key":"SMITH"},{"data":"champ:DefensiveStyle","floor":18,"key":"SMITH"}],"circlet_count":0,"master_deck":["champ:Strike","champ:Strike","champ:Strike","champ:Defend","champ:Defend","champ:Defend","champ:Defend","champ:Execute","champ:Taunt","champ:StrikeOfGenius+1","champ:BerserkersShout","champ:CrownThrow","champ:Backstep","champ:ShieldWall+1","champ:DefensiveStyle+1","downfall:Haunted","Writhe","Clumsy","champ:HoldFirm","champ:DefensiveShout","champ:TornadoPunch","champ:PreciseThrust","champ:Circumvent","champ:HoldFirm","champ:IronFortress","champ:StanceDance"],"relics":["champ:ChampionCrown","Eternal Feather","WristBlade","Medical Kit","hubris:FunFungus","Blue Candle","SlaversCollar"],"acts_visited":["Exordium","TheCity"],"potions_floor_usage":[13,16,21],"damage_taken":[{"damage":52,"enemies":"Gremlin Nob","floor":3,"turns":7},{"damage":16,"enemies":"Cultist","floor":4,"turns":4},{"damage":30,"enemies":"downfall:FleeingMerchant","floor":5,"turns":4},{"damage":16,"enemies":"Jaw Worm","floor":6,"turns":3},{"damage":21,"enemies":"2 Louse","floor":8,"turns":4},{"damage":12,"enemies":"Blue Slaver","floor":11,"turns":4},{"damage":22,"enemies":"Exordium Thugs","floor":12,"turns":6},{"damage":15,"enemies":"Exordium Wildlife","floor":13,"turns":6},{"damage":0,"enemies":"2 Fungi Beasts","floor":15,"turns":4},{"damage":36,"enemies":"SI_SHIV_ARCHETYPE","floor":16,"turns":7},{"damage":11,"enemies":"3 Byrds","floor":19,"turns":7},{"damage":46,"enemies":"Chosen","floor":20,"turns":7},{"damage":44,"enemies":"3 Cultists","floor":21,"turns":6},{"damage":16,"enemies":"downfall:FleeingMerchant","floor":22,"turns":3}],"seed_played":"-5897799856446358273","potions_obtained":[{"floor":8,"key":"SteroidPotion"},{"floor":12,"key":"Regen Potion"},{"floor":13,"key":"PowerPotion"},{"floor":15,"key":"Ancient Potion"},{"floor":20,"key":"Regen Potion"}],"is_trial":false,"path_per_floor":["R","T","?","M","$","M","T","M","R","?","M","M","M","?","M","B",null,"R","M","M","M","$"],"character_chosen":"THE_CHAMP","items_purchased":["champ:Backstep","Medical Kit"],"campfire_rested":0,"item_purchase_floors":[5,5],"current_hp_per_floor":[81,81,44,43,38,27,27,23,32,37,30,23,46,46,49,28,86,86,81,51,23,10,10,10],"gold":267,"neow_bonus":"THREE_RARE_CARDS","is_daily":false,"chose_seed":false,"campfire_upgraded":3,"win_rate":0.0,"timestamp":1611057386,"path_taken":["R","?","?","M","?","?","T","M","R","?","M","M","M","?","M","BOSS","R","M","M","M","$"],"items_purchased_type":["Card","Relic"],"build_version":"2020-12-22","purchased_purges":0,"victory":false,"max_hp_per_floor":[81,81,81,81,81,81,81,81,81,86,86,86,86,86,86,86,86,86,86,86,86,86,86,86],"card_choices":[{"not_picked":["champ:UltimateStance","champ:SwordThrow"],"picked":"champ:StrikeOfGenius","floor":0},{"not_picked":["champ:EnragedBash","champ:Encircle"],"picked":"champ:BerserkersShout","floor":3},{"not_picked":["champ:Haymaker","champ:FanOfKnives","champ:EnragedBash"],"picked":"SKIP","floor":4},{"not_picked":["champ:FancyFootwork","champ:EndlessRage"],"picked":"champ:CrownThrow","floor":5},{"not_picked":["champ:BringItOn","champ:EnGarde"],"picked":"champ:ShieldWall","floor":6},{"not_picked":["champ:PerfectedStrike","champ:FlashCut"],"picked":"champ:DefensiveStyle","floor":8},{"not_picked":["champ:ShieldThrow","champ:RecklessLeap"],"picked":"champ:DefensiveShout","floor":11},{"not_picked":["champ:BringItOn","champ:Backstep"],"picked":"champ:TornadoPunch","floor":12},{"not_picked":["champ:EnragedBash","champ:BringItOn"],"picked":"champ:PreciseThrust","floor":13},{"not_picked":["champ:FanOfKnives","champ:Endure"],"picked":"champ:Circumvent","floor":15},{"not_picked":["champ:SwordThrow","champ:DancingMaster"],"picked":"champ:HoldFirm","floor":16},{"not_picked":["champ:ViciousMockery","champ:PerfectedStrike"],"picked":"champ:IronFortress","floor":19},{"not_picked":["champ:RecklessLeap","champ:RapidStrikes","champ:FanOfKnives+1"],"picked":"SKIP","floor":20},{"not_picked":["champ:BerserkersShout","champ:SetATrap"],"picked":"champ:StanceDance","floor":21}],"player_experience":918212,"relics_obtained":[{"floor":2,"key":"Eternal Feather"},{"floor":3,"key":"WristBlade"},{"floor":7,"key":"hubris:FunFungus"}],"event_choices":[],"is_beta":false,"boss_relics":[{"not_picked":["SacredBark","Runic Dome"],"picked":"SlaversCollar"}],"items_purged_floors":[],"is_endless":false,"potions_floor_spawned":[8,12,13,15,20],"killed_by":"downfall:FleeingMerchant","ascension_level":0}}