{"host":"opg65mucj6ra7dr1","time":1611066649,"event":{"mods":["BaseMod","DeckTracker","Keyboard Shortcuts","Minty Spire (QoL Compilation)","Permanent Neow","Quick Restart","everything is the same but u backflip on backflip"],"gold_per_floor":[110,60,77,150,198,210,236,248,260,299,311,323,335,373,385,500,512,541,570,582,620,632,644,656,693,705,717,717],"floor_reached":27,"language":"KOR","playtime":624,"items_purged":[],"score":270,"play_id":"b24ea322-825e-4749-b4d7-faca989fe5e4","local_time":"20210119233049","is_ascension_mode":true,"campfire_choices":[{"data":"Doom and Gloom","floor":6.0,"key":"SMITH"},{"data":"Hologram","floor":11.0,"key":"SMITH"},{"floor":13.0,"key":"REST"},{"data":"Fusion","floor":15.0,"key":"SMITH"},{"data":"Echo Form","floor":24,"key":"SMITH"}],"circlet_count":0,"master_deck":["Strike_B","Strike_B","Defend_B","Defend_B","Defend_B","Zap","Dualcast","Doom and Gloom+1","Hologram+1","Hologram","Sweeping Beam","Fusion+1","Echo Form+1","CurseOfTheBell","Conserve Battery+1","Skim+1","Recycle+1"],"relics":["Cracked Core","MawBank","Letter Opener","Dream Catcher","Symbiotic Virus","Calling Bell","Anchor","Toxic Egg 2","TungstenRod","Happy Flower","White Beast Statue","Ginger"],"acts_visited":["Exordium","TheCity"],"potions_floor_usage":[22,25,25,27],"damage_taken":[{"damage":1.0,"enemies":"Cultist","floor":1.0,"turns":3.0},{"damage":6.0,"enemies":"2 Louse","floor":3.0,"turns":2.0},{"damage":11.0,"enemies":"Jaw Worm","floor":7.0,"turns":3.0},{"damage":30.0,"enemies":"Lagavulin","floor":10.0,"turns":5.0},{"damage":15.0,"enemies":"3 Sentries","floor":14.0,"turns":4.0},{"damage":22.0,"enemies":"Hexaghost","floor":16.0,"turns":9.0},{"damage":0,"enemies":"Chosen","floor":18,"turns":4},{"damage":28,"enemies":"2 Thieves","floor":19,"turns":4},{"damage":34,"enemies":"Slavers","floor":25,"turns":5},{"damage":16,"enemies":"Chosen and Byrds","floor":27,"turns":5}],"seed_played":"-1587402340132492393","potions_obtained":[{"floor":1.0,"key":"GamblersBrew"},{"floor":14.0,"key":"SteroidPotion"},{"floor":19,"key":"PowerPotion"},{"floor":22,"key":"Fruit Juice"},{"floor":22,"key":"EssenceOfSteel"},{"floor":22,"key":"DistilledChaos"}],"is_trial":false,"path_per_floor":["M","?","M","?","T","R","M","$","T","E","R","$","R","E","R","B",null,"M","M","?","T","?","$","R","E","T","M"],"character_chosen":"DEFECT","items_purchased":[],"campfire_rested":1,"item_purchase_floors":[],"current_hp_per_floor":[74,74,68,68,68,68,57,57,57,27,27,27,49,34,34,12,75,75,47,47,47,52,52,52,18,18,2,2],"gold":717,"neow_bonus":"TRANSFORM_CARD","is_daily":false,"chose_seed":false,"campfire_upgraded":4,"win_rate":0.0,"timestamp":1611066649,"path_taken":["M","?","M","?","?","R","M","$","T","E","R","$","R","E","R","BOSS","M","M","?","?","?","$","R","E","T","?"],"items_purchased_type":[],"build_version":"2020-12-22","purchased_purges":0,"victory":false,"max_hp_per_floor":[75,75,75,75,75,75,75,75,75,75,75,75,75,75,75,75,75,75,75,75,75,80,80,80,80,80,80,80],"card_choices":[{"not_picked":["Hello World","Gash"],"picked":"Hologram","floor":1.0},{"not_picked":["Steam","Beam Cell","White Noise"],"picked":"SKIP","floor":3.0},{"not_picked":["Streamline","Self Repair"],"picked":"Hologram","floor":7.0},{"not_picked":["Streamline","Hologram","Barrage"],"picked":"SKIP","floor":10.0},{"not_picked":["Turbo","Static Discharge"],"picked":"Sweeping Beam","floor":13.0},{"not_picked":["Compile Driver","Thunder Strike"],"picked":"Fusion","floor":14.0},{"not_picked":["Rainbow","All For One"],"picked":"Echo Form","floor":16.0},{"not_picked":["Redo+1","Leap+1"],"picked":"Conserve Battery+1","floor":18},{"not_picked":["Conserve Battery+1","Sweeping Beam"],"picked":"Skim+1","floor":19},{"not_picked":["Self Repair","Lockon+1"],"picked":"Recycle+1","floor":25}],"player_experience":144138,"relics_obtained":[{"floor":5.0,"key":"MawBank"},{"floor":9.0,"key":"Letter Opener"},{"floor":10.0,"key":"Dream Catcher"},{"floor":14.0,"key":"Symbiotic Virus"},{"floor":17.0,"key":"Anchor"},{"floor":17.0,"key":"Toxic Egg 2"},{"floor":17.0,"key":"TungstenRod"},{"floor":21,"key":"Happy Flower"},{"floor":25,"key":"White Beast Statue"},{"floor":26,"key":"Ginger"}],"event_choices":[{"cards_removed":["Defend_B"],"damage_healed":0.0,"max_hp_gain":0.0,"max_hp_loss":0.0,"gold_gain":0.0,"event_name":"The Cleric","player_choice":"Card Removal","floor":2.0,"gold_loss":50.0,"damage_taken":0.0},{"damage_healed":0.0,"max_hp_gain":0.0,"max_hp_loss":0.0,"gold_gain":73.0,"event_name":"Golden Wing","player_choice":"Gained Gold","floor":4.0,"gold_loss":0.0,"damage_taken":0.0},{"cards_removed":["Strike_B"],"damage_healed":0,"gold_gain":0,"player_choice":"Elegance","damage_taken":0,"max_hp_gain":0,"max_hp_loss":0,"event_name":"Back to Basics","floor":20,"gold_loss":0},{"damage_healed":0,"gold_gain":0,"player_choice":"Got Potions","damage_taken":0,"max_hp_gain":0,"max_hp_loss":0,"event_name":"Lab","floor":22,"gold_loss":0}],"is_beta":false,"boss_relics":[{"not_picked":["Runic Dome","Inserter"],"picked":"Calling Bell"}],"items_purged_floors":[],"is_endless":false,"potions_floor_spawned":[1,14,19],"killed_by":"Chosen and Byrds","ascension_level":3}}