{"host":"ccw6t0i2dpm5wyxf","time":1611031941,"event":{"mods":["AchievementEnabler","BaseMod","Colored Map","Minty Spire (QoL Compilation)","Permanent Neow","SuperFastMode"],"gold_per_floor":[15,29,48,48,63,63,88,88,88,88,123,123,43,58,58,159,159,178,103,123,123,137,137,152,163,163,174,174,188,188,204,204,307,307,318,338,348,348,57,57,57,57,57,71,85,100,129,145,145,145,145],"floor_reached":50,"language":"ENG","playtime":1833,"items_purged":["Strike_B"],"score":538,"play_id":"37ec7cb1-6d18-4928-92cb-1716d46a2623","local_time":"20210118225221","is_ascension_mode":true,"campfire_choices":[{"data":"Zap","floor":6,"key":"SMITH"},{"floor":8,"key":"REST"},{"floor":15,"key":"REST"},{"data":"Storm","floor":23,"key":"SMITH"},{"floor":28,"key":"REST"},{"floor":30,"key":"REST"},{"floor":32,"key":"REST"},{"floor":41,"key":"REST"},{"floor":49,"key":"RECALL"}],"circlet_count":0,"master_deck":["Defend_B","Defend_B","Defend_B","Zap+1","Dualcast","Storm","Glacier","Storm+1","Barrage","BootSequence","Hello World","Coolheaded+1","Static Discharge","Ball Lightning+1","Thunder Strike+1","Leap+1","Core Surge+1","Hologram+1","Cold Snap+1","Steam+1","White Noise+1","Turbo+1","Machine Learning","Storm+1","Defragment","Hello World+1","Reinforced Body+1","Self Repair","White Noise+1"],"relics":["Cracked Core","CaptainsWheel","Toxic Egg 2","Molten Egg 2","Vajra","Ornamental Fan","Nuclear Battery","Spirit Poop","Juzu Bracelet","Runic Pyramid","DataDisk","Darkstone Periapt"],"acts_visited":["Exordium","TheCity","TheBeyond"],"potions_floor_usage":[16,22,25,25,27,33,38,47,50,50],"damage_taken":[{"damage":2,"enemies":"2 Louse","floor":1,"turns":3},{"damage":2,"enemies":"Jaw Worm","floor":2,"turns":3},{"damage":0,"enemies":"Cultist","floor":3,"turns":3},{"damage":14,"enemies":"3 Louse","floor":5,"turns":4},{"damage":29,"enemies":"3 Sentries","floor":7,"turns":8},{"damage":15,"enemies":"Gremlin Nob","floor":11,"turns":4},{"damage":19,"enemies":"Blue Slaver","floor":14,"turns":3},{"damage":29,"enemies":"Hexaghost","floor":16,"turns":11},{"damage":13,"enemies":"2 Thieves","floor":18,"turns":3},{"damage":7,"enemies":"3 Byrds","floor":20,"turns":5},{"damage":0,"enemies":"Cultist and Chosen","floor":22,"turns":6},{"damage":9,"enemies":"Snake Plant","floor":24,"turns":4},{"damage":7,"enemies":"Centurion and Healer","floor":25,"turns":4},{"damage":5,"enemies":"3 Cultists","floor":27,"turns":5},{"damage":26,"enemies":"Snake Plant","floor":29,"turns":4},{"damage":5,"enemies":"Shelled Parasite and Fungi","floor":31,"turns":4},{"damage":25,"enemies":"Automaton","floor":33,"turns":7},{"damage":32,"enemies":"3 Shapes","floor":35,"turns":3},{"damage":0,"enemies":"Orb Walker","floor":36,"turns":4},{"damage":1,"enemies":"Sphere and 2 Shapes","floor":37,"turns":5},{"damage":1,"enemies":"Jaw Worm Horde","floor":44,"turns":3},{"damage":30,"enemies":"Transient","floor":45,"turns":5},{"damage":8,"enemies":"Spire Growth","floor":46,"turns":3},{"damage":13,"enemies":"Reptomancer","floor":47,"turns":3},{"damage":27,"enemies":"Jaw Worm Horde","floor":48,"turns":3},{"damage":33,"enemies":"Awakened One","floor":50,"turns":2}],"seed_played":"737625442202435725","potions_obtained":[{"floor":1,"key":"GamblersBrew"},{"floor":5,"key":"Swift Potion"},{"floor":11,"key":"AttackPotion"},{"floor":14,"key":"Dexterity Potion"},{"floor":18,"key":"ColorlessPotion"},{"floor":24,"key":"BlessingOfTheForge"},{"floor":25,"key":"DistilledChaos"},{"floor":31,"key":"SneckoOil"},{"floor":33,"key":"Ancient Potion"},{"floor":36,"key":"SteroidPotion"},{"floor":38,"key":"Fruit Juice"},{"floor":38,"key":"FairyPotion"},{"floor":45,"key":"PowerPotion"},{"floor":48,"key":"Fire Potion"}],"is_trial":false,"path_per_floor":["M","M","M","?","M","R","E","R","T","?","E","T","$","M","R","B",null,"M","?","M","?","M","R","M","M","T","M","R","M","R","M","R","B",null,"M","M","M","?","$","?","R","$","T","M","M","M","E","M","R","B"],"character_chosen":"DEFECT","items_purchased":["Static Discharge","DataDisk","Defragment"],"campfire_rested":6,"item_purchase_floors":[13,39,39],"current_hp_per_floor":[73,71,71,71,57,57,28,50,50,50,35,35,35,16,38,9,75,62,62,55,55,55,55,46,39,39,34,56,30,52,47,69,44,75,43,43,42,47,47,47,71,71,71,70,40,32,19,31,31,0,0],"gold":145,"neow_bonus":"TRANSFORM_TWO_CARDS","is_daily":false,"chose_seed":false,"campfire_upgraded":2,"win_rate":0.0,"timestamp":1611031941,"path_taken":["M","M","M","?","M","R","E","R","T","?","E","?","$","?","R","BOSS","M","?","M","?","?","R","M","?","T","M","R","M","R","M","R","BOSS","M","M","M","?","?","?","R","$","T","M","M","M","E","M","R","BOSS"],"items_purchased_type":["Card","Relic","Card"],"build_version":"2020-12-22","purchased_purges":1,"victory":false,"max_hp_per_floor":[75,75,75,75,75,75,75,75,75,75,75,75,75,75,75,75,75,75,75,75,75,75,75,75,75,75,75,75,75,75,75,75,75,75,75,75,75,80,80,80,80,80,80,80,80,80,80,80,80,80,80],"card_choices":[{"not_picked":["Fusion","Lockon"],"picked":"Hello World","floor":1},{"not_picked":["Go for the Eyes","Fusion"],"picked":"Storm","floor":2},{"not_picked":["Turbo","Sweeping Beam"],"picked":"Barrage","floor":3},{"not_picked":["Rip and Tear","Auto Shields"],"picked":"BootSequence","floor":5},{"not_picked":["Scrape","Stack+1"],"picked":"Hello World","floor":7},{"not_picked":["Skim+1","BootSequence+1"],"picked":"Coolheaded+1","floor":11},{"not_picked":["Aggregate+1","Blizzard+1"],"picked":"Ball Lightning+1","floor":14},{"not_picked":["Meteor Strike+1","Multi-Cast+1"],"picked":"Thunder Strike+1","floor":16},{"not_picked":["Beam Cell+1","Steam Power+1"],"picked":"Leap+1","floor":18},{"not_picked":["Compile Driver+1","FTL+1","Rebound+1"],"picked":"SKIP","floor":20},{"not_picked":["Leap+1","Coolheaded+1"],"picked":"Core Surge+1","floor":22},{"not_picked":["Sweeping Beam+1","Beam Cell+1"],"picked":"Hologram+1","floor":24},{"not_picked":["Hologram+1","BootSequence+1"],"picked":"Cold Snap+1","floor":25},{"not_picked":["Recycle+1","Go for the Eyes+1"],"picked":"Steam+1","floor":27},{"not_picked":["Go for the Eyes+1","Rebound+1"],"picked":"White Noise+1","floor":29},{"not_picked":["Gash+1","Stack+1"],"picked":"Turbo+1","floor":31},{"not_picked":["All For One+1","Hyperbeam+1"],"picked":"Machine Learning","floor":33},{"not_picked":["Auto Shields+1","Hologram+1","Consume+1"],"picked":"SKIP","floor":35},{"not_picked":["Redo+1","Beam Cell+1"],"picked":"Storm+1","floor":36},{"not_picked":["Sweeping Beam+1","Undo+1","Gash+1"],"picked":"SKIP","floor":37},{"not_picked":["Rebound+1","Storm"],"picked":"Hello World+1","floor":44},{"not_picked":["Compile Driver+1","Cold Snap+1","Glacier+1"],"picked":"SKIP","floor":45},{"not_picked":["Sunder+1","Compile Driver+1"],"picked":"Reinforced Body+1","floor":46},{"not_picked":["Steam+1","Redo+1"],"picked":"Self Repair","floor":47},{"not_picked":["Steam Power+1","Aggregate+1"],"picked":"White Noise+1","floor":48}],"player_experience":308703,"relics_obtained":[{"floor":7,"key":"Toxic Egg 2"},{"floor":9,"key":"Molten Egg 2"},{"floor":11,"key":"Vajra"},{"floor":12,"key":"Ornamental Fan"},{"floor":26,"key":"Juzu Bracelet"},{"floor":47,"key":"Darkstone Periapt"}],"event_choices":[{"damage_healed":0,"gold_gain":0,"player_choice":"Box","damage_taken":0,"relics_obtained":["CaptainsWheel"],"max_hp_gain":0,"max_hp_loss":0,"event_name":"Big Fish","floor":4,"gold_loss":0,"cards_obtained":["Regret"]},{"cards_removed":["Defend_B"],"damage_healed":0,"gold_gain":0,"player_choice":"Forget","damage_taken":0,"max_hp_gain":0,"max_hp_loss":0,"event_name":"Living Wall","floor":10,"gold_loss":0},{"cards_removed":["Strike_B"],"damage_healed":0,"gold_gain":0,"player_choice":"Gave Gold","damage_taken":0,"max_hp_gain":0,"max_hp_loss":0,"event_name":"Beggar","floor":19,"gold_loss":75},{"cards_removed":["Regret"],"damage_healed":0,"gold_gain":0,"player_choice":"Offered Curse","damage_taken":0,"relics_obtained":["Spirit Poop"],"max_hp_gain":0,"max_hp_loss":0,"event_name":"Bonfire Elementals","floor":21,"gold_loss":0},{"damage_healed":0,"gold_gain":0,"player_choice":"Got Potions","damage_taken":0,"max_hp_gain":0,"max_hp_loss":0,"event_name":"Lab","floor":38,"gold_loss":0},{"cards_removed":["Hello World"],"damage_healed":0,"gold_gain":0,"player_choice":"Removed Power","damage_taken":0,"max_hp_gain":0,"max_hp_loss":0,"event_name":"Falling","floor":40,"gold_loss":0}],"is_beta":false,"boss_relics":[{"not_picked":["Black Star","Calling Bell"],"picked":"Nuclear Battery"},{"not_picked":["SacredBark","Velvet Choker"],"picked":"Runic Pyramid"}],"items_purged_floors":[39],"is_endless":false,"potions_floor_spawned":[1,5,11,14,18,24,25,31,33,36,45,48],"killed_by":"Awakened One","ascension_level":2}}