{"host":"nukjzc0ca34w6eem","time":1611035054,"event":{"mods":["2.2 Compatiblity","AchievementEnabler","BaseMod","Colored Powertips","Downfall","Minty Spire (QoL Compilation)","StSLib"],"gold_per_floor":[99,110,130,144,17,17,17,48,59,59,59,75,89,109,125,125,125,125],"floor_reached":16,"language":"ENG","playtime":1085,"items_purged":["Slimebound:Defend_Slimebound"],"score":164,"play_id":"72060798-9854-4c3a-affd-4c368b53664b","local_time":"20210118214414","is_ascension_mode":true,"campfire_choices":[{"data":"Slimebound:Split","floor":1.0,"key":"SMITH"},{"data":"Slimebound:LevelUp","floor":6.0,"key":"SMITH"}],"circlet_count":0,"master_deck":["AscendersBane","Slimebound:Strike_Slimebound","Slimebound:Strike_Slimebound","Slimebound:Strike_Slimebound","Slimebound:Tackle","Slimebound:Defend_Slimebound","Slimebound:Defend_Slimebound","Slimebound:Defend_Slimebound","Slimebound:Split+1","Slimebound:CorrosiveSpit","Slimebound:FinishingTackle","Slimebound:LevelUp+1","Slimebound:Schlurp","Slimebound:AcidTongue","Slimebound:SplitLeeching","Slimebound:RainOfGoop","Slimebound:LevelUp+1","Slimebound:Repurpose","Slimebound:SplitSpecialist"],"relics":["Slimebound:AbsorbEndCombat","Slimebound:PotencyRelic","Matryoshka"],"acts_visited":["Exordium"],"potions_floor_usage":[14,14],"damage_taken":[{"damage":6.0,"enemies":"Cultist","floor":2.0,"turns":3.0},{"damage":15.0,"enemies":"Small Slimes","floor":3.0,"turns":4.0},{"damage":6.0,"enemies":"2 Louse","floor":4.0,"turns":3.0},{"damage":6.0,"enemies":"downfall:FleeingMerchant","floor":5.0,"turns":4.0},{"damage":30.0,"enemies":"Gremlin Nob","floor":8.0,"turns":4.0},{"damage":15.0,"enemies":"Red Slaver","floor":9.0,"turns":3.0},{"damage":9,"enemies":"Gremlin Gang","floor":12,"turns":4},{"damage":8,"enemies":"Exordium Thugs","floor":13,"turns":4},{"damage":0,"enemies":"Exordium Wildlife","floor":14,"turns":3},{"damage":14,"enemies":"3 Louse","floor":15,"turns":3},{"damage":22,"enemies":"IC_STATUS_ARCHETYPE","floor":16,"turns":2}],"seed_played":"2502198253025959632","potions_obtained":[{"floor":3.0,"key":"Ancient Potion"},{"floor":4.0,"key":"SpeedPotion"},{"floor":8.0,"key":"SteroidPotion"},{"floor":12,"key":"Block Potion"}],"is_trial":false,"path_per_floor":["R","M","M","M","$","R","T","E","M","?","?","M","M","M","M","B"],"character_chosen":"SLIMEBOUND","items_purchased":["Slimebound:AcidTongue"],"campfire_rested":0,"item_purchase_floors":[5],"current_hp_per_floor":[65,63,52,50,50,50,50,28,15,15,15,12,10,16,6,0,0,0],"gold":125,"neow_bonus":"TEN_PERCENT_HP_BONUS","is_daily":false,"chose_seed":false,"campfire_upgraded":2,"win_rate":0.0,"timestamp":1611035054,"path_taken":["R","M","M","M","$","R","T","E","?","?","?","?","M","M","M","BOSS"],"items_purchased_type":["Card"],"build_version":"2020-12-22","purchased_purges":1,"victory":false,"max_hp_per_floor":[71,71,71,71,71,71,71,71,71,71,71,71,71,71,71,71,71,71],"card_choices":[{"not_picked":["Slimebound:ComboTackle","Slimebound:Prepare"],"picked":"Slimebound:FinishingTackle","floor":2.0},{"not_picked":["Slimebound:ItLooksTasty","Slimebound:GoopSpray"],"picked":"Slimebound:LevelUp","floor":3.0},{"not_picked":["Slimebound:LivingWall","Slimebound:Replication","Slimebound:FinishingTackle"],"picked":"SKIP","floor":4.0},{"not_picked":["Slimebound:LivingWall","Slimebound:SamplingLick"],"picked":"Slimebound:Schlurp","floor":5.0},{"not_picked":["Slimebound:GoopTackle","Slimebound:Schlurp"],"picked":"Slimebound:SplitLeeching","floor":8.0},{"not_picked":["Slimebound:ComboTackle","Slimebound:Prepare"],"picked":"Slimebound:RainOfGoop","floor":9.0},{"not_picked":["Slimebound:GoopSpray","Slimebound:PressTheAttack","Slimebound:HauntingLick"],"picked":"SKIP","floor":12},{"not_picked":["Slimebound:GoopTackle","Slimebound:ViciousTackle","Slimebound:FinishingTackle"],"picked":"SKIP","floor":13},{"not_picked":["Slimebound:SlimeBarrage","Slimebound:HungryTackle"],"picked":"Slimebound:Repurpose","floor":14},{"not_picked":["Slimebound:DisruptingSlam","Slimebound:Grow"],"picked":"Slimebound:SplitSpecialist","floor":15}],"player_experience":532842,"relics_obtained":[{"floor":7.0,"key":"Slimebound:PotencyRelic"},{"floor":8.0,"key":"Matryoshka"}],"event_choices":[{"damage_healed":0,"gold_gain":0,"player_choice":"Fled","damage_taken":0,"max_hp_gain":0,"max_hp_loss":0,"event_name":"Scrap Ooze","floor":10,"gold_loss":0}],"is_beta":false,"boss_relics":[],"items_purged_floors":[5],"is_endless":false,"potions_floor_spawned":[3,4,8,12],"killed_by":"IC_STATUS_ARCHETYPE","ascension_level":11}}