{"host":"Brown Brick","time":1611060820,"event":{"mods":["BaseMod","Melee Mod","Minty Spire (QoL Compilation)","Rare Cards Sparkle","Relic Stats","Spire Arcade","StSLib","The Bug Knight","The Marked","Unceasing Turn Reminder","everything is the same but u backflip on backflip"],"gold_per_floor":[118,134,143,40,57,57,93,93,120,164,123,161,188,207,207,317,376,376],"floor_reached":17,"language":"ENG","playtime":1813,"items_purged":["Regret"],"score":198,"play_id":"68507273-2011-44f3-9815-9dce318b72de","local_time":"20210119135340","is_ascension_mode":false,"campfire_choices":[{"data":"HollowMod:SoulSplash","floor":6,"key":"SMITH"},{"data":"HollowMod:GoodIntentions","floor":15,"key":"SMITH"}],"circlet_count":0,"master_deck":["HollowMod:NailStrikeStart","HollowMod:NailStrikeStart+1","HollowMod:NailStrikeStart","HollowMod:NailStrikeStart","HollowMod:QuickDashStart","HollowMod:QuickDashStart","HollowMod:QuickDashStart","HollowMod:QuickDashStart","HollowMod:FocusHealStart","HollowMod:PogoStrike","HollowMod:SoulStrike","HollowMod:SoulSplash+1","HollowMod:BaldurShell","HollowMod:HowlingWraiths","HollowMod:DashSlash","HollowMod:CloakDash","HollowMod:GoodIntentions+1","HollowMod:CycloneSlash","HollowMod:HornetsHelp","HollowMod:VengefulSpirit"],"relics":["HollowMod:VesselMask","CeramicFish","Strawberry","Nunchaku","Orichalcum","HornCleat","Potion Belt","Tiny House"],"acts_visited":["Exordium","TheCity"],"potions_floor_usage":[],"damage_taken":[{"damage":1,"enemies":"2 Louse","floor":1,"turns":2},{"damage":1,"enemies":"Jaw Worm","floor":2,"turns":3},{"damage":1,"enemies":"Cultist","floor":5,"turns":3},{"damage":24,"enemies":"Gremlin Nob","floor":7,"turns":4},{"damage":20,"enemies":"Lagavulin","floor":10,"turns":8},{"damage":7,"enemies":"HollowMod:MossKnight","floor":12,"turns":7},{"damage":0,"enemies":"Looter","floor":14,"turns":2},{"damage":35,"enemies":"HollowMod:FalseKnight","floor":16,"turns":13}],"seed_played":"8438494028817818271","potions_obtained":[{"floor":2,"key":"GamblersBrew"},{"floor":10,"key":"Ancient Potion"},{"floor":12,"key":"DuplicationPotion"},{"floor":16,"key":"DuplicationPotion"},{"floor":17,"key":"SkillPotion"}],"is_trial":false,"path_per_floor":["M","M","?","$","M","R","E","?","T","E","$","E","T","M","R","B",null],"character_chosen":"THE_BUGKNIGHT","items_purchased":["HollowMod:BaldurShell","HollowMod:CloakDash"],"campfire_rested":0,"item_purchase_floors":[4,11],"current_hp_per_floor":[81,82,82,82,81,81,70,70,70,62,62,65,65,65,65,40,94,94],"gold":376,"neow_bonus":"TEN_PERCENT_HP_BONUS","is_daily":false,"chose_seed":false,"campfire_upgraded":2,"win_rate":0.0,"timestamp":1611060820,"path_taken":["M","M","?","$","M","R","E","?","T","E","$","E","?","?","R","BOSS"],"items_purchased_type":["Card","Card"],"build_version":"2020-12-18","purchased_purges":1,"victory":false,"max_hp_per_floor":[82,82,82,82,82,82,89,89,89,89,89,89,89,89,89,89,94,94],"relic_stats":{"Nunchaku":[6],"counters":[8,42],"CeramicFish":81,"Orichalcum":[6],"obtain_stats":[{"Potion Belt":13,"Nunchaku":9,"HornCleat":12,"Tiny House":17,"CeramicFish":3,"Strawberry":7,"HollowMod:VesselMask":0,"Orichalcum":10},{"Potion Belt":6,"Nunchaku":4,"HornCleat":6,"Tiny House":8,"CeramicFish":2,"Strawberry":4,"HollowMod:VesselMask":0,"Orichalcum":5},{"Potion Belt":27,"Nunchaku":12,"HornCleat":27,"Tiny House":42,"CeramicFish":5,"Strawberry":12,"HollowMod:VesselMask":0,"Orichalcum":20}]},"card_choices":[{"not_picked":["HollowMod:VengefulVoid","HollowMod:NewLittleFool"],"picked":"HollowMod:SoulStrike","floor":1},{"not_picked":["HollowMod:SoulEater","HollowMod:VengefulSpirit"],"picked":"HollowMod:SoulSplash","floor":2},{"not_picked":["HollowMod:DungDefenderAura","HollowMod:ShadowDash","HollowMod:SharpenedNail"],"picked":"SKIP","floor":5},{"not_picked":["HollowMod:SoulVessel","HollowMod:ElderbugsWisdom"],"picked":"HollowMod:HowlingWraiths","floor":7},{"not_picked":["HollowMod:BlackTendrils","HollowMod:ShadowDash"],"picked":"HollowMod:DashSlash","floor":10},{"not_picked":["HollowMod:SharpenedShadows","HollowMod:TaintedHusks"],"picked":"HollowMod:GoodIntentions","floor":12},{"not_picked":["HollowMod:ElderbugsWisdom","HollowMod:CornifersMapStart"],"picked":"HollowMod:CycloneSlash","floor":14},{"not_picked":["HollowMod:VoidDash","HollowMod:ElderbugsWisdom"],"picked":"HollowMod:HornetsHelp","floor":16},{"not_picked":["HollowMod:Grubsong","HollowMod:CycloneSlash"],"picked":"HollowMod:VengefulSpirit","floor":17}],"player_experience":683899,"relics_obtained":[{"floor":7,"key":"Strawberry"},{"floor":9,"key":"Nunchaku"},{"floor":10,"key":"Orichalcum"},{"floor":12,"key":"HornCleat"},{"floor":13,"key":"Potion Belt"}],"event_choices":[{"damage_healed":0,"gold_gain":0,"player_choice":"Box","damage_taken":0,"relics_obtained":["CeramicFish"],"max_hp_gain":0,"max_hp_loss":0,"event_name":"Big Fish","floor":3,"gold_loss":0,"cards_obtained":["Regret"]}],"is_beta":true,"boss_relics":[{"not_picked":["Runic Pyramid","Runic Dome"],"picked":"Tiny House"}],"items_purged_floors":[4],"is_endless":false,"potions_floor_spawned":[2,10,12,16],"ascension_level":0}}