{"host":"z42sc0n2dozsmk72","time":1611034371,"event":{"mods":["AchievementEnabler","BaseMod","Better Third Choice","Colored Map","Curses Come First","Highlight Path","Minty Spire (QoL Compilation)","Permanent Neow","Quick Restart","Relic Stats","Shop Mod","StSLib","egg","slay the spire mod where everything is the same but ironclad has a cowboy hat"],"gold_per_floor":[12,23,41,41,56,56,69,69,69,95,95,95,95,127,127,229,229,241,256,272,281,206,206,234,272,272,299,324,337,337,347,347,457,457,484,228,243,153,153,153],"floor_reached":39,"language":"ENG","playtime":3063,"items_purged":["Writhe","Strike_B"],"score":481,"play_id":"569f09da-8d2e-42a8-9df9-7ec60f5a35cf","local_time":"20210119183251","is_ascension_mode":true,"campfire_choices":[{"data":"Creative AI","floor":6.0,"key":"SMITH"},{"floor":8.0,"key":"REST"},{"data":"Consume","floor":13.0,"key":"SMITH"},{"data":"Leap","floor":15.0,"key":"SMITH"},{"data":"Force Field","floor":23.0,"key":"SMITH"},{"floor":30.0,"key":"DIG"},{"floor":32,"key":"RECALL"}],"circlet_count":0,"master_deck":["Strike_B+1","Strike_B+1","Defend_B+1","Defend_B","Defend_B+1","Zap","Dualcast","Violence+1","Creative AI+1","Leap+1","Consume+1","Electrodynamics","Machine Learning","Glacier","Force Field+1","Storm+1","Self Repair+1","Defragment+1","Amplify","Consume"],"relics":["Cracked Core","Ancient Tea Set","Matryoshka","Runic Pyramid","CeramicFish","Letter Opener","Strawberry","Art of War","Shovel","Whetstone","Inserter","Potion Belt"],"acts_visited":["Exordium","TheCity","TheBeyond"],"potions_floor_usage":[],"damage_taken":[{"damage":0.0,"enemies":"Cultist","floor":1.0,"turns":4.0},{"damage":0.0,"enemies":"2 Louse","floor":2.0,"turns":3.0},{"damage":0.0,"enemies":"Small Slimes","floor":3.0,"turns":3.0},{"damage":41.0,"enemies":"Exordium Thugs","floor":5.0,"turns":6.0},{"damage":7.0,"enemies":"Blue Slaver","floor":7.0,"turns":3.0},{"damage":19.0,"enemies":"Lagavulin","floor":10.0,"turns":8.0},{"damage":22.0,"enemies":"3 Sentries","floor":14.0,"turns":6.0},{"damage":3.0,"enemies":"Slime Boss","floor":16.0,"turns":6.0},{"damage":30.0,"enemies":"Chosen","floor":18.0,"turns":7.0},{"damage":0.0,"enemies":"Spheric Guardian","floor":19.0,"turns":6.0},{"damage":0.0,"enemies":"Snake Plant","floor":20.0,"turns":8.0},{"damage":0.0,"enemies":"Cultist and Chosen","floor":24.0,"turns":5.0},{"damage":0.0,"enemies":"Gremlin Leader","floor":25.0,"turns":7.0},{"damage":12.0,"enemies":"Centurion and Healer","floor":27.0,"turns":5.0},{"damage":37.0,"enemies":"Slavers","floor":28.0,"turns":4.0},{"damage":0.0,"enemies":"Snecko","floor":29.0,"turns":4.0},{"damage":12.0,"enemies":"3 Cultists","floor":31.0,"turns":3.0},{"damage":9,"enemies":"Collector","floor":33,"turns":7},{"damage":4,"enemies":"3 Darklings","floor":35,"turns":3},{"damage":15,"enemies":"3 Shapes","floor":37,"turns":3},{"damage":70,"enemies":"Jaw Worm Horde","floor":39,"turns":4}],"seed_played":"4309029944373078050","potions_obtained":[{"floor":7.0,"key":"SteroidPotion"},{"floor":10.0,"key":"SkillPotion"},{"floor":16.0,"key":"Regen Potion"},{"floor":18.0,"key":"FearPotion"},{"floor":28.0,"key":"Ancient Potion"}],"is_trial":false,"path_per_floor":["M","M","M","?","M","R","M","R","T","E","?","?","R","E","R","B",null,"M","M","M","?","$","R","M","E","T","M","E","M","R","M","R","B",null,"M","$","M","?","M"],"character_chosen":"DEFECT","items_purchased":["Potion Belt"],"campfire_rested":1,"item_purchase_floors":[36],"current_hp_per_floor":[75,75,75,60,19,19,12,34,34,15,40,33,33,11,11,8,75,45,45,45,45,45,45,45,45,52,64,37,47,47,45,45,46,82,78,78,63,63,0,0],"gold":153,"neow_bonus":"RANDOM_COLORLESS_2","is_daily":false,"chose_seed":false,"campfire_upgraded":4,"win_rate":0.0,"timestamp":1611034371,"path_taken":["M","M","M","?","M","R","M","R","T","E","?","?","R","E","R","BOSS","M","M","M","?","$","R","M","E","T","M","E","M","R","M","R","BOSS","M","$","M","?","M"],"items_purchased_type":["Relic"],"build_version":"2020-12-22","purchased_purges":2,"victory":false,"max_hp_per_floor":[75,75,75,75,75,75,75,75,75,75,75,75,75,75,75,75,75,75,75,75,75,75,75,75,75,82,82,82,82,82,82,82,82,82,82,82,82,82,82,82],"relic_stats":{"Shovel":1,"Inserter":[5],"counters":[21,104],"CeramicFish":54,"Art of War":[19],"Letter Opener":[75],"Whetstone":["Strike_B","Strike_B"],"obtain_stats":[{"Potion Belt":36,"Matryoshka":14,"Shovel":28,"Inserter":34,"CeramicFish":21,"Strawberry":26,"Art of War":26,"Letter Opener":25,"Whetstone":30,"Cracked Core":0,"Ancient Tea Set":10,"Runic Pyramid":17},{"Potion Belt":19,"Matryoshka":7,"Shovel":15,"Inserter":18,"CeramicFish":11,"Strawberry":13,"Art of War":13,"Letter Opener":13,"Whetstone":16,"Cracked Core":0,"Ancient Tea Set":6,"Runic Pyramid":8},{"Potion Belt":97,"Matryoshka":33,"Shovel":80,"Inserter":94,"CeramicFish":59,"Strawberry":71,"Art of War":71,"Letter Opener":71,"Whetstone":84,"Cracked Core":0,"Ancient Tea Set":27,"Runic Pyramid":39}]},"card_choices":[{"not_picked":["Transmutation","Sadistic Nature"],"picked":"Violence","floor":0.0},{"not_picked":["Redo","Static Discharge","Doom and Gloom"],"picked":"SKIP","floor":1.0},{"not_picked":["Rebound","Heatsinks","Double Energy"],"picked":"SKIP","floor":2.0},{"not_picked":["Gash","Cold Snap"],"picked":"Creative AI","floor":3.0},{"not_picked":["White Noise","Hello World","Hologram"],"picked":"SKIP","floor":5.0},{"not_picked":["Compile Driver","Sunder"],"picked":"Leap","floor":7.0},{"not_picked":["Beam Cell","Rebound"],"picked":"Consume","floor":10.0},{"not_picked":["Consume","Barrage"],"picked":"Electrodynamics","floor":14.0},{"not_picked":["Reboot","Hyperbeam"],"picked":"Machine Learning","floor":16.0},{"not_picked":["Redo","Steam"],"picked":"Glacier","floor":18.0},{"not_picked":["Self Repair","Sunder"],"picked":"Force Field","floor":19.0},{"not_picked":["Rebound","Stack","Ball Lightning"],"picked":"SKIP","floor":20.0},{"not_picked":["Chill","Rip and Tear"],"picked":"Storm+1","floor":24.0},{"not_picked":["Coolheaded","Undo+1"],"picked":"Self Repair+1","floor":25.0},{"not_picked":["Turbo","Melter"],"picked":"Defragment+1","floor":27.0},{"not_picked":["Redo","Tempest","Cold Snap"],"picked":"SKIP","floor":28.0},{"not_picked":["Cold Snap","Tempest","Ball Lightning"],"picked":"SKIP","floor":29.0},{"not_picked":["Lockon+1","Melter","Go for the Eyes"],"picked":"SKIP","floor":31.0},{"not_picked":["Seek","Multi-Cast"],"picked":"Amplify","floor":33},{"not_picked":["Go for the Eyes","Lockon+1"],"picked":"Consume","floor":35},{"not_picked":["Ball Lightning+1","Sweeping Beam+1","Lockon"],"picked":"SKIP","floor":37}],"player_experience":845963,"relics_obtained":[{"floor":10.0,"key":"Ancient Tea Set"},{"floor":14.0,"key":"Matryoshka"},{"floor":25.0,"key":"Letter Opener"},{"floor":26.0,"key":"Strawberry"},{"floor":26.0,"key":"Art of War"},{"floor":28.0,"key":"Shovel"},{"floor":30.0,"key":"Whetstone"}],"event_choices":[{"damage_healed":75.0,"max_hp_gain":0.0,"max_hp_loss":75.0,"gold_gain":0.0,"event_name":"betterThird:BetterShining","player_choice":"Upgrade","floor":4.0,"gold_loss":0.0,"damage_taken":15.0,"cards_upgraded":["Defend_B","Violence"]},{"damage_healed":25.0,"max_hp_gain":0.0,"max_hp_loss":0.0,"gold_gain":0.0,"event_name":"Big Fish","player_choice":"Banana","floor":11.0,"gold_loss":0.0,"damage_taken":0.0},{"cards_removed":["Strike_B"],"damage_healed":0.0,"max_hp_gain":0.0,"max_hp_loss":0.0,"gold_gain":0.0,"event_name":"Golden Wing","player_choice":"Card Removal","floor":12.0,"gold_loss":0.0,"damage_taken":7.0},{"damage_healed":0.0,"max_hp_gain":0.0,"max_hp_loss":0.0,"gold_gain":0.0,"event_name":"The Mausoleum","player_choice":"Opened","floor":21.0,"gold_loss":0.0,"damage_taken":0.0,"relics_obtained":["CeramicFish"],"cards_obtained":["Writhe"]},{"cards_removed":["Defend_B"],"damage_healed":0,"gold_gain":0,"player_choice":"Upgrade and Remove","damage_taken":0,"max_hp_gain":0,"max_hp_loss":0,"event_name":"Designer","floor":38,"gold_loss":90,"cards_upgraded":["Defend_B"]}],"is_beta":false,"boss_relics":[{"not_picked":["SacredBark","Runic Dome"],"picked":"Runic Pyramid"},{"not_picked":["Pandora\u0027s Box","Snecko Eye"],"picked":"Inserter"}],"items_purged_floors":[22,36],"is_endless":false,"potions_floor_spawned":[7,10,16,18,19,28,29,31,35],"killed_by":"Jaw Worm Horde","ascension_level":1}}