{"host":"9oysz4knkucnjyyz","time":1611044310,"event":{"mods":["100% Spire Juice","2.2 Compatiblity","Act Like it!","BaseMod","Better Altar","Better Match","Better Note","Better Sensory Stone","Better Skull","Better Third Choice","BetterRewards","Displayed Cursed Tome","Downfall","Friendly Minions","Googly Eyes","GungeonMod","Hallownest","Hermit","Lobotomy","LobotomyExtend","Minty Spire (QoL Compilation)","Spicy Shops","Spire Arcade","Spire Birthday Party","StSLib","The Bug Knight","everything is the same but u backflip on backflip","slay the spire mod where everything is the same but ironclad has a cowboy hat"],"gold_per_floor":[119,130,130,130,149,149,184,184,210,210,222,240,252,268,268,371,371,382,402,97,97,112,112,137,97,147,159,156,170,178,193,193,193,193],"floor_reached":33,"language":"ENG","playtime":1222,"items_purged":[],"score":409,"play_id":"c1d1f3c8-1b3a-473d-be32-1be67bf52471","local_time":"20210119031830","is_ascension_mode":true,"campfire_choices":[{"floor":6,"key":"RECALL"},{"data":"Bash","floor":15,"key":"SMITH"},{"data":"Demon Form","floor":23,"key":"SMITH"},{"data":"Whirlwind","floor":32,"key":"SMITH"}],"circlet_count":0,"master_deck":["Strike_R","Strike_R","Strike_R+1","Strike_R+1","Strike_R","Defend_R","Defend_R","Defend_R","Defend_R","Bash+1","Scorched","GreedKing","Perfected Strike","OSAHOGD","Whirlwind+1","QueenBee","ShyLook","OldLady","Freischutz","PunishingBird","Demon Form+1","BlueStar","CENSORED","QueenOfHatred","Inflame","Rudolta","WallGazer","Shockwave","LongBird"],"relics":["Burning Blood","CogitoBucket","RabbitCall","LetterFromLob","Oddly Smooth Stone","TungstenRod","Bag of Preparation","TreeSap","Busted Crown","HellTrain","PreservedInsect","DemoMod:MeatBun","DemoMod:Metronome","Red Skull","Pen Nib","Bag of Marbles","LuminousBracelet","Red Mask"],"acts_visited":["Exordium","TheCity"],"potions_floor_usage":[18,29,29,29],"damage_taken":[{"damage":9,"enemies":"2 Louse","floor":1,"turns":3},{"damage":0,"enemies":"Small Slimes","floor":2,"turns":2},{"damage":6,"enemies":"Jaw Worm","floor":5,"turns":2},{"damage":53,"enemies":"Lagavulin","floor":7,"turns":7},{"damage":7,"enemies":"Red Slaver","floor":11,"turns":2},{"damage":8,"enemies":"Looter","floor":12,"turns":3},{"damage":0,"enemies":"3 Louse","floor":13,"turns":1},{"damage":3,"enemies":"Exordium Thugs","floor":14,"turns":2},{"damage":42,"enemies":"The Guardian","floor":16,"turns":8},{"damage":50,"enemies":"2 Thieves","floor":18,"turns":5},{"damage":75,"enemies":"3 Byrds","floor":19,"turns":8},{"damage":0,"enemies":"Snecko","floor":22,"turns":2},{"damage":0,"enemies":"Gremlin Leader","floor":24,"turns":3},{"damage":0,"enemies":"Book of Stabbing","floor":27,"turns":2},{"damage":29,"enemies":"Centurion and Healer","floor":28,"turns":4},{"damage":210,"enemies":"Snake Plant","floor":29,"turns":9},{"damage":0,"enemies":"Masked Bandits","floor":30,"turns":2},{"damage":14,"enemies":"Cultist and Chosen","floor":31,"turns":4},{"damage":106,"enemies":"Collector","floor":33,"turns":5}],"seed_played":"-6850360778216194466","potions_obtained":[{"floor":2,"key":"SpeedPotion"},{"floor":7,"key":"BloodPotion"},{"floor":12,"key":"Dexterity Potion"},{"floor":22,"key":"BlessingOfTheForge"},{"floor":29,"key":"HeartOfIron"},{"floor":30,"key":"Energy Potion"}],"is_trial":false,"path_per_floor":["M","M","?","?","M","R","E","?","T","M","M","M","M","M","R","B",null,"M","M","$","?","M","R","E","?","T","E","M","M","?","M","R","B"],"character_chosen":"IRONCLAD","items_purchased":["PreservedInsect","DemoMod:MeatBun"],"campfire_rested":0,"item_purchase_floors":[20,20],"current_hp_per_floor":[77,80,77,77,77,77,30,30,30,30,29,27,33,36,36,39,80,36,65,65,65,65,65,65,65,65,65,55,53,59,63,63,0,0],"gold":193,"neow_bonus":"","is_daily":false,"chose_seed":false,"campfire_upgraded":3,"win_rate":0.0,"timestamp":1611044310,"path_taken":["M","M","?","?","M","R","E","?","T","M","M","M","M","M","R","BOSS","M","M","$","?","M","R","E","?","T","E","?","M","?","M","R","BOSS"],"items_purchased_type":["Relic","Relic"],"build_version":"2020-12-22","purchased_purges":0,"victory":false,"max_hp_per_floor":[80,80,80,80,80,80,80,80,80,80,80,80,80,80,80,80,80,80,65,65,65,65,65,65,65,65,65,65,65,65,65,65,65,65],"card_choices":[{"not_picked":["CherryBlossoms","GalaxyChild"],"picked":"Scorched","floor":1},{"not_picked":["Sword Boomerang","DemoMod:WhiteBlade","Cleave"],"picked":"SKIP","floor":1},{"not_picked":["DreamingCurrent","CrumblingArmor","CherryBlossoms"],"picked":"Singing Bowl","floor":2},{"not_picked":["CrumblingArmor","ShyLook"],"picked":"GreedKing","floor":2},{"not_picked":["Shockwave","Burning Pact"],"picked":"Perfected Strike","floor":2},{"not_picked":["MHz","Scarecrow","UniverseFragment"],"picked":"Singing Bowl","floor":5},{"not_picked":["Yin","FairyFestival"],"picked":"OSAHOGD","floor":5},{"not_picked":["Uppercut","Pommel Strike"],"picked":"Whirlwind","floor":5},{"not_picked":["PunishingBird","BigBird"],"picked":"QueenBee","floor":7},{"not_picked":["Sentinel","Havoc","Blood for Blood"],"picked":"SKIP","floor":7},{"not_picked":["MHz","BlackSwan","UniverseFragment"],"picked":"Singing Bowl","floor":11},{"not_picked":["UniverseFragment","MeatLantern"],"picked":"ShyLook","floor":11},{"not_picked":["Clothesline","Spot Weakness","Sword Boomerang"],"picked":"SKIP","floor":11},{"not_picked":["GalaxyChild","UniverseFragment"],"picked":"OldLady","floor":12},{"not_picked":["Second Wind","Havoc","True Grit"],"picked":"SKIP","floor":12},{"not_picked":["CrumblingArmor","FairyFestival","NakedNest"],"picked":"Singing Bowl","floor":13},{"not_picked":["Hemokinesis","Carnage","Twin Strike"],"picked":"SKIP","floor":13},{"not_picked":["Murderer","SpiderBud","VoidDream"],"picked":"Singing Bowl","floor":14},{"not_picked":["FairyFestival","Murderer"],"picked":"Freischutz","floor":14},{"not_picked":["Anger","Shrug It Off","Body Slam"],"picked":"SKIP","floor":14},{"not_picked":["Mercenary","Funeral","DreamingCurrent"],"picked":"Singing Bowl","floor":16},{"not_picked":["Yin","UniverseFragment"],"picked":"PunishingBird","floor":16},{"not_picked":["Limit Break","Brutality"],"picked":"Demon Form","floor":16},{"not_picked":["Alriune","RedShoes","CrumblingArmor"],"picked":"Singing Bowl","floor":18},{"not_picked":["DespairKnight","VoidDream"],"picked":"BlueStar","floor":18},{"not_picked":["Cleave"],"picked":"SKIP","floor":18},{"not_picked":["Murderer","CrumblingArmor","HeroicMonk"],"picked":"Singing Bowl","floor":19},{"not_picked":["BeautyBeast","FairyFestival"],"picked":"CENSORED","floor":19},{"not_picked":["Carnage"],"picked":"SKIP","floor":19},{"not_picked":["VoidDream","BeautyBeast","CrumblingArmor"],"picked":"Singing Bowl","floor":22},{"not_picked":["Warcry"],"picked":"SKIP","floor":22},{"not_picked":["DreamingCurrent","MeatLantern","FairyFestival"],"picked":"Singing Bowl","floor":24},{"not_picked":["Combust+1"],"picked":"SKIP","floor":24},{"not_picked":["SpiderBud","RedShoes"],"picked":"QueenOfHatred","floor":27},{"not_picked":[],"picked":"Inflame","floor":27},{"not_picked":["NakedNest","DreamingCurrent","Bloodbath"],"picked":"Singing Bowl","floor":28},{"not_picked":["Sentinel"],"picked":"SKIP","floor":28},{"not_picked":["SingingMachine","Funeral","BlackSwan"],"picked":"Singing Bowl","floor":29},{"not_picked":["HappyTeddy","UniverseFragment"],"picked":"Rudolta","floor":29},{"not_picked":["Rage"],"picked":"SKIP","floor":29},{"not_picked":["Yin","SingingMachine","LittlePrince"],"picked":"Singing Bowl","floor":30},{"not_picked":["MHz","CherryBlossoms"],"picked":"WallGazer","floor":30},{"not_picked":[],"picked":"Shockwave","floor":30},{"not_picked":["UniverseFragment","VoidDream"],"picked":"LongBird","floor":31},{"not_picked":["Combust+1"],"picked":"SKIP","floor":31}],"player_experience":362106,"relics_obtained":[{"floor":1,"key":"LetterFromLob"},{"floor":7,"key":"TungstenRod"},{"floor":9,"key":"Bag of Preparation"},{"floor":24,"key":"Red Skull"},{"floor":26,"key":"Pen Nib"},{"floor":27,"key":"Bag of Marbles"},{"floor":30,"key":"Red Mask"}],"event_choices":[{"damage_healed":0,"gold_gain":0,"player_choice":"Relic ","damage_taken":3,"max_hp_gain":0,"max_hp_loss":0,"event_name":"betterThird:BetterScrap","floor":3,"gold_loss":0,"cards_obtained":["All For One"]},{"damage_healed":0,"gold_gain":0,"player_choice":"Leave","damage_taken":0,"max_hp_gain":0,"max_hp_loss":0,"event_name":"The Cleric","floor":4,"gold_loss":0},{"damage_healed":30,"gold_gain":0,"player_choice":"Leave","damage_taken":0,"max_hp_gain":0,"max_hp_loss":80,"event_name":"betterThird:BetterShining","floor":8,"gold_loss":0},{"damage_healed":0,"gold_gain":0,"player_choice":"Opened","damage_taken":0,"relics_obtained":["DemoMod:Metronome"],"max_hp_gain":0,"max_hp_loss":0,"event_name":"The Mausoleum","floor":21,"gold_loss":0},{"damage_healed":0,"gold_gain":0,"player_choice":"Upgraded Two","damage_taken":0,"max_hp_gain":0,"max_hp_loss":0,"event_name":"Designer","floor":25,"gold_loss":40,"cards_upgraded":["Strike_R","Strike_R"]},{"damage_healed":0,"gold_gain":0,"player_choice":"Fought Bandits","damage_taken":0,"max_hp_gain":0,"max_hp_loss":0,"event_name":"Masked Bandits","floor":30,"gold_loss":0}],"is_beta":false,"boss_relics":[{"not_picked":["Coffee Dripper","SacredBark"],"picked":"Busted Crown"}],"items_purged_floors":[],"is_endless":false,"potions_floor_spawned":[2,7,12,16,22,24,29,30],"killed_by":"Collector","ascension_level":4}}