{"host":"1ecbliur7lfoj0sl","time":1611064285,"event":{"mods":["BaseMod","Downfall","Minty Spire (QoL Compilation)","StSLib","The Senshi","Waifu the Spire"],"gold_per_floor":[99,116,130,142,142,173,173,73,73,92,103,137,153,181,196,196,196,196],"floor_reached":16,"language":"ZHS","playtime":862,"items_purged":[],"score":130,"play_id":"e0eff154-fe2a-405d-bce3-b10829549e66","local_time":"20210119215125","is_ascension_mode":true,"campfire_choices":[{"floor":1,"key":"RECALL"},{"data":"Guardian:BronzeArmor","floor":8,"key":"SMITH"}],"circlet_count":0,"master_deck":["Guardian:Strike_Guardian+1","Guardian:Strike_Guardian+1","Guardian:Strike_Guardian","Guardian:Defend_Guardian","Guardian:Defend_Guardian","Guardian:Defend_Guardian","Guardian:Defend_Guardian","Guardian:CurlUp","Guardian:TwinSlam","Guardian:BronzeArmor+1","Guardian:Gem_Yellow","Guardian:BronzeOrb","Guardian:AncientConstruct","Guardian:PolyBeam","Guardian:ChargeCore"],"relics":["Guardian:ModeShifter","Ornamental Fan","Sundial","downfall:HeartBlessingRed","Gremlin Horn","Whetstone"],"acts_visited":["Exordium"],"potions_floor_usage":[12,14],"damage_taken":[{"damage":5,"enemies":"2 Louse","floor":2,"turns":3},{"damage":5,"enemies":"Small Slimes","floor":3,"turns":4},{"damage":0,"enemies":"Jaw Worm","floor":4,"turns":7},{"damage":22,"enemies":"Gremlin Nob","floor":6,"turns":6},{"damage":7,"enemies":"3 Louse","floor":10,"turns":4},{"damage":0,"enemies":"Lots of Slimes","floor":11,"turns":6},{"damage":9,"enemies":"Lagavulin","floor":12,"turns":7},{"damage":3,"enemies":"Exordium Thugs","floor":13,"turns":7},{"damage":29,"enemies":"Gremlin Nob","floor":14,"turns":5},{"damage":1,"enemies":"Red Slaver","floor":15,"turns":3},{"damage":19,"enemies":"IC_STATUS_ARCHETYPE","floor":16,"turns":8}],"seed_played":"1268147298431441163","potions_obtained":[{"floor":4,"key":"SkillPotion"},{"floor":6,"key":"Strength Potion"},{"floor":13,"key":"DuplicationPotion"},{"floor":15,"key":"Fire Potion"}],"is_trial":false,"path_per_floor":["R","M","M","M","?","E","T","R","?","M","M","E","M","E","M","B"],"character_chosen":"GUARDIAN","items_purchased":[],"campfire_rested":0,"item_purchase_floors":[],"current_hp_per_floor":[88,83,78,78,78,56,56,56,61,54,54,45,42,13,12,0,0,0],"gold":196,"neow_bonus":"TEN_PERCENT_HP_BONUS","is_daily":false,"chose_seed":false,"campfire_upgraded":1,"win_rate":0.0,"timestamp":1611064285,"path_taken":["R","M","M","M","?","E","T","R","?","?","M","E","M","E","M","BOSS"],"items_purchased_type":[],"build_version":"2020-12-22","purchased_purges":0,"victory":false,"max_hp_per_floor":[88,88,88,88,88,88,88,88,93,93,93,93,93,93,93,93,93,93],"card_choices":[{"not_picked":["Guardian:Gem_Green","Guardian:RollAttack"],"picked":"Guardian:Gem_Purple","floor":2},{"not_picked":["Guardian:TemporalStrike","Guardian:CrystalBeam"],"picked":"Guardian:BronzeArmor","floor":3},{"not_picked":["Guardian:GuardianWhirl","Guardian:Suspension"],"picked":"Guardian:Gem_Crimson","floor":4},{"not_picked":["Guardian:EvasiveProtocol","Guardian:CrystalBeam","Guardian:PiercingHide"],"picked":"SKIP","floor":6},{"not_picked":["Guardian:VentSteam","Guardian:Gem_Blue"],"picked":"Guardian:Gem_Yellow","floor":10},{"not_picked":["Guardian:Gem_Green","Guardian:Harden"],"picked":"Guardian:BronzeOrb","floor":11},{"not_picked":["Guardian:ChargeCore","Guardian:CrystalBeam"],"picked":"Guardian:AncientConstruct","floor":12},{"not_picked":["Guardian:VentSteam","Guardian:CrystalBeam"],"picked":"Guardian:PolyBeam","floor":13},{"not_picked":["Guardian:RollAttack","Guardian:GemFire","Guardian:WalkerClaw"],"picked":"SKIP","floor":14},{"not_picked":["Guardian:WalkerClaw","Guardian:CrystalBeam"],"picked":"Guardian:ChargeCore","floor":15}],"player_experience":53879,"relics_obtained":[{"floor":6,"key":"Ornamental Fan"},{"floor":7,"key":"Sundial"},{"floor":12,"key":"Gremlin Horn"},{"floor":14,"key":"Whetstone"}],"event_choices":[{"damage_healed":0,"gold_gain":0,"player_choice":"Donut","damage_taken":0,"max_hp_gain":5,"max_hp_loss":0,"event_name":"Big Fish","floor":9,"gold_loss":0}],"is_beta":false,"boss_relics":[],"items_purged_floors":[],"is_endless":false,"potions_floor_spawned":[4,6,13,15],"killed_by":"IC_STATUS_ARCHETYPE","ascension_level":1}}