{"host":"7fyy23rucerupe6i","time":1611058229,"event":{"mods":["AchievementEnabler","Act Like it!","BaseMod","BetterRewards","Colored Map","Colored Powertips","Conspire","Custom Start","Downfall","Marisa£®ÏF”Í°°ƒß¿Ì…≥£©","Minty Spire (QoL Compilation)","Quick Restart","Shop Mod","Spicy Shops","StSLib","SuperFastMode","The Factory","The Jungle","UnlockEverythingMod"],"gold_per_floor":[99,118,133,58,72,72,72,22,22,7,20,20,39,69,88,189,189,139,156,167,167,167,197,197,217,217,167,183,183,202,229,246,343,343,293,311,331,376,376,410,410,430,459,459,507,457,489,98,109,109],"floor_reached":51,"language":"ZHS","playtime":7112,"items_purged":["Slimebound:Defend_Slimebound"],"score":970,"play_id":"ad5fae24-22bc-4c2d-be37-e87e36c9ce3d","local_time":"20210119201029","is_ascension_mode":true,"campfire_choices":[{"data":"Slimebound:Tackle","floor":1,"key":"SMITH"},{"data":"Slimebound:GoopSpray","floor":8,"key":"SMITH"},{"data":"Slimebound:MassRepurpose","floor":12,"key":"SMITH"},{"data":"Slimebound:GrowthPunch","floor":18,"key":"SMITH"},{"data":"Slimebound:FormOfPuddle","floor":27,"key":"SMITH"},{"data":"Slimebound:MassRepurpose","floor":35,"key":"SMITH"},{"floor":46,"key":"RECALL"}],"circlet_count":0,"master_deck":["Slimebound:Tackle+1","Slimebound:Defend_Slimebound","Slimebound:Defend_Slimebound","Slimebound:Split+1","Slimebound:CorrosiveSpit+1","Slimebound:SpikyOuterGoop","Slimebound:LeechEnergy","Slimebound:GoopSpray+1","Slimebound:MassRepurpose+1","Slimebound:GoopSpray","Slimebound:GrowthPunch+1","Slimebound:FormOfPuddle+1","Slimebound:Gluttony","Slimebound:RallyTheTroops","Slimebound:Prepare","Slimebound:ForwardTackle+1","Slimebound:RallyTheTroops","Slimebound:SlimeBrawl+1","Slimebound:Tackle+1","Slimebound:Tackle+1","Slimebound:Tackle+1","Slimebound:LevelUp+1","Slimebound:MassRepurpose+1","Slimebound:SpikyOuterGoop+1","Slimebound:SelfFormingGoo","Slimebound:MassRepurpose+1","Slimebound:Repurpose","Slimebound:DuplicatedForm","Slimebound:RallyTheTroops","expansioncontent:Chronoboost","Parasite"],"relics":["Slimebound:AbsorbEndCombat","Slimebound:GreedOozeRelic","conspire:Dentures","Bottled Lightning","Blue Candle","expansioncontent:StudyCardRelic","bronze:BronzeIdol","Sundial","Nloth\u0027s Gift","Pen Nib","Coffee Dripper","CatCart","Incense Burner","Mummified Hand","Lizard Tail","Ornamental Fan","Guardian:BottledAnomaly","Ancient Tea Set"],"acts_visited":["Exordium","TheCity","TheBeyond"],"potions_floor_usage":[16,23,23,33,33,38,48,50],"damage_taken":[{"damage":4,"enemies":"Cultist","floor":2,"turns":3},{"damage":0,"enemies":"Small Slimes","floor":3,"turns":3},{"damage":0,"enemies":"2 Louse","floor":5,"turns":3},{"damage":0,"enemies":"downfall:FleeingMerchant","floor":10,"turns":4},{"damage":3,"enemies":"Blue Slaver","floor":11,"turns":3},{"damage":14,"enemies":"Lots of Slimes","floor":13,"turns":3},{"damage":2,"enemies":"Gremlin Nob","floor":14,"turns":3},{"damage":8,"enemies":"3 Louse","floor":15,"turns":3},{"damage":2,"enemies":"SI_SHIV_ARCHETYPE","floor":16,"turns":6},{"damage":7,"enemies":"Spheric Guardian","floor":19,"turns":4},{"damage":3,"enemies":"Chosen","floor":20,"turns":3},{"damage":45,"enemies":"Slavers","floor":23,"turns":6},{"damage":0,"enemies":"Snecko","floor":25,"turns":3},{"damage":4,"enemies":"Centurion and Healer","floor":28,"turns":3},{"damage":0,"enemies":"Snake Plant","floor":30,"turns":2},{"damage":11,"enemies":"Book of Stabbing","floor":31,"turns":4},{"damage":10,"enemies":"Shelled Parasite and Fungi","floor":32,"turns":4},{"damage":26,"enemies":"DF_ARCHETYPE_CLAW","floor":33,"turns":4},{"damage":12,"enemies":"3 Darklings","floor":36,"turns":4},{"damage":7,"enemies":"3 Shapes","floor":37,"turns":3},{"damage":0,"enemies":"Orin","floor":38,"turns":6},{"damage":3,"enemies":"Nemesis","floor":40,"turns":5},{"damage":11,"enemies":"Transient","floor":42,"turns":5},{"damage":32,"enemies":"Giant Head","floor":43,"turns":5},{"damage":11,"enemies":"2 Orb Walkers","floor":45,"turns":4},{"damage":11,"enemies":"Reptomancer","floor":47,"turns":4},{"damage":0,"enemies":"downfall:FleeingMerchant","floor":48,"turns":4},{"damage":0,"enemies":"Writhing Mass","floor":49,"turns":2},{"damage":57,"enemies":"WA_ARCHETYPE_DIVINITY","floor":50,"turns":6}],"seed_played":"2674342801794129387","potions_obtained":[{"floor":3,"key":"Weak Potion"},{"floor":11,"key":"EssenceOfSteel"},{"floor":13,"key":"Swift Potion"},{"floor":16,"key":"Fire Potion"},{"floor":23,"key":"PowerPotion"},{"floor":31,"key":"EssenceOfSteel"},{"floor":36,"key":"DuplicationPotion"},{"floor":38,"key":"EssenceOfSteel"},{"floor":43,"key":"AttackPotion"},{"floor":49,"key":"AttackPotion"}],"is_trial":false,"path_per_floor":["R","M","M","?","M","?","T","R","T","$","M","R","M","E","M","B",null,"R","M","M","?","?","E","T","M","?","R","M","?","M","E","M","B",null,"R","M","M","?","?","E","T","M","E","?","?","R","E","$","M","B",null],"character_chosen":"SLIMEBOUND","items_purchased":["Guardian:BottledAnomaly","Ancient Tea Set"],"campfire_rested":0,"item_purchase_floors":[48,48],"current_hp_per_floor":[59,59,63,63,65,70,70,70,70,70,69,69,59,61,57,63,68,68,65,68,68,68,31,31,39,39,39,43,43,45,38,36,33,61,61,57,52,60,60,61,61,58,62,62,57,57,69,70,70,30],"gold":109,"neow_bonus":"RANDOM_COMMON_RELIC","is_daily":false,"chose_seed":false,"campfire_upgraded":6,"win_rate":0.0,"timestamp":1611058229,"path_taken":["R","M","?","?","M","?","T","R","?","$","?","R","M","E","M","BOSS","R","M","M","?","?","E","T","?","?","R","?","?","M","E","M","BOSS","R","M","M","?","?","E","T","?","E","?","?","R","E","$","M","BOSS"],"items_purchased_type":["Relic","Relic"],"build_version":"2020-12-22","purchased_purges":1,"victory":true,"max_hp_per_floor":[65,65,65,65,65,70,70,70,70,70,70,70,70,70,70,70,70,70,70,70,70,70,70,70,70,70,70,70,70,70,70,70,70,70,70,70,70,70,70,70,70,70,70,70,70,70,70,70,70,70],"card_choices":[{"not_picked":["Slimebound:SplitLeeching","Slimebound:ComboTackle"],"picked":"Slimebound:SpikyOuterGoop","floor":2},{"not_picked":["Slimebound:SplitMire","Slimebound:SplitAcid"],"picked":"Slimebound:LeechEnergy","floor":3},{"not_picked":["Slimebound:Prepare","Slimebound:ComboTackle"],"picked":"Slimebound:GoopSpray","floor":5},{"not_picked":["Slimebound:SlimeTap","Slimebound:RollThrough"],"picked":"Slimebound:MassRepurpose","floor":10},{"not_picked":["Slimebound:Schlurp","Slimebound:LeechingTouch"],"picked":"Slimebound:GoopSpray","floor":11},{"not_picked":["Slimebound:SlimeTap","Slimebound:LivingWall"],"picked":"Slimebound:GrowthPunch","floor":13},{"not_picked":["Slimebound:Schlurp","Slimebound:PressTheAttack"],"picked":"Slimebound:FormOfPuddle","floor":14},{"not_picked":["Slimebound:RollThrough","Slimebound:SplitMire"],"picked":"Slimebound:Gluttony","floor":15},{"not_picked":["Slimebound:SelfFormingGoo","Slimebound:Darklings"],"picked":"Slimebound:RallyTheTroops","floor":16},{"not_picked":["Slimebound:SlimeSpikes","Slimebound:SplitLeeching+1","Slimebound:SplitAcid"],"picked":"SKIP","floor":19},{"not_picked":["Slimebound:GoopSpray","Slimebound:RainOfGoop"],"picked":"Slimebound:Prepare","floor":20},{"not_picked":["Slimebound:Prepare","Slimebound:SplitMire"],"picked":"Slimebound:ForwardTackle+1","floor":23},{"not_picked":["Slimebound:SamplingLick","Slimebound:SplitLeeching+1"],"picked":"Slimebound:RallyTheTroops","floor":25},{"not_picked":["Slimebound:ItLooksTasty","Slimebound:Prepare"],"picked":"Slimebound:SlimeBrawl+1","floor":28},{"not_picked":["Slimebound:GoopSpray","Slimebound:SlimeSpikes"],"picked":"Slimebound:LevelUp+1","floor":30},{"not_picked":["Slimebound:Teamwork","Slimebound:DisruptingSlam"],"picked":"Slimebound:MassRepurpose","floor":31},{"not_picked":["Slimebound:FinishingTackle","Slimebound:GoopSpray"],"picked":"Slimebound:SpikyOuterGoop+1","floor":32},{"not_picked":["Slimebound:TagTeam","Slimebound:MassFeed"],"picked":"Slimebound:SelfFormingGoo","floor":33},{"not_picked":["Slimebound:Equalize","Slimebound:HungryTackle","Slimebound:GoopTackle+1"],"picked":"SKIP","floor":36},{"not_picked":["Slimebound:ViciousTackle+1","Slimebound:Equalize","Slimebound:GoopSpray"],"picked":"SKIP","floor":37},{"not_picked":["Slimebound:AcidTongue","Slimebound:Teamwork"],"picked":"Slimebound:Repurpose","floor":40},{"not_picked":["Slimebound:GoopTackle+1","Slimebound:SlimeBrawl"],"picked":"Slimebound:DuplicatedForm","floor":42},{"not_picked":["Slimebound:FinishingTackle","Slimebound:DouseInSlime"],"picked":"Slimebound:RallyTheTroops","floor":43},{"not_picked":["expansioncontent:LastStand","expansioncontent:HyperBeam"],"picked":"expansioncontent:Chronoboost","floor":44},{"not_picked":["Slimebound:GoopTackle","Slimebound:PrepareCrush","Slimebound:SplitSpecialist"],"picked":"SKIP","floor":47},{"not_picked":["Slimebound:HungryTackle+1","Slimebound:ServeAndProtect+1","Slimebound:Prepare"],"picked":"SKIP","floor":48},{"not_picked":["Slimebound:LeechEnergy","Slimebound:RollThrough","Slimebound:ComboTackle"],"picked":"SKIP","floor":49}],"player_experience":362013,"relics_obtained":[{"floor":7,"key":"conspire:Dentures"},{"floor":9,"key":"Bottled Lightning"},{"floor":14,"key":"Blue Candle"},{"floor":23,"key":"bronze:BronzeIdol"},{"floor":24,"key":"Sundial"},{"floor":31,"key":"Pen Nib"},{"floor":38,"key":"CatCart"},{"floor":40,"key":"Incense Burner"},{"floor":43,"key":"Mummified Hand"},{"floor":45,"key":"Lizard Tail"},{"floor":47,"key":"Ornamental Fan"}],"event_choices":[{"damage_healed":0,"gold_gain":0,"player_choice":"Donut","damage_taken":0,"max_hp_gain":5,"max_hp_loss":0,"event_name":"Big Fish","floor":6,"gold_loss":0},{"damage_healed":0,"gold_gain":0,"player_choice":"Leave","damage_taken":0,"max_hp_gain":0,"max_hp_loss":0,"event_name":"conspire:Investor","floor":21,"gold_loss":0},{"damage_healed":0,"gold_gain":0,"player_choice":"Fight","damage_taken":0,"max_hp_gain":0,"max_hp_loss":0,"event_name":"OrinTheCat","floor":38,"gold_loss":0},{"damage_healed":0,"gold_gain":0,"player_choice":"Fight","damage_taken":0,"max_hp_gain":0,"max_hp_loss":0,"event_name":"Mysterious Sphere","floor":45,"gold_loss":0}],"is_beta":false,"boss_relics":[{"not_picked":["conspire:RoyalGoblet","Astrolabe"],"picked":"expansioncontent:StudyCardRelic"},{"not_picked":["Tiny House","Black Star"],"picked":"Coffee Dripper"}],"items_purged_floors":[48],"is_endless":false,"potions_floor_spawned":[3,11,13,15,16,19,20,23,31,36,38,43,49],"ascension_level":6}}