{"host":"4bbalj7r5kimsnho","time":1611080404,"event":{"mods":["AchievementEnabler","BaseMod","Colored Powertips","Hermit","Minty Spire (QoL Compilation)","StSLib"],"gold_per_floor":[114,127,52,67,83,83,109,109,109,138,107,107,126,178,178,178,178],"floor_reached":16,"language":"ENG","playtime":890,"items_purged":["Strike_B"],"score":121,"play_id":"53dd3869-d82a-430a-9bb2-b1d167c3ac30","local_time":"20210119182004","is_ascension_mode":true,"campfire_choices":[{"data":"Dualcast","floor":6,"key":"SMITH"},{"data":"Hologram","floor":8,"key":"SMITH"},{"floor":15,"key":"REST"}],"circlet_count":0,"master_deck":["Strike_B","Strike_B","Defend_B","Defend_B","Defend_B","Defend_B","Zap","Dualcast+1","Seek","Hologram+1","Streamline","Coolheaded","FTL","Doom and Gloom","Leap"],"relics":["Cracked Core","Ornamental Fan","Question Card","Tiny Chest","Juzu Bracelet"],"acts_visited":["Exordium"],"potions_floor_usage":[16],"damage_taken":[{"damage":0,"enemies":"Small Slimes","floor":1,"turns":3},{"damage":2,"enemies":"Jaw Worm","floor":2,"turns":3},{"damage":1,"enemies":"Cultist","floor":4,"turns":3},{"damage":6,"enemies":"Looter","floor":5,"turns":2},{"damage":16,"enemies":"Gremlin Nob","floor":7,"turns":3},{"damage":23,"enemies":"Lagavulin","floor":10,"turns":7},{"damage":7,"enemies":"2 Fungi Beasts","floor":13,"turns":2},{"damage":40,"enemies":"Slime Boss","floor":16,"turns":7}],"seed_played":"-2716512023580970362","potions_obtained":[{"floor":7,"key":"LiquidBronze"},{"floor":13,"key":"FearPotion"}],"is_trial":false,"path_per_floor":["M","M","$","M","M","R","E","R","T","E","?","?","M","T","R","B"],"character_chosen":"DEFECT","items_purchased":[],"campfire_rested":1,"item_purchase_floors":[],"current_hp_per_floor":[68,66,66,65,59,59,43,43,43,20,20,20,13,13,33,0,0],"gold":178,"neow_bonus":"THREE_RARE_CARDS","is_daily":false,"chose_seed":false,"campfire_upgraded":2,"win_rate":0.0,"timestamp":1611080404,"path_taken":["M","M","$","M","M","R","E","R","T","E","?","?","?","?","R","BOSS"],"items_purchased_type":[],"build_version":"2020-12-22","purchased_purges":1,"victory":false,"max_hp_per_floor":[68,68,68,68,68,68,68,68,68,68,68,68,68,68,68,68,68],"card_choices":[{"not_picked":["All For One","Thunder Strike"],"picked":"Seek","floor":0},{"not_picked":["Beam Cell","Steam"],"picked":"Hologram","floor":1},{"not_picked":["Chill","Redo"],"picked":"Streamline","floor":2},{"not_picked":["Reinforced Body","Barrage","Double Energy"],"picked":"SKIP","floor":4},{"not_picked":["Steam","Blizzard"],"picked":"Coolheaded","floor":5},{"not_picked":["Reinforced Body","BootSequence"],"picked":"FTL","floor":7},{"not_picked":["Genetic Algorithm","Coolheaded","Conserve Battery"],"picked":"Doom and Gloom","floor":10},{"not_picked":["Double Energy","FTL","Steam"],"picked":"Leap","floor":13}],"player_experience":97184,"relics_obtained":[{"floor":7,"key":"Ornamental Fan"},{"floor":9,"key":"Question Card"},{"floor":10,"key":"Tiny Chest"},{"floor":14,"key":"Juzu Bracelet"}],"event_choices":[{"damage_healed":0,"gold_gain":0,"player_choice":"Left Gold","damage_taken":0,"max_hp_gain":0,"max_hp_loss":0,"event_name":"World of Goop","floor":11,"gold_loss":31},{"cards_removed":["Strike_B"],"damage_healed":0,"gold_gain":0,"player_choice":"Purged","damage_taken":0,"max_hp_gain":0,"max_hp_loss":0,"event_name":"Purifier","floor":12,"gold_loss":0}],"is_beta":false,"boss_relics":[],"items_purged_floors":[3],"is_endless":false,"potions_floor_spawned":[7,13],"killed_by":"Slime Boss","ascension_level":2}}