{"host":"sc0o2qwpf9j16a4i","time":1611100073,"event":{"mods":["AchievementEnabler","BaseMod","BetterRewards","Block Reminder","Colored Map","Colored Powertips","Custom Start","Highlight Path","Minty Spire (QoL Compilation)","Relic Stats"],"gold_per_floor":[119,129,140,19,38,38,70,85,85,85,135,149,149,160,160,237,237,257,307,326,373,115,146,61,72,127,127,156,156,185,203,203,282,282,296,308,328,60,60,60,60,91,91,116,135,4,14,29,29,29,29,29,29,9,35,35,35],"floor_reached":56,"language":"ENG","playtime":1338,"items_purged":["Strike_R","Strike_R","Strike_R"],"score":2538,"play_id":"e985f6bb-9b61-4e86-aaca-e68fed845edb","local_time":"20210120014753","is_ascension_mode":true,"campfire_choices":[{"data":"Bash","floor":6.0,"key":"SMITH"},{"data":"Inflame","floor":13,"key":"SMITH"},{"data":"Demon Form","floor":15,"key":"SMITH"},{"data":"Corruption","floor":27,"key":"SMITH"},{"data":"Feel No Pain","floor":32,"key":"SMITH"},{"floor":40,"key":"RECALL"},{"data":"Limit Break","floor":49,"key":"SMITH"},{"floor":53,"key":"REST"}],"circlet_count":0,"master_deck":["AscendersBane","Strike_R","Defend_R+1","Defend_R","Defend_R","Defend_R","Bash+1","Whirlwind+1","Feel No Pain","Immolate+1","Reaper+1","Headbutt+1","Shrug It Off+1","Feel No Pain+1","Flame Barrier","Spot Weakness","Inflame+1","Demon Form+1","Feed+1","Clothesline+1","Shrug It Off","Corruption+1","Exhume","Sentinel","Reaper+1","Evolve","Fiend Fire+1","True Grit","True Grit+1","Limit Break+1","Feel No Pain","Seeing Red","Intimidate+1","Entrench","Metallicize","Double Tap"],"relics":["Burning Blood","Lantern","Molten Egg 2","Chemical X","Ice Cream","Letter Opener","Pantograph","Turnip","Membership Card","PreservedInsect","Question Card","Tiny Chest","Sozu","Juzu Bracelet","Bag of Preparation","Art of War","Sundial","Akabeko","Kunai","Mummified Hand","Busted Crown","Red Skull","War Paint","Blue Candle","Darkstone Periapt","Meat on the Bone","StrikeDummy"],"acts_visited":["Exordium","TheCity","TheBeyond","TheEnding"],"potions_floor_usage":[12,30,36],"damage_taken":[{"damage":0.0,"enemies":"2 Louse","floor":1.0,"turns":1.0},{"damage":0.0,"enemies":"Small Slimes","floor":2.0,"turns":1.0},{"damage":0.0,"enemies":"Cultist","floor":3.0,"turns":2.0},{"damage":0.0,"enemies":"Blue Slaver","floor":5.0,"turns":2.0},{"damage":0.0,"enemies":"3 Sentries","floor":7.0,"turns":1.0},{"damage":13.0,"enemies":"Large Slime","floor":8.0,"turns":4.0},{"damage":3,"enemies":"Gremlin Gang","floor":12,"turns":2},{"damage":0,"enemies":"Exordium Thugs","floor":14,"turns":2},{"damage":18,"enemies":"Slime Boss","floor":16,"turns":5},{"damage":1,"enemies":"3 Byrds","floor":18,"turns":4},{"damage":0,"enemies":"Chosen","floor":20,"turns":4},{"damage":17,"enemies":"Slavers","floor":23,"turns":2},{"damage":29,"enemies":"3 Cultists","floor":25,"turns":5},{"damage":48,"enemies":"Gremlin Leader","floor":28,"turns":5},{"damage":11,"enemies":"Slavers","floor":30,"turns":2},{"damage":0,"enemies":"Cultist and Chosen","floor":31,"turns":3},{"damage":16,"enemies":"Champ","floor":33,"turns":6},{"damage":0,"enemies":"3 Darklings","floor":35,"turns":1},{"damage":22,"enemies":"Orb Walker","floor":36,"turns":3},{"damage":14,"enemies":"Writhing Mass","floor":37,"turns":5},{"damage":33,"enemies":"Nemesis","floor":42,"turns":7},{"damage":17,"enemies":"Giant Head","floor":44,"turns":5},{"damage":18,"enemies":"3 Darklings","floor":45,"turns":3},{"damage":0,"enemies":"Sphere and 2 Shapes","floor":47,"turns":1},{"damage":2,"enemies":"Maw","floor":48,"turns":6},{"damage":54,"enemies":"Time Eater","floor":50,"turns":8},{"damage":116,"enemies":"Awakened One","floor":51,"turns":8},{"damage":57,"enemies":"Shield and Spear","floor":55,"turns":4},{"damage":123,"enemies":"The Heart","floor":56,"turns":6}],"seed_played":"7648339678172575041","potions_obtained":[{"floor":3.0,"key":"Fruit Juice"},{"floor":7.0,"key":"Explosive Potion"},{"floor":8.0,"key":"FearPotion"},{"floor":16,"key":"SteroidPotion"}],"is_trial":false,"path_per_floor":["M","M","M","$","M","R","E","M","T","?","?","M","R","M","R","B",null,"M","?","M","T","$","E","?","M","T","R","E","?","E","M","R","B",null,"M","M","M","$","?","R","T","E","T","E","M","$","M","M","R","B","B",null,"R","$","E","B"],"character_chosen":"IRONCLAD","items_purchased":["Lantern","Molten Egg 2","Chemical X","Ice Cream","Letter Opener","Pantograph","Turnip","Whirlwind+1","Membership Card","Feel No Pain","Immolate+1","Reaper+1","Feel No Pain","PreservedInsect","Corruption","Exhume","Bag of Preparation","Limit Break","Feel No Pain","Red Skull","Meat on the Bone","Metallicize"],"campfire_rested":1,"item_purchase_floors":[0,0,0,0,0,0,0,0,0,0,0,0,4,4,22,22,22,38,38,38,46,54],"current_hp_per_floor":[27,33,39,39,50,50,67,60,60,60,52,55,55,61,61,68,77,84,84,84,84,84,88,88,79,79,79,64,64,96,96,96,86,94,96,84,76,76,76,76,76,70,70,59,47,47,65,103,103,85,47,90,104,104,64,0,0],"gold":35,"neow_bonus":"","is_daily":false,"chose_seed":false,"campfire_upgraded":6,"win_rate":0.0,"timestamp":1611100073,"path_taken":["M","M","M","$","M","R","E","M","T","?","?","M","R","M","R","BOSS","M","?","M","?","$","E","?","M","T","R","E","?","E","M","R","BOSS","M","M","M","$","?","R","?","E","T","E","M","?","M","M","R","BOSS","BOSS","R","$","E","BOSS"],"items_purchased_type":["Relic","Relic","Relic","Relic","Relic","Relic","Relic","Card","Relic","Card","Card","Card","Card","Relic","Card","Card","Relic","Card","Card","Relic","Relic","Card"],"build_version":"2020-12-22","purchased_purges":3,"victory":false,"max_hp_per_floor":[75,75,75,75,80,80,80,80,80,80,80,80,80,80,80,80,80,84,84,84,84,84,88,88,92,92,92,92,92,96,96,96,96,96,96,100,100,100,100,100,100,104,104,104,104,104,104,104,104,104,104,104,104,104,104,104,104],"relic_stats":{"Darkstone Periapt":0,"counters":[258,1413],"Blue Candle":[0],"PreservedInsect":2053,"Juzu Bracelet":3,"Bag of Preparation":[36],"Letter Opener":[75],"War Paint":["Shrug It Off","Defend_R"],"Question Card":46,"Burning Blood":1087,"Sozu":8,"Busted Crown":18,"Sundial":[4],"Mummified Hand":[146],"Pantograph":64,"Tiny Chest":2,"Turnip":[17],"Art of War":[24],"Chemical X":[24],"Kunai":[3],"obtain_stats":[{"Whetstone":26,"Ginger":44,"Bottled Tornado":53,"Sling":0,"Blood Vial":24,"Sundial":7,"MealTicket":40,"Fusion Hammer":17,"Kunai":0,"Pear":14,"Blue Candle":0,"Velvet Choker":17,"Eternal Feather":12,"Pen Nib":31,"Akabeko":17,"SlaversCollar":17,"Snecko Eye":17,"Mark of Pain":34,"CultistMask":2,"StrikeDummy":55,"Unceasing Top":54,"Lantern":32,"Regal Pillow":9,"Singing Bowl":25,"Torii":30,"Magic Flower":7,"Bag of Preparation":0,"Cursed Key":17,"Ancient Tea Set":24,"Smiling Mask":12,"Burning Blood":0,"Shovel":3,"Chemical X":0,"InkBottle":9,"Paper Frog":17,"Potion Belt":0,"Lee\u0027s Waffle":0,"Self Forming Clay":9,"Golden Idol":4,"PreservedInsect":0,"Omamori":0,"MawBank":29,"Busted Crown":34,"Ornamental Fan":0,"Turnip":54,"Art of War":3,"Champion Belt":14,"Bottled Lightning":55,"Toy Ornithopter":0,"Ice Cream":9,"Tiny House":0,"Gremlin Horn":0,"Nilry\u0027s Codex":19,"CeramicFish":23,"Vajra":27,"Sozu":17,"Centennial Puzzle":8,"HornCleat":0,"DollysMirror":20,"Strawberry":0,"Happy Flower":0,"Dead Branch":47,"Oddly Smooth Stone":0,"Charon\u0027s Ashes":10,"Letter Opener":0,"War Paint":30,"Question Card":0,"OrangePellets":0,"Bottled Flame":24,"Shuriken":7,"Bronze Scales":12,"Molten Egg 2":0,"Nloth\u0027s Gift":31,"Meat on the Bone":24,"Darkstone Periapt":44,"Incense Burner":48,"Juzu Bracelet":0,"ClockworkSouvenir":54,"Frozen Eye":0,"Nunchaku":7,"Dream Catcher":44,"Mummified Hand":22,"Gambling Chip":9,"Pantograph":0,"Tiny Chest":23,"Red Mask":19,"Red Skull":7,"Runic Pyramid":34,"Orichalcum":0,"Medical Kit":54,"Calling Bell":17,"Strange Spoon":30,"Anchor":6,"CaptainsWheel":28,"Bag of Marbles":14,"Membership Card":22,"FossilizedHelix":55},{"Whetstone":47,"Ginger":57,"Bottled Tornado":101,"Sling":103,"Blood Vial":47,"Sundial":80,"MealTicket":55,"Fusion Hammer":43,"Kunai":174,"Pear":210,"Blue Candle":64,"Velvet Choker":8,"Eternal Feather":6,"Pen Nib":119,"Akabeko":112,"SlaversCollar":72,"Snecko Eye":154,"Mark of Pain":28,"CultistMask":77,"StrikeDummy":257,"Unceasing Top":101,"Lantern":27,"Regal Pillow":180,"Singing Bowl":23,"Torii":49,"Magic Flower":14,"Bag of Preparation":32,"Cursed Key":19,"Ancient Tea Set":22,"Smiling Mask":182,"Burning Blood":0,"Shovel":13,"Chemical X":11,"InkBottle":38,"Paper Frog":112,"Potion Belt":64,"Lee\u0027s Waffle":145,"Self Forming Clay":4,"Golden Idol":13,"PreservedInsect":103,"Omamori":32,"MawBank":159,"Busted Crown":246,"Ornamental Fan":145,"Turnip":172,"Art of War":34,"Champion Belt":83,"Bottled Lightning":228,"Toy Ornithopter":103,"Ice Cream":15,"Tiny House":0,"Gremlin Horn":64,"Nilry\u0027s Codex":20,"CeramicFish":116,"Vajra":159,"Sozu":238,"Centennial Puzzle":4,"HornCleat":204,"DollysMirror":10,"Strawberry":64,"Happy Flower":103,"Dead Branch":98,"Oddly Smooth Stone":103,"Charon\u0027s Ashes":81,"Letter Opener":64,"War Paint":49,"Question Card":64,"OrangePellets":64,"Bottled Flame":87,"Shuriken":148,"Bronze Scales":16,"Molten Egg 2":32,"Nloth\u0027s Gift":90,"Meat on the Bone":213,"Darkstone Periapt":251,"Incense Burner":141,"Juzu Bracelet":204,"ClockworkSouvenir":63,"Frozen Eye":76,"Nunchaku":69,"Dream Catcher":167,"Mummified Hand":115,"Gambling Chip":124,"Pantograph":229,"Tiny Chest":22,"Red Mask":10,"Red Skull":37,"Runic Pyramid":51,"Orichalcum":174,"Medical Kit":101,"Calling Bell":112,"Strange Spoon":49,"Anchor":3,"CaptainsWheel":24,"Bag of Marbles":18,"Membership Card":21,"FossilizedHelix":203},{"Whetstone":192,"Ginger":276,"Bottled Tornado":558,"Sling":574,"Blood Vial":192,"Sundial":427,"MealTicket":258,"Fusion Hammer":179,"Kunai":975,"Pear":1190,"Blue Candle":344,"Velvet Choker":41,"Eternal Feather":21,"Pen Nib":664,"Akabeko":620,"SlaversCollar":392,"Snecko Eye":910,"Mark of Pain":125,"CultistMask":413,"StrikeDummy":1407,"Unceasing Top":558,"Lantern":116,"Regal Pillow":991,"Singing Bowl":102,"Torii":201,"Magic Flower":69,"Bag of Preparation":147,"Cursed Key":89,"Ancient Tea Set":97,"Smiling Mask":1002,"Burning Blood":0,"Shovel":63,"Chemical X":59,"InkBottle":165,"Paper Frog":620,"Potion Belt":344,"Lee\u0027s Waffle":893,"Self Forming Clay":12,"Golden Idol":63,"PreservedInsect":574,"Omamori":147,"MawBank":917,"Busted Crown":1356,"Ornamental Fan":893,"Turnip":965,"Art of War":153,"Champion Belt":438,"Bottled Lightning":1299,"Toy Ornithopter":574,"Ice Cream":72,"Tiny House":0,"Gremlin Horn":344,"Nilry\u0027s Codex":93,"CeramicFish":645,"Vajra":917,"Sozu":1325,"Centennial Puzzle":12,"HornCleat":1166,"DollysMirror":54,"Strawberry":344,"Happy Flower":574,"Dead Branch":528,"Oddly Smooth Stone":574,"Charon\u0027s Ashes":429,"Letter Opener":344,"War Paint":201,"Question Card":344,"OrangePellets":344,"Bottled Flame":457,"Shuriken":898,"Bronze Scales":76,"Molten Egg 2":147,"Nloth\u0027s Gift":472,"Meat on the Bone":1202,"Darkstone Periapt":1377,"Incense Burner":836,"Juzu Bracelet":1166,"ClockworkSouvenir":333,"Frozen Eye":410,"Nunchaku":363,"Dream Catcher":941,"Mummified Hand":639,"Gambling Chip":704,"Pantograph":1305,"Tiny Chest":97,"Red Mask":54,"Red Skull":162,"Runic Pyramid":225,"Orichalcum":975,"Medical Kit":558,"Calling Bell":620,"Strange Spoon":201,"Anchor":9,"CaptainsWheel":107,"Bag of Marbles":84,"Membership Card":95,"FossilizedHelix":1154}],"Meat on the Bone":84},"card_choices":[{"not_picked":["Dark Embrace","Metallicize"],"picked":"Headbutt+1","floor":1.0},{"not_picked":["Clash+1","Body Slam+1"],"picked":"Shrug It Off","floor":2.0},{"not_picked":["Combust","Armaments","Wild Strike+1"],"picked":"SKIP","floor":3.0},{"not_picked":["Clash+1","Rampage+1"],"picked":"Flame Barrier","floor":5.0},{"not_picked":["Power Through","Shockwave"],"picked":"Spot Weakness","floor":7.0},{"not_picked":["Second Wind","Headbutt+1","True Grit","Clash+1"],"picked":"SKIP","floor":8.0},{"not_picked":["Headbutt+1","True Grit","Fire Breathing"],"picked":"Inflame","floor":12},{"not_picked":["Anger+1","Thunderclap+1","Combust"],"picked":"Demon Form","floor":14},{"not_picked":["Berserk","Offering","Double Tap"],"picked":"Feed+1","floor":16},{"not_picked":["Cleave+1","Heavy Blade+1","Inflame"],"picked":"Clothesline+1","floor":18},{"not_picked":["Infernal Blade","Clothesline+1","Pommel Strike+1"],"picked":"Shrug It Off","floor":20},{"not_picked":["Hemokinesis+1","Warcry","Bludgeon+1","Offering"],"picked":"SKIP","floor":23},{"not_picked":["Flex","Carnage+1","Twin Strike+1","Ghostly Armor+1"],"picked":"SKIP","floor":25},{"not_picked":["Warcry","Twin Strike+1","Thunderclap+1"],"picked":"Sentinel","floor":28},{"not_picked":["Dropkick+1","Flex","Havoc","Rupture"],"picked":"SKIP","floor":30},{"not_picked":["Perfected Strike+1","Inflame+1","Burning Pact"],"picked":"Evolve","floor":31},{"not_picked":["Demon Form","Bludgeon+1","Immolate+1"],"picked":"Fiend Fire+1","floor":33},{"not_picked":["Headbutt+1","Perfected Strike+1"],"picked":"SKIP","floor":35},{"not_picked":["Havoc+1"],"picked":"True Grit","floor":36},{"not_picked":["Headbutt+1"],"picked":"True Grit+1","floor":37},{"not_picked":["Combust"],"picked":"Seeing Red","floor":42},{"not_picked":["Metallicize"],"picked":"Intimidate+1","floor":44},{"not_picked":["Body Slam+1"],"picked":"Entrench","floor":45},{"not_picked":["Anger+1","Body Slam+1"],"picked":"SKIP","floor":47},{"not_picked":["Spot Weakness","Reckless Charge+1"],"picked":"SKIP","floor":48},{"not_picked":["Pummel+1"],"picked":"Double Tap","floor":55}],"player_experience":782171,"relics_obtained":[{"floor":7.0,"key":"Question Card"},{"floor":9.0,"key":"Tiny Chest"},{"floor":21,"key":"Juzu Bracelet"},{"floor":23,"key":"Art of War"},{"floor":26,"key":"Akabeko"},{"floor":28,"key":"Kunai"},{"floor":30,"key":"Mummified Hand"},{"floor":42,"key":"War Paint"},{"floor":43,"key":"Blue Candle"},{"floor":44,"key":"Darkstone Periapt"},{"floor":55,"key":"StrikeDummy"}],"event_choices":[{"damage_healed":0.0,"max_hp_gain":0.0,"max_hp_loss":0.0,"gold_gain":0.0,"event_name":"The Cleric","player_choice":"Leave","floor":10.0,"gold_loss":0.0,"damage_taken":0.0},{"damage_healed":0,"gold_gain":50,"player_choice":"Touch","damage_taken":8,"max_hp_gain":0,"max_hp_loss":0,"event_name":"FaceTrader","floor":11,"gold_loss":0},{"damage_healed":0,"gold_gain":50,"player_choice":"Stole From Cult","damage_taken":0,"max_hp_gain":0,"max_hp_loss":0,"event_name":"Nest","floor":19,"gold_loss":0},{"damage_healed":0,"gold_gain":0,"player_choice":"Obtained Relic","damage_taken":0,"relics_obtained":["Sundial"],"max_hp_gain":0,"max_hp_loss":0,"event_name":"Addict","floor":24,"gold_loss":85},{"damage_healed":0,"gold_gain":0,"player_choice":"Copied","damage_taken":0,"max_hp_gain":0,"max_hp_loss":0,"event_name":"Duplicator","floor":29,"gold_loss":0,"cards_obtained":["Reaper"]},{"cards_removed":["Strike_R"],"damage_healed":0,"gold_gain":0,"player_choice":"Purged","damage_taken":0,"max_hp_gain":0,"max_hp_loss":0,"event_name":"Purifier","floor":39,"gold_loss":0}],"is_beta":false,"boss_relics":[{"not_picked":["Pandora\u0027s Box","Fusion Hammer"],"picked":"Sozu"},{"not_picked":["Empty Cage","Philosopher\u0027s Stone"],"picked":"Busted Crown"}],"items_purged_floors":[0,22,38],"is_endless":false,"potions_floor_spawned":[3,7,8,16,18,23,25,30,35,45,47,48],"killed_by":"The Heart","ascension_level":20}}