{"host":"Jinnai","time":1611033537,"event":{"mods":["BaseMod","Bestiary","Block Reminder","Colored Map","Colored Powertips","Highlight Path","Minty Spire (QoL Compilation)","Quick Restart","Relic Stats","StSLib"],"gold_per_floor":[111,111,129,129,142,142,15,15,38,71,91,111,111,142,142,214,214,224,314,328,43,56,56,3,3,50,65,65,75,175,191,191,268,268,283,283,303,315,330,330,358,358,358,358,358],"floor_reached":44,"language":"ENG","playtime":1983,"items_purged":[],"score":855,"play_id":"da6aad5d-ee2f-46e8-ae46-1834c50f3e98","local_time":"20210119001857","is_ascension_mode":true,"campfire_choices":[{"data":"Apotheosis","floor":6.0,"key":"SMITH"},{"data":"Footwork","floor":8.0,"key":"SMITH"},{"data":"A Thousand Cuts","floor":15.0,"key":"SMITH"},{"floor":23,"key":"REST"},{"data":"Adrenaline","floor":25,"key":"SMITH"},{"floor":32,"key":"REST"},{"floor":40,"key":"REST"},{"floor":42,"key":"REST"}],"circlet_count":0,"master_deck":["AscendersBane","Strike_G","Strike_G","Strike_G","Strike_G","Strike_G","Defend_G","Defend_G","Defend_G","Defend_G","Defend_G","Survivor","Neutralize","Apotheosis+1","Dagger Throw","Quick Slash","Neutralize","A Thousand Cuts+1","Blade Dance","Footwork+1","Acrobatics","Finisher","Backflip","Adrenaline+1","Blade Dance","Night Terror","PiercingWail","Footwork","Well Laid Plans","Footwork","Corpse Explosion","Blade Dance","Tools of the Trade","Malaise"],"relics":["Ring of the Snake","Regal Pillow","MealTicket","Gambling Chip","Runic Dome","Bottled Lightning","Juzu Bracelet","StoneCalendar","StrikeDummy","WristBlade","Pear","Bottled Tornado"],"acts_visited":["Exordium","TheCity","TheBeyond"],"potions_floor_usage":[22,27,30,33,39],"damage_taken":[{"damage":6.0,"enemies":"2 Louse","floor":1.0,"turns":4.0},{"damage":3.0,"enemies":"Cultist","floor":3.0,"turns":4.0},{"damage":7.0,"enemies":"Jaw Worm","floor":5.0,"turns":5.0},{"damage":6.0,"enemies":"Gremlin Nob","floor":10.0,"turns":3.0},{"damage":10.0,"enemies":"Exordium Thugs","floor":11.0,"turns":3.0},{"damage":0.0,"enemies":"Lots of Slimes","floor":12.0,"turns":2.0},{"damage":4.0,"enemies":"Lagavulin","floor":14.0,"turns":5.0},{"damage":4.0,"enemies":"Hexaghost","floor":16.0,"turns":7.0},{"damage":12.0,"enemies":"Chosen","floor":18.0,"turns":4.0},{"damage":22.0,"enemies":"2 Thieves","floor":20.0,"turns":4.0},{"damage":12,"enemies":"Cultist and Chosen","floor":22,"turns":5},{"damage":17,"enemies":"Shelled Parasite and Fungi","floor":27,"turns":9},{"damage":8,"enemies":"Snake Plant","floor":29,"turns":4},{"damage":24,"enemies":"Colosseum Slavers","floor":30,"turns":6},{"damage":2,"enemies":"Colosseum Nobs","floor":30,"turns":4},{"damage":0,"enemies":"3 Cultists","floor":31,"turns":3},{"damage":4,"enemies":"Automaton","floor":33,"turns":9},{"damage":0,"enemies":"Orb Walker","floor":35,"turns":3},{"damage":31,"enemies":"3 Darklings","floor":37,"turns":5},{"damage":3,"enemies":"Spire Growth","floor":38,"turns":3},{"damage":9,"enemies":"Sphere and 2 Shapes","floor":39,"turns":4},{"damage":26,"enemies":"Nemesis","floor":41,"turns":7},{"damage":80,"enemies":"Reptomancer","floor":44,"turns":3}],"seed_played":"-8907255805149495685","potions_obtained":[{"floor":3.0,"key":"Poison Potion"},{"floor":11.0,"key":"CunningPotion"},{"floor":13.0,"key":"BlessingOfTheForge"},{"floor":13.0,"key":"Poison Potion"},{"floor":16.0,"key":"Strength Potion"},{"floor":27,"key":"FearPotion"},{"floor":29,"key":"PowerPotion"},{"floor":37,"key":"GamblersBrew"},{"floor":38,"key":"Fruit Juice"},{"floor":39,"key":"Swift Potion"}],"is_trial":false,"path_per_floor":["M","?","M","$","M","R","$","R","T","E","M","M","?","E","R","B",null,"M","?","M","$","M","R","$","R","T","M","?","M","?","M","R","B",null,"M","?","M","M","M","R","E","R","T","E"],"character_chosen":"THE_SILENT","items_purchased":["Footwork","Acrobatics","Bottled Lightning","Strength Potion"],"campfire_rested":4,"item_purchase_floors":[7,7,21,24],"current_hp_per_floor":[53,53,50,50,43,43,43,43,43,37,27,27,27,23,23,19,50,38,20,3,18,6,40,55,55,55,38,38,30,4,4,38,34,57,57,57,26,23,19,55,39,78,78,0,0],"gold":358,"neow_bonus":"RANDOM_COLORLESS_2","is_daily":false,"chose_seed":false,"campfire_upgraded":4,"win_rate":0.0,"timestamp":1611033537,"path_taken":["M","?","M","$","M","R","$","R","T","E","M","?","?","E","R","BOSS","M","?","M","$","?","R","?","R","T","M","?","M","?","M","R","BOSS","M","?","M","M","M","R","E","R","T","E"],"items_purchased_type":["Card","Card","Relic","Potion"],"build_version":"2020-12-18","purchased_purges":0,"victory":false,"max_hp_per_floor":[60,60,60,60,60,60,60,60,60,60,60,60,60,60,60,60,60,60,60,65,65,65,65,65,65,65,65,65,65,65,65,65,65,65,65,65,65,65,70,70,80,80,80,80,80],"relic_stats":{"Regal Pillow":60,"counters":[23,106],"Gambling Chip":[47],"MealTicket":30,"StoneCalendar":[52],"Juzu Bracelet":0,"obtain_stats":[{"Runic Dome":17,"Regal Pillow":9,"Pear":41,"WristBlade":34,"Gambling Chip":14,"MealTicket":10,"StoneCalendar":30,"Juzu Bracelet":26,"Bottled Lightning":21,"Bottled Tornado":43,"StrikeDummy":30,"Ring of the Snake":0},{"Runic Dome":8,"Regal Pillow":3,"Pear":22,"WristBlade":17,"Gambling Chip":7,"MealTicket":4,"StoneCalendar":15,"Juzu Bracelet":11,"Bottled Lightning":10,"Bottled Tornado":22,"StrikeDummy":15,"Ring of the Snake":0},{"Runic Dome":33,"Regal Pillow":13,"Pear":103,"WristBlade":81,"Gambling Chip":26,"MealTicket":16,"StoneCalendar":69,"Juzu Bracelet":46,"Bottled Lightning":41,"Bottled Tornado":103,"StrikeDummy":69,"Ring of the Snake":0}],"Ring of the Snake":[46]},"card_choices":[{"not_picked":["Violence","Mayhem"],"picked":"Apotheosis","floor":0.0},{"not_picked":["Setup","Dodge and Roll"],"picked":"Dagger Throw","floor":1.0},{"not_picked":["Poisoned Stab","Dagger Spray"],"picked":"Blade Dance","floor":3.0},{"not_picked":["Flying Knee","Quick Slash","Deadly Poison"],"picked":"SKIP","floor":5.0},{"not_picked":["Accuracy","Deflect"],"picked":"Finisher","floor":10.0},{"not_picked":["Predator","Catalyst"],"picked":"Backflip","floor":11.0},{"not_picked":["Finisher","Caltrops"],"picked":"Adrenaline","floor":12.0},{"not_picked":["Adrenaline","Sucker Punch"],"picked":"Blade Dance","floor":14.0},{"not_picked":["Corpse Explosion","Burst"],"picked":"Night Terror","floor":16.0},{"not_picked":["Quick Slash","Acrobatics"],"picked":"PiercingWail","floor":18.0},{"not_picked":["Deadly Poison+1","Dodge and Roll","Quick Slash"],"picked":"SKIP","floor":20.0},{"not_picked":["Accuracy","Flechettes"],"picked":"Footwork","floor":22},{"not_picked":["Underhanded Strike","PiercingWail","Catalyst"],"picked":"SKIP","floor":27},{"not_picked":["Bane","Grand Finale"],"picked":"Footwork","floor":29},{"not_picked":["Crippling Poison+1","Bane","Reflex"],"picked":"SKIP","floor":31},{"not_picked":["A Thousand Cuts","Phantasmal Killer"],"picked":"Corpse Explosion","floor":33},{"not_picked":["All Out Attack+1","Flying Knee+1"],"picked":"Blade Dance","floor":35},{"not_picked":["Flying Knee+1","Distraction","Heel Hook+1"],"picked":"SKIP","floor":37},{"not_picked":["Prepared","PiercingWail","Dagger Throw"],"picked":"SKIP","floor":38},{"not_picked":["Prepared+1","Outmaneuver","Skewer"],"picked":"SKIP","floor":39},{"not_picked":["Dagger Spray","Bouncing Flask"],"picked":"Malaise","floor":41}],"player_experience":1530936,"relics_obtained":[{"floor":9.0,"key":"Regal Pillow"},{"floor":10.0,"key":"MealTicket"},{"floor":14.0,"key":"Gambling Chip"},{"floor":26,"key":"Juzu Bracelet"},{"floor":30,"key":"StoneCalendar"},{"floor":30,"key":"StrikeDummy"},{"floor":41,"key":"Pear"},{"floor":43,"key":"Bottled Tornado"}],"event_choices":[{"damage_healed":0.0,"max_hp_gain":0.0,"max_hp_loss":0.0,"gold_gain":0.0,"event_name":"Match and Keep!","player_choice":"3 cards matched","floor":2.0,"gold_loss":0.0,"damage_taken":0.0,"cards_obtained":["Quick Slash","Neutralize","A Thousand Cuts"]},{"damage_healed":0.0,"max_hp_gain":0.0,"max_hp_loss":0.0,"gold_gain":0.0,"event_name":"Lab","player_choice":"Got Potions","floor":13.0,"gold_loss":0.0,"damage_taken":0.0},{"damage_healed":0.0,"max_hp_gain":0.0,"max_hp_loss":0.0,"gold_gain":90.0,"event_name":"Knowing Skull","player_choice":"POTION GOLD ","floor":19.0,"potions_obtained":["Fruit Juice"],"gold_loss":0.0,"damage_taken":18.0,"cards_obtained":[]},{"damage_healed":0,"gold_gain":0,"player_choice":"Read","damage_taken":0,"max_hp_gain":0,"max_hp_loss":0,"event_name":"The Library","floor":28,"gold_loss":0,"cards_obtained":["Well Laid Plans"]},{"damage_healed":0,"gold_gain":0,"player_choice":"Fight","damage_taken":0,"max_hp_gain":0,"max_hp_loss":0,"event_name":"Colosseum","floor":30,"gold_loss":0},{"damage_healed":0,"gold_gain":0,"player_choice":"Fought Nobs","damage_taken":0,"max_hp_gain":0,"max_hp_loss":0,"event_name":"Colosseum","floor":30,"gold_loss":0},{"damage_healed":0,"gold_gain":0,"player_choice":"1 cards matched","damage_taken":0,"max_hp_gain":0,"max_hp_loss":0,"event_name":"Match and Keep!","floor":36,"gold_loss":0,"cards_obtained":["Tools of the Trade"]}],"is_beta":true,"boss_relics":[{"not_picked":["Velvet Choker","SlaversCollar"],"picked":"Runic Dome"},{"not_picked":["SacredBark","Fusion Hammer"],"picked":"WristBlade"}],"items_purged_floors":[],"is_endless":false,"potions_floor_spawned":[3,11,16,27,29,30,37,38,39],"killed_by":"Reptomancer","ascension_level":18}}