{"host":"tjjuwi3liievx0vu","time":1611068619,"event":{"mods":["BaseMod","Colored Map","Downfall","Minty Spire (QoL Compilation)","StSLib"],"gold_per_floor":[99,374,384,398,398,416,443,453,463,492,281,281,181,181,200,200,200],"floor_reached":16,"language":"ENG","playtime":852,"items_purged":["Regret"],"score":102,"play_id":"0438546c-667f-44a9-baa3-d2d8dc9e689a","local_time":"20210119160339","is_ascension_mode":false,"campfire_choices":[{"data":"Apotheosis","floor":1.0,"key":"SMITH"},{"floor":13,"key":"REST"}],"circlet_count":0,"master_deck":["bronze:Strike","bronze:Strike","bronze:Strike","bronze:Strike","bronze:Defend","bronze:Defend","bronze:Defend","bronze:Defend","bronze:Replicate","bronze:Goto+1","Writhe","Apotheosis+1","bronze:Boost","bronze:Constructor+1","Parasite","bronze:Return","bronze:Separator","bronze:Flail","bronze:Verify","bronze:Flail","bronze:Repulsor"],"relics":["bronze:BronzeCore","Smiling Mask","Guardian:BottledAnomaly","Shuriken","downfall:HeartBlessingBlue"],"acts_visited":["Exordium"],"potions_floor_usage":[8],"damage_taken":[{"damage":8.0,"enemies":"2 Louse","floor":3.0,"turns":2.0},{"damage":2.0,"enemies":"Cultist","floor":4.0,"turns":3.0},{"damage":2,"enemies":"Jaw Worm","floor":6,"turns":5},{"damage":15,"enemies":"3 Louse","floor":8,"turns":3},{"damage":32,"enemies":"Exordium Thugs","floor":9,"turns":5},{"damage":11,"enemies":"Lagavulin","floor":10,"turns":7},{"damage":4,"enemies":"downfall:FleeingMerchant","floor":11,"turns":4},{"damage":12,"enemies":"Blue Slaver","floor":15,"turns":2},{"damage":47,"enemies":"IC_STATUS_ARCHETYPE","floor":16,"turns":8}],"seed_played":"-7301690059121634704","potions_obtained":[{"floor":4.0,"key":"FairyPotion"},{"floor":6,"key":"AttackPotion"},{"floor":8,"key":"CultistPotion"}],"is_trial":false,"path_per_floor":["R","?","M","M","?","M","T","M","M","E","$","?","R","?","M","B"],"character_chosen":"THE_AUTOMATON","items_purchased":["Guardian:BottledAnomaly"],"campfire_rested":1,"item_purchase_floors":[11],"current_hp_per_floor":[70,70,62,60,60,58,58,43,11,21,17,10,44,44,32,0,0],"gold":200,"neow_bonus":"RANDOM_COLORLESS_2","is_daily":false,"chose_seed":false,"campfire_upgraded":1,"win_rate":0.0,"timestamp":1611068619,"path_taken":["R","?","M","?","?","M","T","?","M","E","$","?","R","?","M","BOSS"],"items_purchased_type":["Relic"],"build_version":"2020-12-22","purchased_purges":1,"victory":false,"max_hp_per_floor":[70,70,70,70,70,70,70,70,70,70,70,70,80,80,80,80,80],"card_choices":[{"not_picked":["Sadistic Nature","Thinking Ahead"],"picked":"Apotheosis","floor":0.0},{"not_picked":["bronze:DelayedSlice","bronze:WildBeam"],"picked":"bronze:Boost","floor":3.0},{"not_picked":["bronze:FollowUp","bronze:GetLatest"],"picked":"bronze:Constructor","floor":4.0},{"not_picked":["bronze:Constructor","bronze:WildBeam"],"picked":"bronze:Return","floor":6},{"not_picked":["bronze:CutThrough","bronze:GetLatest"],"picked":"bronze:Separator","floor":8},{"not_picked":["bronze:BuggyMess","bronze:BugBarrage"],"picked":"bronze:Flail","floor":9},{"not_picked":["bronze:Iterate","bronze:FineTuning"],"picked":"bronze:Verify","floor":10},{"not_picked":["bronze:BronzeArmor","bronze:ItsAFeature","bronze:Invalidate"],"picked":"SKIP","floor":11},{"not_picked":["bronze:Deprecate","bronze:OilSpill"],"picked":"bronze:Repulsor","floor":15}],"player_experience":822710,"relics_obtained":[{"floor":10,"key":"Smiling Mask"}],"event_choices":[{"damage_healed":0,"gold_gain":0,"player_choice":"Success","damage_taken":7,"relics_obtained":["Shuriken"],"max_hp_gain":0,"max_hp_loss":0,"event_name":"Scrap Ooze","floor":12,"gold_loss":0}],"is_beta":false,"boss_relics":[],"items_purged_floors":[11],"is_endless":false,"potions_floor_spawned":[4,6,8],"killed_by":"IC_STATUS_ARCHETYPE","ascension_level":0}}