{"host":"gqw4el7xk6pl8jgw","time":1611099576,"event":{"mods":["BaseMod","BetterRewards","Colored Map","Hermit","Highlight Path","Minty Spire (QoL Compilation)","Spicy Shops","StSLib","SuperFastMode","The Cursed","The Hierophant"],"gold_per_floor":[113,132,132,132,16,50,50,73,123,141,141,162,162,87,87,87,87],"floor_reached":16,"language":"ENG","playtime":197,"items_purged":[],"score":100,"play_id":"bf02f6ec-d1c0-47db-92d7-2995036ded95","local_time":"20210120003936","is_ascension_mode":false,"campfire_choices":[{"floor":7,"key":"REST"},{"data":"Thunderclap","floor":11,"key":"SMITH"},{"data":"Armaments","floor":13,"key":"SMITH"},{"data":"Whirlwind","floor":15,"key":"SMITH"}],"circlet_count":0,"master_deck":["Strike_R","Strike_R","Strike_R+1","Strike_R+1","Strike_R","Defend_R","Defend_R","Defend_R","Defend_R","Bash","Armaments+1","Thunderclap+1","Inflame","Flex","Flex","Flex","Thunderclap+1","Whirlwind+1"],"relics":["Burning Blood","Whetstone","Golden Idol","Potion Belt","Toy Ornithopter"],"acts_visited":["Exordium"],"potions_floor_usage":[16],"damage_taken":[{"damage":2,"enemies":"Small Slimes","floor":1,"turns":4},{"damage":7,"enemies":"2 Louse","floor":2,"turns":2},{"damage":28,"enemies":"Gremlin Nob","floor":6,"turns":4},{"damage":1,"enemies":"Cultist","floor":8,"turns":3},{"damage":9,"enemies":"Gremlin Gang","floor":10,"turns":3},{"damage":11,"enemies":"Exordium Wildlife","floor":12,"turns":4},{"damage":67,"enemies":"The Guardian","floor":16,"turns":11}],"seed_played":"8226348057714989076","potions_obtained":[{"floor":1,"key":"Strength Potion"},{"floor":8,"key":"DuplicationPotion"}],"is_trial":false,"path_per_floor":["M","M","?","?","$","E","R","M","T","M","R","M","R","$","R","B"],"character_chosen":"IRONCLAD","items_purchased":["Inflame","Flex","Whirlwind"],"campfire_rested":1,"item_purchase_floors":[5,5,14],"current_hp_per_floor":[80,79,59,59,59,37,61,66,66,63,63,58,58,58,58,0,0],"gold":87,"neow_bonus":"RANDOM_COMMON_RELIC","is_daily":false,"chose_seed":false,"campfire_upgraded":3,"win_rate":0.0,"timestamp":1611099576,"path_taken":["M","M","?","?","$","E","R","M","T","?","R","M","R","$","R","BOSS"],"items_purchased_type":["Card","Card","Card"],"build_version":"2020-12-22","purchased_purges":0,"victory":false,"max_hp_per_floor":[80,80,80,80,80,80,80,80,80,80,80,80,80,80,80,80,80],"card_choices":[{"not_picked":["Sentinel","Clash"],"picked":"Armaments","floor":1},{"not_picked":["Warcry","Body Slam"],"picked":"Thunderclap","floor":2},{"not_picked":["Headbutt","Heavy Blade"],"picked":"Flex","floor":6},{"not_picked":["Heavy Blade","True Grit"],"picked":"Flex","floor":8},{"not_picked":["Clothesline","Barricade"],"picked":"Thunderclap","floor":10},{"not_picked":["Uppercut","True Grit","Perfected Strike"],"picked":"SKIP","floor":12}],"player_experience":713100,"relics_obtained":[{"floor":6,"key":"Potion Belt"},{"floor":9,"key":"Toy Ornithopter"}],"event_choices":[{"damage_healed":0,"gold_gain":0,"player_choice":"Take Damage","damage_taken":20,"relics_obtained":["Golden Idol"],"max_hp_gain":0,"max_hp_loss":0,"event_name":"Golden Idol","floor":3,"gold_loss":0},{"damage_healed":0,"gold_gain":0,"player_choice":"Forge","damage_taken":0,"max_hp_gain":0,"max_hp_loss":0,"event_name":"Accursed Blacksmith","floor":4,"gold_loss":0,"cards_upgraded":["Thunderclap"]}],"is_beta":false,"boss_relics":[],"items_purged_floors":[],"is_endless":false,"potions_floor_spawned":[1,8],"killed_by":"The Guardian","ascension_level":0}}