{"host":"vfg9szunmpjwj08o","time":1611087376,"event":{"mods":["Act Like it!","BaseMod","Challenge The Spire","Colored Map","Colored Powertips","Conspire","Dark Map","Minty Spire (QoL Compilation)","Relic Stats","StSLib","Waifu the Spire"],"gold_per_floor":[114,126,201,220,1,1,32,44,44,73,73,89,101,131,131,231,231,250,250,250,265,276,276,304,322,367,379,379,379],"floor_reached":28,"language":"ENG","playtime":896,"items_purged":["Strike_P"],"score":507,"play_id":"9aec44df-01c0-4f3a-864b-40fa09916fd3","local_time":"20210119211616","is_ascension_mode":true,"campfire_choices":[{"data":"Eruption","floor":6.0,"key":"SMITH"},{"data":"Meditate","floor":15.0,"key":"SMITH"},{"data":"Vault","floor":23,"key":"SMITH"}],"circlet_count":0,"master_deck":["Strike_P","Strike_P+1","Strike_P","Defend_P","Defend_P","Defend_P","Defend_P","Eruption+1","Vigilance","CutThroughFate","BattleHymn","Evaluate","PathToVictory","PathToVictory","Sanctity","WheelKick+1","Meditate+1","Vault+1","Necronomicurse","EmptyBody","Halt","PathToVictory","Omniscience"],"relics":["PureWater","NeowsBlessing","Happy Flower","Mercury Hourglass","Meat on the Bone","Mummified Hand","Pen Nib","Damaru","conspire:RoyalGoblet","Necronomicon","Bag of Marbles","Whetstone"],"acts_visited":["Exordium","TheCity"],"potions_floor_usage":[21],"damage_taken":[{"damage":0.0,"enemies":"Cultist","floor":1.0,"turns":1.0},{"damage":0.0,"enemies":"2 Louse","floor":2.0,"turns":1.0},{"damage":0.0,"enemies":"Jaw Worm","floor":4.0,"turns":1.0},{"damage":0.0,"enemies":"Gremlin Nob","floor":7.0,"turns":2.0},{"damage":0.0,"enemies":"Exordium Wildlife","floor":8.0,"turns":3.0},{"damage":10.0,"enemies":"Lagavulin","floor":10.0,"turns":6.0},{"damage":1.0,"enemies":"Exordium Thugs","floor":12.0,"turns":3.0},{"damage":0.0,"enemies":"3 Louse","floor":13.0,"turns":2.0},{"damage":0.0,"enemies":"Gremlin Nob","floor":14.0,"turns":2.0},{"damage":0.0,"enemies":"Slime Boss","floor":16.0,"turns":3.0},{"damage":16.0,"enemies":"Spheric Guardian","floor":18.0,"turns":5.0},{"damage":0,"enemies":"3 Byrds","floor":21,"turns":3},{"damage":2,"enemies":"Cultist and Chosen","floor":22,"turns":4},{"damage":36,"enemies":"Slavers","floor":24,"turns":4},{"damage":15,"enemies":"Sentry and Sphere","floor":25,"turns":4},{"damage":13,"enemies":"Shelled Parasite and Fungi","floor":27,"turns":3},{"damage":15,"enemies":"Snake Plant","floor":28,"turns":1}],"seed_played":"6110309785236324709","potions_obtained":[{"floor":2.0,"key":"LiquidBronze"},{"floor":4.0,"key":"Strength Potion"},{"floor":12.0,"key":"Swift Potion"},{"floor":13.0,"key":"Dexterity Potion"},{"floor":16.0,"key":"BlessingOfTheForge"},{"floor":22,"key":"Weak Potion"},{"floor":27,"key":"StancePotion"}],"is_trial":false,"path_per_floor":["M","M","?","M","$","R","E","M","T","E","?","M","M","E","R","B",null,"M","?","?","M","M","R","E","M","T","M","M"],"character_chosen":"WATCHER","items_purchased":["Happy Flower"],"campfire_rested":0,"item_purchase_floors":[5],"current_hp_per_floor":[65,65,58,58,58,58,58,58,58,48,41,40,40,40,40,40,64,48,32,32,44,42,42,18,15,15,14,0,0],"gold":379,"neow_bonus":"THREE_ENEMY_KILL","is_daily":false,"chose_seed":false,"campfire_upgraded":3,"win_rate":0.0,"timestamp":1611087376,"path_taken":["M","M","?","?","?","R","E","M","T","E","?","M","M","E","R","BOSS","M","?","?","M","?","R","E","M","T","M","M"],"items_purchased_type":["Relic"],"build_version":"2020-12-22","purchased_purges":1,"victory":false,"max_hp_per_floor":[72,72,72,72,72,72,72,72,72,72,72,72,72,72,72,72,72,72,72,72,72,72,72,72,72,72,72,72,72],"relic_stats":{"Happy Flower":[15],"counters":[17,47],"Mummified Hand":[7],"Pen Nib":[5],"Necronomicon":[7],"Whetstone":["WheelKick","Strike_P"],"obtain_stats":[{"NeowsBlessing":0,"Happy Flower":5,"conspire:RoyalGoblet":17,"Mummified Hand":10,"Damaru":14,"Pen Nib":11,"Necronomicon":19,"Bag of Marbles":24,"Whetstone":26,"PureWater":0,"Mercury Hourglass":7,"Meat on the Bone":9},{"NeowsBlessing":0,"Happy Flower":3,"conspire:RoyalGoblet":10,"Mummified Hand":6,"Damaru":9,"Pen Nib":6,"Necronomicon":11,"Bag of Marbles":14,"Whetstone":15,"PureWater":0,"Mercury Hourglass":4,"Meat on the Bone":5},{"NeowsBlessing":0,"Happy Flower":3,"conspire:RoyalGoblet":24,"Mummified Hand":14,"Damaru":21,"Pen Nib":14,"Necronomicon":29,"Bag of Marbles":39,"Whetstone":43,"PureWater":0,"Mercury Hourglass":5,"Meat on the Bone":8}],"Mercury Hourglass":[149],"Meat on the Bone":48},"card_choices":[{"not_picked":["FollowUp","JustLucky"],"picked":"CutThroughFate","floor":1.0},{"not_picked":["Wireheading","FollowUp"],"picked":"BattleHymn","floor":2.0},{"not_picked":["Consecrate","WaveOfTheHand"],"picked":"Evaluate","floor":4.0},{"not_picked":["JustLucky","WreathOfFlame","Consecrate"],"picked":"SKIP","floor":7.0},{"not_picked":["FollowUp","Wireheading"],"picked":"PathToVictory","floor":8.0},{"not_picked":["WaveOfTheHand","CrushJoints"],"picked":"PathToVictory","floor":10.0},{"not_picked":["CrushJoints","Tantrum"],"picked":"Sanctity","floor":12.0},{"not_picked":["FlurryOfBlows","ClearTheMind"],"picked":"WheelKick","floor":13.0},{"not_picked":["SpiritShield","SignatureMove"],"picked":"Meditate","floor":14.0},{"not_picked":["Ragnarok","SpiritShield"],"picked":"Vault","floor":16.0},{"not_picked":["FollowUp","Crescendo","WindmillStrike"],"picked":"SKIP","floor":18.0},{"not_picked":["Consecrate","Indignation"],"picked":"EmptyBody","floor":21},{"not_picked":["Crescendo","JustLucky","FlyingSleeves"],"picked":"SKIP","floor":22},{"not_picked":["FearNoEvil","WaveOfTheHand"],"picked":"Halt","floor":24},{"not_picked":["ThirdEye+1","Study"],"picked":"PathToVictory","floor":25},{"not_picked":["Evaluate","CrushJoints"],"picked":"Omniscience","floor":27}],"player_experience":1078097,"relics_obtained":[{"floor":7.0,"key":"Mercury Hourglass"},{"floor":9.0,"key":"Meat on the Bone"},{"floor":10.0,"key":"Mummified Hand"},{"floor":14.0,"key":"Damaru"},{"floor":19,"key":"Necronomicon"},{"floor":24,"key":"Bag of Marbles"},{"floor":26,"key":"Whetstone"}],"event_choices":[{"damage_healed":0.0,"max_hp_gain":0.0,"max_hp_loss":0.0,"gold_gain":75.0,"event_name":"FaceTrader","player_choice":"Touch","floor":3.0,"gold_loss":0.0,"damage_taken":7.0},{"damage_healed":0.0,"max_hp_gain":0.0,"max_hp_loss":0.0,"gold_gain":0.0,"event_name":"Scrap Ooze","player_choice":"Success","floor":11.0,"gold_loss":0.0,"damage_taken":7.0,"relics_obtained":["Pen Nib"]},{"damage_healed":0,"gold_gain":0,"player_choice":"Obtained Book","damage_taken":16,"max_hp_gain":0,"max_hp_loss":0,"event_name":"Cursed Tome","floor":19,"gold_loss":0},{"damage_healed":0,"gold_gain":0,"player_choice":"Bought 0 Potions","damage_taken":0,"max_hp_gain":0,"max_hp_loss":0,"event_name":"The Woman in Blue","floor":20,"gold_loss":0}],"is_beta":false,"boss_relics":[{"not_picked":["conspire:SlowCooker","Velvet Choker"],"picked":"conspire:RoyalGoblet"}],"items_purged_floors":[5],"is_endless":false,"potions_floor_spawned":[2,4,12,13,16,22,27],"killed_by":"Snake Plant","ascension_level":8}}