{"host":"g5ztulhog0otympt","time":1611074726,"event":{"mods":["AchievementEnabler","BaseMod","Downfall","Hermit","Minty Spire (QoL Compilation)","StSLib","The Cursed"],"gold_per_floor":[118,3,3,20,32,32,59,73,73,73,86,99,1,14,14,14,14],"floor_reached":16,"language":"ENG","playtime":331,"items_purged":[],"score":104,"play_id":"d139f491-5f75-4083-870e-b72780072319","local_time":"20210119184526","is_ascension_mode":false,"campfire_choices":[{"floor":10,"key":"REST"},{"floor":15,"key":"REST"}],"circlet_count":0,"master_deck":["Strike_B","Strike_B","Strike_B","Strike_B","Defend_B","Defend_B","Defend_B","Defend_B","Zap","Dualcast","Steam","Gash","Steam","Gash","Gash"],"relics":["Cracked Core","Bag of Preparation","TungstenRod","Bottled Lightning"],"acts_visited":["Exordium"],"potions_floor_usage":[16],"damage_taken":[{"damage":2,"enemies":"2 Louse","floor":1,"turns":2},{"damage":1,"enemies":"Cultist","floor":4,"turns":3},{"damage":0,"enemies":"Jaw Worm","floor":5,"turns":4},{"damage":60,"enemies":"Gremlin Nob","floor":7,"turns":5},{"damage":3,"enemies":"Looter","floor":8,"turns":3},{"damage":12,"enemies":"2 Fungi Beasts","floor":11,"turns":3},{"damage":4,"enemies":"Large Slime","floor":12,"turns":5},{"damage":5,"enemies":"Lots of Slimes","floor":14,"turns":4},{"damage":45,"enemies":"The Guardian","floor":16,"turns":8}],"seed_played":"4250398612539412840","potions_obtained":[{"floor":4,"key":"SteroidPotion"},{"floor":7,"key":"sneckomod:MuddlingPotion"},{"floor":8,"key":"ColorlessPotion"}],"is_trial":false,"path_per_floor":["M","?","$","M","M","?","E","M","T","R","M","M","$","M","R","B"],"character_chosen":"DEFECT","items_purchased":["Gash","SteroidPotion"],"campfire_rested":2,"item_purchase_floors":[13,13],"current_hp_per_floor":[80,80,80,79,79,79,19,16,16,40,28,24,24,19,43,0,0],"gold":14,"neow_bonus":"TEN_PERCENT_HP_BONUS","is_daily":false,"chose_seed":false,"campfire_upgraded":0,"win_rate":0.0,"timestamp":1611074726,"path_taken":["M","?","$","?","?","?","E","M","T","R","M","M","?","M","R","BOSS"],"items_purchased_type":["Card","Potion"],"build_version":"2020-12-22","purchased_purges":0,"victory":false,"max_hp_per_floor":[82,82,82,82,82,82,82,82,82,82,82,82,82,82,82,82,82],"card_choices":[{"not_picked":["Ball Lightning","Cold Snap","Streamline"],"picked":"SKIP","floor":1},{"not_picked":["Machine Learning","Auto Shields"],"picked":"Steam","floor":4},{"not_picked":["Skim","Compile Driver","Leap"],"picked":"SKIP","floor":5},{"not_picked":["Storm","Biased Cognition"],"picked":"Gash","floor":7},{"not_picked":["Stack","Rebound","Darkness"],"picked":"SKIP","floor":8},{"not_picked":["Stack","Hello World","Coolheaded"],"picked":"SKIP","floor":11},{"not_picked":["Melter","Ball Lightning"],"picked":"Steam","floor":12},{"not_picked":["Chaos","Coolheaded"],"picked":"Gash","floor":14}],"player_experience":104639,"relics_obtained":[{"floor":7,"key":"TungstenRod"},{"floor":9,"key":"Bottled Lightning"}],"event_choices":[{"damage_healed":0,"gold_gain":0,"player_choice":"Paid Gold","damage_taken":0,"relics_obtained":["Bag of Preparation"],"max_hp_gain":0,"max_hp_loss":0,"event_name":"WeMeetAgain","floor":2,"gold_loss":115},{"damage_healed":0,"gold_gain":0,"player_choice":"Ignored","damage_taken":0,"max_hp_gain":0,"max_hp_loss":0,"event_name":"Liars Game","floor":6,"gold_loss":0}],"is_beta":false,"boss_relics":[],"items_purged_floors":[],"is_endless":false,"potions_floor_spawned":[4,7,8,14],"killed_by":"The Guardian","ascension_level":0}}