{"host":"m9i7qe3hvz6jihjh","time":1611066694,"event":{"mods":["BaseMod","Colored Powertips","Infinite Spire","Minty Spire (QoL Compilation)","Quick Restart","StSLib","The Animator","Waifu the Spire"],"gold_per_floor":[115,142,142,142,166,166,186,186,239,270,270,51,226,226,226,321,321,336,261,314,328,363,363,11,11,81,91,91,91,116,167,167,167,167],"floor_reached":33,"language":"ENG","playtime":1277,"items_purged":[],"score":276,"play_id":"da9c6e22-aefb-4030-bed7-589c858d31bc","local_time":"20210119153134","is_ascension_mode":false,"campfire_choices":[{"data":"animator:IrohaTamaki","floor":6,"key":"SMITH"},{"data":"animator:Darkness","floor":8,"key":"SMITH"},{"data":"animator:YuiTsuruno","floor":15,"key":"SMITH"},{"floor":23,"key":"REST"},{"floor":25,"key":"REST"},{"floor":28,"key":"REST"},{"floor":32,"key":"REST"}],"circlet_count":0,"master_deck":["animator:Strike_MadokaMagica","animator:Defend_MadokaMagica","animator:Strike","animator:Strike","animator:Defend","animator:Defend","animator:IrohaTamaki+1","animator:YuiTsuruno+1","animator:Darkness+1","animator:SuzuneAmano","animator:SayakaMiki","animator:KyokoSakura","animator:YachiyoNanami+1","Doubt","animator:Greed","animator:SuzuneAmano","Finesse","animator:HighElfArcher","animator:OrikoMikuni","animator:KrulTepes","animator:MamiTomoe"],"relics":["animator:LivingPicture","animator:TheMissingPiece","animator:PurgingStone","Tiny Chest","Ancient Tea Set","Red Skull","PrismaticShard","Mark of Pain","Boot","Red Mask","Lizard Tail","Paper Crane","Dream Catcher","Blood Vial","Orichalcum"],"acts_visited":["Exordium","TheCity"],"potions_floor_usage":[16,31,31],"damage_taken":[{"damage":2,"enemies":"Jaw Worm","floor":1,"turns":6},{"damage":1,"enemies":"2 Louse","floor":2,"turns":3},{"damage":0,"enemies":"Cultist","floor":5,"turns":5},{"damage":5,"enemies":"3 Louse","floor":7,"turns":3},{"damage":0,"enemies":"Blue Slaver","floor":10,"turns":4},{"damage":24,"enemies":"Hexaghost","floor":16,"turns":8},{"damage":13,"enemies":"Spheric Guardian","floor":18,"turns":6},{"damage":8,"enemies":"Shell Parasite","floor":21,"turns":8},{"damage":52,"enemies":"Masked Bandits","floor":22,"turns":7},{"damage":48,"enemies":"3 Cultists","floor":27,"turns":8},{"damage":0,"enemies":"Book of Stabbing","floor":31,"turns":5},{"damage":92,"enemies":"Collector","floor":33,"turns":16}],"seed_played":"-551636034770843157","potions_obtained":[{"floor":2,"key":"FairyPotion"},{"floor":7,"key":"AttackPotion"},{"floor":22,"key":"EssenceOfSteel"}],"is_trial":false,"path_per_floor":["M","M","?","?","M","R","M","R","T","M","T","$","?","?","R","B",null,"M","?","T","M","?","R","$","R","T","M","R","?","T","E","R","B"],"character_chosen":"THE_ANIMATOR","items_purchased":["animator:YachiyoNanami","PrismaticShard","Lizard Tail","PowerPotion"],"campfire_rested":4,"item_purchase_floors":[12,12,24,24],"current_hp_per_floor":[64,63,63,63,63,63,59,59,59,59,59,59,59,59,59,35,67,54,54,54,46,16,36,36,56,56,9,29,29,29,29,49,0,0],"gold":167,"neow_bonus":"RANDOM_COMMON_RELIC","is_daily":false,"chose_seed":false,"campfire_upgraded":3,"win_rate":0.0,"timestamp":1611066694,"path_taken":["M","M","?","?","?","R","M","R","T","M","?","$","?","?","R","BOSS","M","?","?","M","?","R","?","R","T","M","R","?","?","E","R","BOSS"],"items_purchased_type":["Card","Relic","Relic","Potion"],"build_version":"2020-12-22","purchased_purges":0,"victory":false,"max_hp_per_floor":[66,66,66,66,66,66,67,67,67,67,67,67,67,67,67,67,67,67,67,67,67,67,67,67,67,67,68,68,68,68,68,68,68,68],"card_choices":[{"not_picked":["animator:Berserker","animator:Sebas","animator:Elsword"],"picked":"SKIP","floor":1},{"not_picked":["animator:Shigure","animator:Caster"],"picked":"animator:Darkness","floor":2},{"not_picked":["animator:Geryuganshoop","animator:IzunaHatsuse"],"picked":"animator:SuzuneAmano","floor":5},{"not_picked":["animator:KyokoSakura","animator:YachiyoNanami"],"picked":"animator:SayakaMiki","floor":7},{"not_picked":["animator:Mitsurugi","animator:Chris"],"picked":"animator:KyokoSakura","floor":10},{"not_picked":["Seek","animator:Hibiki"],"picked":"animator:Greed","floor":16},{"not_picked":["animator:Demiurge+1","animator:Sebas"],"picked":"animator:SuzuneAmano","floor":18},{"not_picked":["animator:Yoichi","animator:Assassin"],"picked":"Finesse","floor":21},{"not_picked":["animator:ShinjiMatou+1","animator:Jibril+1"],"picked":"animator:HighElfArcher","floor":22},{"not_picked":["animator:KyokoSakura","animator:YachiyoNanami"],"picked":"animator:OrikoMikuni","floor":27},{"not_picked":["animator:ChaikaBohdan","animator:Illya"],"picked":"animator:MamiTomoe","floor":31}],"player_experience":910458,"relics_obtained":[{"floor":9,"key":"Ancient Tea Set"},{"floor":11,"key":"Red Skull"},{"floor":20,"key":"Boot"},{"floor":22,"key":"Red Mask"},{"floor":26,"key":"Paper Crane"},{"floor":30,"key":"Dream Catcher"},{"floor":31,"key":"Blood Vial"},{"floor":31,"key":"Orichalcum"}],"event_choices":[{"cards_removed":["animator:Defend"],"damage_healed":0,"gold_gain":0,"player_choice":"Purged","damage_taken":0,"max_hp_gain":0,"max_hp_loss":0,"event_name":"Purifier","floor":4,"gold_loss":0},{"damage_healed":0,"gold_gain":175,"player_choice":"AGREE","damage_taken":0,"max_hp_gain":0,"max_hp_loss":0,"event_name":"Liars Game","floor":13,"gold_loss":0,"cards_obtained":["Doubt"]},{"damage_healed":0,"gold_gain":0,"player_choice":"Grow","damage_taken":0,"max_hp_gain":0,"max_hp_loss":0,"event_name":"Living Wall","floor":14,"gold_loss":0,"cards_upgraded":["animator:YachiyoNanami"]},{"cards_removed":["animator:Strike"],"damage_healed":0,"gold_gain":0,"player_choice":"Gave Gold","damage_taken":0,"max_hp_gain":0,"max_hp_loss":0,"event_name":"Beggar","floor":19,"gold_loss":75},{"damage_healed":0,"gold_gain":0,"player_choice":"Fought Bandits","damage_taken":0,"max_hp_gain":0,"max_hp_loss":0,"event_name":"Masked Bandits","floor":22,"gold_loss":0},{"damage_healed":0,"gold_gain":0,"player_choice":"Read","damage_taken":0,"max_hp_gain":0,"max_hp_loss":0,"event_name":"The Library","floor":29,"gold_loss":0,"cards_obtained":["animator:KrulTepes"]}],"is_beta":false,"boss_relics":[{"not_picked":["Philosopher\u0027s Stone","Black Star"],"picked":"Mark of Pain"}],"items_purged_floors":[],"is_endless":false,"potions_floor_spawned":[2,7,22],"killed_by":"Collector","ascension_level":0}}