{"host":"b7j598ve05halrwk","time":1611039626,"event":{"mods":["2.2 Compatiblity","BaseMod","Block Reminder","DeckTracker","Minty Spire (QoL Compilation)","Relic Stats","Slay the Relics Exporter","StSLib","ojb\u0027s Better Paths Mod","ojb\u0027s Info Mod"],"gold_per_floor":[113,129,129,129,129,129,157,157,209,240,259,259,259,259,259,355,355,373,293,293,308,308,308,343,367,367,387,418,437,452,93,93,93,93],"floor_reached":33,"language":"ENG","playtime":2065,"items_purged":["Strike_B"],"score":582,"play_id":"4a6f68a7-0b2a-4941-8088-a765caed5e84","local_time":"20210119020026","is_ascension_mode":true,"campfire_choices":[{"floor":6.0,"key":"REST"},{"floor":8.0,"key":"REST"},{"data":"Static Discharge","floor":12.0,"key":"SMITH"},{"floor":15.0,"key":"REST"},{"floor":23.0,"key":"REST"},{"data":"Rainbow","floor":32,"key":"SMITH"}],"circlet_count":0,"master_deck":["AscendersBane","Strike_B","Strike_B","Strike_B","Defend_B","Defend_B","Defend_B","Defend_B","Zap","Dualcast","Electrodynamics","Genetic Algorithm","Glacier","BootSequence","Static Discharge+1","Cold Snap","Rainbow+1","Undo","White Noise","Hologram","Sunder","Core Surge","Cold Snap+1","Heatsinks","Hologram"],"relics":["Cracked Core","PreservedInsect","WarpedTongs","StoneCalendar","Anchor","Letter Opener","Bloody Idol","Snecko Eye","Cables","Smiling Mask","Eternal Feather","Pen Nib","OrangePellets"],"acts_visited":["Exordium","TheCity"],"potions_floor_usage":[30,33],"damage_taken":[{"damage":16.0,"enemies":"Small Slimes","floor":1.0,"turns":3.0},{"damage":0.0,"enemies":"2 Louse","floor":2.0,"turns":1.0},{"damage":16.0,"enemies":"Lagavulin","floor":7.0,"turns":7.0},{"damage":12.0,"enemies":"3 Sentries","floor":10.0,"turns":3.0},{"damage":2.0,"enemies":"Cultist","floor":11.0,"turns":4.0},{"damage":9.0,"enemies":"The Guardian","floor":16.0,"turns":13.0},{"damage":6.0,"enemies":"Shell Parasite","floor":18.0,"turns":6.0},{"damage":4.0,"enemies":"2 Thieves","floor":19.0,"turns":4.0},{"damage":8.0,"enemies":"Sentry and Sphere","floor":21.0,"turns":7.0},{"damage":4.0,"enemies":"Book of Stabbing","floor":24.0,"turns":4.0},{"damage":15.0,"enemies":"Centurion and Healer","floor":27.0,"turns":6.0},{"damage":20.0,"enemies":"Slavers","floor":28.0,"turns":3.0},{"damage":0.0,"enemies":"Snecko","floor":29.0,"turns":7.0},{"damage":0,"enemies":"Snake Plant","floor":30,"turns":2},{"damage":48,"enemies":"Champ","floor":33,"turns":11}],"seed_played":"2145606461649970226","potions_obtained":[{"floor":1.0,"key":"DistilledChaos"},{"floor":7.0,"key":"ColorlessPotion"},{"floor":10.0,"key":"FocusPotion"},{"floor":21.0,"key":"LiquidBronze"},{"floor":24.0,"key":"FearPotion"},{"floor":28.0,"key":"Fire Potion"},{"floor":29.0,"key":"Strength Potion"}],"is_trial":false,"path_per_floor":["M","M","?","?","?","R","E","R","T","E","M","R","?","?","R","B",null,"M","M","?","M","?","R","E","T","T","M","E","M","M","$","R","B"],"character_chosen":"DEFECT","items_purchased":["OrangePellets","Heatsinks","Hologram"],"campfire_rested":4,"item_purchase_floors":[31,31,31],"current_hp_per_floor":[30,30,4,4,4,25,9,30,30,18,16,16,9,9,28,19,53,47,43,24,16,16,35,36,41,41,31,16,21,26,26,41,0,0],"gold":93,"neow_bonus":"THREE_RARE_CARDS","is_daily":false,"chose_seed":false,"campfire_upgraded":2,"win_rate":0.0,"timestamp":1611039626,"path_taken":["M","M","?","?","?","R","E","R","T","E","?","R","?","?","R","BOSS","M","M","?","?","?","R","E","?","T","M","E","M","M","$","R","BOSS"],"items_purchased_type":["Relic","Card","Card"],"build_version":"2020-12-22","purchased_purges":1,"victory":false,"max_hp_per_floor":[71,71,71,71,71,71,71,71,71,71,71,71,71,64,64,64,64,64,64,64,64,64,64,64,64,64,64,64,64,64,64,64,64,64],"relic_stats":{"counters":[15,81],"StoneCalendar":[115],"Eternal Feather":15,"PreservedInsect":145,"Pen Nib":[1],"Letter Opener":[87],"Smiling Mask":25,"WarpedTongs":[76],"Cables":[25,10,10,5,0],"OrangePellets":[1],"Bloody Idol":30,"Snecko Eye":[61,70,79,55],"obtain_stats":[{"Golden Idol":14,"StoneCalendar":7,"Eternal Feather":26,"PreservedInsect":3,"Pen Nib":28,"Letter Opener":10,"Smiling Mask":25,"WarpedTongs":5,"Cables":24,"OrangePellets":31,"Anchor":9,"Bloody Idol":22,"Snecko Eye":17,"Cracked Core":0},{"Golden Idol":5,"StoneCalendar":3,"Eternal Feather":10,"PreservedInsect":2,"Pen Nib":12,"Letter Opener":4,"Smiling Mask":10,"WarpedTongs":2,"Cables":10,"OrangePellets":14,"Anchor":3,"Bloody Idol":9,"Snecko Eye":6,"Cracked Core":0},{"Golden Idol":18,"StoneCalendar":11,"Eternal Feather":52,"PreservedInsect":4,"Pen Nib":61,"Letter Opener":14,"Smiling Mask":52,"WarpedTongs":4,"Cables":52,"OrangePellets":70,"Anchor":11,"Bloody Idol":48,"Snecko Eye":31,"Cracked Core":0}]},"card_choices":[{"not_picked":["Seek","Fission"],"picked":"Electrodynamics","floor":0.0},{"not_picked":["Streamline","Rebound"],"picked":"Genetic Algorithm","floor":1.0},{"not_picked":["Melter","Conserve Battery"],"picked":"Glacier","floor":2.0},{"not_picked":["Fusion","All For One"],"picked":"BootSequence","floor":7.0},{"not_picked":["Conserve Battery","Double Energy"],"picked":"Static Discharge","floor":10.0},{"not_picked":["Redo","Go for the Eyes"],"picked":"Cold Snap","floor":11.0},{"not_picked":["Buffer","Meteor Strike"],"picked":"Rainbow","floor":16.0},{"not_picked":["Cold Snap","Steam"],"picked":"Undo","floor":18.0},{"not_picked":["Tempest","Steam"],"picked":"White Noise","floor":19.0},{"not_picked":["Beam Cell","White Noise+1","Go for the Eyes"],"picked":"SKIP","floor":21.0},{"not_picked":["Chill","Steam Power","Gash"],"picked":"SKIP","floor":24.0},{"not_picked":["Leap","Aggregate"],"picked":"Hologram","floor":27.0},{"not_picked":["Undo","Sweeping Beam"],"picked":"Sunder","floor":28.0},{"not_picked":["Barrage","Stack"],"picked":"Core Surge","floor":29.0},{"not_picked":["Beam Cell+1","Chaos"],"picked":"Cold Snap+1","floor":30}],"player_experience":1021502,"relics_obtained":[{"floor":7.0,"key":"StoneCalendar"},{"floor":9.0,"key":"Anchor"},{"floor":10.0,"key":"Letter Opener"},{"floor":24.0,"key":"Cables"},{"floor":25.0,"key":"Smiling Mask"},{"floor":26.0,"key":"Eternal Feather"},{"floor":28.0,"key":"Pen Nib"}],"event_choices":[{"damage_healed":0.0,"max_hp_gain":0.0,"max_hp_loss":0.0,"gold_gain":0.0,"event_name":"Scrap Ooze","player_choice":"Success","floor":3.0,"gold_loss":0.0,"damage_taken":26.0,"relics_obtained":["PreservedInsect"]},{"damage_healed":0.0,"max_hp_gain":0.0,"max_hp_loss":0.0,"gold_gain":0.0,"event_name":"Liars Game","player_choice":"Ignored","floor":4.0,"gold_loss":0.0,"damage_taken":0.0},{"damage_healed":0.0,"max_hp_gain":0.0,"max_hp_loss":0.0,"gold_gain":0.0,"event_name":"Accursed Blacksmith","player_choice":"Rummage","floor":5.0,"gold_loss":0.0,"damage_taken":0.0,"relics_obtained":["WarpedTongs"],"cards_obtained":["Pain"]},{"cards_removed":["Pain"],"damage_healed":0.0,"max_hp_gain":0.0,"max_hp_loss":0.0,"gold_gain":0.0,"event_name":"Golden Wing","player_choice":"Card Removal","floor":13.0,"gold_loss":0.0,"damage_taken":7.0},{"damage_healed":0.0,"max_hp_gain":0.0,"max_hp_loss":7.0,"gold_gain":0.0,"event_name":"Golden Idol","player_choice":"Lose Max HP","floor":14.0,"gold_loss":0.0,"damage_taken":0.0,"relics_obtained":["Golden Idol"]},{"damage_healed":0.0,"max_hp_gain":0.0,"max_hp_loss":0.0,"gold_gain":0.0,"event_name":"Knowing Skull","player_choice":"POTION POTION ","floor":20.0,"potions_obtained":["Weak Potion","Explosive Potion"],"gold_loss":0.0,"damage_taken":19.0,"cards_obtained":[]},{"damage_healed":0.0,"max_hp_gain":0.0,"max_hp_loss":0.0,"gold_gain":0.0,"event_name":"Forgotten Altar","player_choice":"Gave Idol","floor":22.0,"relics_lost":["Golden Idol"],"gold_loss":0.0,"damage_taken":0.0,"relics_obtained":["Bloody Idol"]}],"is_beta":false,"boss_relics":[{"not_picked":["Calling Bell","Inserter"],"picked":"Snecko Eye"}],"items_purged_floors":[31],"is_endless":false,"potions_floor_spawned":[1,7,10,21,24,28,29],"killed_by":"Champ","ascension_level":20}}