{"host":"5mo0809oo9tcrmpl","time":1611018533,"event":{"mods":["BaseMod","Highlight Path","Minty Spire (QoL Compilation)","Relic Stats","Slay the Relics Exporter"],"gold_per_floor":[115,40,60,72,87,119,119,133,133,133,162,162,173,143,143,143,143],"floor_reached":16,"language":"ENG","playtime":801,"items_purged":[],"score":224,"play_id":"1b5897b3-a276-404b-82a2-b8d89c59c3a9","local_time":"20210118190853","is_ascension_mode":true,"campfire_choices":[{"data":"Footwork","floor":7.0,"key":"SMITH"},{"floor":10.0,"key":"REST"},{"data":"Deadly Poison","floor":15.0,"key":"SMITH"}],"circlet_count":0,"master_deck":["AscendersBane","Strike_G","Strike_G","Strike_G","Strike_G","Defend_G","Defend_G","Defend_G","Defend_G","Defend_G","Survivor","Neutralize","Flying Knee","Deadly Poison+1","Footwork+1","Deflect","Flechettes","All Out Attack"],"relics":["Ring of the Snake","Ancient Tea Set","Bottled Flame","Bag of Preparation"],"acts_visited":["Exordium"],"potions_floor_usage":[16,16],"damage_taken":[{"damage":5.0,"enemies":"Small Slimes","floor":1.0,"turns":6.0},{"damage":7.0,"enemies":"Jaw Worm","floor":3.0,"turns":5.0},{"damage":1.0,"enemies":"2 Louse","floor":4.0,"turns":3.0},{"damage":14.0,"enemies":"Lots of Slimes","floor":5.0,"turns":6.0},{"damage":23.0,"enemies":"3 Sentries","floor":6.0,"turns":11.0},{"damage":1.0,"enemies":"Large Slime","floor":8.0,"turns":10.0},{"damage":20.0,"enemies":"Gremlin Nob","floor":11.0,"turns":4.0},{"damage":0.0,"enemies":"Red Slaver","floor":13.0,"turns":5.0},{"damage":29,"enemies":"Slime Boss","floor":16,"turns":8}],"seed_played":"2853424739595461219","potions_obtained":[{"floor":3.0,"key":"SteroidPotion"},{"floor":4.0,"key":"ColorlessPotion"},{"floor":8.0,"key":"SpeedPotion"},{"floor":14.0,"key":"PowerPotion"},{"floor":14.0,"key":"EssenceOfSteel"}],"is_trial":false,"path_per_floor":["M","?","M","M","M","E","R","M","T","R","E","?","M","?","R","B"],"character_chosen":"THE_SILENT","items_purchased":[],"campfire_rested":1,"item_purchase_floors":[],"current_hp_per_floor":[60,60,53,52,38,15,15,14,14,35,15,15,15,15,15,0,0],"gold":143,"neow_bonus":"TEN_PERCENT_HP_BONUS","is_daily":false,"chose_seed":false,"campfire_upgraded":2,"win_rate":0.0,"timestamp":1611018533,"path_taken":["M","?","M","M","M","E","R","M","T","R","E","?","M","?","R","BOSS"],"items_purchased_type":[],"build_version":"2020-12-22","purchased_purges":0,"victory":false,"max_hp_per_floor":[72,72,72,72,72,72,72,72,72,72,72,72,72,72,72,72,72],"relic_stats":{"counters":[9,58],"Bag of Preparation":[4],"obtain_stats":[{"Bottled Flame":9,"Bag of Preparation":11,"Ancient Tea Set":6,"Ring of the Snake":0},{"Bottled Flame":6,"Bag of Preparation":7,"Ancient Tea Set":5,"Ring of the Snake":0},{"Bottled Flame":41,"Bag of Preparation":45,"Ancient Tea Set":31,"Ring of the Snake":0}],"Ring of the Snake":[18]},"card_choices":[{"not_picked":["Terror","Well Laid Plans"],"picked":"Flying Knee","floor":1.0},{"not_picked":["Prepared","Tactician","Heel Hook"],"picked":"SKIP","floor":3.0},{"not_picked":["Escape Plan","Cloak And Dagger"],"picked":"Deadly Poison","floor":4.0},{"not_picked":["Cloak And Dagger","Wraith Form v2"],"picked":"Footwork","floor":5.0},{"not_picked":["Prepared","Acrobatics"],"picked":"Deflect","floor":6.0},{"not_picked":["Deflect","Outmaneuver"],"picked":"Flechettes","floor":8.0},{"not_picked":["Dodge and Roll","Slice"],"picked":"All Out Attack","floor":11.0},{"not_picked":["Bane","Riddle With Holes","Deflect"],"picked":"SKIP","floor":13.0}],"player_experience":1211477,"relics_obtained":[{"floor":6.0,"key":"Ancient Tea Set"},{"floor":9.0,"key":"Bottled Flame"},{"floor":11.0,"key":"Bag of Preparation"}],"event_choices":[{"cards_removed":["Strike_G"],"damage_healed":0.0,"max_hp_gain":0.0,"max_hp_loss":0.0,"gold_gain":0.0,"event_name":"The Cleric","player_choice":"Card Removal","floor":2.0,"gold_loss":75.0,"damage_taken":0.0},{"damage_healed":0.0,"max_hp_gain":0.0,"max_hp_loss":0.0,"gold_gain":0.0,"event_name":"Scrap Ooze","player_choice":"Fled","floor":12.0,"gold_loss":0.0,"damage_taken":0.0},{"damage_healed":0.0,"max_hp_gain":0.0,"max_hp_loss":0.0,"gold_gain":0.0,"event_name":"The Woman in Blue","player_choice":"Bought 2 Potions","floor":14.0,"gold_loss":0.0,"damage_taken":0.0}],"is_beta":false,"boss_relics":[],"items_purged_floors":[],"is_endless":false,"potions_floor_spawned":[3,4,8],"killed_by":"Slime Boss","ascension_level":20}}