{"host":"gj3450u0c4def4mj","time":1611052866,"event":{"mods":["2.2 Compatiblity","BaseMod","Downfall","Minty Spire (QoL Compilation)","StSLib"],"gold_per_floor":[99,99,111,125,36,36,88,113,141,180,205,8,8,22,39,140,140,140,157,157,142,161,186,213,213,223,65,65,65,65,75,94,198,198,198,214,227,212,212,212,212,222,48,48,48,73,73,105,115,115],"floor_reached":51,"language":"ENG","playtime":3754,"items_purged":["downfall:Haunted","downfall:Icky"],"score":1035,"play_id":"01157879-407b-440a-be4a-f1d472b1e864","local_time":"20210119054106","is_ascension_mode":false,"campfire_choices":[{"data":"champ:Taunt","floor":1.0,"key":"SMITH"},{"data":"champ:EnragedBash","floor":6.0,"key":"SMITH"},{"data":"champ:RecklessLeap","floor":13.0,"key":"SMITH"},{"data":"champ:UltimateStance","floor":18.0,"key":"SMITH"},{"data":"champ:DancingMaster","floor":35,"key":"SMITH"},{"data":"champ:Endure","floor":40,"key":"SMITH"},{"data":"champ:UltimateStance","floor":45,"key":"SMITH"},{"data":"champ:IronFortress","floor":47,"key":"SMITH"}],"circlet_count":0,"master_deck":["champ:Strike","champ:Strike","champ:Strike","champ:Defend","champ:Defend","champ:Defend","champ:Defend","champ:Execute","champ:Taunt+1","champ:BerserkersShout","champ:FlashCut","champ:GutPunch","champ:EnragedBash+1","champ:CrookedStrike","champ:RecklessLeap+1","champ:BringItOn","champ:UltimateStance+1","champ:DefensiveShout","champ:DefensiveShout","champ:Endure+1","champ:Haymaker+1","champ:AdrenalArmor+1","champ:Duel","Necronomicurse","champ:Backstep","champ:FocusedDefense","champ:DancingMaster+1","champ:CrookedStrike+1","champ:UltimateStance+1","champ:IronFortress+1","expansioncontent:DashGenerateEvil+1","champ:Backstep","expansioncontent:YouAreMine","expansioncontent:AwakenDeath","champ:IronFortress"],"relics":["champ:ChampionCrown","Potion Belt","MawBank","Torii","MealTicket","Cursed Key","Gremlin Horn","Regal Pillow","Necronomicon","Busted Crown","PreservedInsect","Eternal Feather","Bottled Tornado"],"acts_visited":["Exordium","TheCity","TheBeyond"],"potions_floor_usage":[33,43,48,50,50,50,50],"damage_taken":[{"damage":21.0,"enemies":"Jaw Worm","floor":3.0,"turns":5.0},{"damage":25.0,"enemies":"Cultist","floor":4.0,"turns":3.0},{"damage":35.0,"enemies":"downfall:FleeingMerchant","floor":5.0,"turns":4.0},{"damage":47.0,"enemies":"Lagavulin","floor":8.0,"turns":5.0},{"damage":23.0,"enemies":"Small Slimes","floor":9.0,"turns":3.0},{"damage":36.0,"enemies":"Gremlin Nob","floor":10.0,"turns":4.0},{"damage":28.0,"enemies":"Blue Slaver","floor":11.0,"turns":4.0},{"damage":47.0,"enemies":"downfall:FleeingMerchant","floor":12.0,"turns":4.0},{"damage":45.0,"enemies":"Large Slime","floor":14.0,"turns":5.0},{"damage":32.0,"enemies":"2 Fungi Beasts","floor":15.0,"turns":3.0},{"damage":52.0,"enemies":"IC_STATUS_ARCHETYPE","floor":16.0,"turns":8.0},{"damage":35.0,"enemies":"3 Byrds","floor":19.0,"turns":5.0},{"damage":34.0,"enemies":"downfall:FleeingMerchant","floor":21.0,"turns":4.0},{"damage":40.0,"enemies":"Shell Parasite","floor":22.0,"turns":4.0},{"damage":72.0,"enemies":"Book of Stabbing","floor":23.0,"turns":7.0},{"damage":82.0,"enemies":"Centurion and Healer","floor":26.0,"turns":6.0},{"damage":41.0,"enemies":"downfall:FleeingMerchant","floor":27.0,"turns":4.0},{"damage":25.0,"enemies":"Cultist and Chosen","floor":31.0,"turns":4.0},{"damage":49.0,"enemies":"Shelled Parasite and Fungi","floor":32.0,"turns":6.0},{"damage":72,"enemies":"DF_ARCHETYPE_CLAW","floor":33,"turns":6},{"damage":11,"enemies":"Orb Walker","floor":36,"turns":3},{"damage":102,"enemies":"3 Shapes","floor":37,"turns":5},{"damage":42,"enemies":"downfall:FleeingMerchant","floor":38,"turns":4},{"damage":89,"enemies":"Jaw Worm Horde","floor":42,"turns":4},{"damage":71,"enemies":"downfall:FleeingMerchant","floor":43,"turns":4},{"damage":98,"enemies":"Giant Head","floor":46,"turns":6},{"damage":73,"enemies":"Reptomancer","floor":48,"turns":5},{"damage":72,"enemies":"3 Darklings","floor":49,"turns":4},{"damage":98,"enemies":"SI_POISON_ARCHETYPE","floor":50,"turns":6}],"seed_played":"-7152946842593455812","potions_obtained":[{"floor":8.0,"key":"DistilledChaos"},{"floor":9.0,"key":"PowerPotion"},{"floor":11.0,"key":"LiquidMemories"},{"floor":15.0,"key":"AttackPotion"},{"floor":16.0,"key":"Block Potion"},{"floor":19.0,"key":"SteroidPotion"},{"floor":22.0,"key":"Fire Potion"},{"floor":23.0,"key":"PowerPotion"},{"floor":31.0,"key":"LiquidBronze"},{"floor":36,"key":"SteroidPotion"},{"floor":42,"key":"Dexterity Potion"},{"floor":48,"key":"FearPotion"},{"floor":49,"key":"PowerPotion"}],"is_trial":false,"path_per_floor":["R","?","M","M","$","R","T","E","M","E","M","$","R","M","M","B",null,"R","M","?","$","M","E","T","?","M","$","?","?","?","M","M","B",null,"R","M","M","?","?","R","T","M","$","?","R","E","R","E","M","B",null],"character_chosen":"THE_CHAMP","items_purchased":["champ:EnragedBash","champ:BringItOn","MealTicket","champ:Duel","champ:UltimateStance","champ:IronFortress","expansioncontent:DashGenerateEvil+1","champ:Backstep"],"campfire_rested":0,"item_purchase_floors":[5,12,12,27,43,43,43,43],"current_hp_per_floor":[99,99,98,98,98,98,98,86,83,67,59,57,57,57,50,33,99,99,99,99,95,95,68,68,68,66,80,80,80,64,64,50,38,99,99,98,96,89,89,89,89,75,89,84,84,77,95,87,80,67],"gold":115,"neow_bonus":"TEN_PERCENT_HP_BONUS","is_daily":false,"chose_seed":false,"campfire_upgraded":8,"win_rate":0.0,"timestamp":1611052866,"path_taken":["R","?","M","M","$","R","T","E","M","E","M","?","R","M","M","BOSS","R","M","?","$","M","E","T","?","M","$","?","?","?","M","M","BOSS","R","M","M","?","?","R","T","M","$","?","R","E","R","E","M","BOSS"],"items_purchased_type":["Card","Card","Relic","Card","Card","Card","Card","Card"],"build_version":"2020-12-22","purchased_purges":2,"victory":true,"max_hp_per_floor":[99,99,99,99,99,99,99,99,99,99,99,99,99,99,99,99,99,99,99,99,99,99,99,99,99,99,99,99,99,99,99,99,99,99,99,99,99,99,99,99,99,99,99,99,99,99,99,99,99,99],"card_choices":[{"not_picked":["champ:DefensiveShout","champ:DeathBlow"],"picked":"champ:BerserkersShout","floor":3.0},{"not_picked":["champ:RapidStrikes","champ:Lariat"],"picked":"champ:FlashCut","floor":4.0},{"not_picked":["champ:RisingSlash","champ:BladeFlurry"],"picked":"champ:GutPunch","floor":5.0},{"not_picked":["champ:TornadoPunch","champ:PreemptiveStrike","champ:LastStand"],"picked":"SKIP","floor":8.0},{"not_picked":["champ:GladiatorStyle","champ:ArenaPreparation"],"picked":"champ:CrookedStrike","floor":9.0},{"not_picked":["champ:CrookedStrike","champ:PerfectedStrike","champ:PreciseThrust"],"picked":"SKIP","floor":10.0},{"not_picked":["champ:ShieldSlam","champ:Lariat"],"picked":"champ:RecklessLeap","floor":11.0},{"not_picked":["champ:FalseCounter","champ:RapidStrikes","champ:FancyFootwork"],"picked":"SKIP","floor":12.0},{"not_picked":["champ:PreciseThrust","champ:DefensiveShout","champ:EnGarde"],"picked":"SKIP","floor":14.0},{"not_picked":["champ:TornadoPunch","champ:FalseCounter","champ:Devastate"],"picked":"SKIP","floor":15.0},{"not_picked":["champ:DancingMaster","champ:StrikeOfGenius"],"picked":"champ:UltimateStance","floor":16.0},{"not_picked":["champ:PreciseThrust","champ:GutPunch"],"picked":"champ:DefensiveShout","floor":19.0},{"not_picked":["champ:RisingSlash","champ:TornadoPunch"],"picked":"champ:DefensiveShout","floor":21.0},{"not_picked":["champ:BringItOn+1","champ:PreciseThrust"],"picked":"champ:Endure","floor":22.0},{"not_picked":["champ:SwordThrow","champ:PreciseThrust"],"picked":"champ:Haymaker+1","floor":23.0},{"not_picked":["champ:PreemptiveStrike+1","champ:PerfectedStrike"],"picked":"champ:AdrenalArmor+1","floor":26.0},{"not_picked":["champ:EnGarde+1","champ:Circumvent","champ:TornadoPunch"],"picked":"SKIP","floor":27.0},{"not_picked":["champ:Shatter","champ:EnragedBash"],"picked":"champ:Backstep","floor":31.0},{"not_picked":["champ:Circumvent","champ:BerserkersShout"],"picked":"champ:FocusedDefense","floor":32.0},{"not_picked":["champ:StrikeOfGenius","champ:IgnorePain"],"picked":"champ:DancingMaster","floor":33},{"not_picked":["champ:PreemptiveStrike"],"picked":"SKIP","floor":36},{"not_picked":["champ:TornadoPunch"],"picked":"SKIP","floor":37},{"not_picked":["champ:HeartStrike"],"picked":"SKIP","floor":38},{"not_picked":["champ:Circumvent+1"],"picked":"SKIP","floor":42},{"not_picked":[],"picked":"champ:CrookedStrike+1","floor":43},{"not_picked":[],"picked":"expansioncontent:YouAreMine","floor":44},{"not_picked":[],"picked":"expansioncontent:AwakenDeath","floor":44},{"not_picked":["champ:ShieldThrow"],"picked":"SKIP","floor":46},{"not_picked":["champ:ShieldSlam+1"],"picked":"SKIP","floor":48},{"not_picked":[],"picked":"champ:IronFortress","floor":49}],"player_experience":35056,"relics_obtained":[{"floor":7.0,"key":"Potion Belt"},{"floor":8.0,"key":"MawBank"},{"floor":10.0,"key":"Torii"},{"floor":23.0,"key":"Gremlin Horn"},{"floor":24.0,"key":"Regal Pillow"},{"floor":30.0,"key":"Necronomicon"},{"floor":41,"key":"PreservedInsect"},{"floor":46,"key":"Eternal Feather"},{"floor":48,"key":"Bottled Tornado"}],"event_choices":[{"damage_healed":0.0,"max_hp_gain":0.0,"max_hp_loss":0.0,"gold_gain":0.0,"event_name":"Vampires","player_choice":"Ignored","floor":20.0,"gold_loss":0.0,"damage_taken":0.0},{"damage_healed":0.0,"max_hp_gain":0.0,"max_hp_loss":0.0,"gold_gain":0.0,"event_name":"Ghosts","player_choice":"Ignored","floor":28.0,"gold_loss":0.0,"damage_taken":0.0}],"is_beta":false,"boss_relics":[{"not_picked":["Tiny House","Sozu"],"picked":"Cursed Key"},{"not_picked":["Runic Pyramid","bronze:MakeshiftBattery"],"picked":"Busted Crown"}],"items_purged_floors":[27,43],"is_endless":false,"potions_floor_spawned":[8,9,11,15,16,19,22,23,31,36,42,48,49],"ascension_level":0}}