{"host":"rpz3wlx0brf705v5","time":1611073464,"event":{"mods":["Act Like it!","Aspiration","BaseMod","Energized Spire","Hermit","Minty Spire (QoL Compilation)","Quick Restart","Replay The Spire","Spicy Shops","StSLib","WarShipGirlsR/’ΩΩ¢…Ÿ≈ÆR mod"],"gold_per_floor":[114,6,16,33,51,80,80,111,182,182,197,225,58,7,7,111,111,135,134,158,41,50,83,107,107,184,241,141,167,167,167],"floor_reached":30,"language":"ZHS","playtime":1304,"items_purged":["rmod:strick","rmod:strick"],"score":358,"play_id":"11ed1a8d-8f3a-4de4-8a20-bb8394e903b0","local_time":"20210120002424","is_ascension_mode":true,"campfire_choices":[{"floor":7.0,"key":"REST"},{"data":"rmod:basicallowance","floor":10.0,"key":"SMITH"},{"floor":15,"key":"RECALL"},{"floor":25,"key":"REST"}],"circlet_count":0,"master_deck":["rmod:strick+1","rmod:strick","rmod:defend","rmod:defend","rmod:defend","rmod:defend","rmod:basicallowance+1","rmod:maingunfire","rmod:unsinkable","rmod:fuelsupply","rmod:smokecover","rmod:firesupport","rmod:steelsupply","rmod:expedition","rmod:tearstotiara","rmod:overbreakdown","rmod:diamondstrike","rmod:diamondstrike","rmod:stealaluminum","rmod:openingtorpedo","rmod:tearstotiara+1","rmod:supportaircraftcarrier+1","rmod:supportaircraftcarrier+1","rmod:shuttlebombing","rmod:heivgo+1","rmod:supportaircraftcarrier"],"relics":["rmod:firstchargereward","NeowsBlessing","Replay:Wax Seal","MealTicket","Mummified Hand","CeramicFish","aspiration:Lifesprig","Sozu","Centennial Puzzle","Whetstone","Happy Flower","Frozen Egg 2","Anchor"],"acts_visited":["Exordium","TheCity"],"potions_floor_usage":[27],"damage_taken":[{"damage":0.0,"enemies":"Cultist","floor":1.0,"turns":1.0},{"damage":0.0,"enemies":"2 Louse","floor":3.0,"turns":2.0},{"damage":0.0,"enemies":"Jaw Worm","floor":4.0,"turns":1.0},{"damage":1.0,"enemies":"2 Fungi Beasts","floor":5.0,"turns":4.0},{"damage":46.0,"enemies":"3 Sentries","floor":6.0,"turns":12.0},{"damage":16.0,"enemies":"Lagavulin","floor":8.0,"turns":10.0},{"damage":0.0,"enemies":"Exordium Wildlife","floor":11.0,"turns":5.0},{"damage":0.0,"enemies":"3 Sentries","floor":12.0,"turns":9.0},{"damage":12,"enemies":"The Guardian","floor":16,"turns":14},{"damage":37,"enemies":"Chosen","floor":18,"turns":7},{"damage":20,"enemies":"Slavers","floor":23,"turns":5},{"damage":5,"enemies":"2 Thieves","floor":24,"turns":3},{"damage":30,"enemies":"Gremlin Leader","floor":27,"turns":9},{"damage":12,"enemies":"3 Cultists","floor":29,"turns":6},{"damage":11,"enemies":"Colosseum Slavers","floor":30,"turns":6},{"damage":24,"enemies":"Colosseum Nobs","floor":30,"turns":2}],"seed_played":"12135519537159839","potions_obtained":[{"floor":3.0,"key":"LifebloodPotion"},{"floor":4.0,"key":"Energy Potion"},{"floor":6.0,"key":"LiquidBronze"}],"is_trial":false,"path_per_floor":["M","$","M","M","M","E","R","E","T","R","M","E","$","$","R","B",null,"M","?","T","$","?","E","M","R","T","E","$","M","?"],"character_chosen":"PRAEFECT","items_purchased":["rmod:fuelsupply","aspiration:Lifesprig","rmod:diamondstrike","Energy Potion","rmod:supportaircraftcarrier+1","Whetstone"],"campfire_rested":2,"item_purchase_floors":[2,13,13,14,21,21],"current_hp_per_floor":[75,75,75,75,74,28,50,34,34,34,34,34,49,64,64,52,75,38,38,38,53,53,33,28,50,50,20,35,23,0,0],"gold":167,"neow_bonus":"THREE_ENEMY_KILL","is_daily":false,"chose_seed":false,"campfire_upgraded":1,"win_rate":0.0,"timestamp":1611073464,"path_taken":["M","?","?","M","M","E","R","E","T","R","M","E","?","$","R","BOSS","M","?","?","$","?","E","M","R","T","E","$","?","?"],"items_purchased_type":["Card","Relic","Card","Potion","Card","Relic"],"build_version":"2020-12-22","purchased_purges":2,"victory":false,"max_hp_per_floor":[75,75,75,75,75,75,75,75,75,75,75,75,75,75,75,75,75,75,75,75,75,75,75,75,75,75,75,75,75,75,75],"card_choices":[{"not_picked":["rmod:fuelsupply","rmod:fletcherpendant"],"picked":"rmod:unsinkable","floor":1.0},{"not_picked":["rmod:generalist","rmod:unsinkable"],"picked":"rmod:smokecover","floor":3.0},{"not_picked":["rmod:steelsupply","rmod:selfconfidence"],"picked":"rmod:firesupport","floor":4.0},{"not_picked":["rmod:aviationdawn","rmod:rockthrower"],"picked":"rmod:steelsupply","floor":5.0},{"not_picked":["rmod:aviationdawn","rmod:spoils"],"picked":"rmod:expedition","floor":6.0},{"not_picked":["rmod:fletcherpendant","rmod:generalist"],"picked":"rmod:tearstotiara","floor":8.0},{"not_picked":["rmod:goodfighter","rmod:chargemoney"],"picked":"rmod:overbreakdown","floor":11.0},{"not_picked":["rmod:fletcherpendant","rmod:capitalist","rmod:auspiciousomen"],"picked":"SKIP","floor":12.0},{"not_picked":["rmod:ridicule","rmod:saltedfish"],"picked":"rmod:stealaluminum","floor":16},{"not_picked":["rmod:firesupport","rmod:diamondstrike+1"],"picked":"rmod:openingtorpedo","floor":18},{"not_picked":[],"picked":"rmod:tearstotiara","floor":19},{"not_picked":["rmod:circuitoustactics","rmod:mineteam","rmod:intelligenceanalysis"],"picked":"SKIP","floor":23},{"not_picked":["rmod:salvage","rmod:chargemoney"],"picked":"rmod:shuttlebombing","floor":24},{"not_picked":["rmod:garrisonisland","rmod:royalracing"],"picked":"rmod:heivgo+1","floor":27},{"not_picked":["rmod:highspeedshooting","rmod:steelsupply"],"picked":"rmod:supportaircraftcarrier","floor":29}],"player_experience":448036,"relics_obtained":[{"floor":6.0,"key":"Replay:Wax Seal"},{"floor":8.0,"key":"MealTicket"},{"floor":9.0,"key":"Mummified Hand"},{"floor":12.0,"key":"CeramicFish"},{"floor":20,"key":"Centennial Puzzle"},{"floor":23,"key":"Happy Flower"},{"floor":26,"key":"Frozen Egg 2"},{"floor":27,"key":"Anchor"}],"event_choices":[{"damage_healed":0,"gold_gain":0,"player_choice":"Copied","damage_taken":0,"max_hp_gain":0,"max_hp_loss":0,"event_name":"Duplicator","floor":22,"gold_loss":0,"cards_obtained":["rmod:supportaircraftcarrier"]},{"damage_healed":0,"gold_gain":0,"player_choice":"Fight","damage_taken":0,"max_hp_gain":0,"max_hp_loss":0,"event_name":"Colosseum","floor":30,"gold_loss":0},{"damage_healed":0,"gold_gain":0,"player_choice":"Fought Nobs","damage_taken":0,"max_hp_gain":0,"max_hp_loss":0,"event_name":"Colosseum","floor":30,"gold_loss":0}],"is_beta":false,"boss_relics":[{"not_picked":["aspiration:DefectSkillbook","Empty Cage"],"picked":"Sozu"}],"items_purged_floors":[2,28],"is_endless":false,"potions_floor_spawned":[3,4,6,11,29,30],"killed_by":"Colosseum Nobs","ascension_level":3}}