{"host":"bg8va46pgqgvtzim","time":1611056850,"event":{"mods":["BaseMod","Minty Spire (QoL Compilation)","Quick Restart","StSLib","SuperFastMode"],"gold_per_floor":[214,214,230,244,244,272,285,285,285,296,296,221,237,312,312,416,416,432,398,78,3,14,14,14,14,14],"floor_reached":25,"language":"ZHS","playtime":561,"items_purged":["Strike_G","Strike_G"],"score":203,"play_id":"3cfaeeb2-6e60-43e7-8e1d-873163293778","local_time":"20210119194730","is_ascension_mode":false,"campfire_choices":[{"data":"Neutralize","floor":8.0,"key":"SMITH"},{"data":"Underhanded Strike","floor":11.0,"key":"SMITH"},{"data":"Eviscerate","floor":15.0,"key":"SMITH"},{"data":"Tools of the Trade","floor":23,"key":"SMITH"},{"data":"Accuracy","floor":25,"key":"SMITH"}],"circlet_count":0,"master_deck":["Strike_G","Defend_G+1","Defend_G","Defend_G","Defend_G","Defend_G","Survivor","Neutralize+1","Adrenaline","Dash+1","Accuracy+1","Underhanded Strike+1","Eviscerate+1","Infinite Blades+1","Tools of the Trade+1"],"relics":["Ring of the Snake","OrangePellets"],"acts_visited":["Exordium","TheCity"],"potions_floor_usage":[],"damage_taken":[{"damage":1.0,"enemies":"2 Louse","floor":1.0,"turns":4.0},{"damage":0.0,"enemies":"Small Slimes","floor":3.0,"turns":3.0},{"damage":0.0,"enemies":"Cultist","floor":4.0,"turns":4.0},{"damage":20.0,"enemies":"Gremlin Nob","floor":6.0,"turns":5.0},{"damage":0.0,"enemies":"Blue Slaver","floor":7.0,"turns":4.0},{"damage":4.0,"enemies":"Exordium Thugs","floor":10.0,"turns":5.0},{"damage":0.0,"enemies":"Looter","floor":13.0,"turns":2.0},{"damage":20.0,"enemies":"Slime Boss","floor":16.0,"turns":13.0},{"damage":8,"enemies":"Spheric Guardian","floor":18,"turns":4},{"damage":4,"enemies":"2 Thieves","floor":19,"turns":5},{"damage":10,"enemies":"Centurion and Healer","floor":22,"turns":6}],"seed_played":"-7801848945736331194","potions_obtained":[{"floor":6.0,"key":"EssenceOfSteel"},{"floor":10.0,"key":"SpeedPotion"},{"floor":19,"key":"FearPotion"}],"is_trial":false,"path_per_floor":["M","?","M","M","?","E","M","R","T","M","R","$","M","?","R","B",null,"M","M","$","?","M","R","$","R"],"character_chosen":"THE_SILENT","items_purchased":["Tools of the Trade","OrangePellets"],"campfire_rested":0,"item_purchase_floors":[20,20],"current_hp_per_floor":[69,69,69,69,55,35,35,35,35,31,31,31,31,24,24,4,70,62,58,58,58,48,48,48,48,48],"gold":14,"neow_bonus":"HUNDRED_GOLD","is_daily":false,"chose_seed":false,"campfire_upgraded":5,"win_rate":0.0,"timestamp":1611056850,"path_taken":["M","?","M","M","?","E","M","R","T","M","R","$","M","?","R","BOSS","M","?","$","?","M","R","$","R"],"items_purchased_type":["Card","Relic"],"build_version":"2020-12-22","purchased_purges":2,"victory":false,"max_hp_per_floor":[70,70,70,70,70,70,70,70,70,70,70,70,70,70,70,70,70,70,70,70,70,70,70,70,70,70],"card_choices":[{"not_picked":["PiercingWail","Deflect","Backflip"],"picked":"SKIP","floor":1.0},{"not_picked":["Flying Knee","Sucker Punch"],"picked":"Dash","floor":3.0},{"not_picked":["Outmaneuver","Backflip","Wraith Form v2"],"picked":"SKIP","floor":4.0},{"not_picked":["Dagger Throw","Venomology"],"picked":"Accuracy","floor":6.0},{"not_picked":["Endless Agony","Deadly Poison"],"picked":"Underhanded Strike","floor":7.0},{"not_picked":["Backflip","Quick Slash","Deflect"],"picked":"SKIP","floor":10.0},{"not_picked":["Escape Plan","Sucker Punch"],"picked":"Eviscerate","floor":13.0},{"not_picked":["Endless Agony","Backstab","Poisoned Stab"],"picked":"SKIP","floor":18},{"not_picked":["Backstab","Blur+1"],"picked":"Infinite Blades+1","floor":19},{"not_picked":["Backstab","Dodge and Roll+1","PiercingWail"],"picked":"SKIP","floor":22}],"player_experience":2274369,"relics_obtained":[],"event_choices":[{"damage_healed":0.0,"max_hp_gain":0.0,"max_hp_loss":0.0,"gold_gain":0.0,"cards_transformed":["Strike_G"],"event_name":"Living Wall","player_choice":"Change","floor":2.0,"gold_loss":0.0,"damage_taken":0.0,"cards_obtained":["Adrenaline"]},{"damage_healed":0.0,"max_hp_gain":0.0,"max_hp_loss":0.0,"gold_gain":0.0,"event_name":"Shining Light","player_choice":"Entered Light","floor":5.0,"gold_loss":0.0,"damage_taken":14.0,"cards_upgraded":["Defend_G","Dash"]},{"damage_healed":0.0,"max_hp_gain":0.0,"max_hp_loss":0.0,"gold_gain":75.0,"event_name":"FaceTrader","player_choice":"Touch","floor":14.0,"gold_loss":0.0,"damage_taken":7.0},{"cards_removed":["Strike_G"],"damage_healed":0,"gold_gain":0,"player_choice":"Gave Gold","damage_taken":0,"max_hp_gain":0,"max_hp_loss":0,"event_name":"Beggar","floor":21,"gold_loss":75}],"is_beta":false,"boss_relics":[{"not_picked":[]}],"items_purged_floors":[12,20],"is_endless":false,"potions_floor_spawned":[6,10,19],"ascension_level":0}}