{"host":"njruw0b0uprlitpx","time":1611094641,"event":{"mods":["2.2 Compatiblity","Astrologer","Bartender","BaseMod","Better Altar","Better Match","Better Note","Better Sensory Stone","Better Skull","Better Third Choice","BetterRewards","Block Reminder","Colored Map","Colored Powertips","Energized Spire","Jedi Mod","Keyboard Shortcuts","Minty Spire (QoL Compilation)","Quick Restart","Rare Cards Sparkle","Relic Stats","Replay The Spire","SacredBarkPlus","Spicy Shops","StSLib","SuperFastMode","The Blackbeard","The Construct","The Dragon Tamer","The Forsaken","The Marked","The Mystic","Wandering Minibosses"],"gold_per_floor":[144,144,210,255,5,5,0,0,25,25,50,140,185,235,247,559,571,628,640,697,754,811,823,925,937,974,986,1043,30,30,120,120,420,420,465,510,510,35,35,35,35,35,80,80,80,125,125,224,42,96,105,105],"floor_reached":53,"language":"ENG","playtime":4754,"items_purged":["Languid","Overencumbered","jedi:frostbite","Normality","betterMatch:CurseCard"],"score":948,"play_id":"09afc661-594f-497e-8afe-f37b99806b22","local_time":"20210119161721","daily_mods":["Allstar","Purple Cards","Midas"],"is_ascension_mode":false,"campfire_choices":[{"floor":6,"key":"REST"},{"floor":8,"key":"REST"},{"floor":10,"key":"REST"},{"floor":15,"key":"REST"},{"floor":23,"key":"REST"},{"floor":25,"key":"REST"},{"floor":30,"key":"REST"},{"floor":32,"key":"REST"},{"floor":42,"key":"REST"},{"floor":51,"key":"REST"}],"circlet_count":0,"master_deck":["theForsaken:Smite","theForsaken:Penitence","Finesse+1","Chrysalis","jedi:LeechingStrike","Jack Of All Trades","theForsaken:Tranquility","theForsaken:Purification+1","theForsaken:FuryStrikes","theForsaken:QuickAttack","Enlightenment","theForsaken:Enfeeble","theForsaken:SiphonStrike","Looming Evil","theForsaken:WordsOfMight","ReplayTheSpireMod:Doomed","theForsaken:Confusion+1","theForsaken:NobleSacrifice+1","Decay","theForsaken:WrathOfGod","theForsaken:Eulogy","theForsaken:DefensiveStance","theForsaken:Enfeeble+1","theForsaken:PlagueCurse","theForsaken:Eulogy","theForsaken:BlindFaith","theForsaken:ScorchingSunlight+1","ReplayTheSpireMod:Doomed","theForsaken:SacrificeSoul","Looming Evil","Parasite","theForsaken:Thunderbolt+1","theForsaken:BottledPlague"],"relics":["theForsaken:JudgementScales","Replay:PocketPolymizer","Singing Bowl","Pet Ghost","Strawberry","jedi:crownofsimplicity","ReplayTheSpireMod:Ring of Addiction","Toy Ornithopter","Chameleon Ring","Ring of Greed","MawBank","Blue Doll","energizedSpire:NeverEndingSparkler","Bronze Scales","Smiling Mask","Guide Book","White_Cape","Durian","Gremlin Food","jedi:HeartOfTheCards","Silver_Glasses","jedi:kaleidoscope","Strange Spoon","CeramicFish","Du-Vu Doll","ReplayTheSpireMod:CursedCoin","Shuriken"],"acts_visited":["Exordium","TheCity","TheBeyond"],"potions_floor_usage":[12,12,16,24,24,33,39,52,52,52,52,52,52,52,52,52,52],"damage_taken":[{"damage":6,"enemies":"Small Slimes","floor":1,"turns":3},{"damage":5,"enemies":"Jaw Worm","floor":4,"turns":5},{"damage":11,"enemies":"3 Sentries","floor":12,"turns":4},{"damage":0,"enemies":"2 Louse","floor":13,"turns":1},{"damage":40,"enemies":"Hexaghost","floor":16,"turns":8},{"damage":5,"enemies":"Spheric Guardian","floor":18,"turns":3},{"damage":27,"enemies":"3 Byrds","floor":20,"turns":4},{"damage":15,"enemies":"Shelled Parasite and Fungi","floor":21,"turns":4},{"damage":2,"enemies":"Snake Plant","floor":22,"turns":3},{"damage":0,"enemies":"Gremlin Leader","floor":24,"turns":1},{"damage":33,"enemies":"Sentry and Sphere","floor":28,"turns":4},{"damage":33,"enemies":"Slavers","floor":31,"turns":4},{"damage":62,"enemies":"Champ","floor":33,"turns":11},{"damage":4,"enemies":"3 Shapes","floor":35,"turns":2},{"damage":14,"enemies":"Orb Walker","floor":36,"turns":4},{"damage":0,"enemies":"Transient","floor":39,"turns":2},{"damage":7,"enemies":"Maw","floor":43,"turns":8},{"damage":0,"enemies":"Writhing Mass","floor":46,"turns":2},{"damage":38,"enemies":"Nemesis","floor":48,"turns":5},{"damage":2,"enemies":"Sphere and 2 Shapes","floor":50,"turns":2},{"damage":19,"enemies":"Donu and Deca","floor":52,"turns":4}],"seed_played":"3706737729498028133","potions_obtained":[{"floor":1,"key":"BlessingOfTheForge"},{"floor":4,"key":"Explosive Potion"},{"floor":12,"key":"jedi:StrikingPotion"},{"floor":14,"key":"Strength Potion"},{"floor":14,"key":"DuplicationPotion"},{"floor":18,"key":"LifebloodPotion"},{"floor":27,"key":"SmokeBomb"},{"floor":27,"key":"Dexterity Potion"},{"floor":28,"key":"PowerPotion"},{"floor":43,"key":"Elixir"},{"floor":46,"key":"PowerPotion"}],"is_trial":false,"path_per_floor":["M","?","?","M","$","R","?","R","T","R","T","E","M","?","R","B",null,"M","?","M","M","M","R","E","R","T","R","M","$","R","E","R","B",null,"M","M","?","$","M","PTL","PTL","R","M","?","T","M","?","E","$","M","R","B",null],"character_chosen":"THE_FORSAKEN","items_purchased":["Singing Bowl","Guide Book","White_Cape","Durian","EntropicBrew","Gremlin Food","jedi:kaleidoscope","Strange Spoon","ReplayTheSpireMod:CursedCoin","Shuriken"],"campfire_rested":10,"item_purchase_floors":[5,29,29,29,29,29,38,38,49,49],"current_hp_per_floor":[65,70,42,40,40,61,67,76,76,76,83,81,81,81,85,68,85,85,85,68,67,75,83,83,83,83,83,55,60,86,79,88,30,88,86,84,84,84,85,85,85,85,78,78,78,85,85,55,55,64,85,71],"gold":105,"neow_bonus":"","is_daily":true,"chose_seed":false,"campfire_upgraded":0,"win_rate":0.0,"timestamp":1611094641,"path_taken":["M","?","?","M","$","R","?","R","T","R","?","E","M","?","R","BOSS","M","?","M","M","M","R","E","R","T","R","M","$","R","E","R","BOSS","M","M","?","$","M","PTL","PTL","R","M","?","T","M","?","E","$","?","R","BOSS"],"items_purchased_type":["Relic","Relic","Relic","Relic","Potion","Relic","Relic","Relic","Relic","Relic"],"build_version":"2020-12-22","purchased_purges":5,"victory":true,"max_hp_per_floor":[65,70,70,70,70,70,76,76,76,76,83,85,85,85,85,85,85,85,85,83,85,85,83,83,83,83,83,83,88,88,88,88,88,88,90,92,85,85,85,85,85,85,85,85,85,85,85,87,85,85,85,83],"relic_stats":{"Strange Spoon":[20],"Singing Bowl":18,"counters":[21,84],"Shuriken":[4],"Bronze Scales":[96],"CeramicFish":45,"MawBank":180,"Smiling Mask":375,"obtain_stats":[{"Replay:PocketPolymizer":3,"Singing Bowl":5,"CeramicFish":45,"Blue Doll":14,"Smiling Mask":26,"White_Cape":29,"Pet Ghost":9,"Silver_Glasses":34,"Chameleon Ring":14,"Strawberry":11,"Gremlin Food":29,"ReplayTheSpireMod:CursedCoin":49,"ReplayTheSpireMod:Ring of Addiction":14,"Guide Book":29,"jedi:crownofsimplicity":12,"Ring of Greed":14,"MawBank":14,"jedi:HeartOfTheCards":31,"Du-Vu Doll":48,"Strange Spoon":38,"jedi:kaleidoscope":38,"energizedSpire:NeverEndingSparkler":17,"Shuriken":49,"Bronze Scales":24,"Durian":29,"theForsaken:JudgementScales":0,"Toy Ornithopter":14},{"Replay:PocketPolymizer":1,"Singing Bowl":2,"CeramicFish":17,"Blue Doll":4,"Smiling Mask":10,"White_Cape":11,"Pet Ghost":2,"Silver_Glasses":13,"Chameleon Ring":4,"Strawberry":2,"Gremlin Food":11,"ReplayTheSpireMod:CursedCoin":19,"ReplayTheSpireMod:Ring of Addiction":4,"Guide Book":11,"jedi:crownofsimplicity":3,"Ring of Greed":4,"MawBank":4,"jedi:HeartOfTheCards":12,"Du-Vu Doll":19,"Strange Spoon":15,"jedi:kaleidoscope":15,"energizedSpire:NeverEndingSparkler":5,"Shuriken":19,"Bronze Scales":10,"Durian":11,"theForsaken:JudgementScales":0,"Toy Ornithopter":4},{"Replay:PocketPolymizer":3,"Singing Bowl":8,"CeramicFish":71,"Blue Doll":13,"Smiling Mask":36,"White_Cape":40,"Pet Ghost":8,"Silver_Glasses":55,"Chameleon Ring":13,"Strawberry":8,"Gremlin Food":40,"ReplayTheSpireMod:CursedCoin":78,"ReplayTheSpireMod:Ring of Addiction":13,"Guide Book":40,"jedi:crownofsimplicity":12,"Ring of Greed":13,"MawBank":13,"jedi:HeartOfTheCards":44,"Du-Vu Doll":78,"Strange Spoon":61,"jedi:kaleidoscope":61,"energizedSpire:NeverEndingSparkler":21,"Shuriken":78,"Bronze Scales":36,"Durian":40,"theForsaken:JudgementScales":0,"Toy Ornithopter":13}],"Toy Ornithopter":5},"card_choices":[{"not_picked":["theForsaken:StoreUp","theForsaken:RainingSunlight"],"picked":"theForsaken:Tranquility","floor":1},{"not_picked":["theForsaken:StoreUp","theForsaken:CorruptedWord"],"picked":"theForsaken:Purification","floor":3},{"not_picked":["theForsaken:BattleHymn","theForsaken:QuickAttack"],"picked":"theForsaken:FuryStrikes","floor":4},{"not_picked":["theForsaken:PanicDive","theForsaken:Backlash","theForsaken:FatRoll"],"picked":"Singing Bowl","floor":12},{"not_picked":["theForsaken:BindingThorns","theForsaken:CreepingInfection"],"picked":"theForsaken:SiphonStrike","floor":13},{"not_picked":["theForsaken:DivineGuidance","theForsaken:CorruptedForm"],"picked":"theForsaken:Confusion","floor":16},{"not_picked":["theForsaken:ShieldBash","theForsaken:Thunderbolt"],"picked":"theForsaken:NobleSacrifice+1","floor":18},{"not_picked":["theForsaken:WordOfPower","theForsaken:BottledPlague"],"picked":"theForsaken:WrathOfGod","floor":20},{"not_picked":["theForsaken:ChargeAttack","theForsaken:PowerUp","theForsaken:RainingSunlight"],"picked":"Singing Bowl","floor":21},{"not_picked":["theForsaken:CorruptedWord","theForsaken:ChargeAttack"],"picked":"theForsaken:Eulogy","floor":22},{"not_picked":["theForsaken:FatRoll","theForsaken:PowerUp+1"],"picked":"theForsaken:Enfeeble+1","floor":24},{"not_picked":["theForsaken:Parry","theForsaken:LightRoll","theForsaken:ScorchingSunlight+1"],"picked":"Singing Bowl","floor":28},{"not_picked":["theForsaken:HymnOfRest","theForsaken:Backlash","theForsaken:FatRoll"],"picked":"Singing Bowl","floor":31},{"not_picked":["theForsaken:CorruptDeck","theForsaken:Confusion"],"picked":"theForsaken:SacrificeSoul","floor":33},{"not_picked":["theForsaken:ShieldBash","theForsaken:ShieldCharge+1","theForsaken:SiphonStrike"],"picked":"Singing Bowl","floor":35},{"not_picked":["theForsaken:Devotion+1","theForsaken:HorrifyingStrike+1","theForsaken:StoreUp"],"picked":"Singing Bowl","floor":36},{"not_picked":["theForsaken:Preservation","theForsaken:ShieldBash","theForsaken:SiphonStrike+1"],"picked":"Singing Bowl","floor":43},{"not_picked":["theForsaken:BottledPlague+1","theForsaken:RainingSunlight+1","theForsaken:PowerUp+1"],"picked":"Singing Bowl","floor":46},{"not_picked":["theForsaken:QuickAttack+1","theForsaken:Backlash+1","theForsaken:BlessedWeapon+1"],"picked":"Singing Bowl","floor":48},{"not_picked":["theForsaken:HealingLight+1","theForsaken:NobleSacrifice+1"],"picked":"theForsaken:Thunderbolt+1","floor":50}],"player_experience":1646635,"relics_obtained":[{"floor":3,"key":"Replay:PocketPolymizer"},{"floor":9,"key":"Pet Ghost"},{"floor":11,"key":"Strawberry"},{"floor":12,"key":"jedi:crownofsimplicity"},{"floor":14,"key":"ReplayTheSpireMod:Ring of Addiction"},{"floor":14,"key":"Toy Ornithopter"},{"floor":14,"key":"Chameleon Ring"},{"floor":14,"key":"Ring of Greed"},{"floor":14,"key":"MawBank"},{"floor":14,"key":"Blue Doll"},{"floor":24,"key":"Bronze Scales"},{"floor":26,"key":"Smiling Mask"},{"floor":31,"key":"jedi:HeartOfTheCards"},{"floor":45,"key":"CeramicFish"},{"floor":48,"key":"Du-Vu Doll"}],"event_choices":[{"damage_healed":0,"gold_gain":0,"player_choice":"Donut","damage_taken":0,"max_hp_gain":5,"max_hp_loss":0,"event_name":"Big Fish","floor":2,"gold_loss":0},{"damage_healed":0,"gold_gain":0,"player_choice":"RENOUNCE","damage_taken":5,"max_hp_gain":0,"max_hp_loss":0,"event_name":"betterThird:BetterSerpent","floor":7,"gold_loss":5,"cards_obtained":["Enlightenment"]},{"cards_removed":["jedi:frostbite"],"damage_healed":0,"gold_gain":0,"player_choice":"Purged","damage_taken":0,"max_hp_gain":0,"max_hp_loss":0,"event_name":"Purifier","floor":19,"gold_loss":0},{"damage_healed":0,"gold_gain":0,"player_choice":"Max HP","damage_taken":0,"max_hp_gain":0,"max_hp_loss":5,"event_name":"Winding Halls","floor":37,"gold_loss":0},{"damage_healed":0,"gold_gain":0,"player_choice":"Ignored","damage_taken":0,"max_hp_gain":0,"max_hp_loss":0,"event_name":"Mysterious Sphere","floor":44,"gold_loss":0},{"cards_removed":["Specialist"],"damage_healed":0,"gold_gain":0,"player_choice":"Removed Power","damage_taken":0,"max_hp_gain":0,"max_hp_loss":0,"event_name":"Falling","floor":47,"gold_loss":0}],"is_beta":false,"boss_relics":[{"not_picked":["Snecko Eye","Runic Dome"],"picked":"energizedSpire:NeverEndingSparkler"},{"not_picked":["energizedSpire:EnergizedDie","SlaversCollar"],"picked":"Silver_Glasses"}],"items_purged_floors":[29,38,38,49,49],"is_endless":false,"potions_floor_spawned":[1,4,12,18,22,28,43,46,48],"ascension_level":0}}