{"host":"yvb207ks1sg3cxef","time":1611082869,"event":{"mods":["2.2 Compatiblity","BaseMod","Bestiary","Colored Powertips","Minty Spire (QoL Compilation)","Permanent Neow","Quick Restart","Relic Stats","StSLib"],"gold_per_floor":[112,287,287,301,311,311,342,355,355,355,355,384,384,395,395,472,472,482,495,511,39,39,99,99,134,134,172,172,224,40,85,85,160,160,172,216,316,335,372,403,515,557,595,607,656,698,710,736,748,760,772,784,51,111,136],"floor_reached":56,"language":"ENG","playtime":3927,"items_purged":["LessonLearned+1"],"score":2138,"play_id":"44cc02cb-6ca2-4807-940d-c97386f09e60","local_time":"20210120003109","is_ascension_mode":true,"campfire_choices":[{"data":"Eruption","floor":6.0,"key":"SMITH"},{"data":"CutThroughFate","floor":11.0,"key":"SMITH"},{"data":"Halt","floor":15.0,"key":"SMITH"},{"floor":24.0,"key":"RECALL"},{"floor":28.0,"key":"REST"},{"floor":32.0,"key":"REST"},{"floor":44.0,"key":"REST"},{"floor":47.0,"key":"REST"},{"floor":49.0,"key":"REST"},{"floor":52.0,"key":"REST"}],"circlet_count":0,"master_deck":["AscendersBane","Defend_P+1","Defend_P+1","Defend_P+1","Eruption+1","Vigilance+1","Halt+1","Sanctity+1","Tantrum+1","CutThroughFate+1","FlurryOfBlows+1","WindmillStrike+1","Scrawl+1","Adaptation+1","CutThroughFate+1","LikeWater+1","HandOfGreed+1","CutThroughFate+1","LikeWater+1","FlurryOfBlows+1","FearNoEvil+1","Blasphemy+1","SpiritShield+1","WheelKick+1","DeceiveReality+1","FlurryOfBlows+1","Wallop+1","Scrawl+1","Prostrate+1","InnerPeace+1","Perseverance+1","TalkToTheHand+1"],"relics":["PureWater","Incense Burner","HornCleat","Molten Egg 2","Fusion Hammer","Calipers","Frozen Egg 2","Gambling Chip","Whetstone","Astrolabe","MawBank","CaptainsWheel","Art of War","Pantograph","OrangePellets","Kunai"],"acts_visited":["TheCity","TheBeyond","TheEnding"],"potions_floor_usage":[54,55],"damage_taken":[{"damage":2.0,"enemies":"Jaw Worm","floor":1.0,"turns":3.0},{"damage":0.0,"enemies":"Small Slimes","floor":4.0,"turns":3.0},{"damage":0.0,"enemies":"2 Louse","floor":5.0,"turns":2.0},{"damage":0.0,"enemies":"Gremlin Nob","floor":7.0,"turns":3.0},{"damage":10.0,"enemies":"Gremlin Gang","floor":8.0,"turns":3.0},{"damage":9.0,"enemies":"Lagavulin","floor":12.0,"turns":5.0},{"damage":0.0,"enemies":"Large Slime","floor":14.0,"turns":2.0},{"damage":15.0,"enemies":"The Guardian","floor":16.0,"turns":10.0},{"damage":0.0,"enemies":"Chosen","floor":18.0,"turns":3.0},{"damage":0.0,"enemies":"3 Byrds","floor":19.0,"turns":3.0},{"damage":0.0,"enemies":"Shelled Parasite and Fungi","floor":20.0,"turns":3.0},{"damage":6.0,"enemies":"Book of Stabbing","floor":23.0,"turns":4.0},{"damage":0.0,"enemies":"Snecko","floor":25.0,"turns":4.0},{"damage":14.0,"enemies":"Snake Plant","floor":27.0,"turns":8.0},{"damage":0.0,"enemies":"Gremlin Leader","floor":29.0,"turns":6.0},{"damage":0.0,"enemies":"Cultist and Chosen","floor":31.0,"turns":7.0},{"damage":59.0,"enemies":"Collector","floor":33.0,"turns":11.0},{"damage":0.0,"enemies":"3 Darklings","floor":35.0,"turns":3.0},{"damage":0.0,"enemies":"3 Shapes","floor":36.0,"turns":4.0},{"damage":27.0,"enemies":"Writhing Mass","floor":38.0,"turns":6.0},{"damage":0.0,"enemies":"Sphere and 2 Shapes","floor":39.0,"turns":5.0},{"damage":18.0,"enemies":"Nemesis","floor":40.0,"turns":5.0},{"damage":0.0,"enemies":"Reptomancer","floor":42.0,"turns":7.0},{"damage":16.0,"enemies":"Jaw Worm Horde","floor":45.0,"turns":6.0},{"damage":0.0,"enemies":"Nemesis","floor":46.0,"turns":9.0},{"damage":0.0,"enemies":"Spire Growth","floor":48.0,"turns":5.0},{"damage":7.0,"enemies":"Donu and Deca","floor":50.0,"turns":13.0},{"damage":67,"enemies":"Shield and Spear","floor":54,"turns":9},{"damage":0,"enemies":"The Heart","floor":55,"turns":12}],"seed_played":"-3761100309438909894","potions_obtained":[{"floor":1.0,"key":"LiquidMemories"},{"floor":5.0,"key":"SneckoOil"},{"floor":12.0,"key":"SkillPotion"},{"floor":18.0,"key":"SkillPotion"},{"floor":19.0,"key":"Explosive Potion"},{"floor":29.0,"key":"BottledMiracle"},{"floor":40.0,"key":"SteroidPotion"},{"floor":42.0,"key":"Fruit Juice"},{"floor":46.0,"key":"DistilledChaos"}],"is_trial":false,"path_per_floor":["M","?","?","M","M","R","E","M","T","?","R","E","?","M","R","B",null,"M","M","M","$","?","E","R","M","T","M","R","E","$","M","R","B",null,"M","M","?","M","M","E","?","E","T","R","M","E","R","M","R","B",null,"R","$","E","B",null],"character_chosen":"WATCHER","items_purchased":["Calipers","HandOfGreed+1","LessonLearned+1","FearNoEvil+1","TalkToTheHand+1","Fruit Juice","Pantograph","Swift Potion","OrangePellets","Ancient Potion"],"campfire_rested":6,"item_purchase_floors":[21,21,30,30,53,53,53,53,53,53],"current_hp_per_floor":[45,45,45,45,45,45,45,35,35,40,40,31,31,31,31,16,62,62,62,62,62,48,42,42,42,42,28,52,52,52,52,76,17,66,66,66,66,39,39,21,21,21,21,52,36,36,62,62,87,80,85,87,92,25,50],"gold":136,"neow_bonus":"REMOVE_TWO","is_daily":false,"chose_seed":false,"campfire_upgraded":3,"win_rate":0.0,"timestamp":1611082869,"path_taken":["M","?","?","M","M","R","E","M","T","?","R","E","?","M","R","BOSS","M","?","M","$","?","E","R","M","T","M","R","E","$","M","R","BOSS","M","M","?","?","M","E","?","E","T","R","M","E","R","M","R","BOSS","R","$","E","BOSS"],"items_purchased_type":["Relic","Card","Card","Card","Card","Potion","Relic","Potion","Relic","Potion"],"build_version":"2020-12-22","purchased_purges":1,"victory":true,"max_hp_per_floor":[72,72,72,72,72,72,72,72,72,77,77,77,77,77,77,77,77,77,77,77,77,82,82,82,82,82,82,82,82,82,82,82,82,82,82,82,82,82,82,82,82,82,82,87,87,87,87,87,87,87,87,87,92,92,92],"relic_stats":{"OrangePellets":[3],"counters":[29,164],"Gambling Chip":[44],"Astrolabe":["SpiritShield","WheelKick","DeceiveReality"],"Pantograph":25,"Art of War":[3],"Whetstone":["Strike_P","Tantrum"],"Kunai":[15],"MawBank":156,"obtain_stats":[{"Calipers":21,"Astrolabe":34,"Incense Burner":7,"Whetstone":29,"Frozen Egg 2":23,"MawBank":40,"OrangePellets":53,"CaptainsWheel":42,"HornCleat":9,"Gambling Chip":26,"Pantograph":53,"Molten Egg 2":12,"Fusion Hammer":17,"Art of War":46,"Kunai":54,"PureWater":0},{"Calipers":11,"Astrolabe":17,"Incense Burner":4,"Whetstone":15,"Frozen Egg 2":12,"MawBank":22,"OrangePellets":27,"CaptainsWheel":23,"HornCleat":5,"Gambling Chip":13,"Pantograph":27,"Molten Egg 2":6,"Fusion Hammer":8,"Art of War":25,"Kunai":28,"PureWater":0},{"Calipers":40,"Astrolabe":80,"Incense Burner":11,"Whetstone":62,"Frozen Egg 2":44,"MawBank":103,"OrangePellets":143,"CaptainsWheel":110,"HornCleat":14,"Gambling Chip":48,"Pantograph":143,"Molten Egg 2":19,"Fusion Hammer":31,"Art of War":125,"Kunai":152,"PureWater":0}]},"card_choices":[{"not_picked":["Conclude","WreathOfFlame"],"picked":"Halt","floor":1.0},{"not_picked":["Pray","BattleHymn"],"picked":"Sanctity","floor":4.0},{"not_picked":["ThirdEye","Indignation"],"picked":"Tantrum","floor":5.0},{"not_picked":["BowlingBash","Wish","WaveOfTheHand"],"picked":"SKIP","floor":7.0},{"not_picked":["BattleHymn","JustLucky"],"picked":"CutThroughFate","floor":8.0},{"not_picked":["Pray","PathToVictory"],"picked":"FlurryOfBlows+1","floor":12.0},{"not_picked":["Crescendo","SandsOfTime+1"],"picked":"WindmillStrike+1","floor":14.0},{"not_picked":["SpiritShield","Establishment"],"picked":"Scrawl","floor":16.0},{"not_picked":["Protect","SandsOfTime+1"],"picked":"Adaptation","floor":18.0},{"not_picked":["PathToVictory","DeceiveReality"],"picked":"CutThroughFate+1","floor":19.0},{"not_picked":["Swivel","EmptyMind"],"picked":"LikeWater","floor":20.0},{"not_picked":["BowlingBash+1","ClearTheMind"],"picked":"CutThroughFate+1","floor":23.0},{"not_picked":["Protect","InnerPeace"],"picked":"LikeWater+1","floor":25.0},{"not_picked":["CutThroughFate+1","ThirdEye","Weave+1"],"picked":"SKIP","floor":27.0},{"not_picked":["ThirdEye","Nirvana+1"],"picked":"FlurryOfBlows+1","floor":29.0},{"not_picked":["Weave+1","CarveReality+1"],"picked":"Blasphemy","floor":31.0},{"not_picked":["Protect","Halt"],"picked":"FlurryOfBlows+1","floor":35.0},{"not_picked":["WaveOfTheHand","ClearTheMind"],"picked":"Wallop+1","floor":36.0},{"not_picked":["FlyingSleeves+1","ClearTheMind"],"picked":"Scrawl","floor":38.0},{"not_picked":["ThirdEye+1","Protect"],"picked":"Prostrate+1","floor":39.0},{"not_picked":["Weave+1","FollowUp+1"],"picked":"InnerPeace+1","floor":40.0},{"not_picked":["Crescendo","EmptyBody","Nirvana+1"],"picked":"SKIP","floor":42.0},{"not_picked":["Brilliance+1","Protect","FlyingSleeves+1"],"picked":"SKIP","floor":45.0},{"not_picked":["CrushJoints+1","Conclude+1","JustLucky+1"],"picked":"SKIP","floor":46.0},{"not_picked":["FollowUp+1","FlyingSleeves+1"],"picked":"Perseverance","floor":48.0},{"not_picked":["Indignation","ReachHeaven+1","SpiritShield"],"picked":"SKIP","floor":54}],"player_experience":401835,"relics_obtained":[{"floor":7.0,"key":"Incense Burner"},{"floor":9.0,"key":"HornCleat"},{"floor":12.0,"key":"Molten Egg 2"},{"floor":23.0,"key":"Frozen Egg 2"},{"floor":26.0,"key":"Gambling Chip"},{"floor":29.0,"key":"Whetstone"},{"floor":40.0,"key":"MawBank"},{"floor":42.0,"key":"CaptainsWheel"},{"floor":46.0,"key":"Art of War"},{"floor":54,"key":"Kunai"}],"event_choices":[{"damage_healed":0.0,"max_hp_gain":0.0,"max_hp_loss":0.0,"gold_gain":175.0,"event_name":"Liars Game","player_choice":"AGREE","floor":2.0,"gold_loss":0.0,"damage_taken":0.0,"cards_obtained":["Doubt"]},{"cards_removed":["Doubt"],"damage_healed":0.0,"max_hp_gain":0.0,"max_hp_loss":0.0,"gold_gain":0.0,"event_name":"Living Wall","player_choice":"Forget","floor":3.0,"gold_loss":0.0,"damage_taken":0.0},{"damage_healed":0.0,"max_hp_gain":5.0,"max_hp_loss":0.0,"gold_gain":0.0,"event_name":"Big Fish","player_choice":"Donut","floor":10.0,"gold_loss":0.0,"damage_taken":0.0},{"damage_healed":0.0,"max_hp_gain":0.0,"max_hp_loss":0.0,"gold_gain":0.0,"event_name":"Accursed Blacksmith","player_choice":"Forge","floor":13.0,"gold_loss":0.0,"damage_taken":0.0,"cards_upgraded":["Sanctity"]},{"damage_healed":0.0,"max_hp_gain":5.0,"max_hp_loss":0.0,"gold_gain":0.0,"event_name":"Forgotten Altar","player_choice":"Shed Blood","floor":22.0,"gold_loss":0.0,"damage_taken":19.0},{"damage_healed":0.0,"max_hp_gain":0.0,"max_hp_loss":0.0,"gold_gain":100.0,"event_name":"Golden Shrine","player_choice":"Pray","floor":37.0,"gold_loss":0.0,"damage_taken":0.0},{"damage_healed":0.0,"max_hp_gain":0.0,"max_hp_loss":0.0,"gold_gain":100.0,"event_name":"Golden Shrine","player_choice":"Pray","floor":41.0,"gold_loss":0.0,"damage_taken":0.0}],"is_beta":false,"boss_relics":[{"not_picked":["SacredBark","Pandora\u0027s Box"],"picked":"Fusion Hammer"},{"not_picked":["Snecko Eye","Runic Dome"],"picked":"Astrolabe"}],"items_purged_floors":[53],"is_endless":false,"potions_floor_spawned":[1,5,12,18,19,29,40,42,46],"ascension_level":13}}