{"host":"6a06qhlf17v5rcww","time":1611040953,"event":{"mods":["Act Like it!","Aspiration","BaseMod","Beaked The Cultist","Better Altar","Better Match","Better Note","Better Sensory Stone","Better Skull","Better Third Choice","Better Vampires","BetterRewards","Block Reminder","Colored Powertips","Downfall","Gensokyo","Infinite Spire","Minty Spire (QoL Compilation)","Pale of the Ancients","Poor People Problems","Rare Cards Sparkle","Shade Mod","StSLib","The Bug Knight","The Jungle","The Marked","Yakumo Yukari mod"],"gold_per_floor":[99,109,123,136,149,165,189,189,204,224,224,224],"floor_reached":11,"language":"ENG","playtime":1030,"items_purged":[],"score":72,"play_id":"c63a5b9a-75eb-4805-a4c9-0237029d665b","local_time":"20210119022233","is_ascension_mode":true,"campfire_choices":[{"data":"bronze:Goto","floor":1,"key":"SMITH"}],"circlet_count":0,"master_deck":["bronze:Strike","bronze:Strike","bronze:Strike","bronze:Strike","bronze:Defend","bronze:Defend","bronze:Defend","bronze:Defend","bronze:Replicate","bronze:Goto+1","bronze:Branch","bronze:BuggyMess+1","bronze:Repulsor","bronze:Turbo+1","bronze:Shield","Gensokyo:ImpossibleRequest","bronze:ChosenStrike","bronze:Iterate"],"relics":["Snecko Eye","Vajra"],"acts_visited":["Exordium"],"potions_floor_usage":[4],"damage_taken":[{"damage":11,"enemies":"Cultist","floor":2,"turns":5},{"damage":0,"enemies":"Small Slimes","floor":3,"turns":3},{"damage":2,"enemies":"Jaw Worm","floor":4,"turns":4},{"damage":8,"enemies":"Exordium Wildlife","floor":5,"turns":6},{"damage":0,"enemies":"2 Fungi Beasts","floor":6,"turns":4},{"damage":18,"enemies":"3 Louse","floor":9,"turns":6},{"damage":11,"enemies":"Exordium Thugs","floor":10,"turns":7},{"damage":23,"enemies":"3 Sentries","floor":11,"turns":4}],"seed_played":"-8834897391555512385","potions_obtained":[{"floor":3,"key":"Block Potion"},{"floor":4,"key":"hexamod:SoulburnPotion"},{"floor":9,"key":"Swift Potion"}],"is_trial":false,"path_per_floor":["R","M","M","M","M","M","T","?","M","M","E"],"character_chosen":"THE_AUTOMATON","items_purchased":[],"campfire_rested":0,"item_purchase_floors":[],"current_hp_per_floor":[70,59,59,57,49,49,49,49,31,20,0,0],"gold":224,"neow_bonus":"BOSS_RELIC","is_daily":false,"chose_seed":false,"campfire_upgraded":1,"win_rate":0.0,"timestamp":1611040953,"path_taken":["R","M","M","?","M","M","T","?","M","?","E"],"items_purchased_type":[],"build_version":"2020-12-22","purchased_purges":0,"victory":false,"max_hp_per_floor":[70,70,70,70,70,70,70,70,70,70,70,70],"card_choices":[{"not_picked":["bronze:ForceShield","bronze:Fortify"],"picked":"bronze:Branch","floor":2},{"not_picked":["bronze:FollowUp","bronze:DarkDash"],"picked":"bronze:BuggyMess","floor":3},{"not_picked":["bronze:ForceShield","bronze:Optimize"],"picked":"bronze:Repulsor","floor":4},{"not_picked":["bronze:MaxOutput","bronze:Invalidate"],"picked":"bronze:Turbo","floor":5},{"not_picked":["bronze:Separator","bronze:DelayedGuard"],"picked":"bronze:Shield","floor":6},{"not_picked":["bronze:Shield","bronze:Overheat"],"picked":"bronze:ChosenStrike","floor":9},{"not_picked":["bronze:DelayedSlice","bronze:Overheat"],"picked":"bronze:Iterate","floor":10}],"player_experience":771796,"relics_obtained":[{"floor":7,"key":"Vajra"}],"event_choices":[],"is_beta":false,"boss_relics":[],"items_purged_floors":[],"is_endless":false,"potions_floor_spawned":[3,4,9],"killed_by":"3 Sentries","ascension_level":1}}