{"host":"l4kdldlios54gl54","time":1611025451,"event":{"mods":["AchievementEnabler","BaseMod","Colored Map","Colored Powertips","Minty Spire (QoL Compilation)","Random Character Button"],"gold_per_floor":[366,377,10,85,10,10,10,10,10,10,30,48,62,78,78,155,155,172,189,114,130,55,55,55,55],"floor_reached":24,"language":"ENG","playtime":756,"items_purged":["Strike_R"],"score":376,"play_id":"66a88438-2d43-4bcf-bb60-8ddf611017e2","local_time":"20210119040411","is_ascension_mode":true,"campfire_choices":[{"data":"Rampage","floor":6,"key":"SMITH"},{"data":"Flash of Steel","floor":8,"key":"SMITH"},{"data":"Bash","floor":10,"key":"SMITH"},{"floor":15,"key":"REST"},{"floor":23,"key":"REST"}],"circlet_count":0,"master_deck":["AscendersBane","Strike_R","Strike_R","Defend_R","Defend_R","Defend_R","Defend_R","Bash+1","Rampage+1","Flash of Steel+1","Headbutt","Offering","Headbutt+1","Clash"],"relics":["Burning Blood","Kunai","Blue Candle","Matryoshka","SlaversCollar"],"acts_visited":["Exordium","TheCity"],"potions_floor_usage":[16,16],"damage_taken":[{"damage":10,"enemies":"Small Slimes","floor":1,"turns":3},{"damage":2,"enemies":"Jaw Worm","floor":2,"turns":3},{"damage":0,"enemies":"2 Louse","floor":11,"turns":3},{"damage":20,"enemies":"Exordium Wildlife","floor":12,"turns":5},{"damage":13,"enemies":"Exordium Thugs","floor":13,"turns":4},{"damage":12,"enemies":"Looter","floor":14,"turns":3},{"damage":16,"enemies":"Hexaghost","floor":16,"turns":7},{"damage":19,"enemies":"Spheric Guardian","floor":18,"turns":5},{"damage":18,"enemies":"Chosen","floor":19,"turns":3},{"damage":17,"enemies":"Snecko","floor":21,"turns":3},{"damage":58,"enemies":"Slavers","floor":24,"turns":3}],"seed_played":"1471567865267494448","potions_obtained":[{"floor":1,"key":"EssenceOfSteel"},{"floor":12,"key":"Ancient Potion"},{"floor":14,"key":"AttackPotion"}],"is_trial":false,"path_per_floor":["M","M","$","?","$","R","T","R","T","R","M","M","M","M","R","B",null,"M","M","?","M","?","R","E"],"character_chosen":"IRONCLAD","items_purchased":["Kunai","Flash of Steel"],"campfire_rested":2,"item_purchase_floors":[3,3],"current_hp_per_floor":[46,50,50,39,39,39,39,39,39,39,45,31,24,18,40,30,64,51,39,39,28,28,50,0,0],"gold":55,"neow_bonus":"TWO_FIFTY_GOLD","is_daily":false,"chose_seed":false,"campfire_upgraded":3,"win_rate":0.0,"timestamp":1611025451,"path_taken":["M","M","$","?","$","R","?","R","T","R","M","M","M","M","R","BOSS","M","M","?","M","?","R","E"],"items_purchased_type":["Relic","Card"],"build_version":"2020-12-22","purchased_purges":1,"victory":false,"max_hp_per_floor":[75,75,75,75,75,75,75,75,75,75,75,75,75,75,75,75,75,75,75,75,75,75,75,75,75],"card_choices":[{"not_picked":["Sword Boomerang","Shrug It Off"],"picked":"Rampage","floor":1},{"not_picked":["Warcry","Rage","Twin Strike"],"picked":"SKIP","floor":2},{"not_picked":["Spot Weakness","True Grit"],"picked":"Headbutt","floor":11},{"not_picked":["Shockwave","Feel No Pain","Headbutt"],"picked":"SKIP","floor":12},{"not_picked":["Sword Boomerang","Perfected Strike","Iron Wave"],"picked":"SKIP","floor":13},{"not_picked":["Thunderclap","Shrug It Off","Blood for Blood"],"picked":"SKIP","floor":14},{"not_picked":["Bludgeon","Corruption"],"picked":"Offering","floor":16},{"not_picked":["Combust","Inflame+1"],"picked":"Headbutt+1","floor":18},{"not_picked":["Intimidate","Carnage"],"picked":"Clash","floor":19},{"not_picked":["Wild Strike","Sentinel","Reckless Charge"],"picked":"SKIP","floor":21}],"player_experience":876926,"relics_obtained":[{"floor":7,"key":"Blue Candle"},{"floor":9,"key":"Matryoshka"}],"event_choices":[{"damage_healed":0,"gold_gain":75,"player_choice":"Gather Gold","damage_taken":11,"max_hp_gain":0,"max_hp_loss":0,"event_name":"World of Goop","floor":4,"gold_loss":0},{"cards_removed":["Strike_R"],"damage_healed":0,"gold_gain":0,"player_choice":"Gave Gold","damage_taken":0,"max_hp_gain":0,"max_hp_loss":0,"event_name":"Beggar","floor":20,"gold_loss":75},{"cards_removed":["Strike_R"],"damage_healed":0,"gold_gain":0,"player_choice":"Single Remove","damage_taken":0,"max_hp_gain":0,"max_hp_loss":0,"event_name":"Designer","floor":22,"gold_loss":75}],"is_beta":false,"boss_relics":[{"not_picked":["Calling Bell","SacredBark"],"picked":"SlaversCollar"}],"items_purged_floors":[5],"is_endless":false,"potions_floor_spawned":[1,12,14],"killed_by":"Slavers","ascension_level":20}}