{"host":"tjjuwi3liievx0vu","time":1611075435,"event":{"mods":["BaseMod","Colored Map","Downfall","Minty Spire (QoL Compilation)","StSLib"],"gold_per_floor":[99,118,137,155,165,165,165,177,205,69,90,90,107,207,222,327,327,327,346,362,462,476,476,529,34,34,48,61,61,76,115,134,242,242,242,269,269,269],"floor_reached":37,"language":"ENG","playtime":6810,"items_purged":["bronze:Strike","bronze:Strike"],"score":395,"play_id":"a34f0b80-1956-4431-9187-2c559a404df9","local_time":"20210119175715","is_ascension_mode":false,"campfire_choices":[{"data":"bronze:Shell","floor":1,"key":"SMITH"},{"data":"bronze:GetLatest","floor":6,"key":"SMITH"},{"data":"bronze:Terminator","floor":12,"key":"SMITH"},{"data":"bronze:Goto","floor":18,"key":"SMITH"},{"data":"bronze:GetLatest","floor":23,"key":"SMITH"},{"data":"bronze:Boost","floor":29,"key":"SMITH"},{"data":"bronze:Fortify","floor":35,"key":"SMITH"}],"circlet_count":0,"master_deck":["bronze:Defend","bronze:Defend","bronze:Defend","bronze:Defend","bronze:Replicate","bronze:Goto+1","bronze:Shell+1","bronze:Iterate","bronze:GetLatest+1","bronze:Repair","bronze:GetLatest+1","bronze:Terminator+1","bronze:DelayedSlice","bronze:Boost+1","bronze:Constructor","bronze:Fortify+1","bronze:Verify","bronze:Turbo","bronze:Safeguard+1","bronze:ForceShield","bronze:Repulsor+1","bronze:Invalidate+1","Enlightenment","bronze:OilSpill","bronze:Return+1","bronze:CleanCode","bronze:Terminator+1"],"relics":["bronze:BronzeCore","Sundial","InkBottle","Odd Mushroom","Busted Crown","Peace Pipe","Eternal Feather","CeramicFish","Ice Cream","Gremlin Horn","Empty Cage"],"acts_visited":["Exordium","TheCity","TheBeyond"],"potions_floor_usage":[9,9,21,22,28,31,33,33,37],"damage_taken":[{"damage":5,"enemies":"Cultist","floor":2,"turns":4},{"damage":0,"enemies":"Small Slimes","floor":3,"turns":2},{"damage":3,"enemies":"2 Louse","floor":4,"turns":3},{"damage":7,"enemies":"2 Fungi Beasts","floor":5,"turns":5},{"damage":4,"enemies":"Blue Slaver","floor":8,"turns":2},{"damage":16,"enemies":"Gremlin Nob","floor":9,"turns":4},{"damage":0,"enemies":"downfall:FleeingMerchant","floor":10,"turns":4},{"damage":6,"enemies":"The Mushroom Lair","floor":11,"turns":4},{"damage":8,"enemies":"Exordium Thugs","floor":13,"turns":5},{"damage":0,"enemies":"Exordium Wildlife","floor":15,"turns":3},{"damage":17,"enemies":"DF_ARCHETYPE_STREAMLINE","floor":16,"turns":9},{"damage":0,"enemies":"Spheric Guardian","floor":19,"turns":3},{"damage":0,"enemies":"Chosen","floor":20,"turns":3},{"damage":37,"enemies":"Colosseum Nobs","floor":21,"turns":5},{"damage":13,"enemies":"3 Cultists","floor":22,"turns":5},{"damage":0,"enemies":"downfall:FleeingMerchant","floor":25,"turns":4},{"damage":26,"enemies":"Shelled Parasite and Fungi","floor":27,"turns":3},{"damage":7,"enemies":"Snake Plant","floor":28,"turns":6},{"damage":0,"enemies":"Chosen and Byrds","floor":30,"turns":7},{"damage":19,"enemies":"Slavers","floor":31,"turns":8},{"damage":7,"enemies":"Centurion and Healer","floor":32,"turns":7},{"damage":21,"enemies":"SI_MIRROR_ARCHETYPE","floor":33,"turns":6},{"damage":19,"enemies":"3 Shapes","floor":36,"turns":5},{"damage":52,"enemies":"3 Darklings","floor":37,"turns":2}],"seed_played":"-2486367711409024587","potions_obtained":[{"floor":4,"key":"Block Potion"},{"floor":8,"key":"AttackPotion"},{"floor":9,"key":"CultistPotion"},{"floor":16,"key":"Energy Potion"},{"floor":20,"key":"sneckomod:MuddlingPotion"},{"floor":21,"key":"SkillPotion"},{"floor":26,"key":"PowerPotion"},{"floor":26,"key":"SpeedPotion"},{"floor":31,"key":"Swift Potion"},{"floor":32,"key":"Swift Potion"},{"floor":33,"key":"Regen Potion"},{"floor":36,"key":"Block Potion"}],"is_trial":false,"path_per_floor":["R","M","M","M","M","R","T","M","E","$","?","R","M","?","M","B",null,"R","M","M","?","M","R","T","$","?","M","M","R","M","E","M","B",null,"R","M","M"],"character_chosen":"THE_AUTOMATON","items_purchased":["bronze:DelayedSlice","Ice Cream","Enlightenment"],"campfire_rested":0,"item_purchase_floors":[10,25,25],"current_hp_per_floor":[70,65,65,62,62,62,62,65,56,63,64,64,63,63,70,60,70,70,70,70,33,27,39,39,46,46,27,27,42,49,37,37,23,70,70,51,0,0],"gold":269,"neow_bonus":"THREE_CARDS","is_daily":false,"chose_seed":false,"campfire_upgraded":7,"win_rate":0.0,"timestamp":1611075435,"path_taken":["R","M","?","M","M","R","T","M","E","$","?","R","M","?","M","BOSS","R","M","M","?","M","R","T","$","?","?","M","R","M","E","M","BOSS","R","M","M"],"items_purchased_type":["Card","Relic","Card"],"build_version":"2020-12-22","purchased_purges":2,"victory":false,"max_hp_per_floor":[70,70,70,70,70,70,70,70,70,70,70,70,70,70,70,70,70,70,70,70,70,70,70,70,70,70,70,70,70,70,70,70,70,70,70,70,70,70],"card_choices":[{"not_picked":["bronze:Turbo","bronze:GetLatest"],"picked":"bronze:Shell","floor":0},{"not_picked":["bronze:Backtrace","bronze:BuggyMess"],"picked":"bronze:Iterate","floor":2},{"not_picked":["bronze:BugBarrage","bronze:WhirlingStrike"],"picked":"bronze:GetLatest","floor":3},{"not_picked":["bronze:Shield","bronze:GetLatest"],"picked":"bronze:Repair","floor":4},{"not_picked":["bronze:Philosophize","bronze:Shield"],"picked":"bronze:GetLatest","floor":5},{"not_picked":["bronze:Branch","bronze:BugBarrage","bronze:Deprecate"],"picked":"SKIP","floor":8},{"not_picked":["bronze:ForLoop","bronze:ShipIt"],"picked":"bronze:Terminator","floor":9},{"not_picked":["bronze:WildBeam","bronze:Safeguard","bronze:Frontload"],"picked":"SKIP","floor":10},{"not_picked":["bronze:CutThrough","bronze:ForceShield"],"picked":"bronze:Boost","floor":11},{"not_picked":["bronze:BitShift","bronze:Frontload"],"picked":"bronze:Constructor","floor":13},{"not_picked":["bronze:Shell","bronze:Allocate"],"picked":"bronze:Fortify","floor":15},{"not_picked":["bronze:FindAndReplace","bronze:ThunderWave"],"picked":"bronze:Verify","floor":16},{"not_picked":[],"picked":"bronze:Turbo","floor":19},{"not_picked":[],"picked":"bronze:Safeguard+1","floor":20},{"not_picked":[],"picked":"bronze:ForceShield","floor":21},{"not_picked":[],"picked":"bronze:Repulsor+1","floor":22},{"not_picked":[],"picked":"bronze:Invalidate+1","floor":25},{"not_picked":["bronze:Branch+1"],"picked":"SKIP","floor":27},{"not_picked":["bronze:ItsAFeature+1"],"picked":"SKIP","floor":28},{"not_picked":["bronze:Branch"],"picked":"SKIP","floor":30},{"not_picked":[],"picked":"bronze:OilSpill","floor":31},{"not_picked":[],"picked":"bronze:Return+1","floor":32},{"not_picked":[],"picked":"bronze:CleanCode","floor":33},{"not_picked":[],"picked":"bronze:Terminator+1","floor":36}],"player_experience":823562,"relics_obtained":[{"floor":7,"key":"Sundial"},{"floor":9,"key":"InkBottle"},{"floor":11,"key":"Odd Mushroom"},{"floor":21,"key":"Peace Pipe"},{"floor":21,"key":"Eternal Feather"},{"floor":24,"key":"CeramicFish"},{"floor":31,"key":"Gremlin Horn"}],"event_choices":[{"damage_healed":0,"gold_gain":0,"player_choice":"Fought Mushrooms","damage_taken":0,"max_hp_gain":0,"max_hp_loss":0,"event_name":"Mushrooms","floor":11,"gold_loss":0},{"damage_healed":0,"gold_gain":0,"player_choice":"Got Potions","damage_taken":0,"max_hp_gain":0,"max_hp_loss":0,"event_name":"Lab","floor":26,"gold_loss":0}],"is_beta":false,"boss_relics":[{"not_picked":["Pandora\u0027s Box","SlaversCollar"],"picked":"Busted Crown"},{"not_picked":["Tiny House","Runic Dome"],"picked":"Empty Cage"}],"items_purged_floors":[10,25],"is_endless":false,"potions_floor_spawned":[4,8,9,16,20,21,31,32,33,36],"killed_by":"3 Darklings","ascension_level":0}}