{"host":"k7udt7atmcuzf6l0","time":1611064884,"event":{"mods":["AchievementEnabler","BaseMod","Colored Map","Colored Powertips","Highlight Path","Minty Spire (QoL Compilation)","Quick Restart","Rare Cards Sparkle","StSLib","UnlockEverythingMod"],"gold_per_floor":[10,27,44,56,72,104,104,114,114,114,124,124,137,148,148,253,253,266,81,81,93,113,147,147,163,188,188,188,201,201,218,218,318,318,335,355,355,368,382,382,407,418,441,456,456,456,488,41,41,41,41],"floor_reached":50,"language":"ZHT","playtime":1805,"items_purged":[],"score":657,"play_id":"edcbaf26-e427-46a0-a7ea-349fd435bb9b","local_time":"20210119220124","is_ascension_mode":false,"campfire_choices":[{"data":"Corruption","floor":7,"key":"SMITH"},{"data":"Dual Wield","floor":10,"key":"SMITH"},{"data":"Inflame","floor":12,"key":"SMITH"},{"data":"Clash","floor":15,"key":"SMITH"},{"data":"Flex","floor":24,"key":"SMITH"},{"data":"Limit Break","floor":27,"key":"SMITH"},{"data":"Offering","floor":30,"key":"SMITH"},{"floor":32,"key":"RECALL"},{"data":"Infernal Blade","floor":40,"key":"SMITH"},{"data":"Cleave","floor":45,"key":"SMITH"},{"data":"Body Slam","floor":49,"key":"SMITH"}],"circlet_count":0,"master_deck":["Strike_R","Strike_R","Strike_R","Defend_R","Defend_R","Bash","Corruption+1","Dual Wield+1","Clash+1","Inflame+1","Warcry","Headbutt","Shrug It Off","Intimidate","Reaper+1","Carnage+1","Offering+1","Twin Strike+1","Spot Weakness","Flex+1","Offering+1","Battle Trance","Shrug It Off","Infernal Blade+1","Limit Break+1","Heavy Blade+1","Spot Weakness","Shockwave+1","Shrug It Off+1","Sword Boomerang+1","Warcry+1","Headbutt+1","Cleave+1","Parasite","Anger+1","Body Slam+1"],"relics":["Burning Blood","Pantograph","Mango","Astrolabe","Meat on the Bone","Bronze Scales","Runic Pyramid","Sundial","Red Skull","Dead Branch","Toolbox","StrikeDummy"],"acts_visited":["Exordium","TheCity","TheBeyond"],"potions_floor_usage":[6,16,23,23,29,33,42,42,50],"damage_taken":[{"damage":13,"enemies":"Cultist","floor":1,"turns":5},{"damage":4,"enemies":"2 Louse","floor":2,"turns":3},{"damage":2,"enemies":"Small Slimes","floor":3,"turns":3},{"damage":9,"enemies":"Blue Slaver","floor":4,"turns":4},{"damage":7,"enemies":"3 Louse","floor":5,"turns":2},{"damage":8,"enemies":"Lagavulin","floor":6,"turns":5},{"damage":21,"enemies":"Red Slaver","floor":8,"turns":3},{"damage":0,"enemies":"Large Slime","floor":11,"turns":2},{"damage":20,"enemies":"Looter","floor":13,"turns":4},{"damage":11,"enemies":"Blue Slaver","floor":14,"turns":4},{"damage":43,"enemies":"The Guardian","floor":16,"turns":6},{"damage":0,"enemies":"Spheric Guardian","floor":18,"turns":3},{"damage":36,"enemies":"2 Thieves","floor":21,"turns":3},{"damage":12,"enemies":"Chosen and Byrds","floor":22,"turns":4},{"damage":12,"enemies":"Book of Stabbing","floor":23,"turns":2},{"damage":13,"enemies":"Sentry and Sphere","floor":25,"turns":3},{"damage":24,"enemies":"3 Cultists","floor":29,"turns":4},{"damage":12,"enemies":"Centurion and Healer","floor":31,"turns":2},{"damage":57,"enemies":"Collector","floor":33,"turns":4},{"damage":6,"enemies":"3 Darklings","floor":35,"turns":1},{"damage":6,"enemies":"Orb Walker","floor":36,"turns":2},{"damage":28,"enemies":"Spire Growth","floor":38,"turns":3},{"damage":12,"enemies":"4 Shapes","floor":39,"turns":3},{"damage":23,"enemies":"Giant Head","floor":41,"turns":5},{"damage":24,"enemies":"Sphere and 2 Shapes","floor":42,"turns":4},{"damage":30,"enemies":"Writhing Mass","floor":44,"turns":4},{"damage":12,"enemies":"Reptomancer","floor":47,"turns":2},{"damage":104,"enemies":"Awakened One","floor":50,"turns":6}],"seed_played":"3826765254616059519","potions_obtained":[{"floor":2,"key":"SpeedPotion"},{"floor":8,"key":"ElixirPotion"},{"floor":13,"key":"SpeedPotion"},{"floor":14,"key":"Weak Potion"},{"floor":16,"key":"BlessingOfTheForge"},{"floor":21,"key":"Fire Potion"},{"floor":23,"key":"Dexterity Potion"},{"floor":25,"key":"FearPotion"},{"floor":33,"key":"SneckoOil"},{"floor":35,"key":"SmokeBomb"},{"floor":41,"key":"Dexterity Potion"},{"floor":47,"key":"LiquidBronze"}],"is_trial":false,"path_per_floor":["M","M","M","M","M","E","R","M","T","R","M","R","M","M","R","B",null,"M","$","?","M","M","E","R","M","T","R","?","M","R","M","R","B",null,"M","M","?","M","M","R","E","M","T","M","R","?","E","$","R","B"],"character_chosen":"IRONCLAD","items_purchased":["Flex","Offering","Toolbox","StrikeDummy","Body Slam"],"campfire_rested":0,"item_purchase_floors":[19,19,48,48,48],"current_hp_per_floor":[73,75,79,76,75,73,73,58,72,72,78,78,64,59,59,47,94,94,94,94,76,90,94,94,87,87,87,68,62,62,56,56,99,99,99,99,99,77,71,71,84,66,66,54,54,54,99,99,99,0,0],"gold":41,"neow_bonus":"THREE_RARE_CARDS","is_daily":false,"chose_seed":false,"campfire_upgraded":10,"win_rate":0.0,"timestamp":1611064884,"path_taken":["M","?","M","M","M","E","R","M","T","R","M","R","M","M","R","BOSS","M","$","?","M","M","E","R","?","T","R","?","M","R","M","R","BOSS","M","M","?","M","M","R","E","M","T","?","R","?","E","$","R","BOSS"],"items_purchased_type":["Card","Card","Relic","Relic","Card"],"build_version":"2020-12-22","purchased_purges":0,"victory":false,"max_hp_per_floor":[80,80,80,80,80,80,80,80,94,94,94,94,94,94,94,94,94,94,94,94,94,94,94,94,94,94,94,99,99,99,99,99,99,99,99,99,99,99,99,99,99,99,99,99,99,99,99,99,99,99,99],"card_choices":[{"not_picked":["Immolate","Fiend Fire"],"picked":"Corruption","floor":0},{"not_picked":["Clothesline","Reckless Charge"],"picked":"Dual Wield","floor":1},{"not_picked":["Thunderclap","Flex"],"picked":"Clash","floor":2},{"not_picked":["Pommel Strike","Sword Boomerang"],"picked":"Inflame","floor":3},{"not_picked":["Disarm","Cleave"],"picked":"Warcry","floor":4},{"not_picked":["Havoc","Uppercut","Disarm"],"picked":"SKIP","floor":5},{"not_picked":["Iron Wave","Clothesline","Juggernaut"],"picked":"SKIP","floor":6},{"not_picked":["Reckless Charge","Havoc"],"picked":"Headbutt","floor":8},{"not_picked":["Headbutt","True Grit"],"picked":"Shrug It Off","floor":11},{"not_picked":["Clothesline","Thunderclap"],"picked":"Intimidate","floor":13},{"not_picked":["Wild Strike","Carnage","Thunderclap"],"picked":"SKIP","floor":14},{"not_picked":["Brutality","Offering"],"picked":"Reaper","floor":16},{"not_picked":["Clothesline+1","Warcry+1"],"picked":"Spot Weakness","floor":18},{"not_picked":["Twin Strike","Thunderclap"],"picked":"Shrug It Off","floor":21},{"not_picked":["Rage+1","Thunderclap"],"picked":"Infernal Blade","floor":22},{"not_picked":["Flex","Carnage","Warcry"],"picked":"SKIP","floor":23},{"not_picked":["Body Slam","Thunderclap"],"picked":"Limit Break","floor":25},{"not_picked":["Iron Wave","Cleave"],"picked":"Heavy Blade+1","floor":29},{"not_picked":["Pommel Strike","Heavy Blade+1"],"picked":"Spot Weakness","floor":31},{"not_picked":["Clothesline","Warcry+1"],"picked":"Shockwave+1","floor":35},{"not_picked":["Perfected Strike+1","Twin Strike"],"picked":"Shrug It Off+1","floor":36},{"not_picked":["Flex","Shrug It Off"],"picked":"Sword Boomerang+1","floor":38},{"not_picked":["Clothesline","Pommel Strike"],"picked":"Warcry+1","floor":39},{"not_picked":["Metallicize","Fire Breathing"],"picked":"Headbutt+1","floor":41},{"not_picked":["Reckless Charge+1","Immolate"],"picked":"Cleave","floor":42},{"not_picked":["Sword Boomerang+1","Flame Barrier"],"picked":"Anger+1","floor":44},{"not_picked":["Anger","Flex","Searing Blow"],"picked":"SKIP","floor":47}],"player_experience":82800,"relics_obtained":[{"floor":6,"key":"Pantograph"},{"floor":9,"key":"Mango"},{"floor":23,"key":"Meat on the Bone"},{"floor":26,"key":"Bronze Scales"},{"floor":41,"key":"Sundial"},{"floor":43,"key":"Red Skull"},{"floor":47,"key":"Dead Branch"}],"event_choices":[{"damage_healed":0,"gold_gain":0,"cards_transformed":["Strike_R"],"player_choice":"Transformed","damage_taken":0,"max_hp_gain":0,"max_hp_loss":0,"event_name":"Transmorgrifier","floor":20,"gold_loss":0,"cards_obtained":["Battle Trance"]},{"damage_healed":0,"gold_gain":0,"player_choice":"Shed Blood","damage_taken":24,"max_hp_gain":5,"max_hp_loss":0,"event_name":"Forgotten Altar","floor":28,"gold_loss":0},{"damage_healed":0,"gold_gain":0,"player_choice":"Upgraded","damage_taken":0,"max_hp_gain":0,"max_hp_loss":0,"event_name":"Upgrade Shrine","floor":37,"gold_loss":0,"cards_upgraded":["Reaper"]},{"damage_healed":0,"gold_gain":0,"player_choice":"Ignored","damage_taken":0,"max_hp_gain":0,"max_hp_loss":0,"event_name":"Tomb of Lord Red Mask","floor":46,"gold_loss":0}],"is_beta":false,"boss_relics":[{"not_picked":["Calling Bell","Mark of Pain"],"picked":"Astrolabe"},{"not_picked":["Cursed Key","Black Blood"],"picked":"Runic Pyramid"}],"items_purged_floors":[],"is_endless":false,"potions_floor_spawned":[2,8,13,14,16,21,23,25,33,35,41,47],"killed_by":"Awakened One","ascension_level":0}}