{"host":"pletss163z7s8pvv","time":1611018018,"event":{"mods":["AchievementEnabler","BaseMod","Better Altar","CapriCore","Colored Map","Colored Powertips","Conspire","Energized Spire","GifTheSpireLib","Hermit","Ironclad Rager","Jedi Mod","Minty Spire (QoL Compilation)","Spicy Shops","StS++","StSLib","The Alterego","The Bladedancer","The Cursed","The Disciple","The Immortal","The Marked","The Servant 0.9.4"],"gold_per_floor":[110,125,135,153,153,153,186,18,18,18,48,68,68,88,88,185,185,197,208,27,43,43,43,54,54,54,65,65,65,80,17,17,122,122,138,138,18,68,85,85,97,0,23,37,14,40,77,100,100,100,100,100,4,38,38,38],"floor_reached":55,"language":"ENG","playtime":2276,"items_purged":[],"score":759,"play_id":"446ea6b2-e7c7-46c0-af8e-fdfe71e3492b","local_time":"20210118190018","is_ascension_mode":false,"campfire_choices":[{"floor":6.0,"key":"RECALL"},{"data":"TheCursedMod:HellsGateOpen","floor":13.0,"key":"SMITH"},{"floor":15.0,"key":"REST"},{"floor":23.0,"key":"REST"},{"floor":25.0,"key":"REST"},{"floor":28,"key":"REST"},{"floor":32,"key":"REST"},{"data":"TheCursedMod:AbyssShockwave","floor":40,"key":"SMITH"},{"floor":49,"key":"REST"},{"data":"TheCursedMod:CursedRelics","floor":52,"key":"SMITH"}],"circlet_count":0,"master_deck":["TheCursedMod:Strike_TheCursed","TheCursedMod:Strike_TheCursed","TheCursedMod:Strike_TheCursed","TheCursedMod:Strike_TheCursed","TheCursedMod:Defend_TheCursed","TheCursedMod:Defend_TheCursed","TheCursedMod:Defend_TheCursed","TheCursedMod:Defend_TheCursed","TheCursedMod:CursedWand","TheCursedMod:CleanUpWorkshop","TheCursedMod:Dregs","TheCursedMod:AbyssShockwave+1","TheCursedMod:FuryStrike","TheCursedMod:ReleasedStrength","TheCursedMod:CircleOfFlame","TheCursedMod:CursedAmulet+1","Dramatic Entrance","TheCursedMod:HellsGateOpen+1","TheCursedMod:CircleOfFlame+1","TheCursedMod:CircleOfFlame+1","TheCursedMod:CursedRelics+1","TheCursedMod:Obscuration+1","TheCursedMod:CollectTribute","TheCursedMod:BlessingInDisguise+1","TheCursedMod:CircleOfWindfury+1","Injury","TheCursedMod:StingEye","TheCursedMod:Torture+1","TheCursedMod:CircleOfCorruption+1","TheCursedMod:ReleasedStrength+1","TheCursedMod:ManaBullet","Clumsy","TheCursedMod:Neurasthenia+1","TheCursedMod:SurpriseAttack+1","TheCursedMod:Wield","TheCursedMod:RavingStaff","TheCursedMod:CircleOfCorruption+1","TheCursedMod:SurpriseAttack","TheCursedMod:CursedShiv","TheCursedMod:ForbiddenAlchemy+1","TheCursedMod:Torture+1","TheCursedMod:AbyssShockwave","TheCursedMod:SpitefulPray+1","TheCursedMod:SurpriseAttack"],"relics":["TheCursedMod:BlackMagic101","StSpp:SailingBoat","Toxic Egg 2","Incense Burner","conspire:SpecialSausage","Bronze Scales","Oddly Smooth Stone","Ornamental Fan","TheCursedMod:Tack","TheCursedMod:OminousMark","Lee\u0027s Waffle","StSpp:WoodenStick","PreservedInsect","Bag of Marbles","CeramicFish","StSpp:SailorCap"],"acts_visited":["Exordium","TheCity","TheBeyond","TheEnding"],"potions_floor_usage":[33,33,33,47,48,48,48,48,48,50,50,50,50,50,50,50,50,50,50,53,55,55,55,55],"damage_taken":[{"damage":5.0,"enemies":"Cultist","floor":1.0,"turns":4.0},{"damage":0.0,"enemies":"Small Slimes","floor":2.0,"turns":2.0},{"damage":1.0,"enemies":"2 Louse","floor":3.0,"turns":2.0},{"damage":13.0,"enemies":"Exordium Wildlife","floor":4.0,"turns":4.0},{"damage":27.0,"enemies":"Gremlin Nob","floor":7.0,"turns":4.0},{"damage":12.0,"enemies":"Lagavulin","floor":11.0,"turns":5.0},{"damage":5.0,"enemies":"Looter","floor":12.0,"turns":2.0},{"damage":9.0,"enemies":"Blue Slaver","floor":14.0,"turns":4.0},{"damage":40.0,"enemies":"The Guardian","floor":16.0,"turns":9.0},{"damage":12.0,"enemies":"3 Byrds","floor":18.0,"turns":3.0},{"damage":30.0,"enemies":"2 Thieves","floor":19.0,"turns":4.0},{"damage":13.0,"enemies":"Chosen and Byrds","floor":21.0,"turns":3.0},{"damage":17.0,"enemies":"Cultist and Chosen","floor":24.0,"turns":4.0},{"damage":13,"enemies":"Snake Plant","floor":27,"turns":3},{"damage":14,"enemies":"Shelled Parasite and Fungi","floor":30,"turns":4},{"damage":27,"enemies":"Collector","floor":33,"turns":5},{"damage":2,"enemies":"3 Darklings","floor":35,"turns":2},{"damage":17,"enemies":"Mind Bloom Boss Battle","floor":38,"turns":6},{"damage":5,"enemies":"3 Shapes","floor":39,"turns":2},{"damage":6,"enemies":"Writhing Mass","floor":41,"turns":4},{"damage":15,"enemies":"4 Shapes","floor":44,"turns":3},{"damage":0,"enemies":"Reptomancer","floor":47,"turns":3},{"damage":5,"enemies":"Transient","floor":48,"turns":5},{"damage":55,"enemies":"Awakened One","floor":50,"turns":9},{"damage":11,"enemies":"Shield and Spear","floor":54,"turns":2},{"damage":85,"enemies":"The Heart","floor":55,"turns":5}],"seed_played":"703520248167752534","potions_obtained":[{"floor":3.0,"key":"SneckoOil"},{"floor":4.0,"key":"GamblersBrew"},{"floor":11.0,"key":"jedi:StrikingPotion"},{"floor":16.0,"key":"BlessingOfTheForge"},{"floor":19.0,"key":"SteroidPotion"},{"floor":21.0,"key":"Energy Potion"},{"floor":24.0,"key":"Strength Potion"},{"floor":30,"key":"AttackPotion"},{"floor":35,"key":"Block Potion"},{"floor":38,"key":"TheCursedMod:DregsPotion"},{"floor":48,"key":"EssenceOfSteel"}],"is_trial":false,"path_per_floor":["M","M","M","M","T","R","E","$","T","?","E","M","R","M","R","B",null,"M","M","$","M","?","R","M","R","T","M","R","T","M","$","R","B",null,"M","?","$","?","M","R","M","$","T","M","$","T","E","M","R","B",null,"R","$","E","B"],"character_chosen":"THE_CURSED","items_purchased":["Dramatic Entrance","TheCursedMod:HellsGateOpen","TheCursedMod:CircleOfFlame+1","Bronze Scales","TheCursedMod:StingEye","jedi:StrikingPotion","TheCursedMod:Tack","Lee\u0027s Waffle","TheCursedMod:Wield","AttackPotion","TheCursedMod:CursedShiv","TheCursedMod:Torture+1","Fruit Juice"],"campfire_rested":6,"item_purchase_floors":[8,8,8,20,20,20,31,37,37,42,42,45,53],"current_hp_per_floor":[77,77,76,63,63,63,36,36,36,82,70,65,65,56,80,40,82,70,40,40,27,27,51,34,58,58,45,69,69,55,55,79,52,82,80,80,89,72,67,67,61,61,61,46,46,46,46,41,67,12,89,89,94,83,0,0],"gold":38,"neow_bonus":"TEN_PERCENT_HP_BONUS","is_daily":false,"chose_seed":false,"campfire_upgraded":3,"win_rate":0.0,"timestamp":1611018018,"path_taken":["M","M","M","M","?","R","E","$","T","?","E","?","R","M","R","BOSS","M","M","$","M","?","R","M","R","T","M","R","?","M","$","R","BOSS","M","?","$","?","?","R","M","?","T","?","?","?","E","?","R","BOSS","R","$","E","BOSS"],"items_purchased_type":["Card","Card","Card","Relic","Card","Potion","Relic","Relic","Card","Potion","Card","Card","Potion"],"build_version":"2020-12-22","purchased_purges":0,"victory":false,"max_hp_per_floor":[82,82,82,82,82,82,82,82,82,82,82,82,82,82,82,82,82,82,82,82,82,82,82,82,82,82,82,82,82,82,82,82,82,82,82,82,89,89,89,89,89,89,89,89,89,89,89,89,89,89,89,89,94,94,94,94],"card_choices":[{"not_picked":["TheCursedMod:Stretching","TheCursedMod:RavingStaff"],"picked":"TheCursedMod:AbyssShockwave","floor":1.0},{"not_picked":["TheCursedMod:CircleOfWindfury","TheCursedMod:SurpriseAttack"],"picked":"TheCursedMod:FuryStrike","floor":2.0},{"not_picked":["TheCursedMod:EmpowerCircles","TheCursedMod:FleshFromBone"],"picked":"TheCursedMod:ReleasedStrength","floor":3.0},{"not_picked":["TheCursedMod:Evocation","TheCursedMod:SaltUponWound"],"picked":"TheCursedMod:CircleOfFlame","floor":4.0},{"not_picked":["TheCursedMod:CursedSpellbook+1","TheCursedMod:CursedMace"],"picked":"TheCursedMod:CursedAmulet+1","floor":7.0},{"not_picked":["TheCursedMod:Stretching+1","TheCursedMod:BloodBarrier+1"],"picked":"TheCursedMod:CircleOfFlame+1","floor":11.0},{"not_picked":["TheCursedMod:LuckyCharm","TheCursedMod:VitalStrike"],"picked":"TheCursedMod:CursedRelics","floor":12.0},{"not_picked":["TheCursedMod:CircleOfWindfury+1","TheCursedMod:Stretching+1"],"picked":"TheCursedMod:Obscuration+1","floor":14.0},{"not_picked":["TheCursedMod:ParallelWorld+1","TheCursedMod:StunningStrike"],"picked":"TheCursedMod:CollectTribute","floor":16.0},{"not_picked":["TheCursedMod:VitalStrike","TheCursedMod:TacticalStrike"],"picked":"TheCursedMod:BlessingInDisguise+1","floor":18.0},{"not_picked":["TheCursedMod:CircleOfFocus+1","TheCursedMod:Stretching+1"],"picked":"TheCursedMod:CircleOfWindfury+1","floor":19.0},{"not_picked":["TheCursedMod:Stretching+1","TheCursedMod:CursedAmulet+1"],"picked":"TheCursedMod:Torture+1","floor":21.0},{"not_picked":["TheCursedMod:Evocation+1","TheCursedMod:SoulReap"],"picked":"TheCursedMod:CircleOfCorruption+1","floor":24.0},{"not_picked":["TheCursedMod:Stretching+1","TheCursedMod:CircleOfFlame+1"],"picked":"TheCursedMod:ReleasedStrength+1","floor":27},{"not_picked":["TheCursedMod:CursedSpellbook+1","TheCursedMod:RavingStaff"],"picked":"TheCursedMod:ManaBullet","floor":30},{"not_picked":["TheCursedMod:CircleOfAbyss+1","TheCursedMod:AntiAging+1"],"picked":"TheCursedMod:Neurasthenia+1","floor":33},{"not_picked":["TheCursedMod:Stretching+1","TheCursedMod:CircleOfFocus+1"],"picked":"TheCursedMod:SurpriseAttack+1","floor":35},{"not_picked":["TheCursedMod:PrepareRite+1","TheCursedMod:CursedMace+1"],"picked":"TheCursedMod:RavingStaff","floor":38},{"not_picked":["TheCursedMod:PrepareRite+1","TheCursedMod:BlessingInDisguise+1"],"picked":"TheCursedMod:CircleOfCorruption+1","floor":39},{"not_picked":["TheCursedMod:CircleOfCorruption+1","TheCursedMod:RapidMovement+1"],"picked":"TheCursedMod:SurpriseAttack","floor":41},{"not_picked":["TheCursedMod:CursedArmor+1","TheCursedMod:SmokeScreen+1"],"picked":"TheCursedMod:ForbiddenAlchemy+1","floor":44},{"not_picked":["TheCursedMod:CursedSpellbook+1","TheCursedMod:TroublousMinions+1"],"picked":"TheCursedMod:AbyssShockwave","floor":47},{"not_picked":["TheCursedMod:CircleOfCorruption+1","TheCursedMod:CircleOfAmplification+1"],"picked":"TheCursedMod:SpitefulPray+1","floor":48},{"not_picked":["TheCursedMod:DoubleShield+1","TheCursedMod:HellsGateOpen+1"],"picked":"TheCursedMod:SurpriseAttack","floor":54}],"player_experience":427212,"relics_obtained":[{"floor":5.0,"key":"StSpp:SailingBoat"},{"floor":7.0,"key":"Toxic Egg 2"},{"floor":11.0,"key":"Incense Burner"},{"floor":26.0,"key":"Oddly Smooth Stone"},{"floor":29,"key":"Ornamental Fan"},{"floor":38,"key":"StSpp:WoodenStick"},{"floor":43,"key":"PreservedInsect"},{"floor":46,"key":"Bag of Marbles"},{"floor":47,"key":"CeramicFish"},{"floor":54,"key":"StSpp:SailorCap"}],"event_choices":[{"damage_healed":46.0,"max_hp_gain":0.0,"max_hp_loss":0.0,"gold_gain":0.0,"event_name":"Wheel of Change","player_choice":"Full Heal","floor":10.0,"gold_loss":0.0,"damage_taken":0.0},{"damage_healed":0.0,"max_hp_gain":0.0,"max_hp_loss":0.0,"gold_gain":0.0,"event_name":"conspire:Investor","player_choice":"Leave","floor":22.0,"gold_loss":0.0,"damage_taken":0.0},{"damage_healed":0,"gold_gain":0,"player_choice":"Ignored","damage_taken":0,"max_hp_gain":0,"max_hp_loss":0,"event_name":"Tomb of Lord Red Mask","floor":36,"gold_loss":0},{"damage_healed":0,"gold_gain":0,"player_choice":"Fight","damage_taken":0,"max_hp_gain":0,"max_hp_loss":0,"event_name":"MindBloom","floor":38,"gold_loss":0}],"is_beta":false,"boss_relics":[{"not_picked":["conspire:SlowCooker","Calling Bell"],"picked":"conspire:SpecialSausage"},{"not_picked":["TheCursedMod:BlackMagicAdvanced","Black Star"],"picked":"TheCursedMod:OminousMark"}],"items_purged_floors":[],"is_endless":false,"potions_floor_spawned":[3,4,11,14,16,19,21,24,30,35,38,48],"killed_by":"The Heart","ascension_level":0}}