{"host":"2apb6gwm2fj4theg","time":1611077622,"event":{"mods":["2.2 Compatiblity","AlwaysNeverKeys","Ascension Reborn","BaseMod","ChefMod","Halation","Hubris","Infinite Spire","Ironclad Rager","Marked Mod","Minty Spire (QoL Compilation)","Replay The Spire","Shop Mod","Small Relic Pack","StSLib","The Animator","Unceasing Turn Reminder"],"gold_per_floor":[119,119,119,119,68,68,99,99,122,122,141,6,32,49,49,49,49],"floor_reached":16,"language":"ENG","playtime":1288,"items_purged":[],"score":106,"play_id":"540fdd7e-06e4-46cb-b094-3c1b220c7406","local_time":"20210119193342","is_ascension_mode":true,"campfire_choices":[{"data":"ReplayTheSpireMod:Strike From Hell","floor":6,"key":"SMITH"},{"floor":8,"key":"REST"},{"floor":15,"key":"REST"}],"circlet_count":0,"master_deck":["True Grit+1","Strike_R","Strike_R","Strike_R","Strike_R","Strike_R","Defend_R","Defend_R","Defend_R","Defend_R+1","Bash","Sword Boomerang","ReplayTheSpireMod:Strike From Hell+1","Iron Wave","hubris:ReadiedAction","Languid","Pommel Strike","Mind Blast","ReplayTheSpireMod:LeadingStrike","ReplayTheSpireMod:Strike From Hell"],"relics":["Burning Blood","Peace Pipe","ReplayTheSpireMod:Lightbulb","Bag of Marbles","ReplayTheSpireMod:CursedCoin","halation:PromiseList","infinitespire:Beetle Shell"],"acts_visited":["Exordium"],"potions_floor_usage":[13,13],"damage_taken":[{"damage":0,"enemies":"Small Slimes","floor":1,"turns":3},{"damage":43,"enemies":"Lagavulin","floor":7,"turns":7},{"damage":0,"enemies":"Jaw Worm","floor":11,"turns":3},{"damage":16,"enemies":"3 Sentries","floor":13,"turns":7},{"damage":0,"enemies":"Cultist","floor":14,"turns":3},{"damage":87,"enemies":"Hexaghost","floor":16,"turns":11}],"seed_played":"-4164013541903794356","potions_obtained":[{"floor":7,"key":"EssenceOfSteel"},{"floor":10,"key":"Cursed Concoction"},{"floor":10,"key":"Adrenaline Potion"},{"floor":11,"key":"AttackPotion"}],"is_trial":false,"path_per_floor":["M","?","?","?","$","R","E","R","T","?","M","$","E","M","R","B"],"character_chosen":"IRONCLAD","items_purchased":["ReplayTheSpireMod:Strike From Hell","ReplayTheSpireMod:CursedCoin","halation:PromiseList","Pommel Strike","Mind Blast"],"campfire_rested":2,"item_purchase_floors":[5,12,12,12,12],"current_hp_per_floor":[88,70,70,70,70,70,33,59,59,59,65,65,55,61,87,0,0],"gold":49,"neow_bonus":"TEN_PERCENT_HP_BONUS","is_daily":false,"chose_seed":false,"campfire_upgraded":1,"win_rate":0.0,"timestamp":1611077622,"path_taken":["M","?","?","?","$","R","E","R","T","?","M","$","E","?","R","BOSS"],"items_purchased_type":["Card","Relic","Relic","Card","Card"],"build_version":"2020-12-22","purchased_purges":0,"victory":false,"max_hp_per_floor":[88,88,88,88,88,88,88,88,88,88,88,88,88,88,88,88,88],"card_choices":[{"not_picked":["Flex","Searing Blow"],"picked":"Sword Boomerang","floor":1},{"not_picked":["Flex","Replay:Many Hands"],"picked":"Iron Wave","floor":7},{"not_picked":["Body Slam","Perfected Strike"],"picked":"hubris:ReadiedAction","floor":11},{"not_picked":["Iron Wave","Combust"],"picked":"ReplayTheSpireMod:LeadingStrike","floor":13},{"not_picked":["infinitespire:OneForAll","True Grit"],"picked":"ReplayTheSpireMod:Strike From Hell","floor":14}],"player_experience":619203,"relics_obtained":[{"floor":7,"key":"ReplayTheSpireMod:Lightbulb"},{"floor":9,"key":"Bag of Marbles"},{"floor":13,"key":"infinitespire:Beetle Shell"}],"event_choices":[{"damage_healed":0,"gold_gain":0,"player_choice":"Success","damage_taken":18,"relics_obtained":["Peace Pipe"],"max_hp_gain":0,"max_hp_loss":0,"event_name":"Scrap Ooze","floor":2,"gold_loss":0},{"damage_healed":0,"gold_gain":0,"player_choice":"Got Potions","damage_taken":0,"max_hp_gain":0,"max_hp_loss":0,"event_name":"Lab","floor":10,"gold_loss":0}],"is_beta":false,"boss_relics":[],"items_purged_floors":[],"is_endless":false,"potions_floor_spawned":[7,11],"killed_by":"Hexaghost","ascension_level":0}}