{"host":"gzk4gkgy3zij1c51","time":1611082484,"event":{"mods":["BaseMod","Colored Map","Downfall","Highlight Path","Marked Mod","Minty Spire (QoL Compilation)","Relic Stats","StSLib","everything is the same but u backflip on backflip"],"gold_per_floor":[99,115,215,229,242,62,85,99,131,31,31,42,42,52,62,62,62,62],"floor_reached":16,"language":"ENG","playtime":993,"items_purged":[],"score":104,"play_id":"c6510c1a-b20b-4233-9630-0f812352df7f","local_time":"20210119185444","is_ascension_mode":false,"campfire_choices":[{"data":"bronze:Flail","floor":1,"key":"SMITH"},{"data":"bronze:Repulsor","floor":10,"key":"SMITH"},{"floor":13,"key":"REST"}],"circlet_count":0,"master_deck":["bronze:Strike","bronze:Strike","bronze:Strike","bronze:Strike","bronze:Defend","bronze:Defend","bronze:Defend","bronze:Defend","bronze:Replicate","bronze:Goto","bronze:Flail+1","bronze:ChildClass","Shame","Writhe","bronze:FindAndReplace","bronze:ForceShield","bronze:Iterate","bronze:Shell","bronze:Repulsor+1","bronze:Shell","bronze:DelayedSlice","bronze:Allocate","bronze:ForLoop","downfall:Bewildered","bronze:Branch","bronze:Shield","bronze:WildBeam"],"relics":["bronze:BronzeCore","Du-Vu Doll","Happy Flower","Toy Ornithopter","downfall:HeartBlessingGreen"],"acts_visited":["Exordium"],"potions_floor_usage":[8,8,12,14,15],"damage_taken":[{"damage":0,"enemies":"Cultist","floor":2,"turns":3},{"damage":7,"enemies":"2 Louse","floor":4,"turns":2},{"damage":8,"enemies":"Jaw Worm","floor":5,"turns":2},{"damage":0,"enemies":"downfall:FleeingMerchant","floor":6,"turns":4},{"damage":8,"enemies":"Exordium Wildlife","floor":8,"turns":4},{"damage":32,"enemies":"Lagavulin","floor":9,"turns":4},{"damage":9,"enemies":"Red Slaver","floor":12,"turns":2},{"damage":17,"enemies":"Lots of Slimes","floor":14,"turns":3},{"damage":0,"enemies":"Exordium Wildlife","floor":15,"turns":3},{"damage":32,"enemies":"IC_STATUS_ARCHETYPE","floor":16,"turns":6}],"seed_played":"-5990793340719330221","potions_obtained":[{"floor":2,"key":"Weak Potion"},{"floor":5,"key":"Block Potion"},{"floor":9,"key":"Weak Potion"},{"floor":12,"key":"DuplicationPotion"},{"floor":14,"key":"SkillPotion"}],"is_trial":false,"path_per_floor":["R","M","?","M","M","$","T","M","E","R","?","M","R","M","M","B"],"character_chosen":"THE_AUTOMATON","items_purchased":["bronze:Repulsor","bronze:Shell","bronze:DelayedSlice"],"campfire_rested":1,"item_purchase_floors":[6,6,6],"current_hp_per_floor":[70,70,75,68,60,60,60,52,20,20,20,16,38,26,31,0,0,0],"gold":62,"neow_bonus":"THREE_CARDS","is_daily":false,"chose_seed":false,"campfire_upgraded":2,"win_rate":0.0,"timestamp":1611082484,"path_taken":["R","M","?","M","M","$","T","M","E","R","?","M","R","M","M","BOSS"],"items_purchased_type":["Card","Card","Card"],"build_version":"2020-12-22","purchased_purges":0,"victory":false,"max_hp_per_floor":[70,70,75,75,75,75,75,75,75,75,75,75,75,75,75,75,75,75],"relic_stats":{"Happy Flower":[7],"counters":[10,33],"obtain_stats":[{"Du-Vu Doll":3,"bronze:BronzeCore":0,"Happy Flower":7,"downfall:HeartBlessingGreen":10,"Toy Ornithopter":9},{"Du-Vu Doll":1,"bronze:BronzeCore":0,"Happy Flower":4,"downfall:HeartBlessingGreen":6,"Toy Ornithopter":6},{"Du-Vu Doll":3,"bronze:BronzeCore":0,"Happy Flower":11,"downfall:HeartBlessingGreen":19,"Toy Ornithopter":19}],"Toy Ornithopter":15},"card_choices":[{"not_picked":["bronze:ForLoop","bronze:Deprecate"],"picked":"bronze:Flail","floor":0},{"not_picked":["bronze:CutThrough","bronze:BronzeOrb"],"picked":"bronze:ChildClass","floor":2},{"not_picked":["bronze:BitShift","bronze:CutThrough"],"picked":"bronze:ForceShield","floor":4},{"not_picked":["bronze:BronzeOrb","bronze:DelayedSlice"],"picked":"bronze:Iterate","floor":5},{"not_picked":["bronze:Deprecate","bronze:ChildClass"],"picked":"bronze:Shell","floor":6},{"not_picked":["bronze:BronzeArmor","bronze:OilSpill"],"picked":"bronze:Allocate","floor":8},{"not_picked":["bronze:Mutator","bronze:Deprecate"],"picked":"bronze:ForLoop","floor":9},{"not_picked":["bronze:ChildClass","bronze:BitShift"],"picked":"bronze:Branch","floor":12},{"not_picked":["bronze:DelayedGuard","bronze:DelayedSlice"],"picked":"bronze:Shield","floor":14},{"not_picked":["bronze:ClassDefault","bronze:BronzeArmor"],"picked":"bronze:WildBeam","floor":15}],"player_experience":1018918,"relics_obtained":[{"floor":7,"key":"Happy Flower"},{"floor":9,"key":"Toy Ornithopter"}],"event_choices":[],"is_beta":false,"boss_relics":[],"items_purged_floors":[],"is_endless":false,"potions_floor_spawned":[2,5,9,12,14],"killed_by":"IC_STATUS_ARCHETYPE","ascension_level":0}}