{"host":"xxyfyv4t3rs3ce5d","time":1611086501,"event":{"mods":["BaseMod","Hubris","Infinite Spire","Minty Spire (QoL Compilation)","Replay The Spire","Shop Mod","StSLib","The Jungle"],"gold_per_floor":[118,68,68,80,138,170,170,184,184,184,200,210,220,220,220,319,319,334,354,354,370,370,370,386,398,698,698,698],"floor_reached":27,"language":"ENG","playtime":1346,"items_purged":[],"score":217,"play_id":"cce4856d-91fd-4bf8-91af-c3f0a073ab7b","local_time":"20210119150141","is_ascension_mode":false,"campfire_choices":[{"data":"Dualcast","floor":7,"key":"SMITH"},{"data":"hubris:Ukulele","floor":10,"key":"SMITH"},{"floor":15,"key":"DIG"},{"data":"ReplayTheSpireMod:Brewmster","floor":23,"key":"SMITH"}],"circlet_count":0,"master_deck":["Strike_B+1","Strike_B","Strike_B","Defend_B","Defend_B","Zap+1","Dualcast+1","Gash","hubris:Ukulele+1","Machine Learning","Self Repair","ReplayTheSpireMod:Brewmster+1","Replay:Bootleg Shield Generator","Secret Technique","Hologram+1","hubris:DuctTapeCard","Compile Driver","Buffer"],"relics":["Cracked Core","hubris:Potato","Replay:Multitool","hubris:Reverence","Inserter","ReplayTheSpireMod:ShopPack","Runic Pyramid","hubris:DuctTape","Old Coin"],"acts_visited":["Exordium","TheCity"],"potions_floor_usage":[6,16,21,21,21,24,24,25,25],"damage_taken":[{"damage":1,"enemies":"Cultist","floor":1,"turns":3},{"damage":0,"enemies":"Small Slimes","floor":4,"turns":3},{"damage":2,"enemies":"Gremlin Nob","floor":6,"turns":3},{"damage":0,"enemies":"2 Louse","floor":8,"turns":2},{"damage":0,"enemies":"Gremlin Gang","floor":11,"turns":4},{"damage":0,"enemies":"Large Slime","floor":12,"turns":3},{"damage":0,"enemies":"Exordium Wildlife","floor":13,"turns":2},{"damage":25,"enemies":"Slime Boss","floor":16,"turns":9},{"damage":0,"enemies":"Chosen","floor":18,"turns":4},{"damage":6,"enemies":"Shell Parasite","floor":19,"turns":5},{"damage":18,"enemies":"Sentry and Sphere","floor":21,"turns":6},{"damage":22,"enemies":"Centurion and Healer","floor":24,"turns":5},{"damage":27,"enemies":"Chosen and Byrds","floor":25,"turns":7},{"damage":27,"enemies":"Book of Stabbing","floor":27,"turns":6}],"seed_played":"6737449883713507524","potions_obtained":[{"floor":4,"key":"LifebloodPotion"},{"floor":13,"key":"AttackPotion"},{"floor":21,"key":"Strength Potion"}],"is_trial":false,"path_per_floor":["M","?","?","M","?","E","R","M","T","R","M","M","M","?","R","B",null,"M","M","AVR","M","?","R","M","M","T","E"],"character_chosen":"DEFECT","items_purchased":[],"campfire_rested":0,"item_purchase_floors":[],"current_hp_per_floor":[74,74,74,74,74,72,72,72,72,72,72,72,72,57,57,39,75,75,75,75,64,64,64,49,29,29,2,2],"gold":698,"neow_bonus":"UPGRADE_CARD","is_daily":false,"chose_seed":false,"campfire_upgraded":3,"win_rate":0.0,"timestamp":1611086501,"path_taken":["M","?","?","M","?","E","R","M","T","R","M","M","?","?","R","BOSS","M","M","AVR","M","?","R","M","?","T","E"],"items_purchased_type":[],"build_version":"2020-12-22","purchased_purges":0,"victory":false,"max_hp_per_floor":[75,75,75,75,75,75,75,75,75,75,75,75,75,75,75,75,75,75,75,75,75,75,75,75,75,75,75,75],"card_choices":[{"not_picked":["ReplaySolidLightProjector","Steam"],"picked":"Gash","floor":1},{"not_picked":["BasicCrystalCard","Coolheaded"],"picked":"hubris:Ukulele","floor":4},{"not_picked":["Hello World","Barrage","Rip and Tear"],"picked":"SKIP","floor":6},{"not_picked":["Crystallizer","Go for the Eyes","Coolheaded"],"picked":"SKIP","floor":8},{"not_picked":["Fusion","Steam"],"picked":"Machine Learning","floor":11},{"not_picked":["Panic Button","BasicCrystalCard"],"picked":"Self Repair","floor":12},{"not_picked":["Redo","Cold Snap","Reinforced Body"],"picked":"SKIP","floor":13},{"not_picked":["Steam","Turbo","FIFO Queue"],"picked":"SKIP","floor":18},{"not_picked":["Blizzard","Go for the Eyes","Glacier"],"picked":"SKIP","floor":19},{"not_picked":["Replay:Dark Deal","ReplayTheSpireMod:Necrogeddon"],"picked":"ReplayTheSpireMod:Brewmster","floor":20},{"not_picked":["Replay:Sssssssssshield","ReplayTheSpireMod:Uncanny Aura"],"picked":"Replay:Bootleg Shield Generator","floor":20},{"not_picked":["Jack Of All Trades","Replay:BasicMightCard"],"picked":"Secret Technique","floor":20},{"not_picked":["Turbo","Chill"],"picked":"Hologram+1","floor":21},{"not_picked":["FIFO Queue","Barrage"],"picked":"Compile Driver","floor":24},{"not_picked":["Beam Cell","Turbo"],"picked":"Buffer","floor":25}],"player_experience":197902,"relics_obtained":[{"floor":6,"key":"hubris:Potato"},{"floor":9,"key":"Replay:Multitool"},{"floor":15,"key":"hubris:Reverence"},{"floor":26,"key":"Old Coin"}],"event_choices":[{"cards_removed":["Strike_B"],"damage_healed":0,"gold_gain":0,"player_choice":"Card Removal","damage_taken":0,"max_hp_gain":0,"max_hp_loss":0,"event_name":"The Cleric","floor":2,"gold_loss":50},{"damage_healed":0,"gold_gain":0,"player_choice":"Ignored","damage_taken":0,"max_hp_gain":0,"max_hp_loss":0,"event_name":"Liars Game","floor":3,"gold_loss":0},{"damage_healed":0,"gold_gain":58,"player_choice":"Gained Gold","damage_taken":0,"max_hp_gain":0,"max_hp_loss":0,"event_name":"Golden Wing","floor":5,"gold_loss":0},{"damage_healed":0,"gold_gain":0,"player_choice":"Entered Light","damage_taken":15,"max_hp_gain":0,"max_hp_loss":0,"event_name":"Shining Light","floor":14,"gold_loss":0,"cards_upgraded":["Strike_B","Defend_B"]},{"damage_healed":0,"gold_gain":0,"player_choice":"Gave Potion","damage_taken":0,"relics_obtained":["hubris:DuctTape"],"max_hp_gain":0,"max_hp_loss":0,"event_name":"WeMeetAgain","floor":22,"gold_loss":0}],"is_beta":false,"boss_relics":[{"not_picked":["SlaversCollar","hubris:TerracottaHorce"],"picked":"Inserter"}],"items_purged_floors":[],"is_endless":false,"potions_floor_spawned":[4,13,21],"killed_by":"Book of Stabbing","ascension_level":0}}