{"host":"3xls0xm49ftugio7","time":1611056022,"event":{"mods":["2.2 Compatiblity","AchievementEnabler","Act Like it!","BaseMod","Colored Powertips","Downfall","GifTheSpireLib","Minty Spire (QoL Compilation)","Quick Restart","Relic Stats","StSLib"],"gold_per_floor":[99,99,117,117,134,162,244,244,305,333,378,1,1,26,74,175,175,175,212,255,300,11,11,90,115,134,175,175,175,236,287,327,437,437,437,443,481,481],"floor_reached":37,"language":"ENG","playtime":2075,"items_purged":[],"score":575,"play_id":"400bd829-c2b2-4e1e-81e1-ce403f46f1b0","local_time":"20210119133342","is_ascension_mode":true,"campfire_choices":[{"data":"sneckomod:TailWhip","floor":1,"key":"SMITH"},{"data":"sneckomod:GlitteringGambit","floor":8,"key":"SMITH"},{"floor":13,"key":"REST"},{"floor":23,"key":"REST"},{"floor":29,"key":"REST"}],"circlet_count":0,"master_deck":["sneckomod:Strike","sneckomod:Strike","sneckomod:Strike","sneckomod:Defend","sneckomod:Defend","sneckomod:Defend","sneckomod:TailWhip+1","sneckomod:SnekBite","sneckomod:Unknown+1","sneckomod:Unknown","sneckomod:WideSting+1","sneckomod:GlitteringGambit+1","sneckomod:UnknownCommonSkill","sneckomod:UnknownDraw","sneckomod:UnendingSupply","sneckomod:QuickBite","expansioncontent:QuickStudy","sneckomod:Unknown1Cost","sneckomod:DiceBlock","sneckomod:DangerNoodle","Perseverance","sneckomod:UnknownClassPURPLE","sneckomod:UnknownUncommonPower","sneckomod:UnknownDexterity","sneckomod:UnknownUncommonAttack","sneckomod:UnendingSupply+1","sneckomod:IronFang+1","sneckomod:SerpentIdol+1","sneckomod:GlitteringGambit+1","sneckomod:GlitteringGambit","sneckomod:UnknownBlock+1","sneckomod:DiceBlock+1","sneckomod:UnknownRarePower","Alpha","sneckomod:UnknownExhaust"],"relics":["sneckomod:SneckoSoul","Peace Pipe","Smiling Mask","hexamod:CandleOfCauterizing","Oddly Smooth Stone","PreservedInsect","Letter Opener","Runic Pyramid","Lizard Tail","Darkstone Periapt","sneckomod:SneckoTalon"],"acts_visited":["Exordium","TheCity","TheBeyond"],"potions_floor_usage":[25,25,25,25,25,25,33],"damage_taken":[{"damage":8,"enemies":"Jaw Worm","floor":3,"turns":4},{"damage":0,"enemies":"Small Slimes","floor":5,"turns":3},{"damage":15,"enemies":"Lagavulin","floor":6,"turns":6},{"damage":25,"enemies":"Gremlin Nob","floor":9,"turns":4},{"damage":3,"enemies":"Cultist","floor":10,"turns":2},{"damage":15,"enemies":"Gremlin Gang","floor":11,"turns":3},{"damage":4,"enemies":"downfall:FleeingMerchant","floor":12,"turns":4},{"damage":0,"enemies":"3 Sentries","floor":14,"turns":1},{"damage":10,"enemies":"2 Fungi Beasts","floor":15,"turns":3},{"damage":25,"enemies":"SI_SHIV_ARCHETYPE","floor":16,"turns":6},{"damage":23,"enemies":"3 Byrds","floor":19,"turns":6},{"damage":0,"enemies":"Spheric Guardian","floor":20,"turns":3},{"damage":0,"enemies":"Centurion and Healer","floor":21,"turns":4},{"damage":3,"enemies":"downfall:FleeingMerchant","floor":22,"turns":4},{"damage":19,"enemies":"Chosen and Byrds","floor":25,"turns":6},{"damage":0,"enemies":"Sentry and Sphere","floor":26,"turns":4},{"damage":16,"enemies":"Centurion and Healer","floor":27,"turns":6},{"damage":13,"enemies":"Snake Plant","floor":30,"turns":4},{"damage":21,"enemies":"Shelled Parasite and Fungi","floor":31,"turns":8},{"damage":0,"enemies":"Sentry and Sphere","floor":32,"turns":3},{"damage":46,"enemies":"IC_MUSHROOM_ARCHETYPE","floor":33,"turns":6},{"damage":14,"enemies":"3 Shapes","floor":36,"turns":5},{"damage":76,"enemies":"2 Orb Walkers","floor":37,"turns":4}],"seed_played":"-899627654325669676","potions_obtained":[{"floor":0,"key":"ColorlessPotion"},{"floor":0,"key":"Guardian:BlockOnCardUsePotion"},{"floor":0,"key":"Weak Potion"},{"floor":5,"key":"EntropicBrew"},{"floor":6,"key":"FearPotion"},{"floor":21,"key":"Regen Potion"},{"floor":25,"key":"FearPotion"},{"floor":27,"key":"PowerPotion"},{"floor":33,"key":"bronze:BurnAndBuffPotion"}],"is_trial":false,"path_per_floor":["R","?","M","?","M","E","T","R","E","M","M","$","R","E","M","B",null,"R","M","M","M","$","R","T","M","M","M","?","R","M","M","M","B",null,"R","M","?"],"character_chosen":"THE_SNECKO","items_purchased":["expansioncontent:QuickStudy","PreservedInsect","sneckomod:UnknownBlock","Lizard Tail"],"campfire_rested":3,"item_purchase_floors":[12,12,12,22],"current_hp_per_floor":[90,87,79,79,79,64,64,64,39,36,21,17,44,44,34,9,70,70,47,47,47,44,71,71,57,57,41,41,68,55,34,34,39,77,77,63,0,0],"gold":481,"neow_bonus":"THREE_SMALL_POTIONS","is_daily":false,"chose_seed":false,"campfire_upgraded":2,"win_rate":0.0,"timestamp":1611056022,"path_taken":["R","?","M","?","M","E","T","R","E","?","?","$","R","E","M","BOSS","R","M","M","M","$","R","T","M","M","?","?","R","M","?","M","BOSS","R","M","?"],"items_purchased_type":["Card","Relic","Card","Relic"],"build_version":"2020-12-22","purchased_purges":0,"victory":false,"max_hp_per_floor":[90,90,90,90,90,90,90,90,90,90,90,90,90,90,90,90,90,90,90,90,90,90,90,90,90,90,90,90,90,90,90,90,90,90,90,90,90,90],"relic_stats":{"Peace Pipe":0,"Darkstone Periapt":0,"Lizard Tail":45,"counters":[23,98],"PreservedInsect":69,"Letter Opener":[116],"Smiling Mask":0,"obtain_stats":[{"Peace Pipe":2,"Darkstone Periapt":24,"hexamod:CandleOfCauterizing":7,"Lizard Tail":22,"Oddly Smooth Stone":9,"PreservedInsect":12,"Letter Opener":14,"sneckomod:SneckoSoul":0,"Smiling Mask":6,"sneckomod:SneckoTalon":34,"Runic Pyramid":17},{"Peace Pipe":0,"Darkstone Periapt":14,"hexamod:CandleOfCauterizing":3,"Lizard Tail":14,"Oddly Smooth Stone":4,"PreservedInsect":7,"Letter Opener":8,"sneckomod:SneckoSoul":0,"Smiling Mask":3,"sneckomod:SneckoTalon":21,"Runic Pyramid":10},{"Peace Pipe":0,"Darkstone Periapt":52,"hexamod:CandleOfCauterizing":13,"Lizard Tail":52,"Oddly Smooth Stone":17,"PreservedInsect":25,"Letter Opener":26,"sneckomod:SneckoSoul":0,"Smiling Mask":13,"sneckomod:SneckoTalon":89,"Runic Pyramid":35}]},"card_choices":[{"not_picked":["sneckomod:DefensiveFlair","sneckomod:UnknownVulnerable"],"picked":"sneckomod:WideSting","floor":3},{"not_picked":["sneckomod:CheapStock","sneckomod:SoulRoll"],"picked":"sneckomod:GlitteringGambit","floor":5},{"not_picked":["sneckomod:WideSting","sneckomod:DefensiveFlair"],"picked":"sneckomod:UnknownCommonSkill","floor":6},{"not_picked":["sneckomod:DiceBlock","sneckomod:UnknownExhaust"],"picked":"sneckomod:UnknownDraw","floor":9},{"not_picked":["sneckomod:DiceCrush","sneckomod:SoulRoll"],"picked":"sneckomod:UnendingSupply","floor":10},{"not_picked":["sneckomod:QuickMove","sneckomod:UnknownCommonSkill"],"picked":"sneckomod:QuickBite","floor":11},{"not_picked":["sneckomod:Rotation","sneckomod:QuickBite"],"picked":"sneckomod:Unknown1Cost","floor":12},{"not_picked":["sneckomod:QuickMove","sneckomod:Memorize"],"picked":"sneckomod:Unknown1Cost","floor":14},{"not_picked":["sneckomod:RainOfDice","sneckomod:Unknown1Cost"],"picked":"sneckomod:DiceBlock","floor":15},{"not_picked":["sneckomod:Transmogrify","sneckomod:UnknownRareAttack"],"picked":"sneckomod:DangerNoodle","floor":16},{"not_picked":["sneckomod:QuickMove","sneckomod:UnknownCommonSkill+1"],"picked":"sneckomod:UnknownClassPURPLE","floor":19},{"not_picked":["sneckomod:UnknownExhaust","sneckomod:RainOfDice"],"picked":"sneckomod:UnknownUncommonPower","floor":20},{"not_picked":["sneckomod:Nope","sneckomod:SerpentIdol"],"picked":"sneckomod:UnknownDexterity","floor":21},{"not_picked":["sneckomod:SoulDraw","sneckomod:IronFang"],"picked":"sneckomod:UnknownUncommonAttack","floor":22},{"not_picked":["sneckomod:DiceBlock","sneckomod:UnknownClassPURPLE"],"picked":"sneckomod:UnendingSupply+1","floor":25},{"not_picked":["sneckomod:WideSting","sneckomod:UnknownCommonSkill"],"picked":"sneckomod:IronFang+1","floor":26},{"not_picked":["sneckomod:SnekBeam","sneckomod:UnknownExhaust"],"picked":"sneckomod:SerpentIdol+1","floor":27},{"not_picked":["sneckomod:UnknownDraw","sneckomod:UnknownClassPURPLE"],"picked":"sneckomod:GlitteringGambit","floor":30},{"not_picked":["sneckomod:DiceCrush+1","sneckomod:DiceBlock"],"picked":"sneckomod:UnknownBlock+1","floor":31},{"not_picked":["sneckomod:SoulDraw+1","sneckomod:RainOfDice"],"picked":"sneckomod:DiceBlock+1","floor":32},{"not_picked":["sneckomod:Restock","sneckomod:Cheat"],"picked":"sneckomod:UnknownRarePower","floor":33},{"not_picked":["sneckomod:MasterEye","sneckomod:UnknownClassGUARDIAN"],"picked":"sneckomod:UnknownExhaust","floor":36}],"player_experience":919473,"relics_obtained":[{"floor":6,"key":"Smiling Mask"},{"floor":7,"key":"hexamod:CandleOfCauterizing"},{"floor":9,"key":"Oddly Smooth Stone"},{"floor":14,"key":"Letter Opener"},{"floor":24,"key":"Darkstone Periapt"}],"event_choices":[{"damage_healed":0,"gold_gain":0,"player_choice":"Success","damage_taken":3,"relics_obtained":["Peace Pipe"],"max_hp_gain":0,"max_hp_loss":0,"event_name":"Scrap Ooze","floor":2,"gold_loss":0},{"damage_healed":0,"gold_gain":0,"player_choice":"Forge","damage_taken":0,"max_hp_gain":0,"max_hp_loss":0,"event_name":"Accursed Blacksmith","floor":4,"gold_loss":0,"cards_upgraded":["sneckomod:WideSting"]},{"damage_healed":0,"gold_gain":0,"player_choice":"Fight","damage_taken":0,"max_hp_gain":0,"max_hp_loss":0,"event_name":"Mysterious Sphere","floor":37,"gold_loss":0}],"is_beta":false,"boss_relics":[{"not_picked":["Philosopher\u0027s Stone","Empty Cage"],"picked":"Runic Pyramid"},{"not_picked":["Black Star","sneckomod:SneckoBoss"],"picked":"sneckomod:SneckoTalon"}],"items_purged_floors":[],"is_endless":false,"potions_floor_spawned":[5,6,15,16,21,25,27,33],"killed_by":"2 Orb Walkers","ascension_level":5}}