{"host":"gzk4gkgy3zij1c51","time":1611083447,"event":{"mods":["BaseMod","Colored Map","Downfall","Highlight Path","Marked Mod","Minty Spire (QoL Compilation)","Relic Stats","StSLib","everything is the same but u backflip on backflip"],"gold_per_floor":[99,118,118,134,134,152,152,165,165,193,193,210,225,251,270,270,270,270],"floor_reached":16,"language":"ENG","playtime":931,"items_purged":[],"score":114,"play_id":"6c0131e4-bdfc-4a6a-8d76-9c0740b5fcaf","local_time":"20210119191047","is_ascension_mode":false,"campfire_choices":[{"data":"bronze:RecursiveStrike","floor":1,"key":"SMITH"},{"floor":9,"key":"REST"}],"circlet_count":0,"master_deck":["bronze:Strike","bronze:Strike","bronze:Strike","bronze:Defend","bronze:Defend","bronze:Defend","bronze:Defend","bronze:Replicate","bronze:Goto","bronze:RecursiveStrike+1","bronze:Separator","bronze:ChildClass","bronze:WhirlingStrike","bronze:Iterate","bronze:ChosenStrike","bronze:FineTuning","bronze:Boost","bronze:BuggyMess"],"relics":["bronze:BronzeCore","Matryoshka","Gremlin Horn","Question Card","Boot","Singing Bowl"],"acts_visited":["Exordium"],"potions_floor_usage":[13,15,16],"damage_taken":[{"damage":2,"enemies":"Small Slimes","floor":2,"turns":2},{"damage":0,"enemies":"Cultist","floor":4,"turns":2},{"damage":6,"enemies":"2 Louse","floor":6,"turns":2},{"damage":3,"enemies":"Gremlin Gang","floor":8,"turns":2},{"damage":20,"enemies":"Lagavulin","floor":10,"turns":4},{"damage":0,"enemies":"Lots of Slimes","floor":12,"turns":1},{"damage":0,"enemies":"2 Fungi Beasts","floor":13,"turns":2},{"damage":1,"enemies":"3 Sentries","floor":14,"turns":3},{"damage":13,"enemies":"Lots of Slimes","floor":15,"turns":2},{"damage":16,"enemies":"WA_ARCHETYPE_RETAIN","floor":16,"turns":4}],"seed_played":"-8355824466080675234","potions_obtained":[{"floor":6,"key":"Ancient Potion"},{"floor":10,"key":"Block Potion"},{"floor":11,"key":"bronze:FreeFunctionsPotion"}],"is_trial":false,"path_per_floor":["R","M","?","M","?","M","T","M","R","E","?","M","M","E","M","B"],"character_chosen":"THE_AUTOMATON","items_purchased":[],"campfire_rested":1,"item_purchase_floors":[],"current_hp_per_floor":[49,47,29,29,29,23,23,20,41,21,21,21,21,20,9,0,0,0],"gold":270,"neow_bonus":"THREE_RARE_CARDS","is_daily":false,"chose_seed":false,"campfire_upgraded":1,"win_rate":0.0,"timestamp":1611083447,"path_taken":["R","M","?","M","?","?","T","M","R","E","?","M","?","E","M","BOSS"],"items_purchased_type":[],"build_version":"2020-12-22","purchased_purges":0,"victory":false,"max_hp_per_floor":[70,70,70,70,70,70,70,70,70,70,70,70,70,70,72,72,72,72],"relic_stats":{"Gremlin Horn":[10,10],"Singing Bowl":2,"counters":[10,24],"Question Card":6,"Boot":[42],"obtain_stats":[{"bronze:BronzeCore":0,"Matryoshka":3,"Gremlin Horn":7,"Singing Bowl":14,"Question Card":7,"Boot":10},{"bronze:BronzeCore":0,"Matryoshka":1,"Gremlin Horn":3,"Singing Bowl":8,"Question Card":3,"Boot":5},{"bronze:BronzeCore":0,"Matryoshka":2,"Gremlin Horn":6,"Singing Bowl":18,"Question Card":6,"Boot":12}]},"card_choices":[{"not_picked":["bronze:Virus","bronze:Mutator"],"picked":"bronze:RecursiveStrike","floor":0},{"not_picked":["bronze:CutThrough","bronze:Overheat"],"picked":"bronze:Separator","floor":2},{"not_picked":["bronze:Boost","bronze:Allocate"],"picked":"bronze:ChildClass","floor":4},{"not_picked":["bronze:Frontload","bronze:ItsAFeature"],"picked":"bronze:WhirlingStrike","floor":6},{"not_picked":["bronze:CutThrough","bronze:Constructor","bronze:Separator"],"picked":"bronze:Iterate","floor":8},{"not_picked":["bronze:Break","bronze:BitShift","bronze:DigitalCarnage"],"picked":"bronze:ChosenStrike","floor":10},{"not_picked":["bronze:Overheat","bronze:BugBarrage","bronze:Constructor"],"picked":"bronze:FineTuning","floor":12},{"not_picked":["bronze:MaxOutput","bronze:WildBeam","bronze:BitShift"],"picked":"bronze:Boost","floor":13},{"not_picked":["bronze:ForceShield","bronze:Backtrace","bronze:Boost"],"picked":"bronze:BuggyMess","floor":14},{"not_picked":["bronze:DarkDash","bronze:BronzeArmor","bronze:FineTuning","bronze:WildBeam"],"picked":"Singing Bowl","floor":15}],"player_experience":1019911,"relics_obtained":[{"floor":7,"key":"Gremlin Horn"},{"floor":7,"key":"Question Card"},{"floor":10,"key":"Boot"},{"floor":14,"key":"Singing Bowl"}],"event_choices":[{"damage_healed":0,"gold_gain":0,"player_choice":"Success","damage_taken":18,"relics_obtained":["Matryoshka"],"max_hp_gain":0,"max_hp_loss":0,"event_name":"Scrap Ooze","floor":3,"gold_loss":0},{"damage_healed":0,"gold_gain":0,"player_choice":"Got Potions","damage_taken":0,"max_hp_gain":0,"max_hp_loss":0,"event_name":"Lab","floor":11,"gold_loss":0}],"is_beta":false,"boss_relics":[],"items_purged_floors":[],"is_endless":false,"potions_floor_spawned":[6,10,12],"killed_by":"WA_ARCHETYPE_RETAIN","ascension_level":0}}