{"host":"bor2qt8pkh75ni8l","time":1611094514,"event":{"mods":["Act Like it!","BaseMod","Downfall","Minty Spire (QoL Compilation)","StSLib"],"gold_per_floor":[99,116,128,12,12,22,49,66,66,94,111,128,128,128,138,233,233,233,47,147,147,157,35,87,113,126,126,153,153,170,170,181,284,284,284,301,301,286,252,271,348,366,366,384,384,399,399,411,430,430],"floor_reached":51,"language":"ENG","playtime":4163,"items_purged":["bronze:Strike","bronze:Defend"],"score":1466,"play_id":"87f0a3a6-504c-4209-9b3d-675ce5761c89","local_time":"20210119141514","is_ascension_mode":false,"campfire_choices":[{"data":"Transmutation","floor":1.0,"key":"SMITH"},{"data":"bronze:Goto","floor":9.0,"key":"SMITH"},{"data":"bronze:DarkDash","floor":13.0,"key":"SMITH"},{"data":"bronze:Break","floor":18.0,"key":"SMITH"},{"data":"expansioncontent:DashGenerateEvil","floor":27.0,"key":"SMITH"},{"data":"bronze:DonuBeam","floor":29.0,"key":"SMITH"},{"data":"bronze:CloningBeam","floor":35.0,"key":"SMITH"},{"floor":45,"key":"REST"}],"circlet_count":0,"master_deck":["bronze:Strike","bronze:Strike","bronze:Defend","bronze:Replicate","bronze:Goto+1","bronze:Separator","bronze:Frontload","bronze:WhirlingStrike","Slimebound:Defend_Slimebound","bronze:Constructor","bronze:BronzeOrb","bronze:HardenedForm","bronze:DarkDash+1","bronze:OilSpill","bronze:Break+1","bronze:ForceShield+1","expansioncontent:DashGenerateEvil+1","bronze:DonuBeam+1","bronze:Fortify","bronze:Shell","bronze:CloningBeam+1","bronze:Repulsor","bronze:Repair","bronze:FollowUp","bronze:Iterate","bronze:Frontload","bronze:Boost","bronze:Iterate","expansioncontent:PolyBeam"],"relics":["bronze:BronzeCore","Anchor","Toy Ornithopter","Ancient Tea Set","Velvet Choker","Blood Vial","Singing Bowl","Bag of Preparation","Runic Pyramid","Incense Burner","Sundial","Toxic Egg 2"],"acts_visited":["Exordium","TheCity","TheBeyond"],"potions_floor_usage":[40,46,50],"damage_taken":[{"damage":4.0,"enemies":"2 Louse","floor":2.0,"turns":1.0},{"damage":0.0,"enemies":"Cultist","floor":3.0,"turns":3.0},{"damage":10.0,"enemies":"downfall:FleeingMerchant","floor":4.0,"turns":4.0},{"damage":0.0,"enemies":"Small Slimes","floor":6.0,"turns":3.0},{"damage":9.0,"enemies":"Large Slime","floor":8.0,"turns":6.0},{"damage":19.0,"enemies":"Lagavulin","floor":10.0,"turns":5.0},{"damage":0.0,"enemies":"2 Fungi Beasts","floor":11.0,"turns":3.0},{"damage":3.0,"enemies":"Exordium Thugs","floor":12.0,"turns":4.0},{"damage":0.0,"enemies":"3 Louse","floor":15.0,"turns":4.0},{"damage":17.0,"enemies":"DF_ARCHETYPE_STREAMLINE","floor":16.0,"turns":12.0},{"damage":0.0,"enemies":"downfall:FleeingMerchant","floor":19.0,"turns":4.0},{"damage":29.0,"enemies":"downfall:FleeingMerchant","floor":20.0,"turns":6.0},{"damage":2.0,"enemies":"Shell Parasite","floor":22.0,"turns":5.0},{"damage":0.0,"enemies":"downfall:FleeingMerchant","floor":23.0,"turns":4.0},{"damage":12.0,"enemies":"Gremlin Leader","floor":25.0,"turns":7.0},{"damage":2.0,"enemies":"Chosen","floor":26.0,"turns":4.0},{"damage":31.0,"enemies":"Slavers","floor":28.0,"turns":7.0},{"damage":5.0,"enemies":"3 Cultists","floor":30.0,"turns":5.0},{"damage":16.0,"enemies":"Centurion and Healer","floor":32.0,"turns":5.0},{"damage":48.0,"enemies":"SI_MIRROR_ARCHETYPE","floor":33.0,"turns":8.0},{"damage":0.0,"enemies":"Orb Walker","floor":36.0,"turns":3.0},{"damage":7.0,"enemies":"downfall:FleeingMerchant","floor":38.0,"turns":4.0},{"damage":0,"enemies":"downfall:FleeingMerchant","floor":39,"turns":3},{"damage":32,"enemies":"3 Darklings","floor":40,"turns":6},{"damage":14,"enemies":"Jaw Worm Horde","floor":42,"turns":4},{"damage":19,"enemies":"Sphere and 2 Shapes","floor":44,"turns":6},{"damage":6,"enemies":"3 Darklings","floor":46,"turns":6},{"damage":14,"enemies":"Transient","floor":48,"turns":5},{"damage":19,"enemies":"Maw","floor":49,"turns":7},{"damage":34,"enemies":"WA_ARCHETYPE_DIVINITY","floor":50,"turns":15}],"seed_played":"7768075116615415827","potions_obtained":[{"floor":2.0,"key":"PowerPotion"},{"floor":8.0,"key":"Swift Potion"},{"floor":10.0,"key":"Fruit Juice"},{"floor":11.0,"key":"hexamod:SoulburnPotion"},{"floor":20.0,"key":"Fruit Juice"},{"floor":25.0,"key":"Explosive Potion"},{"floor":40,"key":"FearPotion"},{"floor":42,"key":"Regen Potion"},{"floor":49,"key":"SneckoOil"}],"is_trial":false,"path_per_floor":["R","M","M","$","?","M","T","M","R","E","M","M","R","?","M","B",null,"R","$","?","?","M","$","T","E","M","R","E","R","M","?","M","B",null,"R","M","?","$","?","M","T","M","T","M","R","M","?","M","M","B",null],"character_chosen":"THE_AUTOMATON","items_purchased":["bronze:WhirlingStrike","expansioncontent:DashGenerateEvil","bronze:CloningBeam","bronze:Repulsor","Incense Burner"],"campfire_rested":1,"item_purchase_floors":[4,19,23,23,39],"current_hp_per_floor":[63,59,59,49,49,49,49,40,40,31,31,28,28,25,25,8,68,68,68,52,83,81,81,81,71,73,73,44,44,43,43,29,7,89,89,89,89,84,88,72,72,62,62,47,76,86,80,77,69,57],"gold":430,"neow_bonus":"RANDOM_COLORLESS_2","is_daily":false,"chose_seed":false,"campfire_upgraded":7,"win_rate":0.0,"timestamp":1611094514,"path_taken":["R","M","M","$","?","M","T","?","R","E","M","M","R","?","M","BOSS","R","$","?","?","M","$","T","E","M","R","E","R","M","?","M","BOSS","R","M","?","$","?","M","T","M","?","M","R","?","?","M","M","BOSS"],"items_purchased_type":["Card","Card","Card","Card","Relic"],"build_version":"2020-12-22","purchased_purges":2,"victory":true,"max_hp_per_floor":[63,63,63,63,63,63,63,63,63,68,68,68,68,68,68,68,68,68,68,73,83,83,83,83,83,85,85,85,85,87,87,87,89,89,89,89,89,91,93,95,95,97,97,99,99,101,105,107,109,109],"card_choices":[{"not_picked":["Magnetism","HandOfGreed"],"picked":"Transmutation","floor":0.0},{"not_picked":["bronze:Iterate","bronze:NullPointer"],"picked":"bronze:Separator","floor":2.0},{"not_picked":["bronze:Invalidate","bronze:WildBeam"],"picked":"bronze:Frontload","floor":3.0},{"not_picked":["bronze:Virus","bronze:Deprecate","bronze:BugBarrage"],"picked":"SKIP","floor":4.0},{"not_picked":["bronze:Turbo","bronze:DelayedGuard"],"picked":"bronze:Constructor","floor":6.0},{"not_picked":["bronze:ForLoop","bronze:ClassDefault"],"picked":"bronze:BronzeOrb","floor":8.0},{"not_picked":["bronze:Turbo","bronze:OilSpill"],"picked":"bronze:HardenedForm","floor":10.0},{"not_picked":["bronze:Safeguard","bronze:BronzeArmor"],"picked":"bronze:DarkDash","floor":11.0},{"not_picked":["bronze:BugBarrage","bronze:BuggyMess"],"picked":"bronze:OilSpill","floor":12.0},{"not_picked":["bronze:Deprecate","bronze:BronzeArmor","bronze:Invalidate"],"picked":"SKIP","floor":15.0},{"not_picked":["bronze:Assembly","bronze:Virus"],"picked":"bronze:Break","floor":16.0},{"not_picked":["bronze:Invalidate","bronze:WildBeam"],"picked":"bronze:ForceShield+1","floor":19.0},{"not_picked":[],"picked":"bronze:DonuBeam","floor":20.0},{"not_picked":["bronze:ChosenStrike","bronze:Backtrace"],"picked":"bronze:Fortify","floor":20.0},{"not_picked":["bronze:BitShift+1","bronze:WildBeam","bronze:BronzeOrb"],"picked":"SKIP","floor":22.0},{"not_picked":["bronze:Turbo+1","bronze:Optimize"],"picked":"bronze:Shell","floor":23.0},{"not_picked":["bronze:NullPointer","bronze:Philosophize+1"],"picked":"bronze:Repair","floor":25.0},{"not_picked":["bronze:OilSpill+1","bronze:BugBarrage","bronze:Overheat"],"picked":"Singing Bowl","floor":26.0},{"not_picked":["bronze:DarkDash","bronze:Turbo"],"picked":"bronze:FollowUp","floor":28.0},{"not_picked":["bronze:DigitalCarnage","bronze:Constructor","bronze:Shield"],"picked":"Singing Bowl","floor":30.0},{"not_picked":["bronze:Fortify","bronze:Deprecate"],"picked":"bronze:Boost","floor":32.0},{"not_picked":["bronze:CleanCode","bronze:FindAndReplace","bronze:BurnOut"],"picked":"Singing Bowl","floor":33.0},{"not_picked":["bronze:Overload+1","bronze:OilSpill+1"],"picked":"bronze:Iterate","floor":36.0},{"not_picked":["bronze:Overheat+1","bronze:DigitalCarnage","bronze:BitShift+1"],"picked":"Singing Bowl","floor":38},{"not_picked":["bronze:Frontload","bronze:ItsAFeature","bronze:BugBarrage"],"picked":"Singing Bowl","floor":39},{"not_picked":["bronze:CloningBeam","bronze:BitShift","bronze:ChildClass+1"],"picked":"Singing Bowl","floor":40},{"not_picked":["bronze:Separator","bronze:Turbo","bronze:FollowUp+1"],"picked":"Singing Bowl","floor":42},{"not_picked":["bronze:BronzeOrb","bronze:DarkDash+1","bronze:WildBeam"],"picked":"Singing Bowl","floor":44},{"not_picked":["bronze:BugBarrage","bronze:Separator","bronze:DelayedSlice"],"picked":"Singing Bowl","floor":46},{"not_picked":["expansioncontent:AwakenDeath","expansioncontent:LastStand"],"picked":"expansioncontent:PolyBeam","floor":47},{"not_picked":["expansioncontent:YouAreMine+1","expansioncontent:PolyBeam","expansioncontent:PrepareCrush+1"],"picked":"Singing Bowl","floor":47},{"not_picked":["expansioncontent:GuardianWhirl","expansioncontent:Hexaburn","expansioncontent:PolyBeam"],"picked":"Singing Bowl","floor":47},{"not_picked":["bronze:DelayedSlice","bronze:Deprecate+1","bronze:Branch"],"picked":"Singing Bowl","floor":48},{"not_picked":["bronze:Philosophize+1","bronze:Constructor+1","bronze:Branch"],"picked":"Singing Bowl","floor":49}],"player_experience":598535,"relics_obtained":[{"floor":7.0,"key":"Anchor"},{"floor":10.0,"key":"Toy Ornithopter"},{"floor":24.0,"key":"Blood Vial"},{"floor":25.0,"key":"Singing Bowl"},{"floor":28.0,"key":"Bag of Preparation"},{"floor":41,"key":"Sundial"},{"floor":43,"key":"Toxic Egg 2"}],"event_choices":[{"cards_removed":["bronze:Defend"],"damage_healed":0.0,"max_hp_gain":0.0,"max_hp_loss":0.0,"gold_gain":0.0,"event_name":"NoteForYourself","player_choice":"Took Card","floor":5.0,"gold_loss":0.0,"damage_taken":0.0,"cards_obtained":["Slimebound:Defend_Slimebound"]},{"damage_healed":0.0,"max_hp_gain":0.0,"max_hp_loss":0.0,"gold_gain":0.0,"event_name":"Scrap Ooze","player_choice":"Success","floor":14.0,"gold_loss":0.0,"damage_taken":3.0,"relics_obtained":["Ancient Tea Set"]},{"damage_healed":0.0,"max_hp_gain":0.0,"max_hp_loss":0.0,"gold_gain":0.0,"cards_transformed":["bronze:Strike","bronze:Defend"],"event_name":"Drug Dealer","player_choice":"Became Test Subject","floor":31.0,"gold_loss":0.0,"damage_taken":0.0,"cards_obtained":["bronze:Iterate","bronze:Frontload"]}],"is_beta":false,"boss_relics":[{"not_picked":["Pandora\u0027s Box","Calling Bell"],"picked":"Velvet Choker"},{"not_picked":["Tiny House","Fusion Hammer"],"picked":"Runic Pyramid"}],"items_purged_floors":[4,39],"is_endless":false,"potions_floor_spawned":[2,8,10,11,15,20,25,28,30,32,40,42,44,49],"ascension_level":0}}