{"host":"emhkbx8w48tb1pjr","time":1611074902,"event":{"mods":["AchievementEnabler","BaseMod","Better Note","Colored Map","Colored Powertips","DeckTracker","Downfall","Googly Eyes","Hermit","Marisa????????","Minty Spire (QoL Compilation)","Quick Restart","Rare Cards Sparkle","StSLib","The Bug Knight","The Cursed","The Jungle","The Servant 0.9.4","everything is the same but u backflip on backflip"],"gold_per_floor":[109,109,59,5,5,40,40,74,99,99,109,126,144,213,213,316,316,316,316,18,18,18,18,18,18,18,18,18,18,18,18,18,18,18,18,18,18,18,18,18,18,0,0,0,0,0,0,0,0,0],"floor_reached":51,"language":"ENG","playtime":2893,"items_purged":[],"score":876,"play_id":"0750ce22-ba1c-49b3-9fb7-ca153c134622","local_time":"20210119174822","is_ascension_mode":false,"campfire_choices":[{"data":"Sunlight","floor":15,"key":"SMITH"},{"data":"SoulSculpture","floor":24,"key":"SMITH"},{"floor":32,"key":"REST"},{"data":"Starlight","floor":41,"key":"SMITH"},{"data":"GearUp","floor":44,"key":"SMITH"},{"data":"KidneyShot","floor":47,"key":"SMITH"},{"data":"BestPractice","floor":49,"key":"SMITH"}],"circlet_count":0,"master_deck":["Strike_S","Strike_S","Defend_S","Defend_S","Defend_S+1","Defend_S+1","KidneyShot+1","Exchange","SilverBlades","Rearm","Sunlight+1","Starlight+1","FastForward","BestPractice+1","Initiator+1","Sunlight+1","SoulSculpture+1","GearUp+1","TheCursedMod:NeowsMight+1","Contraction+1","MurderousAura","Barrier+1"],"relics":["Uniform","NeowsBlessing","InkBottle","StoneCalendar","MealTicket","Happy Flower","Sundial","Ectoplasm","Lizard Tail","Gremlin Horn","Regal Pillow","Gambling Chip","StoneMask","TungstenRod","Bottled Lightning","Juzu Bracelet","Red Mask","Shuriken","FossilizedHelix"],"acts_visited":["Exordium","TheCity","TheBeyond"],"potions_floor_usage":[11,12,23,25,29,50,50],"damage_taken":[{"damage":0,"enemies":"2 Louse","floor":1,"turns":1},{"damage":2,"enemies":"3 Sentries","floor":6,"turns":4},{"damage":0,"enemies":"Lagavulin","floor":8,"turns":1},{"damage":0,"enemies":"Small Slimes","floor":11,"turns":2},{"damage":3,"enemies":"Jaw Worm","floor":12,"turns":3},{"damage":7,"enemies":"Looter","floor":13,"turns":2},{"damage":14,"enemies":"Hexaghost","floor":16,"turns":7},{"damage":12,"enemies":"Shell Parasite","floor":18,"turns":3},{"damage":2,"enemies":"3 Byrds","floor":22,"turns":4},{"damage":9,"enemies":"Gremlin Leader","floor":23,"turns":4},{"damage":14,"enemies":"Snake Plant","floor":25,"turns":3},{"damage":3,"enemies":"Centurion and Healer","floor":27,"turns":4},{"damage":10,"enemies":"HollowMod:Nosk","floor":29,"turns":5},{"damage":0,"enemies":"Shelled Parasite and Fungi","floor":30,"turns":3},{"damage":0,"enemies":"Snake Plant","floor":31,"turns":3},{"damage":0,"enemies":"Automaton","floor":33,"turns":5},{"damage":4,"enemies":"Orb Walker","floor":35,"turns":3},{"damage":0,"enemies":"Mind Bloom Boss Battle","floor":37,"turns":4},{"damage":0,"enemies":"3 Darklings","floor":39,"turns":2},{"damage":16,"enemies":"Reptomancer","floor":40,"turns":4},{"damage":0,"enemies":"Sphere and 2 Shapes","floor":45,"turns":2},{"damage":0,"enemies":"Giant Head","floor":48,"turns":7},{"damage":2,"enemies":"Time Eater","floor":50,"turns":9}],"seed_played":"-8597598482455698672","potions_obtained":[{"floor":1,"key":"AttackPotion"},{"floor":11,"key":"Fruit Juice"},{"floor":12,"key":"Explosive Potion"},{"floor":23,"key":"Dexterity Potion"},{"floor":25,"key":"Regen Potion"},{"floor":27,"key":"Ancient Potion"},{"floor":31,"key":"Strength Potion"},{"floor":33,"key":"CultistPotion"},{"floor":48,"key":"Swift Potion"}],"is_trial":false,"path_per_floor":["M","?","?","$","?","E","$","E","T","?","M","M","M","T","R","B",null,"M","?","$","?","M","E","R","M","T","M","?","E","M","M","R","B",null,"M","?","?","T","M","E","R","?","T","R","M","?","R","E","R","B",null],"character_chosen":"THE_SERVANT","items_purchased":["Rearm","Lizard Tail"],"campfire_rested":1,"item_purchase_floors":[4,20],"current_hp_per_floor":[65,62,62,62,49,47,47,47,47,52,57,54,47,47,47,33,75,63,63,75,75,73,64,64,50,50,47,47,49,49,49,75,75,75,74,74,79,79,80,67,67,67,67,67,76,76,76,79,79,80],"gold":0,"neow_bonus":"THREE_ENEMY_KILL","is_daily":false,"chose_seed":false,"campfire_upgraded":6,"win_rate":0.0,"timestamp":1611074902,"path_taken":["M","?","?","$","?","E","$","E","T","?","M","M","M","?","R","BOSS","M","?","$","?","M","E","R","?","T","M","?","E","M","M","R","BOSS","M","?","?","?","?","E","R","?","T","R","M","?","R","E","R","BOSS"],"items_purchased_type":["Card","Relic"],"build_version":"2020-12-22","purchased_purges":0,"victory":true,"max_hp_per_floor":[65,65,65,65,65,65,65,65,65,70,75,75,75,75,75,75,75,75,75,75,75,75,75,75,75,75,75,75,75,75,75,75,75,75,76,76,79,79,80,81,81,81,81,81,84,84,84,85,85,86],"card_choices":[{"not_picked":["Misdirection","BottledTime"],"picked":"SilverBlades","floor":1},{"not_picked":["Replace","Alleviate"],"picked":"Sunlight","floor":6},{"not_picked":["Foresight","Rearm"],"picked":"Starlight","floor":8},{"not_picked":["ShatteredReality","Potential"],"picked":"FastForward","floor":11},{"not_picked":["Defy","MoonPhase","Unruled"],"picked":"SKIP","floor":12},{"not_picked":["BottledTime","Rewind"],"picked":"BestPractice","floor":13},{"not_picked":["PendulumOfEternity","Deny"],"picked":"Initiator","floor":16},{"not_picked":["Spin","ShatteredReality+1","BottledTime"],"picked":"SKIP","floor":18},{"not_picked":["FastForward","Alleviate","Potential"],"picked":"SKIP","floor":22},{"not_picked":["GearUp+1","SpecialFormula"],"picked":"SoulSculpture","floor":23},{"not_picked":["FastForward","Replace","BottledTime"],"picked":"SKIP","floor":25},{"not_picked":["Desolation","Spin"],"picked":"GearUp","floor":27},{"not_picked":["Unruled","Starlight","Revamp+1"],"picked":"SKIP","floor":29},{"not_picked":["Spin","Gouge+1","BottledTime"],"picked":"SKIP","floor":30},{"not_picked":["DoubleEdge","Starlight"],"picked":"Contraction+1","floor":31},{"not_picked":["Deny","Solidify"],"picked":"MurderousAura","floor":33},{"not_picked":["Replace+1","Potential+1","Defy+1"],"picked":"SKIP","floor":35},{"not_picked":["Potential","Rewind","DoubleEdge"],"picked":"SKIP","floor":39},{"not_picked":["Rearm+1","Replace+1","BottledTime"],"picked":"SKIP","floor":40},{"not_picked":["Desolation","Advance"],"picked":"Barrier+1","floor":45},{"not_picked":["Replace","BottledTime","Potential"],"picked":"SKIP","floor":48}],"player_experience":36366,"relics_obtained":[{"floor":6,"key":"StoneCalendar"},{"floor":8,"key":"MealTicket"},{"floor":9,"key":"Happy Flower"},{"floor":14,"key":"Sundial"},{"floor":23,"key":"Gremlin Horn"},{"floor":26,"key":"Regal Pillow"},{"floor":29,"key":"Gambling Chip"},{"floor":37,"key":"TungstenRod"},{"floor":38,"key":"Bottled Lightning"},{"floor":40,"key":"Juzu Bracelet"},{"floor":43,"key":"Shuriken"},{"floor":48,"key":"FossilizedHelix"}],"event_choices":[{"damage_healed":0,"gold_gain":0,"player_choice":"Success","damage_taken":3,"relics_obtained":["InkBottle"],"max_hp_gain":0,"max_hp_loss":0,"event_name":"Scrap Ooze","floor":2,"gold_loss":0},{"cards_removed":["Strike_S"],"damage_healed":0,"gold_gain":0,"player_choice":"Card Removal","damage_taken":0,"max_hp_gain":0,"max_hp_loss":0,"event_name":"The Cleric","floor":3,"gold_loss":50},{"damage_healed":0,"gold_gain":0,"player_choice":"Entered Light","damage_taken":13,"max_hp_gain":0,"max_hp_loss":0,"event_name":"Shining Light","floor":5,"gold_loss":0,"cards_upgraded":["Defend_S","Defend_S"]},{"damage_healed":0,"gold_gain":0,"player_choice":"Donut","damage_taken":0,"max_hp_gain":5,"max_hp_loss":0,"event_name":"Big Fish","floor":10,"gold_loss":0},{"damage_healed":0,"gold_gain":0,"player_choice":"Copied","damage_taken":0,"max_hp_gain":0,"max_hp_loss":0,"event_name":"Duplicator","floor":19,"gold_loss":0,"cards_obtained":["Sunlight"]},{"damage_healed":0,"gold_gain":0,"player_choice":"Forge","damage_taken":0,"max_hp_gain":0,"max_hp_loss":0,"event_name":"Accursed Blacksmith","floor":21,"gold_loss":0,"cards_upgraded":["Initiator"]},{"cards_removed":["SoulSculpture"],"damage_healed":0,"gold_gain":0,"player_choice":"Take \u0026 Give","damage_taken":0,"max_hp_gain":0,"max_hp_loss":0,"event_name":"betterNote:BetterNote","floor":28,"gold_loss":0,"cards_obtained":["TheCursedMod:NeowsMight"]},{"cards_removed":["Strike_S"],"damage_healed":0,"gold_gain":0,"player_choice":"Removed Attack","damage_taken":0,"max_hp_gain":0,"max_hp_loss":0,"event_name":"Falling","floor":36,"gold_loss":0},{"damage_healed":0,"gold_gain":0,"player_choice":"Fight","damage_taken":0,"max_hp_gain":0,"max_hp_loss":0,"event_name":"MindBloom","floor":37,"gold_loss":0},{"damage_healed":0,"gold_gain":0,"player_choice":"Paid","damage_taken":0,"relics_obtained":["Red Mask"],"max_hp_gain":0,"max_hp_loss":0,"event_name":"Tomb of Lord Red Mask","floor":42,"gold_loss":18},{"damage_healed":0,"gold_gain":0,"player_choice":"Memory 1","damage_taken":0,"max_hp_gain":0,"max_hp_loss":0,"event_name":"SensoryStone","floor":46,"gold_loss":0}],"is_beta":false,"boss_relics":[{"not_picked":["SlaversCollar","Snecko Eye"],"picked":"Ectoplasm"},{"not_picked":["Fusion Hammer","Calling Bell"],"picked":"StoneMask"}],"items_purged_floors":[],"is_endless":false,"potions_floor_spawned":[1,11,12,23,25,27,31,33,40,48],"ascension_level":0}}