{"host":"8d3fefv2347kqkpz","time":1611016063,"event":{"mods":["100% Spire Juice","AchievementEnabler","Act Like it!","Aspiration","BaseMod","Better Vampires","Colored Map","Colored Powertips","Conspire","GifTheSpireLib","Highlight Path","Mimic Mod","Minty Spire (QoL Compilation)","Quick Restart","Reimu£®≤©¿ˆ¡È√Œ£©","Relic Stats","Remilia£®¿Ÿ√◊¿Ú—«£©","Replay The Spire","Spicy Shops","StSLib","The Gatherer","The Jungle","The Senshi","The Servant 0.9.4","Waifu the Spire","vexMod"],"gold_per_floor":[114,133,143,157,55,55,111,111,151,162,182,182,38,50,50,151,151,121,155,254,254,9,9,9],"floor_reached":23,"language":"ZHS","playtime":859,"items_purged":["Strike_B","Shame","Strike_B"],"score":231,"play_id":"59dcd997-7e16-4dbd-9caa-1f055af46fd0","local_time":"20210119082743","is_ascension_mode":false,"campfire_choices":[{"floor":6.0,"key":"REST"},{"data":"Defragment","floor":8.0,"key":"SMITH"},{"data":"Redo","floor":15.0,"key":"SMITH"}],"circlet_count":0,"master_deck":["Strike_B","Strike_B","Defend_B","Defend_B","Defend_B","Zap","Dualcast","aspiration:Polymerization","Static Discharge","Capacitor","Defragment+1","Conserve Battery","Redo+1","ReplayTheSpireMod:Repulse+1","Time Bomb","ReplayRNGCard"],"relics":["Cracked Core","ReplayTheSpireMod:CursedCoin","Geode","MealTicket","Runic Capacitor","vexMod:BigBerry","Red Mask","Nilry\u0027s Codex","Membership Card"],"acts_visited":["Exordium","TheCity"],"potions_floor_usage":[],"damage_taken":[{"damage":4.0,"enemies":"Cultist","floor":1.0,"turns":4.0},{"damage":3.0,"enemies":"Jaw Worm","floor":2.0,"turns":4.0},{"damage":8.0,"enemies":"2 Louse","floor":3.0,"turns":2.0},{"damage":13.0,"enemies":"2 Fungi Beasts","floor":4.0,"turns":4.0},{"damage":0.0,"enemies":"Looter","floor":9.0,"turns":7.0},{"damage":0.0,"enemies":"Looter","floor":10.0,"turns":3.0},{"damage":6.0,"enemies":"3 Louse","floor":11.0,"turns":3.0},{"damage":7.0,"enemies":"2 Fungi Beasts","floor":14.0,"turns":3.0},{"damage":31.0,"enemies":"Fading Forest","floor":16.0,"turns":11.0},{"damage":15.0,"enemies":"2 Thieves","floor":18.0,"turns":2.0},{"damage":56.0,"enemies":"Masked Bandits","floor":19.0,"turns":4.0},{"damage":50,"enemies":"Gremlin Leader","floor":23,"turns":3}],"seed_played":"-3553304296664473759","potions_obtained":[{"floor":2.0,"key":"Elixir"},{"floor":3.0,"key":"ColorlessPotion"},{"floor":7.0,"key":"SmokeBomb"}],"is_trial":false,"path_per_floor":["M","M","M","M","$","R","?","R","MIM","M","M","?","$","M","R","B",null,"M","?","?","?","$","E"],"character_chosen":"DEFECT","items_purchased":["Capacitor","ReplayTheSpireMod:CursedCoin","Runic Capacitor","Membership Card","PowerPotion"],"campfire_rested":1,"item_purchase_floors":[5,5,13,22,22],"current_hp_per_floor":[64,61,53,40,40,66,66,66,66,66,60,60,75,68,68,63,119,104,48,48,32,47,0,0],"gold":9,"neow_bonus":"TWENTY_PERCENT_HP_BONUS","is_daily":false,"chose_seed":false,"campfire_upgraded":2,"win_rate":0.0,"timestamp":1611016063,"path_taken":["M","?","?","M","?","R","?","R","MIM","M","M","?","$","M","R","BOSS","M","?","?","?","$","E"],"items_purchased_type":["Card","Relic","Relic","Relic","Potion"],"build_version":"2020-12-22","purchased_purges":3,"victory":false,"max_hp_per_floor":[89,89,89,89,89,89,89,89,89,89,89,89,89,89,89,89,119,119,119,119,119,119,119,119],"relic_stats":{"counters":[12,50],"MealTicket":30,"obtain_stats":[{"ReplayTheSpireMod:CursedCoin":5,"Nilry\u0027s Codex":21,"MealTicket":9,"Geode":7,"Runic Capacitor":13,"Red Mask":19,"Membership Card":22,"Cracked Core":0,"vexMod:BigBerry":17},{"ReplayTheSpireMod:CursedCoin":4,"Nilry\u0027s Codex":11,"MealTicket":5,"Geode":4,"Runic Capacitor":7,"Red Mask":11,"Membership Card":11,"Cracked Core":0,"vexMod:BigBerry":9},{"ReplayTheSpireMod:CursedCoin":14,"Nilry\u0027s Codex":47,"MealTicket":21,"Geode":14,"Runic Capacitor":27,"Red Mask":47,"Membership Card":47,"Cracked Core":0,"vexMod:BigBerry":41}]},"card_choices":[{"not_picked":["Panic Button","Doom and Gloom","Turbo"],"picked":"SKIP","floor":1.0},{"not_picked":["Turbo","Self Repair"],"picked":"aspiration:Polymerization","floor":2.0},{"not_picked":["Beam Cell","Go for the Eyes","ReplayGash"],"picked":"SKIP","floor":3.0},{"not_picked":["Barrage","Ball Lightning"],"picked":"Static Discharge","floor":4.0},{"not_picked":["Hologram","Rainbow"],"picked":"Defragment","floor":7.0},{"not_picked":["Hologram","Steam"],"picked":"Conserve Battery","floor":9.0},{"not_picked":["Rebound","Steam Power","Coolheaded"],"picked":"SKIP","floor":10.0},{"not_picked":["Beam Cell","BasicCrystalCard"],"picked":"Redo","floor":11.0},{"not_picked":["Steam","Static Discharge"],"picked":"Time Bomb","floor":14.0},{"not_picked":["Hyperbeam","Thunder Strike"],"picked":"ReplayRNGCard","floor":16.0}],"player_experience":113817,"relics_obtained":[{"floor":7.0,"key":"Geode"},{"floor":9.0,"key":"MealTicket"},{"floor":19.0,"key":"Red Mask"},{"floor":21.0,"key":"Nilry\u0027s Codex"}],"event_choices":[{"damage_healed":0.0,"max_hp_gain":0.0,"max_hp_loss":0.0,"gold_gain":0.0,"event_name":"Masked Bandits","player_choice":"Fought Bandits","floor":19.0,"gold_loss":0.0,"damage_taken":0.0},{"damage_healed":0.0,"max_hp_gain":0.0,"max_hp_loss":0.0,"gold_gain":99.0,"event_name":"Nest","player_choice":"Stole From Cult","floor":20.0,"gold_loss":0.0,"damage_taken":0.0},{"damage_healed":0.0,"max_hp_gain":0.0,"max_hp_loss":0.0,"gold_gain":0.0,"event_name":"Cursed Tome","player_choice":"Obtained Book","floor":21.0,"gold_loss":0.0,"damage_taken":16.0}],"is_beta":false,"boss_relics":[{"not_picked":["vexMod:MysteryBossChallenge","aspiration:RitualDagger"],"picked":"vexMod:BigBerry"}],"items_purged_floors":[5,5,22],"is_endless":false,"potions_floor_spawned":[2,3,11,18],"killed_by":"Gremlin Leader","ascension_level":0}}