{"host":"pmmuxs046gii331m","time":1611086837,"event":{"mods":["AchievementEnabler","BaseMod","Colored Powertips","Downfall","Gold Saver","Minty Spire (QoL Compilation)","Permanent Neow","Quick Restart","StSLib"],"gold_per_floor":[99,117,27,42,42,492,516,531,531,531,547,573,573,337,349,444,444,444,463,474,474,474,474,474,474,489,489,507,507,507,507,521,618,618,618,628,643,655,710,722,771,788,455,455,67,79,4,14,32,32],"floor_reached":51,"language":"ENG","playtime":6426,"items_purged":["hexamod:Strike","Shame","hexamod:Defend","hexamod:Strike"],"score":826,"play_id":"e7ab1cd9-dca3-4a62-a1e6-b098b8981b5d","local_time":"20210119150717","is_ascension_mode":false,"campfire_choices":[{"data":"hexamod:Float","floor":1,"key":"SMITH"},{"data":"hexamod:SoulSteal","floor":10,"key":"SMITH"},{"data":"hexamod:FlamesFromBeyond","floor":13,"key":"SMITH"},{"data":"hexamod:RainOfEmbers","floor":18,"key":"SMITH"},{"data":"hexamod:VolcanoVisage","floor":25,"key":"SMITH"},{"data":"hexamod:Sear","floor":27,"key":"SMITH"},{"data":"hexamod:AdvancingGuard","floor":30,"key":"SMITH"},{"floor":35,"key":"RECALL"},{"floor":44,"key":"DIG"}],"circlet_count":0,"master_deck":["hexamod:Strike","hexamod:Defend+1","hexamod:Defend","hexamod:Sear+1","hexamod:Float+1","hexamod:PhantomFireball","hexamod:SoulSteal+1","hexamod:FlamesFromBeyond+1","hexamod:AdvancingGuard+1","hexamod:ExtraCrispy","hexamod:StepThrough","hexamod:RainOfEmbers+1","hexamod:CatchUp+1","hexamod:VolcanoVisage+1","hexamod:Hexaguard+1","hexamod:ShieldOfDarkness+1","hexamod:RadiantFlame+1","hexamod:HeatMetal+1","Parasite"],"relics":["hexamod:UnbrokenSoul","Strawberry","CaptainsWheel","Busted Crown","Shovel","FaceOfCleric","War Paint","Dead Branch","Anchor","Mercury Hourglass","Lee\u0027s Waffle"],"acts_visited":["Exordium","TheCity","TheBeyond"],"potions_floor_usage":[12,16,16,33,33,33,47,50,50,50],"damage_taken":[{"damage":7,"enemies":"2 Louse","floor":2,"turns":4},{"damage":0,"enemies":"downfall:FleeingMerchant","floor":3,"turns":4},{"damage":0,"enemies":"Small Slimes","floor":4,"turns":2},{"damage":0,"enemies":"Cultist","floor":8,"turns":4},{"damage":0,"enemies":"Exordium Thugs","floor":11,"turns":3},{"damage":21,"enemies":"Gremlin Nob","floor":12,"turns":4},{"damage":5,"enemies":"downfall:FleeingMerchant","floor":14,"turns":4},{"damage":9,"enemies":"Red Slaver","floor":15,"turns":3},{"damage":11,"enemies":"IC_STATUS_ARCHETYPE","floor":16,"turns":5},{"damage":5,"enemies":"Chosen","floor":19,"turns":3},{"damage":0,"enemies":"Spheric Guardian","floor":20,"turns":4},{"damage":15,"enemies":"Centurion and Healer","floor":26,"turns":3},{"damage":6,"enemies":"Snecko","floor":28,"turns":3},{"damage":0,"enemies":"Snake Plant","floor":32,"turns":4},{"damage":38,"enemies":"SI_MIRROR_ARCHETYPE","floor":33,"turns":10},{"damage":2,"enemies":"Orb Walker","floor":36,"turns":4},{"damage":11,"enemies":"3 Shapes","floor":37,"turns":3},{"damage":10,"enemies":"Jaw Worm Horde","floor":38,"turns":3},{"damage":43,"enemies":"2 Orb Walkers","floor":39,"turns":4},{"damage":0,"enemies":"3 Darklings","floor":40,"turns":2},{"damage":9,"enemies":"Sphere and 2 Shapes","floor":42,"turns":3},{"damage":0,"enemies":"downfall:FleeingMerchant","floor":45,"turns":4},{"damage":20,"enemies":"Maw","floor":46,"turns":6},{"damage":4,"enemies":"downfall:FleeingMerchant","floor":47,"turns":4},{"damage":0,"enemies":"Writhing Mass","floor":48,"turns":4},{"damage":10,"enemies":"4 Shapes","floor":49,"turns":3},{"damage":79,"enemies":"DF_ARCHETYPE_ORBS","floor":50,"turns":9}],"seed_played":"-2906127793711087531","potions_obtained":[{"floor":2,"key":"hexamod:InfernoChargePotion"},{"floor":8,"key":"Fire Potion"},{"floor":15,"key":"LiquidMemories"},{"floor":16,"key":"sneckomod:MuddlingPotion"},{"floor":19,"key":"EssenceOfSteel"},{"floor":20,"key":"FearPotion"},{"floor":26,"key":"champ:CounterPotion"},{"floor":29,"key":"CultistPotion"},{"floor":36,"key":"FearPotion"},{"floor":46,"key":"ColorlessPotion"},{"floor":48,"key":"hexamod:SoulburnPotion"}],"is_trial":false,"path_per_floor":["R","M","$","M","?","?","T","M","?","R","M","E","R","$","M","B",null,"R","M","M","?","?","?","T","R","M","R","M","?","R","?","M","B",null,"R","M","M","M","?","M","T","M","?","R","$","M","$","M","M","B",null],"character_chosen":"THE_SPIRIT","items_purchased":["hexamod:StepThrough","hexamod:RainOfEmbers","Mercury Hourglass","Lee\u0027s Waffle","Regen Potion","Dexterity Potion"],"campfire_rested":0,"item_purchase_floors":[14,14,45,47,47,47],"current_hp_per_floor":[63,56,56,56,56,56,63,63,63,63,63,42,42,37,28,17,70,70,65,65,65,65,65,65,65,51,51,46,46,46,46,47,10,74,74,73,63,54,12,13,13,5,90,90,91,72,100,101,92,29],"gold":32,"neow_bonus":"REMOVE_TWO","is_daily":false,"chose_seed":false,"campfire_upgraded":7,"win_rate":0.0,"timestamp":1611086837,"path_taken":["R","M","$","M","?","?","T","M","?","R","?","E","R","?","M","BOSS","R","M","M","?","?","?","T","R","?","R","M","?","R","?","M","BOSS","R","M","M","M","?","M","T","M","?","R","$","M","?","?","M","BOSS"],"items_purchased_type":["Card","Card","Relic","Relic","Potion","Potion"],"build_version":"2020-12-22","purchased_purges":4,"victory":true,"max_hp_per_floor":[63,63,63,63,63,63,70,70,70,70,70,70,70,70,70,70,70,70,70,70,70,70,70,70,70,71,71,72,72,72,72,73,74,74,74,75,76,77,78,79,79,80,90,90,91,92,100,101,102,103],"card_choices":[{"not_picked":["hexamod:EmpoweredFlame","hexamod:FlamesFromBeyond"],"picked":"hexamod:PhantomFireball","floor":2},{"not_picked":["hexamod:Again","hexamod:GhostLash","hexamod:NightmareGuise"],"picked":"SKIP","floor":3},{"not_picked":["hexamod:ThermalTransfer","hexamod:BurningTouch"],"picked":"hexamod:SoulSteal","floor":4},{"not_picked":["hexamod:SwordOfDarkness","hexamod:BurningTouch"],"picked":"hexamod:FlamesFromBeyond","floor":8},{"not_picked":["hexamod:GhostLash","hexamod:FastForward","hexamod:FlameSwitch"],"picked":"SKIP","floor":11},{"not_picked":["hexamod:GhostOfSpirePast","hexamod:FastForward"],"picked":"hexamod:AdvancingGuard","floor":12},{"not_picked":["hexamod:NightmareGuise","hexamod:GhostflameBarrier"],"picked":"hexamod:ExtraCrispy","floor":14},{"not_picked":["hexamod:HeatCrush","hexamod:Hexaguard"],"picked":"hexamod:CatchUp","floor":15},{"not_picked":["hexamod:GiftsFromTheDead","hexamod:SixthSeal"],"picked":"hexamod:VolcanoVisage","floor":16},{"not_picked":[],"picked":"hexamod:Hexaguard+1","floor":19},{"not_picked":["hexamod:GhostLash"],"picked":"SKIP","floor":20},{"not_picked":["hexamod:AdvancingGuard"],"picked":"SKIP","floor":26},{"not_picked":[],"picked":"hexamod:ShieldOfDarkness+1","floor":28},{"not_picked":["hexamod:Hexaguard"],"picked":"SKIP","floor":32},{"not_picked":["hexamod:GhostLash"],"picked":"SKIP","floor":36},{"not_picked":[],"picked":"hexamod:RadiantFlame+1","floor":37},{"not_picked":["hexamod:EtherealExpedition+1"],"picked":"SKIP","floor":38},{"not_picked":["hexamod:Rewind+1"],"picked":"SKIP","floor":40},{"not_picked":["hexamod:InspiringFlames+1"],"picked":"SKIP","floor":42},{"not_picked":[],"picked":"hexamod:HeatMetal+1","floor":45},{"not_picked":["hexamod:HeatMetal"],"picked":"SKIP","floor":46},{"not_picked":["hexamod:FastForward"],"picked":"SKIP","floor":47},{"not_picked":["hexamod:PowerFromBeyond+1"],"picked":"SKIP","floor":48},{"not_picked":["hexamod:FourthSeal"],"picked":"SKIP","floor":49}],"player_experience":339740,"relics_obtained":[{"floor":7,"key":"Strawberry"},{"floor":12,"key":"CaptainsWheel"},{"floor":24,"key":"War Paint"},{"floor":39,"key":"Dead Branch"},{"floor":44,"key":"Anchor"}],"event_choices":[{"damage_healed":0,"gold_gain":0,"player_choice":"Ignored","damage_taken":0,"max_hp_gain":0,"max_hp_loss":0,"event_name":"Vampires","floor":21,"gold_loss":0},{"damage_healed":0,"gold_gain":0,"player_choice":"Trade","damage_taken":0,"relics_obtained":["FaceOfCleric"],"max_hp_gain":0,"max_hp_loss":0,"event_name":"FaceTrader","floor":23,"gold_loss":0},{"damage_healed":0,"gold_gain":0,"player_choice":"Fight","damage_taken":0,"max_hp_gain":0,"max_hp_loss":0,"event_name":"Mysterious Sphere","floor":39,"gold_loss":0}],"is_beta":false,"boss_relics":[{"not_picked":["Coffee Dripper","Calling Bell"],"picked":"Busted Crown"},{"not_picked":["Velvet Choker","Runic Pyramid"],"picked":"hexamod:UnbrokenSoul"}],"items_purged_floors":[3,14,45,47],"is_endless":false,"potions_floor_spawned":[2,8,15,16,19,20,26,28,36,46,48],"ascension_level":0}}