{"host":"xzukajja6sl452e9","time":1611088287,"event":{"mods":["BaseMod","Colored Powertips","Minty Spire (QoL Compilation)","Rare Cards Sparkle","Relic Stats"],"gold_per_floor":[118,133,133,149,161,196,196,0,77,252,284,359,388,162,162,267,267,287,304,58,68,68,96,96,96,145,95,126,36,64,98,98,197,197,207,207,257,276,294,294,326,326,377,391,44,44,44,60,60,60],"floor_reached":51,"language":"ENG","playtime":13849,"items_purged":["Strike_R","Strike_R"],"score":963,"play_id":"74462a9a-7f27-4a6a-86cd-81933c39a7cd","local_time":"20210119153127","is_ascension_mode":true,"campfire_choices":[{"data":"Warcry","floor":7,"key":"SMITH"},{"data":"Fire Breathing","floor":15,"key":"SMITH"},{"data":"Ghostly","floor":24,"key":"SMITH"},{"data":"Ghostly","floor":25,"key":"SMITH"},{"data":"Armaments","floor":32,"key":"SMITH"},{"data":"Barricade","floor":40,"key":"SMITH"},{"data":"Fire Breathing","floor":42,"key":"SMITH"},{"data":"Ghostly","floor":47,"key":"SMITH"},{"data":"Ghostly","floor":49,"key":"SMITH"}],"circlet_count":0,"master_deck":["Strike_R","Strike_R","Defend_R","Defend_R","Defend_R","Bash","Pommel Strike","Immolate+1","Warcry+1","Reckless Charge","Evolve","Shrug It Off","Doubt","Barricade+1","Reaper","Fire Breathing+1","Reaper","Pummel+1","Power Through+1","Ghostly+1","Ghostly+1","Ghostly+1","Ghostly+1","Ghostly+1","Armaments+1","Fire Breathing+1","Seeing Red+1","Double Tap","Demon Form","Wild Strike","Spot Weakness+1","Exhume","Bandage Up","Fire Breathing+1"],"relics":["Burning Blood","Unceasing Top","HornCleat","Art of War","Vajra","Pen Nib","Mark of Pain","Bottled Tornado","WingedGreaves","PreservedInsect","White Beast Statue","Kunai","Regal Pillow","Runic Cube","Mummified Hand","Champion Belt","Shuriken","Toy Ornithopter","DollysMirror"],"acts_visited":["Exordium","TheCity","TheBeyond"],"potions_floor_usage":[5,6,11,21,30,31,35,39,41,48,50,50],"damage_taken":[{"damage":1,"enemies":"Cultist","floor":1,"turns":4},{"damage":7,"enemies":"2 Louse","floor":2,"turns":3},{"damage":0,"enemies":"Small Slimes","floor":4,"turns":2},{"damage":3,"enemies":"Blue Slaver","floor":5,"turns":3},{"damage":0,"enemies":"3 Sentries","floor":6,"turns":2},{"damage":8,"enemies":"Lagavulin","floor":11,"turns":5},{"damage":12,"enemies":"3 Sentries","floor":13,"turns":5},{"damage":43,"enemies":"Hexaghost","floor":16,"turns":8},{"damage":16,"enemies":"Chosen","floor":18,"turns":4},{"damage":6,"enemies":"Spheric Guardian","floor":19,"turns":4},{"damage":37,"enemies":"Snecko","floor":21,"turns":5},{"damage":3,"enemies":"Book of Stabbing","floor":23,"turns":6},{"damage":0,"enemies":"Slavers","floor":28,"turns":5},{"damage":2,"enemies":"Book of Stabbing","floor":30,"turns":6},{"damage":0,"enemies":"Slavers","floor":31,"turns":4},{"damage":13,"enemies":"Automaton","floor":33,"turns":9},{"damage":17,"enemies":"Orb Walker","floor":35,"turns":4},{"damage":0,"enemies":"Mind Bloom Boss Battle","floor":37,"turns":5},{"damage":2,"enemies":"3 Shapes","floor":38,"turns":7},{"damage":4,"enemies":"Sphere and 2 Shapes","floor":39,"turns":6},{"damage":8,"enemies":"Nemesis","floor":41,"turns":7},{"damage":1,"enemies":"Transient","floor":44,"turns":5},{"damage":10,"enemies":"Spire Growth","floor":48,"turns":5},{"damage":34,"enemies":"Time Eater","floor":50,"turns":9}],"seed_played":"-271476533284204714","potions_obtained":[{"floor":0,"key":"SmokeBomb"},{"floor":0,"key":"CultistPotion"},{"floor":0,"key":"SpeedPotion"},{"floor":5,"key":"Fire Potion"},{"floor":11,"key":"Strength Potion"},{"floor":16,"key":"Regen Potion"},{"floor":28,"key":"Block Potion"},{"floor":30,"key":"SkillPotion"},{"floor":31,"key":"SpeedPotion"},{"floor":33,"key":"SkillPotion"},{"floor":35,"key":"SpeedPotion"},{"floor":39,"key":"AttackPotion"},{"floor":41,"key":"SpeedPotion"},{"floor":44,"key":"Explosive Potion"},{"floor":48,"key":"Strength Potion"}],"is_trial":false,"path_per_floor":["M","M","?","M","M","E","R","$","T","?","E","?","E","$","R","B",null,"M","M","$","M","?","E","R","R","T","$","E","?","E","E","R","B",null,"M","T","?","M","M","R","E","R","T","M","$","?","R","M","R","B",null],"character_chosen":"IRONCLAD","items_purchased":["Evolve","Shrug It Off","Fire Breathing","Pen Nib","Bottled Tornado","Armaments","Bandage Up","DollysMirror"],"campfire_rested":0,"item_purchase_floors":[8,8,14,14,20,27,45,45],"current_hp_per_floor":[80,79,63,69,72,78,78,78,78,78,76,65,59,59,59,27,80,70,70,70,44,40,40,40,40,40,40,40,40,40,40,40,39,40,29,29,40,40,40,40,40,40,40,40,40,40,40,40,40,26],"gold":60,"neow_bonus":"THREE_SMALL_POTIONS","is_daily":false,"chose_seed":false,"campfire_upgraded":9,"win_rate":0.0,"timestamp":1611088287,"path_taken":["M","M","?","M","M","E","R","$","T","?","E","?","E","?","R","BOSS","M","M","$","M","?","E","R","R","T","$","E","?","E","E","R","BOSS","M","?","?","M","M","R","E","R","T","M","$","?","R","M","R","BOSS"],"items_purchased_type":["Card","Card","Card","Relic","Relic","Card","Card","Relic"],"build_version":"2020-12-22","purchased_purges":2,"victory":true,"max_hp_per_floor":[80,80,80,80,80,80,80,80,80,80,80,80,80,80,80,80,80,80,80,80,80,40,40,40,40,40,40,40,40,40,40,40,40,40,40,40,40,40,40,40,40,40,40,40,40,40,40,40,40,40],"relic_stats":{"Regal Pillow":0,"counters":[24,123],"Pen Nib":[12],"PreservedInsect":166,"Burning Blood":90,"Mummified Hand":[32],"Shuriken":[3],"Art of War":[16],"Kunai":[9],"Champion Belt":[2],"obtain_stats":[{"Regal Pillow":31,"Vajra":13,"Pen Nib":14,"PreservedInsect":26,"Bottled Tornado":20,"Burning Blood":0,"White Beast Statue":28,"HornCleat":9,"Mummified Hand":36,"Shuriken":41,"DollysMirror":45,"Mark of Pain":17,"WingedGreaves":23,"Art of War":11,"Kunai":30,"Champion Belt":37,"Unceasing Top":6,"Toy Ornithopter":43,"Runic Cube":34},{"Regal Pillow":15,"Vajra":7,"Pen Nib":7,"PreservedInsect":12,"Bottled Tornado":10,"Burning Blood":0,"White Beast Statue":13,"HornCleat":5,"Mummified Hand":17,"Shuriken":21,"DollysMirror":22,"Mark of Pain":8,"WingedGreaves":12,"Art of War":6,"Kunai":14,"Champion Belt":18,"Unceasing Top":5,"Toy Ornithopter":21,"Runic Cube":16},{"Regal Pillow":66,"Vajra":24,"Pen Nib":24,"PreservedInsect":51,"Bottled Tornado":40,"Burning Blood":0,"White Beast Statue":56,"HornCleat":14,"Mummified Hand":79,"Shuriken":104,"DollysMirror":109,"Mark of Pain":32,"WingedGreaves":51,"Art of War":19,"Kunai":62,"Champion Belt":84,"Unceasing Top":14,"Toy Ornithopter":104,"Runic Cube":75}],"Unceasing Top":[11],"Toy Ornithopter":8,"Runic Cube":[16]},"card_choices":[{"not_picked":["Dark Embrace","Headbutt"],"picked":"Pommel Strike","floor":1},{"not_picked":["Blood for Blood","Clothesline"],"picked":"Immolate","floor":2},{"not_picked":["Clothesline","Pommel Strike"],"picked":"Warcry","floor":4},{"not_picked":["Flex","Anger"],"picked":"Reckless Charge","floor":5},{"not_picked":["Blood for Blood","Sword Boomerang","Body Slam"],"picked":"SKIP","floor":6},{"not_picked":["Metallicize","Havoc"],"picked":"Barricade","floor":11},{"not_picked":["Inflame","Dual Wield"],"picked":"Reaper","floor":13},{"not_picked":["Barricade","Juggernaut"],"picked":"Reaper","floor":16},{"not_picked":["Rage+1","Thunderclap"],"picked":"Pummel+1","floor":18},{"not_picked":["Anger+1","Havoc+1"],"picked":"Power Through+1","floor":19},{"not_picked":["Rupture","Clothesline","Evolve"],"picked":"SKIP","floor":21},{"not_picked":["Carnage+1","Shockwave","Heavy Blade+1"],"picked":"SKIP","floor":23},{"not_picked":["Perfected Strike","Burning Pact+1"],"picked":"Fire Breathing","floor":28},{"not_picked":["Headbutt","Clash+1"],"picked":"Seeing Red+1","floor":30},{"not_picked":["Rampage","True Grit+1"],"picked":"Double Tap","floor":31},{"not_picked":["Barricade","Bludgeon"],"picked":"Demon Form","floor":33},{"not_picked":["Shockwave+1","Rampage+1"],"picked":"Wild Strike","floor":35},{"not_picked":["Feel No Pain","Metallicize"],"picked":"Spot Weakness+1","floor":38},{"not_picked":["Pommel Strike+1","Shockwave","Sentinel"],"picked":"SKIP","floor":39},{"not_picked":["Second Wind+1","Pommel Strike+1"],"picked":"Exhume","floor":41},{"not_picked":["Twin Strike","Uppercut+1","Havoc"],"picked":"SKIP","floor":44},{"not_picked":["Headbutt","Cleave","Clothesline+1"],"picked":"SKIP","floor":48}],"player_experience":550286,"relics_obtained":[{"floor":6,"key":"Unceasing Top"},{"floor":9,"key":"HornCleat"},{"floor":11,"key":"Art of War"},{"floor":13,"key":"Vajra"},{"floor":23,"key":"WingedGreaves"},{"floor":26,"key":"PreservedInsect"},{"floor":28,"key":"White Beast Statue"},{"floor":30,"key":"Kunai"},{"floor":31,"key":"Regal Pillow"},{"floor":36,"key":"Mummified Hand"},{"floor":37,"key":"Champion Belt"},{"floor":41,"key":"Shuriken"},{"floor":43,"key":"Toy Ornithopter"}],"event_choices":[{"damage_healed":0,"gold_gain":0,"player_choice":"Entered Light","damage_taken":16,"max_hp_gain":0,"max_hp_loss":0,"event_name":"Shining Light","floor":3,"gold_loss":0,"cards_upgraded":["Immolate","Strike_R"]},{"damage_healed":0,"gold_gain":175,"player_choice":"AGREE","damage_taken":0,"max_hp_gain":0,"max_hp_loss":0,"event_name":"Liars Game","floor":10,"gold_loss":0,"cards_obtained":["Doubt"]},{"damage_healed":0,"gold_gain":75,"player_choice":"Gather Gold","damage_taken":11,"max_hp_gain":0,"max_hp_loss":0,"event_name":"World of Goop","floor":12,"gold_loss":0},{"damage_healed":0,"gold_gain":0,"player_choice":"Became a Ghost","damage_taken":0,"max_hp_gain":0,"max_hp_loss":40,"event_name":"Ghosts","floor":22,"gold_loss":0,"cards_obtained":["Ghostly","Ghostly","Ghostly","Ghostly","Ghostly"]},{"cards_removed":["Defend_R"],"damage_healed":0,"gold_gain":0,"player_choice":"Upgrade and Remove","damage_taken":0,"max_hp_gain":0,"max_hp_loss":0,"event_name":"Designer","floor":29,"gold_loss":90,"cards_upgraded":["Ghostly"]},{"damage_healed":0,"gold_gain":0,"player_choice":"Fight","damage_taken":0,"max_hp_gain":0,"max_hp_loss":0,"event_name":"MindBloom","floor":37,"gold_loss":0},{"cards_removed":["Strike_R"],"damage_healed":0,"gold_gain":0,"player_choice":"Removed Attack","damage_taken":0,"max_hp_gain":0,"max_hp_loss":0,"event_name":"Falling","floor":46,"gold_loss":0}],"is_beta":false,"boss_relics":[{"not_picked":["Pandora\u0027s Box","Sozu"],"picked":"Mark of Pain"},{"not_picked":["SlaversCollar","Philosopher\u0027s Stone"],"picked":"Runic Cube"}],"items_purged_floors":[8,45],"is_endless":false,"potions_floor_spawned":[5,11,16,19,28,30,31,33,35,37,38,39,41,44,48],"ascension_level":3}}