{"host":"x7btokbb0w2jhl7e","time":1611048484,"event":{"mods":["ATMod(°¢èªMod)","Act Like it!","BaseMod","Gensokyo","Marisa£¨ìFÓê¡¡Ä§ÀíÉ³£©","Minty Spire (QoL Compilation)","Quick Restart","StSLib"],"gold_per_floor":[112,5,5,47,83,337,337,337,361,398,38,88,88,129,129,256,256,301,551,592,492,536,600,600,961,961,491,371,428,428,751,751,1454,1454,1555,1495,1218,489,489,814,1144,1191,1191,1191,947,1341,1092,1144,1144,2356,2356,2356,1896,2123,2713],"floor_reached":56,"language":"ZHS","playtime":3435,"items_purged":["Strike_MRS","Strike_MRS","UpSweep","WitchOfGreed+1","Defend_MRS+1","Defend_MRS+1","InnerPeace+1"],"score":1884,"play_id":"f03a1a8d-ac79-4f3f-b894-737e1d9265f1","local_time":"20210119172804","is_ascension_mode":true,"campfire_choices":[{"floor":8.0,"key":"REST"},{"data":"EnergyFlow","floor":13.0,"key":"SMITH"},{"data":"ChargeUpSpray","floor":15.0,"key":"SMITH"},{"data":"MagicChant","floor":24.0,"key":"SMITH"},{"data":"MagicAbsorber","floor":32.0,"key":"SMITH"},{"floor":44.0,"key":"RECALL"},{"data":"Backflip","floor":49,"key":"SMITH"}],"circlet_count":0,"master_deck":["AT_ShrugMaster+1","MilkyWay+1","ManaConvection+1","ChargeUpSpray+1","EnergyFlow+1","MagicAbsorber+1","UltimateShortwave+1","GalacticHalo+1","MagicChant+1","Robbery+1","SprinkleStarSeal+1","Parasite","Parasite","Gensokyo:CustomPotion","Malaise+1","Master of Strategy+1","Backflip+1","Master of Strategy+1"],"relics":["MiniHakkero","AT_ATBox","Thread and Needle","Happy Flower","Prayer Wheel","AT_SilvercatRing","HornCleat","Coffee Dripper","Matryoshka","Letter Opener","Orichalcum","Torii","Membership Card","Anchor","Ornamental Fan","Gensokyo:FoxMask","AT_EbonyIvory","MealTicket","ShroomBag","PreservedInsect","Empty Cage","Chemical X","Eternal Feather","SimpleLauncher","ClockworkSouvenir","TheAbacus","PrismaticShard","Oddly Smooth Stone","Blood Vial","White Beast Statue","Molten Egg 2","HandDrill","DollysMirror","Juzu Bracelet","Medical Kit","AT_DeathDance","Turnip","CaptainsWheel"],"acts_visited":["Gensokyo:Gensokyo","Gensokyo:Gensokyoer","Gensokyo:Gensokyoest","TheEnding"],"potions_floor_usage":[55],"damage_taken":[{"damage":0.0,"enemies":"Gensokyo:2_Kodama","floor":1.0,"turns":4.0},{"damage":5.0,"enemies":"Gensokyo:Gryphon","floor":4.0,"turns":5.0},{"damage":3.0,"enemies":"Gensokyo:3_Fairies","floor":5.0,"turns":6.0},{"damage":3.0,"enemies":"Gensokyo:Aya","floor":6.0,"turns":6.0},{"damage":0.0,"enemies":"Gensokyo:LivingMonolith","floor":10.0,"turns":3.0},{"damage":0.0,"enemies":"Gensokyo:Mamizou","floor":12.0,"turns":8.0},{"damage":0.0,"enemies":"Gensokyo:Gryphon_and_Rabbit","floor":14.0,"turns":4.0},{"damage":1.0,"enemies":"Gensokyo:Reimu","floor":16.0,"turns":6.0},{"damage":0.0,"enemies":"Gensokyo:CosmicMonolith","floor":18.0,"turns":3.0},{"damage":0.0,"enemies":"Gensokyo:Chomper","floor":20.0,"turns":3.0},{"damage":0.0,"enemies":"Gensokyo:Slime_Group","floor":22.0,"turns":4.0},{"damage":3.0,"enemies":"Gensokyo:Koishi","floor":23.0,"turns":5.0},{"damage":5.0,"enemies":"Gensokyo:Tenshi","floor":25.0,"turns":4.0},{"damage":0.0,"enemies":"Gensokyo:Reisen","floor":29.0,"turns":4.0},{"damage":0.0,"enemies":"Gensokyo:Koishi","floor":31.0,"turns":4.0},{"damage":0.0,"enemies":"Gensokyo:Eternal_Rivals","floor":33.0,"turns":5.0},{"damage":1.0,"enemies":"Gensokyo:3_Boulders","floor":35.0,"turns":4.0},{"damage":0.0,"enemies":"Gensokyo:Marisa","floor":40.0,"turns":4.0},{"damage":0.0,"enemies":"Gensokyo:3_Bats","floor":41.0,"turns":4.0},{"damage":0.0,"enemies":"Gensokyo:Kasen","floor":42.0,"turns":3.0},{"damage":0.0,"enemies":"Gensokyo:Rafflesia","floor":46.0,"turns":5.0},{"damage":0,"enemies":"Gensokyo:4_Bats","floor":48,"turns":2},{"damage":0,"enemies":"Gensokyo:Scarlet_Devils","floor":50,"turns":3},{"damage":0,"enemies":"Shield and Spear","floor":54,"turns":2},{"damage":0,"enemies":"The Heart","floor":55,"turns":3}],"seed_played":"-2537822558840327875","potions_obtained":[{"floor":4.0,"key":"LiquidMemories"},{"floor":4.0,"key":"SteroidPotion"},{"floor":5.0,"key":"Block Potion"},{"floor":10.0,"key":"EntropicBrew"},{"floor":16.0,"key":"FairyPotion"},{"floor":25.0,"key":"Strength Potion"},{"floor":31.0,"key":"AttackPotion"},{"floor":33.0,"key":"Block Potion"},{"floor":48,"key":"DistilledChaos"},{"floor":54,"key":"Energy Potion"}],"is_trial":false,"path_per_floor":["M","COS","?","M","M","E","?","R","T","M","$","E","R","M","R","B",null,"M","?","M","$","M","E","R","E","T","$","?","E","T","E","R","B",null,"M","?","$","COS","?","E","M","E","T","R","$","M","$","M","R","B",null,"R","$","E","B",null],"character_chosen":"MARISA","items_purchased":["AT_SilvercatRing","EnergyFlow","Membership Card","Anchor","Ornamental Fan","Fruit Juice","Chemical X","Eternal Feather","Master of Strategy","HandDrill","DollysMirror","Juzu Bracelet","Medical Kit","AT_DeathDance","Turnip"],"campfire_rested":1,"item_purchase_floors":[11,11,27,27,27,27,37,37,45,45,47,47,53,53,53],"current_hp_per_floor":[54,54,54,49,46,43,13,35,35,35,35,35,35,35,35,34,75,75,71,71,71,71,68,68,63,63,68,68,68,68,72,72,76,76,75,75,76,76,76,76,76,76,76,76,76,76,76,76,76,76,76,76,76,76,76],"gold":2713,"neow_bonus":"ONE_RARE_RELIC","is_daily":false,"chose_seed":false,"campfire_upgraded":5,"win_rate":0.0,"timestamp":1611048484,"path_taken":["M","COS","?","?","M","E","?","R","T","M","$","E","R","M","R","BOSS","M","?","M","$","?","E","R","E","T","$","?","E","?","E","R","BOSS","M","?","?","COS","?","E","M","E","T","R","$","?","?","M","R","BOSS","R","$","E","BOSS"],"items_purchased_type":["Relic","Card","Relic","Relic","Relic","Potion","Relic","Relic","Card","Relic","Relic","Relic","Relic","Relic","Relic"],"build_version":"2020-12-22","purchased_purges":7,"victory":true,"max_hp_per_floor":[75,75,75,75,75,75,75,75,75,75,75,75,75,75,75,75,75,75,71,71,71,71,71,71,71,71,76,76,76,76,76,76,76,76,76,76,76,76,76,76,76,76,76,76,76,76,76,76,76,76,76,76,76,76,76],"card_choices":[{"not_picked":["MagicChant","WitchLeyline"],"picked":"WitchOfGreed","floor":1.0},{"not_picked":["IllusionStar","GravityBeat","PowerUp"],"picked":"SKIP","floor":4.0},{"not_picked":["MeteoricShower","SuperPerseids"],"picked":"MilkyWay","floor":5.0},{"not_picked":["FairyDestructionRay","DoubleSpark"],"picked":"ManaConvection","floor":6.0},{"not_picked":["Orbital","LuminesStrike"],"picked":"ChargeUpSpray","floor":10.0},{"not_picked":["DoubleSpark","FinalSpark","MachineGunSpark"],"picked":"SKIP","floor":10.0},{"not_picked":["DoubleSpark","FinalSpark","MachineGunSpark"],"picked":"SKIP","floor":10.0},{"not_picked":["GasGiant","SporeBomb"],"picked":"MagicAbsorber","floor":12.0},{"not_picked":["LuminesStrike","DoubleSpark","SporeBomb"],"picked":"SKIP","floor":14.0},{"not_picked":["OneTimeOff","LuminesStrike","DC"],"picked":"SKIP","floor":14.0},{"not_picked":["FinalSpark","MaximisePower"],"picked":"UltimateShortwave","floor":16.0},{"not_picked":["MachineGunSpark","6A","AsteroidBelt+1"],"picked":"SKIP","floor":18.0},{"not_picked":["UnstableBomb","DC+1","DeepEcoloBomb+1"],"picked":"SKIP","floor":18.0},{"not_picked":["MysteriousBeam","ChargeUpSpray"],"picked":"GalacticHalo+1","floor":20.0},{"not_picked":["DragonMeteor","NonDirectionalLaser+1","DoubleSpark"],"picked":"SKIP","floor":20.0},{"not_picked":["PowerUp","ShootTheMoon+1"],"picked":"MagicChant","floor":22.0},{"not_picked":["ShootingEcho","DeepEcoloBomb+1"],"picked":"Robbery","floor":22.0},{"not_picked":["EnergyFlow","IllusionStar+1","DoubleSpark"],"picked":"SKIP","floor":23.0},{"not_picked":["ShootingEcho","ManaRampage","ShootTheMoon"],"picked":"SKIP","floor":25.0},{"not_picked":["LuminesStrike","Singularity+1"],"picked":"SprinkleStarSeal+1","floor":29.0},{"not_picked":["StarDustReverie","SprinkleStarSeal","EventHorizon"],"picked":"SKIP","floor":31.0},{"not_picked":["StarlightTyphoon+1","IllusionStar","UnstableBomb+1"],"picked":"SKIP","floor":35.0},{"not_picked":["PowerUp","StarlightTyphoon","6A"],"picked":"SKIP","floor":35.0},{"not_picked":["Glass Knife+1","Backstab+1"],"picked":"InnerPeace+1","floor":40.0},{"not_picked":["Blade Dance+1","Conserve Battery","Pray+1"],"picked":"SKIP","floor":40.0},{"not_picked":["EscapeVelocity","BinaryStars","JA"],"picked":"SKIP","floor":41.0},{"not_picked":["JustLucky","PowerUp","Coolheaded"],"picked":"SKIP","floor":41.0},{"not_picked":["Fire Breathing","MysteriousBeam+1","Power Through+1"],"picked":"SKIP","floor":41.0},{"not_picked":["BowlingBash+1","Prepared+1"],"picked":"Malaise","floor":42.0},{"not_picked":["Gensokyo:BrilliantDragonBullet+1","Heel Hook+1"],"picked":"Backflip","floor":46},{"not_picked":["AsteroidBelt+1","Outmaneuver","Clash+1"],"picked":"SKIP","floor":46},{"not_picked":["Reprogram","Dodge and Roll","IllusionStar"],"picked":"SKIP","floor":48},{"not_picked":["Crescendo","IllusionStar+1","Hemokinesis+1"],"picked":"SKIP","floor":48},{"not_picked":["Secret Technique","Pray","Worship"],"picked":"SKIP","floor":54}],"player_experience":249912,"relics_obtained":[{"floor":6.0,"key":"Happy Flower"},{"floor":12.0,"key":"HornCleat"},{"floor":23.0,"key":"Matryoshka"},{"floor":25.0,"key":"Letter Opener"},{"floor":26.0,"key":"Orichalcum"},{"floor":26.0,"key":"Torii"},{"floor":29.0,"key":"AT_EbonyIvory"},{"floor":30.0,"key":"MealTicket"},{"floor":30.0,"key":"ShroomBag"},{"floor":31.0,"key":"PreservedInsect"},{"floor":40.0,"key":"Oddly Smooth Stone"},{"floor":42.0,"key":"White Beast Statue"},{"floor":43.0,"key":"Molten Egg 2"},{"floor":54,"key":"CaptainsWheel"}],"event_choices":[],"is_beta":false,"boss_relics":[{"not_picked":["Busted Crown","Ectoplasm"],"picked":"Coffee Dripper"},{"not_picked":["Runic Pyramid","ExperimentalFamiliar"],"picked":"Empty Cage"}],"items_purged_floors":[11,21,27,37,45,47,53],"is_endless":false,"potions_floor_spawned":[4,12,14,16,20,22,41,46,48,54],"ascension_level":2}}