{"host":"poixavpewvabi3b6","time":1611085953,"event":{"mods":["BaseMod","DeckTracker","Minty Spire (QoL Compilation)","Replay The Spire","StSLib"],"gold_per_floor":[112,131,131,131,57,82,82,32,82,109,109,34,49,62,62,157,157,174,186,205,52,72,107,107,107,107],"floor_reached":25,"language":"KOR","playtime":1198,"items_purged":["CommonCold","Defend_G"],"score":256,"play_id":"7bcb89ff-b96e-4d2d-871f-43282378a763","local_time":"20210120045233","is_ascension_mode":false,"campfire_choices":[{"data":"Noxious Fumes","floor":7,"key":"SMITH"},{"data":"Deadly Poison","floor":11,"key":"SMITH"},{"data":"Strike_G","floor":15,"key":"PURGE"},{"floor":24,"key":"REST"}],"circlet_count":0,"master_deck":["Strike_G","Strike_G","Strike_G","Strike_G","Defend_G","Defend_G","Defend_G","Defend_G","Survivor","Neutralize","Deadly Poison+1","Noxious Fumes+1","Crippling Poison","Catalyst","Leg Sweep","ReplayTheSpireMod:Necrosis","Bouncing Flask","Deadly Poison","Poisoned Stab","Poisoned Stab"],"relics":["Ring of the Snake","NeowsBlessing","ReplayTheSpireMod:Ring of Addiction","White Beast Statue","Chameleon Ring","Ancient Tea Set","Orichalcum","Replay:Bottled Eggs","Painkiller Herb","Smiling Mask"],"acts_visited":["Exordium","TheCity"],"potions_floor_usage":[10,14,16,16,19,22,25,25],"damage_taken":[{"damage":0,"enemies":"2 Louse","floor":1,"turns":1},{"damage":0,"enemies":"Small Slimes","floor":2,"turns":1},{"damage":0,"enemies":"3 Sentries","floor":6,"turns":1},{"damage":17,"enemies":"Gremlin Nob","floor":10,"turns":4},{"damage":0,"enemies":"Jaw Worm","floor":13,"turns":3},{"damage":5,"enemies":"Large Slime","floor":14,"turns":6},{"damage":28,"enemies":"Slime Boss","floor":16,"turns":14},{"damage":0,"enemies":"Chosen","floor":18,"turns":4},{"damage":0,"enemies":"3 Byrds","floor":19,"turns":4},{"damage":9,"enemies":"Snake Plant","floor":20,"turns":4},{"damage":25,"enemies":"3 Cultists","floor":22,"turns":5},{"damage":15,"enemies":"Book of Stabbing","floor":23,"turns":5},{"damage":50,"enemies":"Slavers","floor":25,"turns":4}],"seed_played":"41629307476558069","potions_obtained":[{"floor":2,"key":"Fruit Juice"},{"floor":3,"key":"Fire Potion"},{"floor":3,"key":"Block Potion"},{"floor":10,"key":"Ancient Potion"},{"floor":16,"key":"SkillPotion"},{"floor":18,"key":"BlessingOfTheForge"},{"floor":19,"key":"Elixir"},{"floor":20,"key":"Strength Potion"},{"floor":22,"key":"Death Potion"},{"floor":23,"key":"ColorlessPotion"}],"is_trial":false,"path_per_floor":["M","M","?","?","$","E","R","?","T","E","R","$","M","M","R","B",null,"?","?","?","T","?","E","T","E"],"character_chosen":"THE_SILENT","items_purchased":["Noxious Fumes","Deadly Poison"],"campfire_rested":1,"item_purchase_floors":[5,21],"current_hp_per_floor":[70,70,70,75,75,75,73,73,73,54,54,54,54,56,56,28,76,76,76,67,67,42,27,49,0,0],"gold":107,"neow_bonus":"THREE_ENEMY_KILL","is_daily":false,"chose_seed":false,"campfire_upgraded":2,"win_rate":0.0,"timestamp":1611085953,"path_taken":["M","M","?","?","?","E","R","?","T","E","R","$","?","M","R","BOSS","?","?","?","T","?","E","T","E"],"items_purchased_type":["Card","Card"],"build_version":"2020-12-22","purchased_purges":2,"victory":false,"max_hp_per_floor":[70,70,70,75,75,75,73,73,73,71,71,71,71,76,76,76,76,76,76,76,76,76,76,76,76,76],"card_choices":[{"not_picked":["Quick Slash","Tactician"],"picked":"Deadly Poison","floor":1},{"not_picked":["Deflect","Footwork"],"picked":"Accuracy","floor":2},{"not_picked":["Underhanded Strike","Dagger Throw"],"picked":"Crippling Poison","floor":6},{"not_picked":["Acrobatics","Storm of Steel","Quick Slash"],"picked":"SKIP","floor":10},{"not_picked":["Sucker Punch","Draining Mist"],"picked":"Catalyst","floor":13},{"not_picked":["Crippling Poison","Acrobatics"],"picked":"Leg Sweep","floor":14},{"not_picked":["Malaise","Bullet Time"],"picked":"ReplayTheSpireMod:Necrosis","floor":16},{"not_picked":["Masterful Stab","Underhanded Strike+1","Dagger Throw"],"picked":"SKIP","floor":18},{"not_picked":["Dagger Throw","Hidden Blade+1"],"picked":"Bouncing Flask","floor":19},{"not_picked":["Concentrate","Blur","Sucker Punch+1"],"picked":"SKIP","floor":20},{"not_picked":["Caltrops","Infinite Blades"],"picked":"Poisoned Stab","floor":22},{"not_picked":["Flechettes","Riddle With Holes"],"picked":"Poisoned Stab","floor":23}],"player_experience":142379,"relics_obtained":[{"floor":3,"key":"ReplayTheSpireMod:Ring of Addiction"},{"floor":3,"key":"White Beast Statue"},{"floor":3,"key":"Chameleon Ring"},{"floor":6,"key":"Ancient Tea Set"},{"floor":9,"key":"Orichalcum"},{"floor":10,"key":"Replay:Bottled Eggs"},{"floor":23,"key":"Smiling Mask"}],"event_choices":[{"damage_healed":0,"gold_gain":0,"player_choice":"Donut","damage_taken":0,"max_hp_gain":5,"max_hp_loss":0,"event_name":"Big Fish","floor":4,"gold_loss":0},{"cards_removed":["Accuracy"],"damage_healed":0,"gold_gain":0,"player_choice":"Card Removal","damage_taken":0,"max_hp_gain":0,"max_hp_loss":0,"event_name":"The Cleric","floor":8,"gold_loss":50}],"is_beta":false,"boss_relics":[{"not_picked":["Replay:Bronze Core","Coffee Dripper"],"picked":"Painkiller Herb"}],"items_purged_floors":[12,21],"is_endless":false,"potions_floor_spawned":[2,6,10,13,14,16,18,19,20,22,23],"killed_by":"Slavers","ascension_level":0}}