{"host":"cgaibh95wzkurumv","time":1611068793,"event":{"mods":["BaseMod","Minty Spire (QoL Compilation)","Replay The Spire","StSLib","The Runesmith"],"gold_per_floor":[109,109,109,121,132,185,185,220,271,306,323,323,395,421,487,487,487],"floor_reached":16,"language":"SPA","playtime":468,"items_purged":[],"score":145,"play_id":"1b7c81af-6bb0-4559-a886-bd56ece3bf6d","local_time":"20210119120633","daily_mods":["Shiny","Colorless Cards","Lethality"],"is_ascension_mode":false,"campfire_choices":[{"data":"Fiend Fire","floor":7,"key":"SMITH"},{"data":"Defy Death","floor":12,"key":"SMITH"}],"circlet_count":0,"master_deck":["Double Tap","Demon Form","Fiend Fire+1","Eclipse","Berserk","Impervious","Juggernaut","Brutality","Demonic Infusion","Exhume","Offering","Bludgeon","Feed","Replay:Many Hands","Limit Break","Corruption","Barricade","Hemogenesis","Reaper","Immolate","Thinking Ahead","Metamorphosis","Master of Strategy","Chrysalis","Mayhem","Secret Weapon","Midas Touch","ReplayTheSpireMod:Brewmster","Poisoned Strike","Sadistic Nature","ReplayUltimateDefense","Transmutation","HandOfGreed","ReplayTheSpireMod:Necrogeddon","Apotheosis","Panache","Violence","Secret Technique","The Bomb","Crow Ritual","Secret Technique","Defy Death+1"],"relics":["Burning Blood","Question Card","Nunchaku","Tiny Chest","ReplayTheSpireMod:Lightbulb","Akabeko","Turnip"],"acts_visited":["Exordium"],"potions_floor_usage":[4,10,14,16],"damage_taken":[{"damage":0,"enemies":"Small Slimes","floor":1,"turns":2},{"damage":0,"enemies":"Cultist","floor":4,"turns":3},{"damage":0,"enemies":"2 Louse","floor":5,"turns":1},{"damage":24,"enemies":"3 Sentries","floor":6,"turns":2},{"damage":25,"enemies":"Gremlin Nob","floor":8,"turns":3},{"damage":6,"enemies":"Large Slime","floor":10,"turns":2},{"damage":13,"enemies":"Exordium Wildlife","floor":11,"turns":2},{"damage":18,"enemies":"3 Sentries","floor":14,"turns":2},{"damage":80,"enemies":"Hexaghost","floor":16,"turns":5}],"seed_played":"-7499443717418463923","potions_obtained":[{"floor":5,"key":"Elixir"},{"floor":8,"key":"Toxic Potion"},{"floor":11,"key":"Strength Potion"},{"floor":13,"key":"Adrenaline Potion"}],"is_trial":true,"path_per_floor":["M","?","?","M","M","E","R","E","T","M","M","R","?","E","R","B"],"character_chosen":"IRONCLAD","items_purchased":[],"campfire_rested":0,"item_purchase_floors":[],"current_hp_per_floor":[80,55,55,61,67,55,55,39,39,49,69,69,36,71,71,0,0],"gold":487,"neow_bonus":"","is_daily":false,"chose_seed":false,"campfire_upgraded":2,"win_rate":0.0,"timestamp":1611068793,"path_taken":["M","?","?","M","M","E","R","E","T","M","?","R","?","E","R","BOSS"],"items_purchased_type":[],"build_version":"2020-12-22","purchased_purges":0,"victory":false,"max_hp_per_floor":[80,80,80,80,80,80,80,83,83,83,83,83,83,83,83,83,83],"card_choices":[{"not_picked":["Replay:Undeath\u0027s Touch","Thunderclap","Iron Wave"],"picked":"SKIP","floor":1},{"not_picked":["Heavy Blade","Uppercut","Pommel Strike","Iron Wave"],"picked":"SKIP","floor":4},{"not_picked":["Panache","Clothesline","Rage","Warcry"],"picked":"SKIP","floor":5},{"not_picked":["Midas Touch","Anger","Good Instincts","Wild Strike"],"picked":"SKIP","floor":6},{"not_picked":["Second Wind","Thunderclap","Rampage","ReplayTheSpireMod:Stacked"],"picked":"SKIP","floor":8},{"not_picked":["Entrench","ReplayTheSpireMod:Private Reserves","ReplayTheSpireMod:Strike From Hell","Headbutt"],"picked":"SKIP","floor":10},{"not_picked":["Flex","Run Through","Perfected Strike"],"picked":"Defy Death","floor":11},{"not_picked":["ReplayTheSpireMod:Strike From Hell","Sword Boomerang","Metallicize","Fire Breathing"],"picked":"SKIP","floor":14}],"player_experience":279494,"relics_obtained":[{"floor":6,"key":"Nunchaku"},{"floor":8,"key":"Tiny Chest"},{"floor":9,"key":"ReplayTheSpireMod:Lightbulb"},{"floor":13,"key":"Akabeko"},{"floor":14,"key":"Turnip"}],"event_choices":[{"damage_healed":0,"gold_gain":0,"player_choice":"Success","damage_taken":25,"relics_obtained":["Question Card"],"max_hp_gain":0,"max_hp_loss":0,"event_name":"Scrap Ooze","floor":2,"gold_loss":0},{"damage_healed":0,"gold_gain":0,"cards_transformed":["Magnetism"],"player_choice":"Transformed","damage_taken":0,"max_hp_gain":0,"max_hp_loss":0,"event_name":"Transmorgrifier","floor":3,"gold_loss":0,"cards_obtained":["Secret Technique"]}],"is_beta":false,"boss_relics":[],"items_purged_floors":[],"is_endless":false,"potions_floor_spawned":[5,8,11],"killed_by":"Hexaghost","ascension_level":0}}