{"host":"f5mjulaw5aqlqmd7","time":1611085908,"event":{"mods":["Act Like it!","BaseMod","Colored Map","GifTheSpireLib","Hallownest","Minty Spire (QoL Compilation)","StSLib","The Bug Knight"],"gold_per_floor":[13,32,43,53,67,99,118,146,146,161,161,11,26,44,44,44,44],"floor_reached":16,"language":"ENG","playtime":1205,"items_purged":[],"score":118,"play_id":"328985eb-17d5-4e0a-a724-6629d2efcb10","local_time":"20210119145148","is_ascension_mode":false,"campfire_choices":[{"floor":11,"key":"REST"},{"floor":15,"key":"REST"}],"circlet_count":0,"master_deck":["HollowMod:NailStrikeStart","HollowMod:NailStrikeStart","HollowMod:NailStrikeStart","HollowMod:NailStrikeStart+1","HollowMod:QuickDashStart","HollowMod:QuickDashStart","HollowMod:QuickDashStart","HollowMod:QuickDashStart","HollowMod:FocusHealStart","HollowMod:PogoStrike+1","HollowMod:DoubleDash","HollowMod:BlackTendrils","HollowMod:DescendingDark","HollowMod:DescendingDark","HollowMod:LifebloodCocoon","HollowMod:CrystalDash","HollowMod:SiblingsShadow","HollowMod:GoodIntentions","HollowMod:NewLittleFool","HollowMod:GreatSlash","HollowMod:DashSlash"],"relics":["HollowMod:VesselMask","Mango","Potion Belt","Whetstone","Bird Faced Urn","HandDrill"],"acts_visited":["Exordium"],"potions_floor_usage":[16,16,16,16],"damage_taken":[{"damage":1,"enemies":"Cultist","floor":1,"turns":3},{"damage":6,"enemies":"2 Louse","floor":2,"turns":3},{"damage":12,"enemies":"Jaw Worm","floor":3,"turns":4},{"damage":13,"enemies":"Looter","floor":4,"turns":3},{"damage":0,"enemies":"Gremlin Gang","floor":5,"turns":1},{"damage":22,"enemies":"3 Sentries","floor":6,"turns":6},{"damage":0,"enemies":"Lots of Slimes","floor":7,"turns":1},{"damage":21,"enemies":"Gremlin Nob","floor":8,"turns":4},{"damage":7,"enemies":"Large Slime","floor":10,"turns":4},{"damage":10,"enemies":"Blue Slaver","floor":13,"turns":2},{"damage":11,"enemies":"Exordium Wildlife","floor":14,"turns":3},{"damage":63,"enemies":"The Guardian","floor":16,"turns":5}],"seed_played":"-9012436152453790453","potions_obtained":[{"floor":4,"key":"FearPotion"},{"floor":5,"key":"Strength Potion"},{"floor":8,"key":"FearPotion"},{"floor":10,"key":"Ancient Potion"},{"floor":14,"key":"SkillPotion"}],"is_trial":false,"path_per_floor":["M","M","M","M","M","E","M","E","T","M","R","$","M","M","R","B"],"character_chosen":"THE_BUGKNIGHT","items_purchased":["HandDrill"],"campfire_rested":2,"item_purchase_floors":[12],"current_hp_per_floor":[88,82,72,61,61,41,41,22,22,17,43,43,37,26,52,0,0],"gold":44,"neow_bonus":"ONE_RARE_RELIC","is_daily":false,"chose_seed":false,"campfire_upgraded":0,"win_rate":0.0,"timestamp":1611085908,"path_taken":["M","M","M","M","?","E","M","E","T","M","R","$","M","M","R","BOSS"],"items_purchased_type":["Relic"],"build_version":"2020-12-22","purchased_purges":0,"victory":false,"max_hp_per_floor":[89,89,89,89,89,89,89,89,89,89,89,89,89,89,89,89,89],"card_choices":[{"not_picked":["HollowMod:CornifersMapStart","HollowMod:BaldurShell"],"picked":"HollowMod:DoubleDash","floor":1},{"not_picked":["HollowMod:SoulSplash","HollowMod:HowlingWraiths"],"picked":"HollowMod:BlackTendrils","floor":2},{"not_picked":["HollowMod:CrystalDash","HollowMod:NewLittleFool"],"picked":"HollowMod:DescendingDark","floor":3},{"not_picked":["HollowMod:Weaversong","HollowMod:TaintedHusks"],"picked":"HollowMod:DescendingDark","floor":4},{"not_picked":["HollowMod:InfectedAttack","HollowMod:LuriensSpire"],"picked":"HollowMod:LifebloodCocoon","floor":5},{"not_picked":["HollowMod:SoulShaman","HollowMod:InfectedAttack"],"picked":"HollowMod:CrystalDash","floor":6},{"not_picked":["HollowMod:VengefulSpirit","HollowMod:SharpenedNail"],"picked":"HollowMod:SiblingsShadow","floor":7},{"not_picked":["HollowMod:ShapeofUnn","HollowMod:TaintedHusks"],"picked":"HollowMod:GoodIntentions","floor":8},{"not_picked":["HollowMod:NewGlowingWomb","HollowMod:NewJinnsSoul"],"picked":"HollowMod:NewLittleFool","floor":10},{"not_picked":["HollowMod:GoodIntentions","HollowMod:CrystalDash"],"picked":"HollowMod:GreatSlash","floor":13},{"not_picked":["HollowMod:CrystalDash","HollowMod:MothsMistake"],"picked":"HollowMod:DashSlash","floor":14}],"player_experience":56307,"relics_obtained":[{"floor":6,"key":"Potion Belt"},{"floor":8,"key":"Whetstone"},{"floor":9,"key":"Bird Faced Urn"}],"event_choices":[],"is_beta":false,"boss_relics":[],"items_purged_floors":[],"is_endless":false,"potions_floor_spawned":[4,5,8,10,14],"killed_by":"The Guardian","ascension_level":0}}