{"host":"t9zjxed0utvsfjwc","time":1611047299,"event":{"mods":["2.2 Compatiblity","Aspiration","BaseMod","Better Altar","Better Match","Better Note","Better Sensory Stone","Better Skull","Better Third Choice","Block Reminder","Colored Map","Colored Powertips","Hermit","Highlight Path","Hubris","Infinite Spire","Minty Spire (QoL Compilation)","Quick Restart","Rare Cards Sparkle","Replay The Spire","Shade Mod","StSLib","The Bug Knight","The Cursed","The Marked","Unceasing Turn Reminder","everything is the same but u backflip on backflip"],"gold_per_floor":[110,74,74,74,149,185,209,209,235,135,161,176,176,201,201,332,332,348,273,273,148,148,148,168,168,168,168,189,189,223,247,247,247,247],"floor_reached":33,"language":"ENG","playtime":1499,"items_purged":["hubris:Compulsion","Overencumbered","hubris:Disease","Injury"],"score":327,"play_id":"22006f54-a3b3-4934-9fba-ff3738f25512","local_time":"20210119090819","is_ascension_mode":true,"campfire_choices":[{"data":"hubris:ReadiedAction","floor":13,"key":"SMITH"},{"data":"Demon Form","floor":23,"key":"SMITH"},{"data":"Feed","floor":25,"key":"SMITH"},{"floor":29,"key":"REST"},{"data":"infinitespire:Collect","floor":32,"key":"SMITH"}],"circlet_count":0,"master_deck":["Strike_R","Strike_R","Strike_R","Strike_R","Strike_R","Defend_R","Defend_R","Defend_R","Defend_R","Bash","Demon Form+1","hubris:ReadiedAction+1","Shrug It Off","Shrug It Off","Pommel Strike","Iron Wave","infinitespire:OneForAll","Feed+1","ReplayTheSpireMod:Muscle Training","Burning Pact+1","infinitespire:Collect+1","Pommel Strike"],"relics":["Burning Blood","hubris:CrystalStatue","Golden Idol","ReplayTheSpireMod:CursedCoin","hubris:PeanutButter","Ancient Tea Set","Replay:Ancient Bell","Replay:Baseball","hubris:Metronome","Unceasing Top","Ice Cream","hubris:MedicalManual","Darkstone Periapt"],"acts_visited":["Exordium","TheCity"],"potions_floor_usage":[7,16,16,18,24,31,33],"damage_taken":[{"damage":5,"enemies":"Cultist","floor":1,"turns":4},{"damage":17,"enemies":"Gremlin Nob","floor":6,"turns":5},{"damage":0,"enemies":"Small Slimes","floor":7,"turns":2},{"damage":0,"enemies":"2 Louse","floor":12,"turns":2},{"damage":0,"enemies":"Blue Slaver","floor":14,"turns":3},{"damage":0,"enemies":"Slime Boss","floor":16,"turns":7},{"damage":43,"enemies":"3 Byrds","floor":18,"turns":8},{"damage":2,"enemies":"Spheric Guardian","floor":24,"turns":3},{"damage":25,"enemies":"Snake Plant","floor":28,"turns":6},{"damage":31,"enemies":"Gremlin Leader","floor":30,"turns":7},{"damage":0,"enemies":"Snecko","floor":31,"turns":2},{"damage":56,"enemies":"Automaton","floor":33,"turns":6}],"seed_played":"6917066503087392385","potions_obtained":[{"floor":6,"key":"Explosive Potion"},{"floor":12,"key":"Energy Potion"},{"floor":15,"key":"LiquidMemories"},{"floor":15,"key":"Milkshake"},{"floor":18,"key":"AttackPotion"},{"floor":28,"key":"SteroidPotion"},{"floor":30,"key":"SkillPotion"}],"is_trial":false,"path_per_floor":["M","$","T","?","$","E","M","?","T","$","T","M","R","M","R_BF","B",null,"M","?","?","$","?","R","M","R","T","AVR","M","R","E","M","R","B"],"character_chosen":"IRONCLAD","items_purchased":["Shrug It Off","ReplayTheSpireMod:CursedCoin"],"campfire_rested":1,"item_purchase_floors":[2,5],"current_hp_per_floor":[80,80,80,60,60,49,55,55,55,55,55,61,61,67,67,73,80,46,46,46,46,46,46,50,50,50,50,35,61,36,46,46,0,0],"gold":247,"neow_bonus":"THREE_RARE_CARDS","is_daily":false,"chose_seed":false,"campfire_upgraded":4,"win_rate":0.0,"timestamp":1611047299,"path_taken":["M","$","?","?","$","E","M","?","T","?","?","?","R","M","R_BF","BOSS","M","?","?","$","?","R","M","R","T","AVR","M","R","E","M","R","BOSS"],"items_purchased_type":["Card","Relic"],"build_version":"2020-12-22","purchased_purges":4,"victory":false,"max_hp_per_floor":[80,80,80,80,80,80,80,80,80,80,80,80,80,80,80,80,80,83,83,83,83,83,83,83,83,83,83,87,87,87,91,91,91,91],"card_choices":[{"not_picked":["Eclipse","Berserk"],"picked":"Demon Form","floor":0},{"not_picked":["Armaments","Combust"],"picked":"hubris:ReadiedAction","floor":1},{"not_picked":["Run Through","Fiend Fire","True Grit"],"picked":"SKIP","floor":6},{"not_picked":["hubris:ReadiedAction","Havoc"],"picked":"Pommel Strike","floor":7},{"not_picked":["Clash","hubris:ReadiedAction"],"picked":"Iron Wave","floor":12},{"not_picked":["Double Tap","Power Through"],"picked":"infinitespire:OneForAll","floor":14},{"not_picked":["Hemogenesis","Immolate"],"picked":"Feed","floor":16},{"not_picked":["hubris:Lust","CurseOfTheBell"],"picked":"hubris:Disease","floor":17},{"not_picked":["Overencumbered","infinitespire:Pacifist"],"picked":"Injury","floor":17},{"not_picked":["Parasite","hubris:Disease"],"picked":"Writhe","floor":17},{"not_picked":["Clash","Blood for Blood+1"],"picked":"ReplayTheSpireMod:Muscle Training","floor":18},{"not_picked":["Cleave","Immolate"],"picked":"Burning Pact+1","floor":24},{"not_picked":["Metallicize","Reckless Charge+1","Body Slam+1"],"picked":"SKIP","floor":28},{"not_picked":["Replay:Undeath\u0027s Touch","Whirlwind","True Grit"],"picked":"SKIP","floor":30},{"not_picked":["Perfected Strike","Replay:Undeath\u0027s Touch"],"picked":"Pommel Strike","floor":31}],"player_experience":383520,"relics_obtained":[{"floor":3,"key":"hubris:CrystalStatue"},{"floor":6,"key":"hubris:PeanutButter"},{"floor":9,"key":"Ancient Tea Set"},{"floor":26,"key":"Ice Cream"},{"floor":30,"key":"Darkstone Periapt"}],"event_choices":[{"damage_healed":0,"gold_gain":0,"player_choice":"Take Damage","damage_taken":20,"relics_obtained":["Golden Idol"],"max_hp_gain":0,"max_hp_loss":0,"event_name":"Golden Idol","floor":4,"gold_loss":0},{"damage_healed":0,"gold_gain":0,"player_choice":"3","damage_taken":0,"max_hp_gain":0,"max_hp_loss":0,"event_name":"betterMatch:BetterMatch","floor":19,"gold_loss":0,"cards_obtained":[]},{"cards_removed":["Demon Form"],"damage_healed":0,"gold_gain":0,"player_choice":"Give","damage_taken":0,"max_hp_gain":0,"max_hp_loss":0,"event_name":"betterNote:BetterNote","floor":20,"gold_loss":0,"cards_obtained":["Demon Form"]},{"cards_removed":["Writhe"],"damage_healed":0,"gold_gain":0,"player_choice":"Purged","damage_taken":0,"max_hp_gain":0,"max_hp_loss":0,"event_name":"Purifier","floor":22,"gold_loss":0}],"is_beta":false,"boss_relics":[{"not_picked":["Honey Jar","aspiration:DefectSkillbook"],"picked":"Replay:Ancient Bell"},{"not_picked":["Tiny Chest","infinitespire:Beetle Shell"],"picked":"Replay:Baseball"},{"not_picked":["Ornamental Fan","Eternal Feather"],"picked":"hubris:Metronome"},{"not_picked":["hubris:AstralHammer","Mango"],"picked":"Unceasing Top"}],"items_purged_floors":[5,10,21,27],"is_endless":false,"potions_floor_spawned":[6,12,18,28,30],"killed_by":"Automaton","ascension_level":1}}