{"host":"pf47v7h0307523iy","time":1611081823,"event":{"mods":["BaseMod","Minty Spire (QoL Compilation)"],"gold_per_floor":[119,119,119,64,80,80,113,113,162,181,197,197,212,251,251,344,344,388,388,407,422,422,422],"floor_reached":22,"language":"ENG","playtime":1139,"items_purged":[],"score":392,"play_id":"e0fb9dbc-4827-4afc-a13b-7eb1972cddf9","local_time":"20210119204343","is_ascension_mode":true,"campfire_choices":[{"floor":6,"key":"REST"},{"floor":12,"key":"REST"},{"floor":15,"key":"REST"}],"circlet_count":0,"master_deck":["AscendersBane","Survivor","Neutralize+1","Poisoned Stab","Dagger Throw","Poisoned Stab","After Image","Leg Sweep","Die Die Die","Terror","Escape Plan","Corpse Explosion","Flechettes","Flying Knee","Night Terror","All Out Attack","Setup","Outmaneuver","Eviscerate","PiercingWail","Crippling Poison","PiercingWail"],"relics":["SacredBark","Bloody Idol","Lizard Tail","Happy Flower","Nunchaku","Toy Ornithopter","Pandora\u0027s Box"],"acts_visited":["Exordium","TheCity"],"potions_floor_usage":[7,13,14,18,21],"damage_taken":[{"damage":8,"enemies":"Jaw Worm","floor":1,"turns":7},{"damage":7,"enemies":"2 Louse","floor":5,"turns":2},{"damage":12,"enemies":"Lagavulin","floor":7,"turns":6},{"damage":0,"enemies":"Cultist","floor":10,"turns":3},{"damage":3,"enemies":"Looter","floor":11,"turns":3},{"damage":0,"enemies":"Blue Slaver","floor":13,"turns":4},{"damage":10,"enemies":"3 Sentries","floor":14,"turns":9},{"damage":19,"enemies":"The Guardian","floor":16,"turns":20},{"damage":0,"enemies":"Chosen","floor":18,"turns":3},{"damage":30,"enemies":"3 Byrds","floor":20,"turns":3},{"damage":21,"enemies":"Centurion and Healer","floor":21,"turns":5},{"damage":17,"enemies":"Snake Plant","floor":22,"turns":3}],"seed_played":"4171877195007498369","potions_obtained":[{"floor":10,"key":"SteroidPotion"},{"floor":11,"key":"BlessingOfTheForge"},{"floor":14,"key":"PowerPotion"},{"floor":16,"key":"ColorlessPotion"},{"floor":20,"key":"Explosive Potion"}],"is_trial":false,"path_per_floor":["M","?","?","$","M","R","E","?","T","M","M","R","M","E","R","B",null,"M","?","M","M","M"],"character_chosen":"THE_SILENT","items_purchased":["PowerPotion"],"campfire_rested":3,"item_purchase_floors":[4],"current_hp_per_floor":[51,31,31,31,24,42,30,4,4,4,1,19,19,9,27,8,47,52,52,27,16,30,30],"gold":422,"neow_bonus":"BOSS_RELIC","is_daily":false,"chose_seed":false,"campfire_upgraded":0,"win_rate":0.0,"timestamp":1611081823,"path_taken":["M","?","?","?","?","R","E","?","T","M","M","R","M","E","R","BOSS","M","?","M","M","M"],"items_purchased_type":["Potion"],"build_version":"2020-12-22","purchased_purges":0,"victory":false,"max_hp_per_floor":[66,66,60,60,60,60,60,60,60,60,60,60,60,60,60,60,60,60,60,60,60,60,60],"card_choices":[{"not_picked":["Cloak And Dagger","Endless Agony"],"picked":"Poisoned Stab","floor":1},{"not_picked":["Quick Slash","Underhanded Strike"],"picked":"Dagger Throw","floor":5},{"not_picked":["Flying Knee","Acrobatics"],"picked":"Poisoned Stab","floor":7},{"not_picked":["Accuracy","Finisher","Underhanded Strike"],"picked":"SKIP","floor":10},{"not_picked":["Choke","Prepared"],"picked":"After Image","floor":11},{"not_picked":["Acrobatics","Heel Hook"],"picked":"Leg Sweep","floor":13},{"not_picked":["Bouncing Flask","Sucker Punch"],"picked":"Die Die Die","floor":14},{"not_picked":["Leg Sweep","Sucker Punch+1"],"picked":"PiercingWail","floor":18},{"not_picked":["PiercingWail+1","Dagger Throw"],"picked":"Crippling Poison","floor":20},{"not_picked":["Sucker Punch","Dodge and Roll"],"picked":"PiercingWail","floor":21}],"player_experience":1670687,"relics_obtained":[{"floor":7,"key":"Lizard Tail"},{"floor":9,"key":"Nunchaku"},{"floor":14,"key":"Toy Ornithopter"}],"event_choices":[{"damage_healed":0,"gold_gain":0,"player_choice":"Entered Light","damage_taken":20,"max_hp_gain":0,"max_hp_loss":0,"event_name":"Shining Light","floor":2,"gold_loss":0,"cards_upgraded":["Strike_G","Neutralize"]},{"damage_healed":0,"gold_gain":0,"player_choice":"Lose Max HP","damage_taken":0,"relics_obtained":["Golden Idol"],"max_hp_gain":0,"max_hp_loss":6,"event_name":"Golden Idol","floor":3,"gold_loss":0},{"damage_healed":0,"gold_gain":0,"player_choice":"Success","damage_taken":26,"relics_obtained":["Happy Flower"],"max_hp_gain":0,"max_hp_loss":0,"event_name":"Scrap Ooze","floor":8,"gold_loss":0},{"damage_healed":0,"gold_gain":0,"player_choice":"Gave Idol","damage_taken":0,"relics_obtained":["Bloody Idol"],"max_hp_gain":0,"max_hp_loss":0,"event_name":"Forgotten Altar","floor":19,"relics_lost":["Golden Idol"],"gold_loss":0}],"is_beta":false,"boss_relics":[{"not_picked":["Calling Bell","Runic Dome"],"picked":"Pandora\u0027s Box"}],"items_purged_floors":[],"is_endless":false,"potions_floor_spawned":[10,11,14,16,20],"killed_by":"Snake Plant","ascension_level":20}}