{"host":"d9m9v0h6vo0edadb","time":1611055372,"event":{"mods":["BaseMod","Hermit","Keyboard Shortcuts","Minty Spire (QoL Compilation)","StSLib","SuperFastMode","The Cursed"],"gold_per_floor":[111,36,36,53,70,70,100,115,115,134,134,154,169,5,5,83,83,93,109,123,48,23,23,23],"floor_reached":23,"language":"KOR","playtime":354,"items_purged":["Strike_G"],"score":390,"play_id":"f26c0987-7588-40ae-afa9-c2b06977bf79","local_time":"20210119202252","is_ascension_mode":true,"campfire_choices":[{"data":"Poisoned Stab","floor":6.0,"key":"SMITH"},{"data":"Bane","floor":11.0,"key":"SMITH"},{"data":"Blade Dance","floor":15.0,"key":"SMITH"}],"circlet_count":0,"master_deck":["AscendersBane","Defend_G","Defend_G","Defend_G","Defend_G","Defend_G","Survivor","Neutralize","Flying Knee","Dagger Throw","Poisoned Stab+1","Corpse Explosion","Acrobatics","Bane+1","Blade Dance+1","Calculated Gamble","Adrenaline","PiercingWail","Backflip"],"relics":["Ring of the Snake","StoneCalendar","Happy Flower","Shuriken","Lee\u0027s Waffle","Empty Cage"],"acts_visited":["Exordium","TheCity"],"potions_floor_usage":[20,23],"damage_taken":[{"damage":3.0,"enemies":"2 Louse","floor":1.0,"turns":3.0},{"damage":3.0,"enemies":"Cultist","floor":4.0,"turns":5.0},{"damage":4.0,"enemies":"Small Slimes","floor":5.0,"turns":3.0},{"damage":17.0,"enemies":"Lagavulin","floor":7.0,"turns":6.0},{"damage":3.0,"enemies":"Blue Slaver","floor":8.0,"turns":3.0},{"damage":1.0,"enemies":"2 Fungi Beasts","floor":10.0,"turns":3.0},{"damage":0.0,"enemies":"Exordium Wildlife","floor":12.0,"turns":1.0},{"damage":22.0,"enemies":"Exordium Thugs","floor":13.0,"turns":5.0},{"damage":34.0,"enemies":"The Guardian","floor":16.0,"turns":12.0},{"damage":22.0,"enemies":"2 Thieves","floor":18.0,"turns":2.0},{"damage":1,"enemies":"Spheric Guardian","floor":19,"turns":3},{"damage":25,"enemies":"Shelled Parasite and Fungi","floor":20,"turns":5},{"damage":12,"enemies":"Gremlin Leader","floor":23,"turns":4}],"seed_played":"499964135283824199","potions_obtained":[{"floor":4.0,"key":"Ancient Potion"},{"floor":5.0,"key":"Fire Potion"},{"floor":13.0,"key":"Poison Potion"},{"floor":20,"key":"BlessingOfTheForge"}],"is_trial":false,"path_per_floor":["M","$","?","M","M","R","E","M","T","M","R","M","M","$","R","B",null,"M","M","M","?","$","E"],"character_chosen":"THE_SILENT","items_purchased":["Lee\u0027s Waffle","Backflip"],"campfire_rested":0,"item_purchase_floors":[14,22],"current_hp_per_floor":[56,56,56,53,49,49,32,29,29,28,28,28,6,67,67,33,59,37,36,11,11,11,0,0],"gold":23,"neow_bonus":"ONE_RARE_RELIC","is_daily":false,"chose_seed":false,"campfire_upgraded":3,"win_rate":0.0,"timestamp":1611055372,"path_taken":["M","$","?","M","M","R","E","M","T","M","R","M","M","$","R","BOSS","M","M","M","?","$","E"],"items_purchased_type":["Relic","Card"],"build_version":"2020-12-22","purchased_purges":1,"victory":false,"max_hp_per_floor":[60,60,60,60,60,60,60,60,60,60,60,60,60,67,67,67,67,67,67,67,67,67,67,67],"card_choices":[{"not_picked":["Deflect","Dodge and Roll"],"picked":"Flying Knee","floor":1.0},{"not_picked":["Sucker Punch","PiercingWail"],"picked":"Dagger Throw","floor":4.0},{"not_picked":["Catalyst","Predator"],"picked":"Poisoned Stab","floor":5.0},{"not_picked":["Bouncing Flask","Prepared"],"picked":"Corpse Explosion","floor":7.0},{"not_picked":["Setup","Deadly Poison"],"picked":"Acrobatics","floor":8.0},{"not_picked":["Infinite Blades","Slice"],"picked":"Bane","floor":10.0},{"not_picked":["Bane","Outmaneuver"],"picked":"Blade Dance","floor":12.0},{"not_picked":["Heel Hook","Poisoned Stab"],"picked":"Calculated Gamble","floor":13.0},{"not_picked":["Tools of the Trade","Corpse Explosion"],"picked":"Adrenaline","floor":16.0},{"not_picked":["Noxious Fumes","Dagger Throw+1","All Out Attack"],"picked":"SKIP","floor":18},{"not_picked":["Poisoned Stab","Outmaneuver","Noxious Fumes"],"picked":"SKIP","floor":19},{"not_picked":["Bane","Outmaneuver"],"picked":"PiercingWail","floor":20}],"player_experience":978199,"relics_obtained":[{"floor":7.0,"key":"Happy Flower"},{"floor":9.0,"key":"Shuriken"}],"event_choices":[{"cards_removed":["Strike_G"],"damage_healed":0.0,"max_hp_gain":0.0,"max_hp_loss":0.0,"gold_gain":0.0,"event_name":"Bonfire Elementals","player_choice":"Offered Basic","floor":3.0,"gold_loss":0.0,"damage_taken":0.0},{"cards_removed":["Strike_G"],"damage_healed":0,"gold_gain":0,"player_choice":"Gave Gold","damage_taken":0,"max_hp_gain":0,"max_hp_loss":0,"event_name":"Beggar","floor":21,"gold_loss":75}],"is_beta":false,"boss_relics":[{"not_picked":["Velvet Choker","Ectoplasm"],"picked":"Empty Cage"}],"items_purged_floors":[2],"is_endless":false,"potions_floor_spawned":[4,5,13,20],"killed_by":"Gremlin Leader","ascension_level":20}}