{"host":"uq4ng344qg9ygyoi","time":1611038438,"event":{"mods":["BaseMod","Minty Spire (QoL Compilation)","Quick Restart","Shop Mod","StSLib","[IsaacMod]ÒÔÈö¼âËþ"],"gold_per_floor":[111,126,29,43,57,57,57,57,80,95,124,124,139,139,139,236,236,249,249,249,266,48,83,83,95,95,107,107,122,137,172,172,276,276,286,286,297,297,297,325,4,18,89,145,171,54,54,68,68,68],"floor_reached":51,"language":"ZHS","playtime":2200,"items_purged":["Strike_R","Strike_R","Strike_R","Bash","Defend_R"],"score":980,"play_id":"9ece1c3d-9ff5-4e98-8552-0c4fefbe9864","local_time":"20210119144038","is_ascension_mode":true,"campfire_choices":[{"data":"Flex","floor":6.0,"key":"SMITH"},{"data":"Limit Break","floor":8.0,"key":"SMITH"},{"data":"Bloodletting","floor":12.0,"key":"SMITH"},{"data":"Iron Wave","floor":15.0,"key":"SMITH"},{"floor":24.0,"key":"REST"},{"floor":28.0,"key":"REST"},{"floor":32.0,"key":"REST"},{"floor":47,"key":"REST"},{"floor":49,"key":"REST"}],"circlet_count":0,"master_deck":["Defend_R","Defend_R","Limit Break+1","Bloodletting+1","Cleave","Flex+1","Iron Wave+1","Battle Trance+1","Bandage Up","Spot Weakness","Body Slam","Flex+1","Inflame","Shrug It Off","Armaments+1","Sword Boomerang+1","Headbutt","Reaper","Exhume","Warcry+1","Headbutt+1","Pummel","Mayhem","Shockwave","Madness"],"relics":["Burning Blood","HushsDoor","MerchantsRug","Ice Cream","Mercury Hourglass","Orichalcum","Bottled Lightning","Bottled Flame","Toy Ornithopter","TheBean"],"acts_visited":["Exordium","TheCity","TheBeyond"],"potions_floor_usage":[45],"damage_taken":[{"damage":6.0,"enemies":"Cultist","floor":1.0,"turns":3.0},{"damage":13.0,"enemies":"2 Louse","floor":2.0,"turns":3.0},{"damage":4.0,"enemies":"Small Slimes","floor":4.0,"turns":4.0},{"damage":18.0,"enemies":"Looter","floor":5.0,"turns":3.0},{"damage":9.0,"enemies":"Red Slaver","floor":10.0,"turns":4.0},{"damage":5.0,"enemies":"3 Sentries","floor":11.0,"turns":2.0},{"damage":14.0,"enemies":"Gremlin Gang","floor":13.0,"turns":3.0},{"damage":26.0,"enemies":"Hexaghost","floor":16.0,"turns":4.0},{"damage":23.0,"enemies":"Chosen","floor":18.0,"turns":5.0},{"damage":0.0,"enemies":"Spheric Guardian","floor":20.0,"turns":1.0},{"damage":22.0,"enemies":"Snake Plant","floor":21.0,"turns":2.0},{"damage":28.0,"enemies":"Gremlin Leader","floor":23.0,"turns":7.0},{"damage":26.0,"enemies":"Centurion and Healer","floor":25.0,"turns":6.0},{"damage":21.0,"enemies":"Cultist and Chosen","floor":27.0,"turns":7.0},{"damage":40.0,"enemies":"Snake Plant","floor":29.0,"turns":4.0},{"damage":12.0,"enemies":"Centurion and Healer","floor":30.0,"turns":5.0},{"damage":23.0,"enemies":"Book of Stabbing","floor":31.0,"turns":3.0},{"damage":68.0,"enemies":"Collector","floor":33.0,"turns":7.0},{"damage":69.0,"enemies":"3 Shapes","floor":35.0,"turns":5.0},{"damage":32.0,"enemies":"3 Darklings","floor":37.0,"turns":4.0},{"damage":46.0,"enemies":"Giant Head","floor":40.0,"turns":6.0},{"damage":35.0,"enemies":"Maw","floor":42.0,"turns":6.0},{"damage":43,"enemies":"Reptomancer","floor":45,"turns":3},{"damage":58,"enemies":"4 Shapes","floor":48,"turns":4},{"damage":95,"enemies":"Donu and Deca","floor":50,"turns":5}],"seed_played":"-2590847225681043101","potions_obtained":[{"floor":1.0,"key":"SmokeBomb"},{"floor":5.0,"key":"Fire Potion"},{"floor":11.0,"key":"SteroidPotion"},{"floor":16.0,"key":"Dexterity Potion"},{"floor":21.0,"key":"FearPotion"},{"floor":23.0,"key":"LiquidBronze"},{"floor":25.0,"key":"FairyPotion"},{"floor":33.0,"key":"LiquidBronze"},{"floor":40.0,"key":"LiquidMemories"}],"is_trial":false,"path_per_floor":["M","M","$","M","M","R","?","R","T","M","E","R","M","?","R","B",null,"M","?","M","M","$","E","R","M","T","M","R","M","M","E","R","B",null,"M","?","M","?","T","E","$","M","T","$","E","$","R","M","R","B",null],"character_chosen":"IRONCLAD","items_purchased":["Cleave","Bandage Up","Spot Weakness","Body Slam","MerchantsRug","Inflame","Shrug It Off","Pummel","Mayhem","Bottled Lightning","Shockwave","FairyPotion","Toy Ornithopter","Swift Potion","Madness","TheBean"],"campfire_rested":5,"item_purchase_floors":[3,17,17,17,22,22,22,41,41,41,44,44,46,46,46,46],"current_hp_per_floor":[88,81,81,83,71,71,64,64,64,61,62,62,54,54,54,37,69,56,56,62,50,50,32,56,40,40,29,53,23,23,10,34,26,67,39,39,44,44,44,29,29,36,36,36,41,41,65,54,78,13],"gold":68,"neow_bonus":"TEN_PERCENT_HP_BONUS","is_daily":false,"chose_seed":false,"campfire_upgraded":4,"win_rate":0.0,"timestamp":1611038438,"path_taken":["M","M","$","M","?","R","?","R","T","M","E","R","M","?","R","BOSS","M","?","M","M","$","E","R","M","T","M","R","M","M","E","R","BOSS","M","?","M","?","?","E","$","M","T","$","E","$","R","M","R","BOSS"],"items_purchased_type":["Card","Card","Card","Card","Relic","Card","Card","Card","Card","Relic","Card","Potion","Relic","Potion","Card","Relic"],"build_version":"2020-12-22","purchased_purges":5,"victory":true,"max_hp_per_floor":[88,88,88,88,88,88,88,88,88,83,83,83,83,83,83,86,80,80,80,80,80,80,80,80,80,80,80,80,80,80,80,80,80,80,80,80,80,80,80,80,80,80,80,80,80,80,80,80,80,80],"card_choices":[{"not_picked":[],"picked":"Bomb","floor":0.0},{"not_picked":["Cleave","Sever Soul"],"picked":"Limit Break","floor":1.0},{"not_picked":["Whirlwind","Dark Embrace"],"picked":"Bloodletting","floor":2.0},{"not_picked":["Body Slam","Clash"],"picked":"Flex","floor":4.0},{"not_picked":["Cleave","Warcry"],"picked":"Iron Wave","floor":5.0},{"not_picked":["Carnage","True Grit"],"picked":"Battle Trance","floor":10.0},{"not_picked":["Blood for Blood","Clash","Immolate"],"picked":"SKIP","floor":11.0},{"not_picked":["Clothesline","Flame Barrier","Flex"],"picked":"SKIP","floor":13.0},{"not_picked":["Twin Strike","Sword Boomerang","Clothesline"],"picked":"SKIP","floor":18.0},{"not_picked":["Whirlwind","Dropkick"],"picked":"Flex+1","floor":21.0},{"not_picked":["Intimidate","Fiend Fire"],"picked":"Armaments+1","floor":23.0},{"not_picked":["Thunderclap","Headbutt"],"picked":"Sword Boomerang+1","floor":25.0},{"not_picked":["Infernal Blade+1","Pommel Strike+1"],"picked":"Headbutt","floor":27.0},{"not_picked":["Second Wind+1","Clothesline+1","Rage+1"],"picked":"SKIP","floor":29.0},{"not_picked":["Burning Pact","Headbutt","Sword Boomerang"],"picked":"SKIP","floor":30.0},{"not_picked":["Rupture+1","Cleave"],"picked":"Reaper","floor":31.0},{"not_picked":["Barricade","Offering"],"picked":"Exhume","floor":33.0},{"not_picked":["Perfected Strike","Armaments"],"picked":"Warcry+1","floor":35.0},{"not_picked":["Sever Soul","Dark Embrace+1","Uppercut+1"],"picked":"SKIP","floor":37.0},{"not_picked":["Perfected Strike+1","Thunderclap"],"picked":"Headbutt+1","floor":40.0},{"not_picked":["Flex","Warcry","Headbutt+1"],"picked":"SKIP","floor":42.0},{"not_picked":["Sever Soul+1","Exhume","Brutality"],"picked":"SKIP","floor":45},{"not_picked":["Ghostly Armor+1","Flex+1","Dark Embrace+1"],"picked":"SKIP","floor":48}],"player_experience":468772,"relics_obtained":[{"floor":9.0,"key":"Juzu Bracelet"},{"floor":11.0,"key":"BFFS"},{"floor":23.0,"key":"SteamSale"},{"floor":26.0,"key":"Ice Cream"},{"floor":31.0,"key":"MoneyPower"},{"floor":39.0,"key":"GuppysTail"},{"floor":40.0,"key":"Mercury Hourglass"},{"floor":40.0,"key":"Orichalcum"},{"floor":43.0,"key":"Bottled Flame"},{"floor":45,"key":"Void"}],"event_choices":[{"cards_removed":["Strike_R"],"damage_healed":0.0,"max_hp_gain":0.0,"max_hp_loss":0.0,"gold_gain":0.0,"event_name":"Golden Wing","player_choice":"Card Removal","floor":7.0,"gold_loss":0.0,"damage_taken":7.0},{"damage_healed":0.0,"max_hp_gain":0.0,"max_hp_loss":0.0,"gold_gain":0.0,"event_name":"Accursed Blacksmith","player_choice":"Forge","floor":14.0,"gold_loss":0.0,"damage_taken":0.0,"cards_upgraded":["Battle Trance"]},{"damage_healed":0.0,"max_hp_gain":0.0,"max_hp_loss":0.0,"gold_gain":0.0,"event_name":"The Moai Head","player_choice":"Ignored","floor":36.0,"gold_loss":0.0,"damage_taken":0.0},{"damage_healed":0.0,"max_hp_gain":0.0,"max_hp_loss":0.0,"gold_gain":0.0,"event_name":"SecretPortal","player_choice":"Ignored","floor":38.0,"gold_loss":0.0,"damage_taken":0.0}],"is_beta":false,"boss_relics":[{"not_picked":["SlaversCollar","Tiny House"],"picked":"Empty Cage"},{"not_picked":[]},{"not_picked":["Runic Cube","Sozu"],"picked":"Black Star"},{"not_picked":[]}],"items_purged_floors":[3,22,41,44,46],"is_endless":false,"potions_floor_spawned":[1,5,11,16,21,23,25,33,40],"ascension_level":5}}