{"host":"5jzx1090woovszu4","time":1611032415,"event":{"mods":["BaseMod","Minty Spire (QoL Compilation)","Robot Space Explorer","Spicy Shops","StSLib","The Dragon Tamer"],"gold_per_floor":[119,294,294,73,84,84,112,139,139,172,189,218,218,89,89,189,189,209,55,154,166,166,166,195,155,155,190,190,224,224,244,244,346,346,358,377,377,395,56,85,85,110,133,8,23,52,52,84,84,84],"floor_reached":51,"language":"ENG","playtime":2264,"items_purged":["Doubt"],"score":1185,"play_id":"3751a6e9-33a7-4dab-8aa4-21c2ea30b273","local_time":"20210119060015","daily_mods":["SealedDeck","Elite Swarm"],"is_ascension_mode":false,"metric_token":403,"campfire_choices":[{"data":"DTMod:Overwhelm","floor":6,"key":"SMITH"},{"data":"DTMod:SealedStrike","floor":13,"key":"SMITH"},{"data":"DTMod:SealedStrike+1","floor":15,"key":"SMITH"},{"data":"DTMod:SealedStrike+2","floor":23,"key":"SMITH"},{"data":"DTMod:SealedStrike+3","floor":28,"key":"SMITH"},{"data":"DTMod:SealedStrike+4","floor":30,"key":"SMITH"},{"floor":32,"key":"REST"},{"data":"DTMod:Threaten","floor":49,"key":"SMITH"}],"dtmod_dragon_data":[64,64,0,0,4,0],"circlet_count":0,"master_deck":["DTMod:Weaken+1","DTMod:Adaptation+1","DTMod:Threaten+1","DTMod:Threaten+1","DTMod:Threaten+1","DTMod:HeatWave+1","DTMod:Punisher+1","DTMod:Punisher+1","DTMod:Overwhelm+1","DTMod:Weaken+1","DTMod:OpeningTactic+1","DTMod:Weaken+1","DTMod:SealedStrike+5","DTMod:Overwhelm+1","DTMod:MasterPlan+1","DTMod:BalancedStrike+1","DTMod:CalculatedDefense+1","DTMod:EchoTactic+1","DTMod:Threaten+1","Panache","Madness+1","DTMod:HeadStart+1","DTMod:HeadStart+1","DTMod:Weaken+1"],"relics":["DTMod:PactStone","Odd Mushroom","Mango","StoneCalendar","Lantern","Pen Nib","Black Star","Membership Card","MutagenicStrength","Singing Bowl","PreservedInsect","Prayer Wheel","Thread and Needle","InkBottle","CaptainsWheel","HornCleat","Runic Pyramid","Toxic Egg 2","Sundial","MealTicket","DTMod:TacticalNote","Frozen Egg 2","Vajra","Mummified Hand","Art of War","Toy Ornithopter","Nunchaku"],"acts_visited":["Exordium","TheCity","TheBeyond"],"potions_floor_usage":[12,24,33,33,40,50,50],"damage_taken":[{"damage":3,"enemies":"Jaw Worm","floor":1,"turns":2},{"damage":0,"enemies":"2 Louse","floor":5,"turns":2},{"damage":3,"enemies":"The Mushroom Lair","floor":7,"turns":3},{"damage":8,"enemies":"Gremlin Nob","floor":8,"turns":3},{"damage":8,"enemies":"Lagavulin","floor":10,"turns":5},{"damage":0,"enemies":"Cultist","floor":11,"turns":2},{"damage":1,"enemies":"3 Sentries","floor":12,"turns":3},{"damage":9,"enemies":"The Guardian","floor":16,"turns":5},{"damage":0,"enemies":"3 Byrds","floor":18,"turns":3},{"damage":2,"enemies":"Spheric Guardian","floor":21,"turns":3},{"damage":4,"enemies":"Gremlin Leader","floor":24,"turns":4},{"damage":0,"enemies":"Slavers","floor":27,"turns":4},{"damage":6,"enemies":"Book of Stabbing","floor":29,"turns":3},{"damage":0,"enemies":"3 Cultists","floor":31,"turns":3},{"damage":0,"enemies":"Champ","floor":33,"turns":3},{"damage":0,"enemies":"3 Shapes","floor":35,"turns":4},{"damage":0,"enemies":"3 Darklings","floor":36,"turns":3},{"damage":0,"enemies":"Spire Growth","floor":38,"turns":2},{"damage":0,"enemies":"Reptomancer","floor":40,"turns":3},{"damage":0,"enemies":"Giant Head","floor":42,"turns":3},{"damage":0,"enemies":"Transient","floor":45,"turns":4},{"damage":0,"enemies":"Nemesis","floor":46,"turns":1},{"damage":0,"enemies":"Reptomancer","floor":48,"turns":1},{"damage":18,"enemies":"Awakened One","floor":50,"turns":6}],"seed_played":"1004242573271775519","potions_obtained":[{"floor":8,"key":"DistilledChaos"},{"floor":10,"key":"Weak Potion"},{"floor":11,"key":"LiquidBronze"},{"floor":18,"key":"Weak Potion"},{"floor":29,"key":"Swift Potion"},{"floor":31,"key":"Strength Potion"},{"floor":33,"key":"Dexterity Potion"},{"floor":35,"key":"Fire Potion"},{"floor":40,"key":"SteroidPotion"}],"is_trial":true,"path_per_floor":["M","?","?","$","M","R","?","E","T","E","M","E","R","$","R","B",null,"M","$","?","M","?","R","E","?","T","E","R","E","R","M","R","B",null,"M","M","?","M","$","E","?","E","T","$","M","E","?","E","R","B",null],"character_chosen":"THE_DT","items_purchased":["DTMod:OpeningTactic","DTMod:Overwhelm","DTMod:MasterPlan","Membership Card","Toxic Egg 2","Panache","Madness+1","Mummified Hand"],"campfire_rested":1,"item_purchase_floors":[4,14,14,19,39,39,39,44],"current_hp_per_floor":[42,42,47,47,47,47,44,50,50,42,42,41,41,41,41,32,64,64,64,64,62,62,62,60,60,60,62,62,56,56,60,72,74,74,76,80,80,84,84,84,84,86,86,86,88,90,90,92,92,79],"gold":84,"neow_bonus":"","is_daily":false,"chose_seed":false,"campfire_upgraded":7,"win_rate":0.0,"timestamp":1611032415,"path_taken":["M","?","?","$","M","R","?","E","T","E","M","E","R","?","R","BOSS","M","$","?","M","?","R","E","?","T","E","R","E","R","?","R","BOSS","M","M","?","M","$","E","?","E","T","$","?","E","?","E","R","BOSS"],"items_purchased_type":["Card","Card","Card","Relic","Relic","Card","Card","Relic"],"build_version":"2020-12-22","purchased_purges":1,"victory":true,"max_hp_per_floor":[45,45,50,50,50,50,50,64,64,64,64,64,64,64,64,64,64,64,64,64,64,64,64,66,66,66,68,68,68,68,72,72,74,74,76,80,80,84,84,84,84,86,86,86,88,90,90,92,92,92],"card_choices":[{"not_picked":["DTMod:BuildUp","DTMod:RunningTactic"],"picked":"DTMod:Weaken","floor":1},{"not_picked":["DTMod:Cover","DTMod:LastStand","DTMod:CleansingStrike"],"picked":"SKIP","floor":5},{"not_picked":["DTMod:Cover","DTMod:BuildUp"],"picked":"DTMod:Weaken","floor":7},{"not_picked":["DTMod:FierySynthesis","DTMod:ExcessFootwork","DTMod:StunTrap"],"picked":"SKIP","floor":8},{"not_picked":["DTMod:StunTrap","DTMod:ExcessFootwork"],"picked":"DTMod:SealedStrike","floor":10},{"not_picked":["DTMod:BurningForce","DTMod:Hide","DTMod:Feint"],"picked":"SKIP","floor":11},{"not_picked":["DTMod:Outburst","DTMod:ExcessFootwork","DTMod:Multitask"],"picked":"SKIP","floor":12},{"not_picked":["DTMod:Feint","DTMod:BlazingStrike"],"picked":"DTMod:BalancedStrike","floor":18},{"not_picked":["DTMod:BizarreTactic","DTMod:ForkedFire"],"picked":"DTMod:CalculatedDefense+1","floor":21},{"not_picked":["DTMod:RepeatStrike","DTMod:Prediction","DTMod:SealedStrike"],"picked":"Singing Bowl","floor":24},{"not_picked":["DTMod:Multitask","DTMod:RepeatStrike","DTMod:Safeguard"],"picked":"Singing Bowl","floor":27},{"not_picked":["DTMod:ShadowImage","DTMod:LightShield"],"picked":"DTMod:EchoTactic","floor":29},{"not_picked":["DTMod:TauntingStrike+1","DTMod:TagTeam","DTMod:MagicField"],"picked":"Singing Bowl","floor":31},{"not_picked":["DTMod:Cover","DTMod:BurningEnergy","DTMod:TagTeam"],"picked":"Singing Bowl","floor":31},{"not_picked":["DTMod:RepeatStrike","DTMod:StunTrap","DTMod:LightShield"],"picked":"Singing Bowl","floor":33},{"not_picked":["DTMod:FlameSlash","DTMod:HeatWave","DTMod:BreakAttack"],"picked":"Singing Bowl","floor":35},{"not_picked":["DTMod:CleansingStrike+1","DTMod:WarmUp"],"picked":"DTMod:Threaten","floor":35},{"not_picked":["DTMod:DragonDance","DTMod:BurningEnergy","DTMod:QuickFly"],"picked":"Singing Bowl","floor":36},{"not_picked":["DTMod:FlameSlash","DTMod:Cover+1","DTMod:Shift+1"],"picked":"Singing Bowl","floor":36},{"not_picked":["DTMod:Conduct+1","DTMod:QuickFly","DTMod:Cover"],"picked":"Singing Bowl","floor":38},{"not_picked":["DTMod:BizarreTactic","DTMod:Cover","DTMod:CalculatedDefense"],"picked":"Singing Bowl","floor":38},{"not_picked":["DTMod:OpeningTactic","DTMod:LightShield+1"],"picked":"DTMod:HeadStart+1","floor":40},{"not_picked":["DTMod:StunTrap+1","DTMod:Safeguard+1","DTMod:LightShield+1"],"picked":"Singing Bowl","floor":42},{"not_picked":["DTMod:LastStand+1","DTMod:MagicField+1","DTMod:Haste+1"],"picked":"Singing Bowl","floor":45},{"not_picked":["DTMod:CleansingStrike","DTMod:CrossStep+1"],"picked":"DTMod:Weaken+1","floor":45},{"not_picked":["DTMod:Harmonize+1","DTMod:Outburst+1","DTMod:Inferno"],"picked":"Singing Bowl","floor":46},{"not_picked":["DTMod:ExcessFootwork+1","DTMod:Outburst+1","DTMod:OpeningTactic"],"picked":"Singing Bowl","floor":48}],"player_experience":638642,"relics_obtained":[{"floor":7,"key":"Odd Mushroom"},{"floor":8,"key":"Mango"},{"floor":9,"key":"StoneCalendar"},{"floor":10,"key":"Lantern"},{"floor":12,"key":"Pen Nib"},{"floor":24,"key":"Singing Bowl"},{"floor":24,"key":"PreservedInsect"},{"floor":26,"key":"Prayer Wheel"},{"floor":27,"key":"Thread and Needle"},{"floor":27,"key":"InkBottle"},{"floor":29,"key":"CaptainsWheel"},{"floor":29,"key":"HornCleat"},{"floor":40,"key":"Sundial"},{"floor":40,"key":"MealTicket"},{"floor":42,"key":"DTMod:TacticalNote"},{"floor":42,"key":"Frozen Egg 2"},{"floor":43,"key":"Vajra"},{"floor":46,"key":"Art of War"},{"floor":46,"key":"Toy Ornithopter"},{"floor":48,"key":"Nunchaku"}],"event_choices":[{"damage_healed":0,"gold_gain":175,"player_choice":"AGREE","damage_taken":0,"max_hp_gain":0,"max_hp_loss":0,"event_name":"Liars Game","floor":2,"gold_loss":0,"cards_obtained":["Doubt"]},{"damage_healed":0,"gold_gain":0,"player_choice":"Donut","damage_taken":0,"max_hp_gain":5,"max_hp_loss":0,"event_name":"Big Fish","floor":3,"gold_loss":0},{"damage_healed":0,"gold_gain":0,"player_choice":"Fought Mushrooms","damage_taken":0,"max_hp_gain":0,"max_hp_loss":0,"event_name":"Mushrooms","floor":7,"gold_loss":0},{"damage_healed":0,"gold_gain":99,"player_choice":"Stole From Cult","damage_taken":0,"max_hp_gain":0,"max_hp_loss":0,"event_name":"Nest","floor":20,"gold_loss":0},{"damage_healed":0,"gold_gain":0,"player_choice":"Inject Mutagens","damage_taken":0,"relics_obtained":["MutagenicStrength"],"max_hp_gain":0,"max_hp_loss":0,"event_name":"Drug Dealer","floor":22,"gold_loss":0},{"damage_healed":0,"gold_gain":0,"player_choice":"Upgraded Two","damage_taken":0,"max_hp_gain":0,"max_hp_loss":0,"event_name":"Designer","floor":25,"gold_loss":40,"cards_upgraded":["DTMod:Threaten","DTMod:Punisher"]},{"damage_healed":0,"gold_gain":0,"player_choice":"Ignored","damage_taken":0,"max_hp_gain":0,"max_hp_loss":0,"event_name":"Tomb of Lord Red Mask","floor":37,"gold_loss":0},{"damage_healed":0,"gold_gain":0,"player_choice":"Copied","damage_taken":0,"max_hp_gain":0,"max_hp_loss":0,"event_name":"Duplicator","floor":41,"gold_loss":0,"cards_obtained":["DTMod:HeadStart"]},{"cards_removed":["DTMod:Punisher"],"damage_healed":0,"gold_gain":0,"player_choice":"Removed Attack","damage_taken":0,"max_hp_gain":0,"max_hp_loss":0,"event_name":"Falling","floor":47,"gold_loss":0}],"is_beta":false,"boss_relics":[{"not_picked":["SacredBark","SlaversCollar"],"picked":"Black Star"},{"not_picked":["Tiny House","Busted Crown"],"picked":"Runic Pyramid"}],"items_purged_floors":[4],"is_endless":false,"potions_floor_spawned":[8,10,11,18,29,31,33,35,40,48],"ascension_level":0}}