{"host":"b5mzvg96njlg7ry9","time":1611054310,"event":{"mods":["AlwaysNeverKeys","BaseMod","Colored Map","Colored Powertips","Downfall","Highlight Path","Minty Spire (QoL Compilation)","Quick Restart","Relic Sorter","StSLib","SuperFastMode","everything is the same but u backflip on backflip"],"gold_per_floor":[99,112,189,189,39,49,74,174,193,108,122,152,352,387,405,502,502,502,502],"floor_reached":17,"language":"ENG","playtime":1211,"items_purged":["champ:Strike","champ:Defend"],"score":248,"play_id":"6512fe8c-1a24-4463-9c16-a0a359072824","local_time":"20210119120510","is_ascension_mode":true,"campfire_choices":[{"data":"champ:Taunt","floor":1,"key":"SMITH"},{"data":"champ:BerserkerStyle","floor":13,"key":"SMITH"}],"circlet_count":0,"master_deck":["champ:Strike","champ:Strike","champ:Defend","champ:Defend","champ:Execute","champ:Taunt+1","champ:ShieldWall","champ:SwordSigil","expansioncontent:QuickStudy","champ:AdrenalArmor","champ:Taunt","champ:PreciseThrust","champ:SkillfulDodge","champ:MurderStrike","Flash of Steel","champ:HoldFirm","champ:FancyFootwork","champ:BerserkerStyle+1","champ:Improvising"],"relics":["champ:ChampionCrownUpgraded","Sling","Question Card","Omamori","downfall:GremlinSack","Anchor","Nunchaku","Akabeko","downfall:HeartBlessingRed","downfall:HeartBlessingGreen","downfall:HeartBlessingBlue","Gremlin Horn"],"acts_visited":["Exordium","TheCity"],"potions_floor_usage":[8,12],"damage_taken":[{"damage":20,"enemies":"Cultist","floor":2,"turns":4},{"damage":23,"enemies":"downfall:FleeingMerchant","floor":3,"turns":4},{"damage":10,"enemies":"2 Louse","floor":6,"turns":1},{"damage":45,"enemies":"2 Louse","floor":8,"turns":4},{"damage":16,"enemies":"Jaw Worm","floor":9,"turns":3},{"damage":35,"enemies":"downfall:FleeingMerchant","floor":10,"turns":4},{"damage":11,"enemies":"Blue Slaver","floor":11,"turns":3},{"damage":37,"enemies":"Gremlin Nob","floor":12,"turns":4},{"damage":34,"enemies":"3 Sentries","floor":14,"turns":4},{"damage":0,"enemies":"Red Slaver","floor":15,"turns":3},{"damage":60,"enemies":"WA_ARCHETYPE_RETAIN","floor":16,"turns":5}],"seed_played":"-6832549114241456864","potions_obtained":[{"floor":6,"key":"Explosive Potion"},{"floor":11,"key":"SteroidPotion"},{"floor":14,"key":"Explosive Potion"},{"floor":16,"key":"Fire Potion"}],"is_trial":false,"path_per_floor":["R","M","$","T","?","M","T","?","M","$","M","E","R","E","M","B",null],"character_chosen":"THE_CHAMP","items_purchased":["expansioncontent:QuickStudy","Sling","champ:BerserkerStyle","Fruit Juice","Anchor","Nunchaku"],"campfire_rested":0,"item_purchase_floors":[3,3,10,10,10,10],"current_hp_per_floor":[63,63,60,60,100,100,100,90,89,89,88,86,96,93,93,92,110,110,110],"gold":502,"neow_bonus":"REMOVE_TWO","is_daily":false,"chose_seed":false,"campfire_upgraded":2,"win_rate":0.0,"timestamp":1611054310,"path_taken":["R","M","$","?","?","?","T","?","M","$","M","E","R","E","M","BOSS"],"items_purchased_type":["Card","Relic","Card","Potion","Relic","Relic"],"build_version":"2020-12-22","purchased_purges":2,"victory":false,"max_hp_per_floor":[90,90,90,90,100,100,100,100,100,100,100,100,110,110,110,110,110,110,110],"card_choices":[{"not_picked":["champ:DeathBlow","champ:FalseCounter"],"picked":"champ:ShieldWall","floor":2},{"not_picked":["champ:BladeFlurry","champ:BerserkersShout"],"picked":"champ:SwordSigil","floor":3},{"not_picked":["champ:CalledShot","champ:StanceDance","champ:DefensiveShout"],"picked":"champ:AdrenalArmor","floor":6},{"not_picked":["champ:GutPunch","champ:PerfectedStrike","champ:FlashCut"],"picked":"champ:HoldFirm","floor":8},{"not_picked":["champ:Shatter","champ:BringItOn","champ:PerfectedStrike"],"picked":"champ:FancyFootwork","floor":9},{"not_picked":["champ:SkillfulDodge","champ:Haymaker","champ:FaceSlap","champ:Circumvent"],"picked":"SKIP","floor":10},{"not_picked":["champ:Haymaker","champ:FocusedBerserking","champ:FancyFootwork","champ:RisingSlash"],"picked":"SKIP","floor":11},{"not_picked":["champ:Circumvent","champ:DefensiveStyle","champ:LastStand","champ:ShieldSigil"],"picked":"SKIP","floor":12},{"not_picked":["champ:SetATrap","champ:Backstep","champ:Shatter","champ:StanceDance"],"picked":"SKIP","floor":14},{"not_picked":["champ:FancyFootwork","champ:PerfectedStrike","champ:SkillfulDodge","champ:CrownThrow"],"picked":"SKIP","floor":15},{"not_picked":["champ:SwordThrow","champ:DancingMaster","champ:TripleStrike"],"picked":"champ:Improvising","floor":16}],"player_experience":806193,"relics_obtained":[{"floor":4,"key":"Question Card"},{"floor":7,"key":"Omamori"},{"floor":8,"key":"downfall:GremlinSack"},{"floor":12,"key":"Akabeko"},{"floor":14,"key":"Gremlin Horn"}],"event_choices":[],"is_beta":false,"boss_relics":[{"not_picked":["Fusion Hammer","Snecko Eye"],"picked":"champ:ChampionCrownUpgraded"}],"items_purged_floors":[3,10],"is_endless":false,"potions_floor_spawned":[6,11,14,16],"ascension_level":4}}