{"host":"pjgcdp3h1plnbocs","time":1611077213,"event":{"mods":["AchievementEnabler","BaseMod","Colored Map","Downfall","Highlight Path","Minty Spire (QoL Compilation)","StSLib"],"gold_per_floor":[99,99,99,99,115,115,115,148,148,158,158,58,86,103,113,214,214,214,232,251,270,270,290,290,302,336,286,311,47,59,59,75,179,179,179,193,193,193,59,87,113,13,13,33,33,47,47,67,84,84],"floor_reached":51,"language":"ENG","playtime":2949,"items_purged":["Slimebound:Strike_Slimebound","Slimebound:Defend_Slimebound"],"score":702,"play_id":"cfa90c19-23d0-4d47-8039-0a4387ca7153","local_time":"20210119182653","is_ascension_mode":false,"campfire_choices":[{"data":"Slimebound:CorrosiveSpit","floor":1.0,"key":"SMITH"},{"data":"Slimebound:Nibble","floor":12.0,"key":"SMITH"},{"data":"Slimebound:Strike_Slimebound","floor":18.0,"key":"PURGE"},{"data":"Slimebound:MassFeed","floor":35,"key":"PURGE"},{"floor":45,"key":"REST"},{"data":"Slimebound:Strike_Slimebound","floor":47,"key":"PURGE"}],"circlet_count":0,"master_deck":["Slimebound:Defend_Slimebound+1","Slimebound:Defend_Slimebound","Slimebound:Defend_Slimebound","Slimebound:Split","Slimebound:CorrosiveSpit+1","Slimebound:Nibble+1","Slimebound:Schlurp","Slimebound:ItLooksTasty","Slimebound:MassRepurpose+1","Slimebound:MegaLick","Slimebound:SplitAcid","Slimebound:ItLooksTasty","Slimebound:Teamwork","Slimebound:SplitBruiser","Slimebound:RejuvenatingLick+1","Slimebound:Repurpose+1","Slimebound:SplitMire+1","Slimebound:Gluttony","Slimebound:Gluttony","Flash of Steel","Slimebound:HauntingLick+1","Panache","Slimebound:LevelUp+1","Slimebound:SpikyOuterGoop+1"],"relics":["Slimebound:AbsorbEndCombat","downfall:HeartsMalice","Darkstone Periapt","Letter Opener","downfall:ShatteredFragment","downfall:HeartBlessingGreen","Peace Pipe","Meat on the Bone","Lantern","War Paint","Nilry\u0027s Codex","SlaversCollar","Sling","Thread and Needle","Bag of Preparation"],"acts_visited":["Exordium","TheCity","TheBeyond"],"potions_floor_usage":[50,50,50],"damage_taken":[{"damage":0.0,"enemies":"Small Slimes","floor":2.0,"turns":1.0},{"damage":0.0,"enemies":"2 Louse","floor":3.0,"turns":1.0},{"damage":0.0,"enemies":"Jaw Worm","floor":4.0,"turns":1.0},{"damage":14.0,"enemies":"Lots of Slimes","floor":5.0,"turns":4.0},{"damage":29.0,"enemies":"3 Sentries","floor":8.0,"turns":8.0},{"damage":0.0,"enemies":"3 Louse","floor":10.0,"turns":2.0},{"damage":14.0,"enemies":"Lagavulin","floor":13.0,"turns":7.0},{"damage":0.0,"enemies":"Large Slime","floor":14.0,"turns":4.0},{"damage":3.0,"enemies":"Exordium Thugs","floor":15.0,"turns":2.0},{"damage":44.0,"enemies":"SI_SHIV_ARCHETYPE","floor":16.0,"turns":7.0},{"damage":3.0,"enemies":"Shell Parasite","floor":19.0,"turns":4.0},{"damage":18.0,"enemies":"3 Byrds","floor":20.0,"turns":5.0},{"damage":6.0,"enemies":"Snecko","floor":21.0,"turns":4.0},{"damage":0.0,"enemies":"Cultist and Chosen","floor":23.0,"turns":4.0},{"damage":17.0,"enemies":"Snake Plant","floor":25.0,"turns":3.0},{"damage":36.0,"enemies":"Book of Stabbing","floor":26.0,"turns":5.0},{"damage":20.0,"enemies":"Slavers","floor":28.0,"turns":3.0},{"damage":0.0,"enemies":"downfall:FleeingMerchant","floor":29.0,"turns":4.0},{"damage":11.0,"enemies":"Shelled Parasite and Fungi","floor":30.0,"turns":2.0},{"damage":5.0,"enemies":"Chosen and Byrds","floor":32.0,"turns":4.0},{"damage":50.0,"enemies":"IC_MUSHROOM_ARCHETYPE","floor":33.0,"turns":5.0},{"damage":18,"enemies":"Orb Walker","floor":36,"turns":3},{"damage":2,"enemies":"downfall:FleeingMerchant","floor":39,"turns":4},{"damage":31,"enemies":"Reptomancer","floor":40,"turns":4},{"damage":11,"enemies":"3 Darklings","floor":44,"turns":2},{"damage":4,"enemies":"Maw","floor":46,"turns":5},{"damage":10,"enemies":"Jaw Worm Horde","floor":48,"turns":3},{"damage":7,"enemies":"4 Shapes","floor":49,"turns":3},{"damage":31,"enemies":"DF_ARCHETYPE_ORBS","floor":50,"turns":7}],"seed_played":"-6296237058401019163","potions_obtained":[{"floor":8.0,"key":"DistilledChaos"},{"floor":10.0,"key":"SkillPotion"},{"floor":14.0,"key":"Guardian:BlockOnCardUsePotion"},{"floor":16.0,"key":"SkillPotion"},{"floor":23.0,"key":"LiquidMemories"},{"floor":25.0,"key":"FearPotion"},{"floor":28.0,"key":"champ:CounterPotion"},{"floor":33.0,"key":"Block Potion"},{"floor":46,"key":"EssenceOfSteel"}],"is_trial":false,"path_per_floor":["R","M","M","M","M","?","T","E","?","M","?","R","E","M","M","B",null,"R","M","M","M","?","M","T","M","E","?","E","$","M","?","M","B",null,"R","M","?","?","$","E","T","$","?","M","R","M","R","M","M","B",null],"character_chosen":"SLIMEBOUND","items_purchased":["Slimebound:Gluttony","Flash of Steel","Panache","Sling","bronze:BurnAndBuffPotion","Slimebound:SlimedPotion"],"campfire_rested":1,"item_purchase_floors":[29,29,39,39,39,39],"current_hp_per_floor":[65,65,65,65,59,59,59,38,20,26,26,26,18,29,40,4,74,74,73,61,63,63,71,71,58,42,71,59,67,64,48,49,19,74,74,56,56,56,62,39,39,39,39,46,68,70,70,68,69,45],"gold":84,"neow_bonus":"THREE_ENEMY_KILL","is_daily":false,"chose_seed":false,"campfire_upgraded":2,"win_rate":0.0,"timestamp":1611077213,"path_taken":["R","M","M","M","M","?","T","E","?","M","?","R","E","M","M","BOSS","R","M","M","?","?","M","T","M","E","?","E","$","M","?","M","BOSS","R","M","?","?","$","E","T","?","?","M","R","M","R","M","M","BOSS"],"items_purchased_type":["Card","Card","Card","Relic","Potion","Potion"],"build_version":"2020-12-22","purchased_purges":2,"victory":true,"max_hp_per_floor":[65,65,65,65,65,65,65,65,65,65,65,65,65,68,74,74,74,74,74,74,74,74,74,74,74,74,74,74,74,74,74,74,74,74,74,74,74,74,74,74,74,74,74,74,74,74,74,74,74,74],"card_choices":[{"not_picked":["Slimebound:LeechEnergy","Slimebound:RollThrough"],"picked":"Slimebound:Nibble","floor":2.0},{"not_picked":["Slimebound:ComboTackle","Slimebound:Prepare"],"picked":"Slimebound:Schlurp","floor":3.0},{"not_picked":["Slimebound:PressTheAttack","Slimebound:RollThrough","Slimebound:ComboTackle"],"picked":"SKIP","floor":4.0},{"not_picked":["Slimebound:Grow","Slimebound:Replication"],"picked":"Slimebound:ItLooksTasty","floor":5.0},{"not_picked":["Slimebound:Equalize","Slimebound:SlimeSpikes"],"picked":"Slimebound:MassRepurpose","floor":8.0},{"not_picked":["Slimebound:PressTheAttack","Slimebound:LeechEnergy"],"picked":"Slimebound:MegaLick","floor":10.0},{"not_picked":["Slimebound:SlimeSpikes","Slimebound:ForwardTackle"],"picked":"Slimebound:MassFeed","floor":13.0},{"not_picked":["Slimebound:Grow","Slimebound:PressTheAttack"],"picked":"Slimebound:SplitAcid","floor":14.0},{"not_picked":["Slimebound:MegaLick","Slimebound:PressTheAttack"],"picked":"Slimebound:ItLooksTasty","floor":15.0},{"not_picked":["Slimebound:DuplicatedForm","Slimebound:Overexert"],"picked":"Slimebound:Teamwork","floor":16.0},{"not_picked":["Slimebound:Chomp","Slimebound:ComboTackle+1","Slimebound:Prepare"],"picked":"SKIP","floor":19.0},{"not_picked":["Slimebound:Schlurp","Slimebound:ProtectTheBoss"],"picked":"Slimebound:SplitBruiser","floor":20.0},{"not_picked":["Slimebound:ViciousTackle","Slimebound:ComboTackle"],"picked":"Slimebound:RejuvenatingLick","floor":21.0},{"not_picked":["Slimebound:GrowthPunch","Slimebound:ViciousTackle"],"picked":"Slimebound:Repurpose+1","floor":23.0},{"not_picked":["Slimebound:Grow","Slimebound:FinishingTackle","Slimebound:SamplingLick"],"picked":"SKIP","floor":25.0},{"not_picked":["Slimebound:MassRepurpose","Slimebound:Dissolve"],"picked":"Slimebound:SplitMire+1","floor":26.0},{"not_picked":["Slimebound:Grow+1","Slimebound:SamplingLick","Slimebound:Equalize"],"picked":"SKIP","floor":28.0},{"not_picked":["Slimebound:RallyTheTroops","Slimebound:Chomp"],"picked":"Slimebound:Gluttony","floor":29.0},{"not_picked":["Slimebound:RollThrough","Slimebound:SamplingLick","Slimebound:LivingWall+1"],"picked":"SKIP","floor":30.0},{"not_picked":["Slimebound:LeadByExample+1","Slimebound:DisruptingSlam","Slimebound:Schlurp"],"picked":"SKIP","floor":32.0},{"not_picked":["Slimebound:Equalize+1","Slimebound:Schlurp","Slimebound:SplitMire+1"],"picked":"SKIP","floor":36},{"not_picked":["Slimebound:ItLooksTasty","Slimebound:SlimeSpikes"],"picked":"Slimebound:HauntingLick+1","floor":39},{"not_picked":["Slimebound:GoopSpray+1","Slimebound:ItLooksTasty"],"picked":"Slimebound:LevelUp+1","floor":40},{"not_picked":["Slimebound:SamplingLick","Slimebound:SplitAcid+1","Slimebound:MassRepurpose"],"picked":"SKIP","floor":44},{"not_picked":["Slimebound:DisruptingSlam+1","Slimebound:LeechEnergy"],"picked":"Slimebound:SpikyOuterGoop+1","floor":46},{"not_picked":["Slimebound:SlimeSpikes+1","Slimebound:ComboTackle","Slimebound:LevelUp+1"],"picked":"SKIP","floor":48},{"not_picked":["Slimebound:LeechEnergy","Slimebound:FormOfPuddle","Slimebound:BestDefense"],"picked":"SKIP","floor":49}],"player_experience":191198,"relics_obtained":[{"floor":7.0,"key":"Darkstone Periapt"},{"floor":8.0,"key":"Letter Opener"},{"floor":13.0,"key":"Peace Pipe"},{"floor":24.0,"key":"Meat on the Bone"},{"floor":26.0,"key":"Lantern"},{"floor":28.0,"key":"War Paint"},{"floor":31.0,"key":"Nilry\u0027s Codex"},{"floor":40,"key":"Thread and Needle"},{"floor":41,"key":"Bag of Preparation"}],"event_choices":[{"damage_healed":0.0,"max_hp_gain":0.0,"max_hp_loss":0.0,"gold_gain":0.0,"event_name":"Accursed Blacksmith","player_choice":"Forge","floor":11.0,"gold_loss":0.0,"damage_taken":0.0,"cards_upgraded":["Slimebound:MassRepurpose"]},{"cards_removed":["Slimebound:Tackle"],"damage_healed":0,"gold_gain":0,"player_choice":"Removed Attack","damage_taken":0,"max_hp_gain":0,"max_hp_loss":0,"event_name":"Falling","floor":37,"gold_loss":0},{"damage_healed":0,"gold_gain":0,"player_choice":"Ignored","damage_taken":0,"max_hp_gain":0,"max_hp_loss":0,"event_name":"Mysterious Sphere","floor":43,"gold_loss":0}],"is_beta":false,"boss_relics":[{"not_picked":["Velvet Choker","Snecko Eye","Astrolabe"]},{"not_picked":["Philosopher\u0027s Stone","bronze:MakeshiftBattery"],"picked":"SlaversCollar"}],"items_purged_floors":[29,42],"is_endless":false,"potions_floor_spawned":[8,10,14,15,16,23,25,28,30,33,44,46],"ascension_level":0}}