{"host":"p9t7qd83igtcp2bh","time":1611031446,"event":{"mods":["2.2 Compatiblity","AchievementEnabler","BaseMod","Colored Map","Colored Powertips","Custom Start","DeckTracker","Keyboard Shortcuts","Minty Spire (QoL Compilation)","Permanent Neow","StSLib","SuperFastMode","everything is the same but u backflip on backflip"],"gold_per_floor":[20,37,54,54,54,54,81,81,81,115,115,40,55,18,18,91,91,111,26,76,88,100,100,100,12,37,72,46,46,46,20,20,20,20],"floor_reached":33,"language":"KOR","playtime":812,"items_purged":["Pain"],"score":542,"play_id":"d27d6269-d30b-4d26-9240-522913b9b453","local_time":"20210119134406","is_ascension_mode":true,"campfire_choices":[{"data":"Metamorphosis","floor":6.0,"key":"SMITH"},{"data":"Rainbow","floor":8.0,"key":"SMITH"},{"floor":15.0,"key":"REST"},{"data":"Coolheaded","floor":23.0,"key":"SMITH"},{"floor":30,"key":"REST"},{"data":"Hello World","floor":32,"key":"SMITH"}],"circlet_count":0,"master_deck":["AscendersBane","Strike_B","Strike_B","Strike_B","Defend_B","Defend_B","Defend_B","Defend_B","Zap","Dualcast","Metamorphosis+1","Turbo","Hello World+1","Turbo","Rainbow+1","Seek","BootSequence","All For One","Leap","Coolheaded+1","Capacitor","Stack","Stack"],"relics":["Cracked Core","Ginger","Bottled Lightning","Gambling Chip","WarpedTongs","Sozu","Sundial","Happy Flower","Lantern","Pantograph"],"acts_visited":["Exordium","TheCity"],"potions_floor_usage":[27,29],"damage_taken":[{"damage":9.0,"enemies":"Jaw Worm","floor":1.0,"turns":3.0},{"damage":1.0,"enemies":"Cultist","floor":2.0,"turns":3.0},{"damage":0.0,"enemies":"Small Slimes","floor":3.0,"turns":3.0},{"damage":2.0,"enemies":"Lagavulin","floor":7.0,"turns":5.0},{"damage":29.0,"enemies":"3 Sentries","floor":10.0,"turns":5.0},{"damage":6.0,"enemies":"2 Fungi Beasts","floor":13.0,"turns":4.0},{"damage":7.0,"enemies":"Hexaghost","floor":16.0,"turns":6.0},{"damage":0.0,"enemies":"Chosen","floor":18.0,"turns":3.0},{"damage":17.0,"enemies":"2 Thieves","floor":21.0,"turns":4.0},{"damage":17.0,"enemies":"3 Cultists","floor":22.0,"turns":5.0},{"damage":22,"enemies":"Slavers","floor":27,"turns":3},{"damage":0,"enemies":"Snake Plant","floor":29,"turns":1},{"damage":70,"enemies":"Champ","floor":33,"turns":10}],"seed_played":"-3066499169453981672","potions_obtained":[{"floor":2.0,"key":"DuplicationPotion"},{"floor":10.0,"key":"DuplicationPotion"},{"floor":16.0,"key":"SmokeBomb"}],"is_trial":false,"path_per_floor":["M","M","M","$","?","R","E","R","T","E","?","$","M","?","R","B",null,"M","?","?","M","M","R","T","$","T","E","$","M","R","$","R","B"],"character_chosen":"DEFECT","items_purchased":["Capacitor","Stack","Stack"],"campfire_rested":2,"item_purchase_floors":[25,28,31],"current_hp_per_floor":[55,54,54,54,47,47,45,45,45,16,16,16,10,10,31,24,59,59,59,59,42,25,25,25,25,25,3,3,3,24,24,24,0,0],"gold":20,"neow_bonus":"RANDOM_COLORLESS_2","is_daily":false,"chose_seed":false,"campfire_upgraded":4,"win_rate":0.0,"timestamp":1611031446,"path_taken":["M","M","M","$","?","R","E","R","T","E","?","$","?","?","R","BOSS","M","?","?","M","M","R","?","$","T","E","?","M","R","?","R","BOSS"],"items_purchased_type":["Card","Card","Card"],"build_version":"2020-12-22","purchased_purges":1,"victory":false,"max_hp_per_floor":[71,71,71,71,71,71,71,71,71,71,71,71,71,71,71,71,71,71,71,71,71,71,71,71,71,71,71,71,71,71,71,71,71,71],"card_choices":[{"not_picked":["Transmutation","Secret Technique"],"picked":"Metamorphosis","floor":0.0},{"not_picked":["Go for the Eyes","Sweeping Beam"],"picked":"Turbo","floor":1.0},{"not_picked":["Streamline","Hologram"],"picked":"Hello World","floor":2.0},{"not_picked":["Gash","Streamline"],"picked":"Turbo","floor":3.0},{"not_picked":["Biased Cognition","Beam Cell"],"picked":"Rainbow","floor":7.0},{"not_picked":["Darkness","Beam Cell"],"picked":"Seek","floor":10.0},{"not_picked":["Ball Lightning","Cold Snap"],"picked":"BootSequence","floor":13.0},{"not_picked":["Buffer","Hyperbeam"],"picked":"All For One","floor":16.0},{"not_picked":["Force Field","Barrage","Go for the Eyes"],"picked":"SKIP","floor":18.0},{"not_picked":["Force Field","Steam+1"],"picked":"Leap","floor":21.0},{"not_picked":["Undo","Turbo"],"picked":"Coolheaded","floor":22.0},{"not_picked":["Beam Cell","Static Discharge","Melter"],"picked":"SKIP","floor":27}],"player_experience":658803,"relics_obtained":[{"floor":7.0,"key":"Ginger"},{"floor":9.0,"key":"Bottled Lightning"},{"floor":10.0,"key":"Gambling Chip"},{"floor":24.0,"key":"Happy Flower"},{"floor":26.0,"key":"Lantern"},{"floor":27,"key":"Pantograph"}],"event_choices":[{"cards_removed":["Strike_B"],"damage_healed":0.0,"max_hp_gain":0.0,"max_hp_loss":0.0,"gold_gain":0.0,"event_name":"Golden Wing","player_choice":"Card Removal","floor":5.0,"gold_loss":0.0,"damage_taken":7.0},{"damage_healed":0.0,"max_hp_gain":0.0,"max_hp_loss":0.0,"gold_gain":0.0,"event_name":"Accursed Blacksmith","player_choice":"Rummage","floor":11.0,"gold_loss":0.0,"damage_taken":0.0,"relics_obtained":["WarpedTongs"],"cards_obtained":["Pain"]},{"damage_healed":0.0,"max_hp_gain":0.0,"max_hp_loss":0.0,"gold_gain":0.0,"event_name":"World of Goop","player_choice":"Left Gold","floor":14.0,"gold_loss":37.0,"damage_taken":0.0},{"damage_healed":0.0,"max_hp_gain":0.0,"max_hp_loss":0.0,"gold_gain":0.0,"event_name":"Addict","player_choice":"Obtained Relic","floor":19.0,"gold_loss":85.0,"damage_taken":0.0,"relics_obtained":["Sundial"]},{"damage_healed":0.0,"max_hp_gain":0.0,"max_hp_loss":0.0,"gold_gain":50.0,"event_name":"Nest","player_choice":"Stole From Cult","floor":20.0,"gold_loss":0.0,"damage_taken":0.0}],"is_beta":false,"boss_relics":[{"not_picked":["Black Star","Runic Dome"],"picked":"Sozu"}],"items_purged_floors":[12],"is_endless":false,"potions_floor_spawned":[2,10,13,16,21,22,27],"killed_by":"Champ","ascension_level":20}}