{"host":"r6jigiblrojhp6xe","time":1611071680,"event":{"mods":["AchievementEnabler","BaseMod","DeckTracker","Minty Spire (QoL Compilation)","Quick Restart","Rare Cards Sparkle","Relic Stats","StSLib","SuperFastMode","The Cursed","everything is the same but u backflip on backflip"],"gold_per_floor":[113,188,200,219,238,238,269,269,293,320,332,355,420,444,456,540,552,576,600,612,265,281,281,316,342,366,366,398,219,219,230,230,306,306,321,30,30,40,65,99,99,25,25,39,39,39,39,58,58,58,58],"floor_reached":52,"language":"KOR","playtime":1325,"items_purged":["Strike_G","Strike_G","Strike_G"],"score":1890,"play_id":"6c2e373d-c558-40d1-b94b-8d01813c3860","local_time":"20210120005440","is_ascension_mode":true,"campfire_choices":[{"data":"Cloak And Dagger","floor":6,"key":"SMITH"},{"data":"Neutralize","floor":8,"key":"SMITH"},{"data":"Accuracy","floor":15,"key":"SMITH"},{"data":"Accuracy","floor":23,"key":"SMITH"},{"data":"Leg Sweep","floor":27,"key":"SMITH"},{"data":"Blade Dance","floor":30,"key":"SMITH"},{"data":"Infinite Blades","floor":32,"key":"SMITH"},{"data":"Malaise","floor":41,"key":"SMITH"},{"data":"Footwork","floor":45,"key":"SMITH"},{"floor":49,"key":"REST"}],"circlet_count":0,"master_deck":["AscendersBane","Strike_G","Defend_G","Defend_G","Defend_G","Defend_G","Survivor","Neutralize+1","Blur","Blade Dance+1","Cloak And Dagger+1","Accuracy+1","Infinite Blades+1","Storm of Steel","Leg Sweep+1","Accuracy+1","PiercingWail+1","Backflip","Malaise+1","Footwork+1"],"relics":["Ring of the Snake","Pen Nib","MawBank","Strawberry","WristBlade","Gremlin Horn","Snake Skull","Oddly Smooth Stone","PreservedInsect","Cursed Key","Medical Kit","Lizard Tail","Mummified Hand"],"acts_visited":["Exordium","TheCity","TheBeyond"],"potions_floor_usage":[24,24,40,50,50],"damage_taken":[{"damage":7,"enemies":"Small Slimes","floor":1,"turns":4},{"damage":0,"enemies":"Jaw Worm","floor":3,"turns":8},{"damage":0,"enemies":"2 Louse","floor":4,"turns":4},{"damage":0,"enemies":"Exordium Wildlife","floor":5,"turns":4},{"damage":5,"enemies":"Gremlin Nob","floor":7,"turns":3},{"damage":0,"enemies":"Blue Slaver","floor":10,"turns":4},{"damage":1,"enemies":"2 Fungi Beasts","floor":12,"turns":3},{"damage":4,"enemies":"Exordium Wildlife","floor":14,"turns":4},{"damage":26,"enemies":"Hexaghost","floor":16,"turns":9},{"damage":0,"enemies":"Spheric Guardian","floor":18,"turns":1},{"damage":4,"enemies":"Shell Parasite","floor":19,"turns":2},{"damage":2,"enemies":"Cultist and Chosen","floor":22,"turns":5},{"damage":4,"enemies":"Book of Stabbing","floor":24,"turns":3},{"damage":0,"enemies":"Gremlin Leader","floor":28,"turns":4},{"damage":0,"enemies":"Snecko","floor":31,"turns":4},{"damage":11,"enemies":"Automaton","floor":33,"turns":5},{"damage":1,"enemies":"Orb Walker","floor":35,"turns":3},{"damage":0,"enemies":"3 Darklings","floor":38,"turns":3},{"damage":0,"enemies":"Mind Bloom Boss Battle","floor":39,"turns":5},{"damage":18,"enemies":"Nemesis","floor":40,"turns":7},{"damage":8,"enemies":"Maw","floor":44,"turns":5},{"damage":0,"enemies":"Jaw Worm Horde","floor":48,"turns":3},{"damage":31,"enemies":"Time Eater","floor":50,"turns":14},{"damage":27,"enemies":"Awakened One","floor":51,"turns":10}],"seed_played":"1559896841679094791","potions_obtained":[{"floor":1,"key":"Explosive Potion"},{"floor":4,"key":"Energy Potion"},{"floor":12,"key":"CunningPotion"},{"floor":24,"key":"ColorlessPotion"},{"floor":33,"key":"Strength Potion"},{"floor":38,"key":"FearPotion"},{"floor":48,"key":"ColorlessPotion"}],"is_trial":false,"path_per_floor":["M","?","M","M","M","R","E","R","T","M","?","M","T","M","R","B",null,"M","M","?","$","M","R","E","T","T","R","E","$","R","M","R","B",null,"M","$","?","M","?","E","R","$","T","M","R","$","?","M","R","B","B",null],"character_chosen":"THE_SILENT","items_purchased":["Gremlin Horn","Regen Potion","Medical Kit","Footwork"],"campfire_rested":1,"item_purchase_floors":[21,29,36,42],"current_hp_per_floor":[52,41,41,41,41,41,36,36,36,36,36,35,42,38,38,12,53,53,49,49,49,47,47,43,43,43,43,43,43,43,43,43,32,58,57,57,57,57,57,54,54,54,54,46,46,46,46,46,66,35,8],"gold":58,"neow_bonus":"REMOVE_TWO","is_daily":false,"chose_seed":false,"campfire_upgraded":9,"win_rate":0.0,"timestamp":1611071680,"path_taken":["M","?","M","M","M","R","E","R","T","M","?","M","?","M","R","BOSS","M","M","?","$","M","R","E","?","T","R","E","$","R","M","R","BOSS","M","$","?","M","?","E","R","?","T","M","R","?","?","M","R","BOSS","BOSS"],"items_purchased_type":["Relic","Potion","Relic","Card"],"build_version":"2020-12-22","purchased_purges":3,"victory":true,"max_hp_per_floor":[60,60,60,60,60,60,60,60,60,60,60,60,67,67,67,67,67,67,67,67,67,67,67,67,67,67,67,67,67,67,67,67,67,67,67,67,67,67,67,67,67,67,67,67,67,67,67,67,67,67,67],"relic_stats":{"Lizard Tail":0,"Gremlin Horn":[13,13],"counters":[24,117],"Mummified Hand":[19],"Pen Nib":[30],"Snake Skull":[0],"PreservedInsect":63,"MawBank":144,"Cursed Key":0,"Medical Kit":[2],"obtain_stats":[{"Gremlin Horn":21,"Oddly Smooth Stone":25,"Pen Nib":7,"Snake Skull":24,"PreservedInsect":28,"MawBank":9,"Cursed Key":34,"Medical Kit":36,"Lizard Tail":39,"WristBlade":17,"Mummified Hand":40,"Strawberry":13,"Ring of the Snake":0},{"Gremlin Horn":11,"Oddly Smooth Stone":13,"Pen Nib":5,"Snake Skull":13,"PreservedInsect":14,"MawBank":5,"Cursed Key":16,"Medical Kit":17,"Lizard Tail":19,"WristBlade":9,"Mummified Hand":20,"Strawberry":7,"Ring of the Snake":0},{"Gremlin Horn":46,"Oddly Smooth Stone":54,"Pen Nib":23,"Snake Skull":54,"PreservedInsect":58,"MawBank":23,"Cursed Key":67,"Medical Kit":70,"Lizard Tail":78,"WristBlade":43,"Mummified Hand":85,"Strawberry":30,"Ring of the Snake":0}],"Ring of the Snake":[48]},"card_choices":[{"not_picked":["Flechettes","Concentrate"],"picked":"Blur","floor":1},{"not_picked":["Finisher","Expertise"],"picked":"Blade Dance","floor":3},{"not_picked":["Flying Knee","Distraction"],"picked":"Cloak And Dagger","floor":4},{"not_picked":["Sucker Punch","Slice","Dagger Throw"],"picked":"SKIP","floor":5},{"not_picked":["Bane","Doppelganger","Deflect"],"picked":"SKIP","floor":7},{"not_picked":["Dodge and Roll","Bouncing Flask"],"picked":"Accuracy","floor":10},{"not_picked":["Acrobatics","Flying Knee","Tactician"],"picked":"SKIP","floor":12},{"not_picked":["Prepared","Cloak And Dagger"],"picked":"Infinite Blades","floor":14},{"not_picked":["Bullet Time","Unload"],"picked":"Storm of Steel","floor":16},{"not_picked":["Backstab+1","Underhanded Strike"],"picked":"Leg Sweep","floor":18},{"not_picked":["Escape Plan","Bane+1"],"picked":"Accuracy","floor":19},{"not_picked":["Bouncing Flask","Quick Slash"],"picked":"PiercingWail+1","floor":22},{"not_picked":["Dagger Throw","Expertise","Crippling Poison+1"],"picked":"SKIP","floor":24},{"not_picked":["Catalyst","Deflect"],"picked":"Backflip","floor":28},{"not_picked":["Slice","Tactician","Finisher"],"picked":"SKIP","floor":31},{"not_picked":["Storm of Steel","Doppelganger"],"picked":"Malaise","floor":33},{"not_picked":["Dagger Spray","Dodge and Roll+1","Sucker Punch"],"picked":"SKIP","floor":35},{"not_picked":["PiercingWail","Expertise","Underhanded Strike"],"picked":"SKIP","floor":38},{"not_picked":["Dagger Throw","Backflip","Poisoned Stab"],"picked":"SKIP","floor":40},{"not_picked":["Escape Plan","Cloak And Dagger","Underhanded Strike"],"picked":"SKIP","floor":44},{"not_picked":["Dagger Spray+1","PiercingWail","Bullet Time"],"picked":"SKIP","floor":48}],"player_experience":584158,"relics_obtained":[{"floor":7,"key":"Pen Nib"},{"floor":9,"key":"MawBank"},{"floor":13,"key":"Strawberry"},{"floor":24,"key":"Snake Skull"},{"floor":25,"key":"Oddly Smooth Stone"},{"floor":28,"key":"PreservedInsect"},{"floor":39,"key":"Lizard Tail"},{"floor":40,"key":"Mummified Hand"}],"event_choices":[{"damage_healed":0,"gold_gain":75,"player_choice":"Gather Gold","damage_taken":11,"max_hp_gain":0,"max_hp_loss":0,"event_name":"World of Goop","floor":2,"gold_loss":0},{"damage_healed":0,"gold_gain":0,"player_choice":"Ignored","damage_taken":0,"max_hp_gain":0,"max_hp_loss":0,"event_name":"Liars Game","floor":11,"gold_loss":0},{"damage_healed":0,"gold_gain":0,"player_choice":"Ignored","damage_taken":0,"max_hp_gain":0,"max_hp_loss":0,"event_name":"Ghosts","floor":20,"gold_loss":0},{"damage_healed":0,"gold_gain":0,"player_choice":"Memory 1","damage_taken":0,"max_hp_gain":0,"max_hp_loss":0,"event_name":"SensoryStone","floor":37,"gold_loss":0},{"damage_healed":0,"gold_gain":0,"player_choice":"Fight","damage_taken":0,"max_hp_gain":0,"max_hp_loss":0,"event_name":"MindBloom","floor":39,"gold_loss":0},{"damage_healed":0,"gold_gain":0,"player_choice":"Ignored","damage_taken":0,"max_hp_gain":0,"max_hp_loss":0,"event_name":"Mysterious Sphere","floor":47,"gold_loss":0}],"is_beta":false,"boss_relics":[{"not_picked":["Fusion Hammer","Snecko Eye"],"picked":"WristBlade"},{"not_picked":["Sozu","Calling Bell"],"picked":"Cursed Key"}],"items_purged_floors":[21,29,36],"is_endless":false,"potions_floor_spawned":[1,4,5,12,14,18,24,33,38,48],"ascension_level":20}}