{"host":"6drv1qzpbnls60z2","time":1611073163,"event":{"mods":["ATMod(°¢èªMod)","Act Like it!","Arknights The Spire","BaseMod","Hallownest","Luminous","Minty Spire (QoL Compilation)","Reimu£¨²©ÀöÁéÃÎ£©","Replay The Spire","Shop Mod","Spicy Shops","StSLib","TheWitcher","Uncapped","²ÐÁôÖ®Îï","óô»ðÖ¸ÄÏ"],"gold_per_floor":[119,119,136,150,165,165,19,54,81,81,97,162,173,193,193,268,268,294,294,294,311,311,330,330,330],"floor_reached":24,"language":"ZHS","playtime":1849,"items_purged":[],"score":600,"play_id":"9097c011-4acf-4309-874a-cace93d82876","local_time":"20210120001923","daily_mods":["SealedDeck"],"is_ascension_mode":true,"campfire_choices":[{"data":"AT_Dispersion","floor":6,"key":"SMITH"},{"data":"Luminous:Accumulation_Luminous","floor":15,"key":"SMITH"}],"circlet_count":0,"master_deck":["AscendersBane","AT_Dispersion+1","PlaceholderMod:DiffusionChemical","Luminous:Light_Gather","ats:Ignite","ats:Apocalypse","PlaceholderMod:DiffusionChemical","Crusade:ReiMu","PlaceholderMod:CrystallizationStrike","SnafuTest:PowerFireDamnation","PlaceholderMod:HighConcentration","Luminous:Accumulation_Luminous+1","SubcavityInstant:ReiMu","ats:Collapsing Strike","PlaceholderMod:FastReaction","ats:Spore Proliferation","ats:Sunburst","ats:Sunburst","PlaceholderMod:Polyp","PlaceholderMod:PoisonAbsorb","ats:Defend Order","MikOfLucky:ReiMu","PlaceholderMod:Polyp","Luminous:Accumulation_Luminous+1","SnafuTest:Decapitate","UniversalSpiritual:ReiMu","Revelation:ReiMu","PlaceholderMod:DirectingGroup"],"relics":["ats:Sanity","AT_ATBox","ats:Originium","ats:Rhine Circuitry","Replay:Mystery Machine","Replay:Baseball","Painkiller Herb","AT_ArchangelStaff"],"acts_visited":["Exordium","TheCity"],"potions_floor_usage":[8,12,14,16,16,18,21,24,24],"damage_taken":[{"damage":8,"enemies":"Jaw Worm","floor":1,"turns":4},{"damage":0,"enemies":"2 Louse","floor":3,"turns":2},{"damage":0,"enemies":"Small Slimes","floor":4,"turns":3},{"damage":5,"enemies":"3 Louse","floor":5,"turns":2},{"damage":12,"enemies":"3 Sentries","floor":8,"turns":5},{"damage":14,"enemies":"Blue Slaver","floor":11,"turns":4},{"damage":10,"enemies":"Lagavulin Event","floor":12,"turns":5},{"damage":5,"enemies":"Red Slaver","floor":13,"turns":5},{"damage":0,"enemies":"2 Fungi Beasts","floor":14,"turns":4},{"damage":7,"enemies":"Slime Boss","floor":16,"turns":9},{"damage":17,"enemies":"Shell Parasite","floor":18,"turns":4},{"damage":2,"enemies":"2 Thieves","floor":21,"turns":2},{"damage":26,"enemies":"Centurion and Healer","floor":23,"turns":5},{"damage":37,"enemies":"Slavers","floor":24,"turns":3}],"seed_played":"6245993753322124724","potions_obtained":[{"floor":4,"key":"Fire Potion"},{"floor":5,"key":"SteroidPotion"},{"floor":8,"key":"Milkshake"},{"floor":12,"key":"Languid Potion"},{"floor":14,"key":"SteroidPotion"},{"floor":16,"key":"Fruit Juice"},{"floor":18,"key":"Explosive Potion"},{"floor":21,"key":"Milkshake"},{"floor":22,"key":"LifebloodPotion"}],"is_trial":true,"path_per_floor":["M","?","M","M","M","R","$","E","T","$","M","?","M","M","R","B",null,"?","?","?","?","?","?","E"],"character_chosen":"DOCTOR_CLASS","items_purchased":["ats:Sunburst","PlaceholderMod:Polyp"],"campfire_rested":0,"item_purchase_floors":[7,7],"current_hp_per_floor":[61,61,61,61,60,60,60,48,48,48,38,28,27,31,31,37,67,54,54,54,52,52,30,0,0],"gold":330,"neow_bonus":"","is_daily":false,"chose_seed":false,"campfire_upgraded":2,"win_rate":0.0,"timestamp":1611073163,"path_taken":["M","?","M","M","M","R","$","E","T","$","M","?","M","M","R","BOSS","?","?","?","?","?","?","E"],"items_purchased_type":["Card","Card"],"build_version":"2020-12-22","purchased_purges":0,"victory":false,"max_hp_per_floor":[72,72,72,72,72,72,72,72,72,72,72,72,72,72,72,77,77,77,77,77,77,77,77,77,77],"card_choices":[{"not_picked":["ats:Poison Spread","SnafuTest:PayGnomePedlar"],"picked":"SubcavityInstant:ReiMu","floor":1},{"not_picked":["Luminous:Light_Spectral_Light","SnafuTest:BombDancingStar"],"picked":"ats:Collapsing Strike","floor":3},{"not_picked":["SnafuTest:MCSongOfPeace","SnafuTest:Shooting"],"picked":"PlaceholderMod:FastReaction","floor":4},{"not_picked":["PhosphorusFlame:ReiMu","SnafuTest:ExcessiveLevies"],"picked":"ats:Spore Proliferation","floor":5},{"not_picked":["SnafuTest:MCSuccubusSeduction","SnafuTest:BombNorthernWind"],"picked":"PlaceholderMod:PoisonAbsorb","floor":8},{"not_picked":["SnafuTest:RecklessBlow","SnafuTest:MCSuccubusSeduction"],"picked":"ats:Defend Order","floor":11},{"not_picked":["InherentArray:ReiMu","ats:Cat Scratch"],"picked":"MikOfLucky:ReiMu","floor":12},{"not_picked":["ats:LN2 Cannon","UpKicking:ReiMu"],"picked":"PlaceholderMod:Polyp","floor":13},{"not_picked":["ats:Assault Order","PlaceholderMod:SelectReaction"],"picked":"Luminous:Accumulation_Luminous","floor":14},{"not_picked":["RunawayExorcism:ReiMu","ats:Echo Reverb"],"picked":"SnafuTest:Decapitate","floor":16},{"not_picked":["SnafuTest:BombSamum","ats:Rapid Magazine"],"picked":"UniversalSpiritual:ReiMu","floor":18},{"not_picked":["DoubleButterfly:ReiMu","SnafuTest:ArmoredSortie"],"picked":"Revelation:ReiMu","floor":21},{"not_picked":["PlaceholderMod:PoisonAbsorb","Luminous:Light_Sylvan_Lance"],"picked":"PlaceholderMod:DirectingGroup","floor":23}],"player_experience":87403,"relics_obtained":[{"floor":8,"key":"ats:Originium"},{"floor":8,"key":"ats:Rhine Circuitry"},{"floor":9,"key":"Replay:Mystery Machine"}],"event_choices":[{"damage_healed":0,"gold_gain":0,"player_choice":"Grow","damage_taken":0,"max_hp_gain":0,"max_hp_loss":0,"event_name":"Living Wall","floor":2,"gold_loss":0,"cards_upgraded":["Luminous:Accumulation_Luminous"]},{"damage_healed":0,"gold_gain":0,"player_choice":"Searched \u00272\u0027 times","damage_taken":0,"relics_obtained":["Replay:Baseball"],"max_hp_gain":0,"max_hp_loss":0,"event_name":"Dead Adventurer","floor":12,"gold_loss":0},{"cards_removed":["SnafuTest:CurseRandom"],"damage_healed":0,"gold_gain":0,"player_choice":"Purged","damage_taken":0,"max_hp_gain":0,"max_hp_loss":0,"event_name":"Purifier","floor":20,"gold_loss":0},{"damage_healed":0,"gold_gain":0,"player_choice":"Got Potions","damage_taken":0,"max_hp_gain":0,"max_hp_loss":0,"event_name":"Lab","floor":22,"gold_loss":0}],"is_beta":false,"boss_relics":[{"not_picked":["Replay:Wanted Poster","Busted Crown"],"picked":"Painkiller Herb"}],"items_purged_floors":[],"is_endless":true,"potions_floor_spawned":[4,5,8,12,14,16,18,21,23],"killed_by":"Slavers","ascension_level":20}}