{"host":"f5mjulaw5aqlqmd7","time":1611019767,"event":{"mods":["Act Like it!","BaseMod","Colored Map","GifTheSpireLib","Hallownest","Minty Spire (QoL Compilation)","StSLib","The Bug Knight"],"gold_per_floor":[114,114,114,124,139,139,149,75,75,75,102,102,122,132,132,132,132],"floor_reached":16,"language":"ENG","playtime":1241,"items_purged":[],"score":102,"play_id":"a8ba0ba6-f788-4a55-8fce-23bfaa7ad3f0","local_time":"20210118202927","is_ascension_mode":false,"campfire_choices":[{"data":"HollowMod:VengefulVoid","floor":6,"key":"SMITH"},{"floor":12,"key":"REST"},{"data":"HollowMod:BlackTendrils","floor":15,"key":"SMITH"}],"circlet_count":0,"master_deck":["HollowMod:NailStrikeStart","HollowMod:NailStrikeStart","HollowMod:NailStrikeStart","HollowMod:NailStrikeStart","HollowMod:QuickDashStart","HollowMod:QuickDashStart","HollowMod:QuickDashStart","HollowMod:QuickDashStart","HollowMod:FocusHealStart","HollowMod:PogoStrike","HollowMod:RecoilStrike","HollowMod:HeavyBlow","HollowMod:VengefulVoid+1","HollowMod:BlackTendrils+1","HollowMod:WraithStrike","HollowMod:DoubleDash","HollowMod:DoubleDash"],"relics":["HollowMod:VesselMask","NeowsBlessing","Gremlin Horn","Vajra","Shuriken"],"acts_visited":["Exordium"],"potions_floor_usage":[16,16],"damage_taken":[{"damage":0,"enemies":"2 Louse","floor":1,"turns":1},{"damage":0,"enemies":"Small Slimes","floor":4,"turns":1},{"damage":0,"enemies":"Cultist","floor":5,"turns":1},{"damage":10,"enemies":"Blue Slaver","floor":7,"turns":4},{"damage":28,"enemies":"3 Sentries","floor":11,"turns":7},{"damage":7,"enemies":"Red Slaver","floor":13,"turns":2},{"damage":0,"enemies":"Exordium Thugs","floor":14,"turns":3},{"damage":77,"enemies":"Slime Boss","floor":16,"turns":10}],"seed_played":"-8214506713531044072","potions_obtained":[{"floor":1,"key":"Swift Potion"},{"floor":11,"key":"BlessingOfTheForge"},{"floor":14,"key":"Regen Potion"}],"is_trial":false,"path_per_floor":["M","?","?","M","M","R","M","$","T","?","E","R","M","M","R","B"],"character_chosen":"THE_BUGKNIGHT","items_purchased":["HollowMod:DungDefenderAura"],"campfire_rested":1,"item_purchase_floors":[8],"current_hp_per_floor":[75,75,75,75,75,75,65,65,65,75,47,69,64,66,66,0,0],"gold":132,"neow_bonus":"THREE_ENEMY_KILL","is_daily":false,"chose_seed":false,"campfire_upgraded":2,"win_rate":0.0,"timestamp":1611019767,"path_taken":["M","?","?","M","?","R","M","$","T","?","E","R","M","M","R","BOSS"],"items_purchased_type":["Card"],"build_version":"2020-12-22","purchased_purges":0,"victory":false,"max_hp_per_floor":[75,75,75,75,75,75,75,75,75,75,75,75,75,75,75,75,75],"card_choices":[{"not_picked":["HollowMod:SoulVessel","HollowMod:QuirrelsAssistance"],"picked":"HollowMod:RecoilStrike","floor":1},{"not_picked":["HollowMod:SoulSplash","HollowMod:VengefulSpirit"],"picked":"HollowMod:HeavyBlow","floor":4},{"not_picked":["HollowMod:DashSlash","HollowMod:InfectedCysts"],"picked":"HollowMod:VengefulVoid","floor":5},{"not_picked":["HollowMod:SoulSplash","HollowMod:SiblingsShadow"],"picked":"HollowMod:BlackTendrils","floor":7},{"not_picked":["HollowMod:SoulSplash","HollowMod:InfectedCysts"],"picked":"HollowMod:WraithStrike","floor":11},{"not_picked":["HollowMod:NewJinnsSoul","HollowMod:DashSlash"],"picked":"HollowMod:DoubleDash","floor":13},{"not_picked":["HollowMod:SoulVessel","HollowMod:BaldurShell"],"picked":"HollowMod:DoubleDash","floor":14}],"player_experience":29088,"relics_obtained":[{"floor":9,"key":"Vajra"},{"floor":11,"key":"Shuriken"}],"event_choices":[{"damage_healed":0,"gold_gain":0,"player_choice":"Ignored","damage_taken":0,"max_hp_gain":0,"max_hp_loss":0,"event_name":"Golden Wing","floor":2,"gold_loss":0},{"damage_healed":0,"gold_gain":0,"player_choice":"Gave Potion","damage_taken":0,"relics_obtained":["Gremlin Horn"],"max_hp_gain":0,"max_hp_loss":0,"event_name":"WeMeetAgain","floor":3,"gold_loss":0},{"cards_removed":["HollowMod:DungDefenderAura"],"damage_healed":10,"gold_gain":0,"player_choice":"Offered Uncommon","damage_taken":0,"max_hp_gain":0,"max_hp_loss":0,"event_name":"Bonfire Elementals","floor":10,"gold_loss":0}],"is_beta":false,"boss_relics":[],"items_purged_floors":[],"is_endless":false,"potions_floor_spawned":[1,11,14],"killed_by":"Slime Boss","ascension_level":0}}