{"host":"4bbalj7r5kimsnho","time":1611085426,"event":{"mods":["AchievementEnabler","BaseMod","Colored Powertips","Hermit","Minty Spire (QoL Compilation)","StSLib"],"gold_per_floor":[18,30,46,59,59,91,266,278,278,278,278,295,330,340,340,440,440,450,462,477,334,344,354,354,384,384,401,412,412,429,448,448,548,548,564,574,584,594,612,642,642,670,670,34,34,34],"floor_reached":45,"language":"ENG","playtime":3034,"items_purged":["Doubt"],"score":706,"play_id":"7c194186-a3c7-4b14-986a-0e59cd9240d4","local_time":"20210119194346","is_ascension_mode":true,"campfire_choices":[{"data":"Dualcast","floor":11,"key":"SMITH"},{"data":"Redo","floor":15,"key":"SMITH"},{"data":"Defragment","floor":24,"key":"SMITH"},{"data":"Lockon","floor":32,"key":"SMITH"},{"data":"Go for the Eyes","floor":41,"key":"SMITH"}],"circlet_count":0,"master_deck":["Strike_B","Defend_B","Zap","Dualcast+1","BootSequence","Chill","Streamline","Auto Shields","Defragment+1","All For One","Doom and Gloom","Sweeping Beam","Redo+1","Reboot","Auto Shields+1","Rip and Tear+1","Coolheaded+1","Go for the Eyes+1","Melter","Lockon+1","Beam Cell+1","Seek","Lockon+1","FTL+1","Sadistic Nature+1"],"relics":["Cracked Core","White Beast Statue","Cables","Pantograph","Astrolabe","Meat on the Bone","Frozen Egg 2","Coffee Dripper","Boot","Anchor","Lizard Tail","Strange Spoon"],"acts_visited":["Exordium","TheCity","TheBeyond"],"potions_floor_usage":[6,13,16,22,28,33,33,36,39,42,42],"damage_taken":[{"damage":0,"enemies":"2 Louse","floor":1,"turns":2},{"damage":0,"enemies":"Small Slimes","floor":2,"turns":3},{"damage":4,"enemies":"Cultist","floor":3,"turns":3},{"damage":1,"enemies":"Looter","floor":4,"turns":3},{"damage":10,"enemies":"Lagavulin","floor":6,"turns":6},{"damage":7,"enemies":"Large Slime","floor":8,"turns":5},{"damage":2,"enemies":"2 Fungi Beasts","floor":12,"turns":2},{"damage":0,"enemies":"3 Sentries","floor":13,"turns":6},{"damage":3,"enemies":"Exordium Wildlife","floor":14,"turns":4},{"damage":0,"enemies":"Slime Boss","floor":16,"turns":4},{"damage":2,"enemies":"Chosen","floor":18,"turns":3},{"damage":5,"enemies":"Spheric Guardian","floor":19,"turns":3},{"damage":15,"enemies":"Centurion and Healer","floor":20,"turns":6},{"damage":7,"enemies":"Snecko","floor":22,"turns":6},{"damage":12,"enemies":"Sentry and Sphere","floor":23,"turns":4},{"damage":0,"enemies":"Gremlin Leader","floor":25,"turns":4},{"damage":0,"enemies":"Centurion and Healer","floor":27,"turns":5},{"damage":0,"enemies":"Snake Plant","floor":28,"turns":3},{"damage":20,"enemies":"Shelled Parasite and Fungi","floor":30,"turns":4},{"damage":0,"enemies":"Cultist and Chosen","floor":31,"turns":5},{"damage":10,"enemies":"Champ","floor":33,"turns":7},{"damage":0,"enemies":"Orb Walker","floor":35,"turns":3},{"damage":1,"enemies":"3 Shapes","floor":36,"turns":4},{"damage":0,"enemies":"Maw","floor":37,"turns":6},{"damage":0,"enemies":"Jaw Worm Horde","floor":38,"turns":5},{"damage":4,"enemies":"4 Shapes","floor":39,"turns":3},{"damage":41,"enemies":"Nemesis","floor":40,"turns":7},{"damage":42,"enemies":"Giant Head","floor":42,"turns":8},{"damage":93,"enemies":"Writhing Mass","floor":45,"turns":4}],"seed_played":"-579682505648400974","potions_obtained":[{"floor":1,"key":"FocusPotion"},{"floor":2,"key":"FearPotion"},{"floor":8,"key":"Block Potion"},{"floor":12,"key":"EssenceOfSteel"},{"floor":13,"key":"SkillPotion"},{"floor":16,"key":"SneckoOil"},{"floor":18,"key":"DuplicationPotion"},{"floor":22,"key":"BlessingOfTheForge"},{"floor":23,"key":"PowerPotion"},{"floor":28,"key":"Dexterity Potion"},{"floor":30,"key":"FocusPotion"},{"floor":33,"key":"Block Potion"},{"floor":35,"key":"Dexterity Potion"},{"floor":36,"key":"Regen Potion"},{"floor":39,"key":"CultistPotion"},{"floor":40,"key":"EssenceOfDarkness"},{"floor":42,"key":"Strength Potion"}],"is_trial":false,"path_per_floor":["M","M","M","M","$","E","?","M","T","?","R","M","E","M","R","B",null,"M","M","M","$","M","M","R","E","T","M","M","?","M","M","R","B",null,"M","M","M","M","M","E","R","E","T","$","M"],"character_chosen":"DEFECT","items_purchased":["Melter","Lizard Tail","Sadistic Nature+1","Strange Spoon"],"campfire_rested":0,"item_purchase_floors":[21,44,44,44],"current_hp_per_floor":[75,75,71,70,70,60,60,53,53,53,53,51,51,48,48,73,75,73,68,53,53,46,34,34,34,34,46,46,40,32,44,44,59,75,75,74,74,74,70,41,41,20,20,20,0,0],"gold":34,"neow_bonus":"TRANSFORM_TWO_CARDS","is_daily":false,"chose_seed":false,"campfire_upgraded":5,"win_rate":0.0,"timestamp":1611085426,"path_taken":["M","M","M","M","$","E","?","M","T","?","R","M","E","M","R","BOSS","M","M","M","$","M","M","R","E","T","M","M","?","M","M","R","BOSS","M","M","M","M","M","E","R","E","T","$","?"],"items_purchased_type":["Card","Relic","Card","Relic"],"build_version":"2020-12-22","purchased_purges":1,"victory":false,"max_hp_per_floor":[75,75,75,75,75,75,75,75,75,75,75,75,75,75,75,75,75,75,75,75,75,75,75,75,75,75,75,75,75,75,75,75,75,75,75,75,75,75,75,75,75,75,75,75,75,75],"card_choices":[{"not_picked":["Fusion","Beam Cell"],"picked":"Streamline","floor":1},{"not_picked":["Stack","Hologram"],"picked":"Auto Shields","floor":2},{"not_picked":["Hologram","Undo"],"picked":"Defragment","floor":3},{"not_picked":["Coolheaded","Stack"],"picked":"All For One","floor":4},{"not_picked":["Turbo","Sunder"],"picked":"Doom and Gloom","floor":6},{"not_picked":["Barrage","Streamline"],"picked":"Sweeping Beam","floor":8},{"not_picked":["Barrage","Stack"],"picked":"Redo","floor":12},{"not_picked":["Biased Cognition","Tempest","Barrage"],"picked":"SKIP","floor":13},{"not_picked":["Blizzard","Hologram","Chill"],"picked":"SKIP","floor":14},{"not_picked":["Echo Form","Meteor Strike"],"picked":"Reboot","floor":16},{"not_picked":["Static Discharge","Turbo+1"],"picked":"Go for the Eyes","floor":18},{"not_picked":["Go for the Eyes","Streamline","Heatsinks"],"picked":"SKIP","floor":19},{"not_picked":["Auto Shields","Aggregate","BootSequence"],"picked":"SKIP","floor":20},{"not_picked":["Heatsinks","Steam"],"picked":"Lockon","floor":22},{"not_picked":["Turbo","Sweeping Beam"],"picked":"Beam Cell+1","floor":23},{"not_picked":["Go for the Eyes","Beam Cell+1","Heatsinks"],"picked":"SKIP","floor":25},{"not_picked":["Fission","Redo","Rebound"],"picked":"SKIP","floor":27},{"not_picked":["Capacitor+1","Gash","Scrape"],"picked":"SKIP","floor":28},{"not_picked":["Leap","Recycle","Go for the Eyes+1"],"picked":"SKIP","floor":30},{"not_picked":["Gash","Compile Driver","Blizzard"],"picked":"SKIP","floor":31},{"not_picked":["Fission","Creative AI+1"],"picked":"Seek","floor":33},{"not_picked":["Leap","Coolheaded"],"picked":"Lockon+1","floor":35},{"not_picked":["Recycle+1","Streamline+1"],"picked":"FTL+1","floor":36},{"not_picked":["Beam Cell","Static Discharge+1","Compile Driver"],"picked":"SKIP","floor":37},{"not_picked":["Conserve Battery+1","Sunder+1","Go for the Eyes+1"],"picked":"SKIP","floor":38},{"not_picked":["Barrage","Rebound+1","Beam Cell"],"picked":"SKIP","floor":39},{"not_picked":["Conserve Battery+1","Gash","Recycle"],"picked":"SKIP","floor":40},{"not_picked":["Go for the Eyes","Ball Lightning","Compile Driver"],"picked":"SKIP","floor":42}],"player_experience":99978,"relics_obtained":[{"floor":6,"key":"White Beast Statue"},{"floor":9,"key":"Cables"},{"floor":13,"key":"Pantograph"},{"floor":25,"key":"Meat on the Bone"},{"floor":26,"key":"Frozen Egg 2"},{"floor":40,"key":"Boot"},{"floor":42,"key":"Anchor"}],"event_choices":[{"damage_healed":0,"gold_gain":175,"player_choice":"AGREE","damage_taken":0,"max_hp_gain":0,"max_hp_loss":0,"event_name":"Liars Game","floor":7,"gold_loss":0,"cards_obtained":["Doubt"]},{"cards_removed":["Defend_B"],"damage_healed":0,"gold_gain":0,"player_choice":"Forget","damage_taken":0,"max_hp_gain":0,"max_hp_loss":0,"event_name":"Living Wall","floor":10,"gold_loss":0},{"damage_healed":0,"gold_gain":0,"player_choice":"","damage_taken":6,"max_hp_gain":0,"max_hp_loss":0,"event_name":"Knowing Skull","floor":29,"potions_obtained":[],"gold_loss":0,"cards_obtained":[]}],"is_beta":false,"boss_relics":[{"not_picked":["Black Star","Cursed Key"],"picked":"Astrolabe"},{"not_picked":["Empty Cage","Velvet Choker"],"picked":"Coffee Dripper"}],"items_purged_floors":[21],"is_endless":false,"potions_floor_spawned":[1,2,8,12,13,14,16,18,19,20,22,23,25,27,28,30,31,33,35,36,37,38,39,40,42],"killed_by":"Writhing Mass","ascension_level":2}}