{"host":"nnxvcju6x1qybncj","time":1611057765,"event":{"mods":["BaseMod","Block Reminder","Curses Come First","Custom Start","Dark Map","Displayed Cursed Tome","Downfall","Evolution","Jorbs\u0027s Wanderer Trilogy","Minty Spire (QoL Compilation)","Quick Restart","Relic Stats","StSLib"],"gold_per_floor":[116,116,130,142,161,161,161,161],"floor_reached":7,"language":"ENG","playtime":328,"items_purged":[],"score":130,"play_id":"8f9dbd46-d383-49bf-9319-a4c55b7aa4e9","local_time":"20210119130245","is_ascension_mode":true,"campfire_choices":[{"floor":6,"key":"REST"}],"circlet_count":0,"master_deck":["Impervious+1","Impervious+1","Impervious+1","Impervious+1","Shrug It Off+1","Shrug It Off+1","Shrug It Off+1","Entrench+1","Entrench+1","Juggernaut+1","Metallicize+1","Metallicize+1","Juggernaut+1","Barricade+1","Metallicize+1","Metallicize+1","Metallicize+1","Metallicize+1","Metallicize+1","Metallicize+1"],"relics":["Burning Blood","EVO:Axolotl","Bronze Scales","Busted Crown","Mummified Hand","Anchor"],"acts_visited":["Exordium"],"potions_floor_usage":[],"damage_taken":[{"damage":0,"enemies":"Jaw Worm","floor":1,"turns":4},{"damage":0,"enemies":"Cultist","floor":3,"turns":4},{"damage":0,"enemies":"2 Louse","floor":4,"turns":3},{"damage":0,"enemies":"Exordium Thugs","floor":5,"turns":4},{"damage":0,"enemies":"3 Sentries","floor":7,"turns":4}],"seed_played":"699373048699378498","potions_obtained":[{"floor":1,"key":"AttackPotion"},{"floor":4,"key":"Block Potion"}],"is_trial":true,"path_per_floor":["M","?","M","M","M","R","E"],"character_chosen":"IRONCLAD","items_purchased":[],"campfire_rested":1,"item_purchase_floors":[],"current_hp_per_floor":[74,74,75,75,75,75,75,75],"gold":161,"neow_bonus":"","is_daily":false,"chose_seed":false,"campfire_upgraded":0,"win_rate":0.0,"timestamp":1611057765,"path_taken":["M","?","?","M","M","R","E"],"items_purchased_type":[],"build_version":"2020-12-22","purchased_purges":0,"victory":false,"max_hp_per_floor":[75,75,75,75,75,75,75,75],"relic_stats":{"Busted Crown":8,"counters":[5,19],"Mummified Hand":[55],"Bronze Scales":[46],"obtain_stats":[{"Anchor":0,"Busted Crown":0,"Mummified Hand":0,"Bronze Scales":0,"EVO:Axolotl":0,"Burning Blood":0},{"Anchor":0,"Busted Crown":0,"Mummified Hand":0,"Bronze Scales":0,"EVO:Axolotl":0,"Burning Blood":0},{"Anchor":0,"Busted Crown":0,"Mummified Hand":0,"Bronze Scales":0,"EVO:Axolotl":0,"Burning Blood":0}],"Burning Blood":7},"card_choices":[{"not_picked":["Spot Weakness"],"picked":"SKIP","floor":1},{"not_picked":["Wild Strike"],"picked":"SKIP","floor":3},{"not_picked":["Ghostly Armor"],"picked":"SKIP","floor":4},{"not_picked":["Headbutt"],"picked":"SKIP","floor":5}],"player_experience":693791,"relics_obtained":[],"event_choices":[{"damage_healed":0,"gold_gain":0,"player_choice":"Ignored","damage_taken":0,"max_hp_gain":0,"max_hp_loss":0,"event_name":"Upgrade Shrine","floor":2,"gold_loss":0}],"is_beta":false,"boss_relics":[],"items_purged_floors":[],"is_endless":false,"potions_floor_spawned":[1,4],"killed_by":"3 Sentries","ascension_level":17}}