{"host":"p7cjtxxrilhp4dw7","time":1611038908,"event":{"mods":["BaseMod","Block Reminder","Colored Map","Highlight Path","Minty Spire (QoL Compilation)","Replay The Spire","StSLib","The Hierophant"],"gold_per_floor":[118,68,68,88,98,127,145,145,145,171,171,171,96,96,96,215,215,230,230,230,255,181,220,235,260,260,260,274,308,308,54,54,179,179,198,0,60,80,93,93,127,152,152,152,166,190,190,46,46,46,46,46,12,50,50,50],"floor_reached":55,"language":"ENG","playtime":6633,"items_purged":["Injury"],"score":1080,"play_id":"75e0894b-a7e1-405b-b735-6d8f9312d6d6","local_time":"20210118234828","is_ascension_mode":true,"campfire_choices":[{"floor":8.0,"key":"REST"},{"floor":11.0,"key":"RECALL"},{"data":"Sucker Punch","floor":15.0,"key":"SMITH"},{"floor":27,"key":"REST"},{"floor":30,"key":"REST"},{"floor":32,"key":"DIG"},{"floor":40,"key":"REST"},{"data":"Languid","floor":44,"key":"PURGE"},{"floor":47,"key":"REST"},{"data":"A Thousand Cuts","floor":49,"key":"SMITH"},{"data":"Burst","floor":52,"key":"SMITH"}],"circlet_count":0,"master_deck":["Strike_G","Strike_G","Strike_G","Strike_G","Defend_G","Defend_G","Defend_G+1","Survivor+1","Neutralize","Venomology","Sucker Punch+1","Die Die Die","Slice","Unload","Leg Sweep+1","Die Die Die","Noxious Fumes+1","Catalyst+1","Deadly Poison+1","Bane","Burst+1","Terror+1","Sneak Up+1","Slice+1","A Thousand Cuts+1","Quick Slash+1","Backflip+1","Bane+1","Poisoned Stab+1"],"relics":["Ring of the Snake","Nunchaku","Bronze Scales","HornCleat","Golden Idol","SacredBark","Ice Cream","Letter Opener","Toy Ornithopter","Eternal Feather","Pen Nib","Cursed Key","Red Mask","Peace Pipe","Pear","Boot","War Paint"],"acts_visited":["TheCity","TheBeyond","TheEnding"],"potions_floor_usage":[25,29,33,33,35,41,45,46,50,50,50,50,50,50,54,55,55],"damage_taken":[{"damage":0.0,"enemies":"2 Louse","floor":1.0,"turns":3.0},{"damage":0.0,"enemies":"Cultist","floor":4.0,"turns":4.0},{"damage":1.0,"enemies":"Jaw Worm","floor":5.0,"turns":4.0},{"damage":14.0,"enemies":"3 Sentries","floor":6.0,"turns":6.0},{"damage":0.0,"enemies":"2 Fungi Beasts","floor":7.0,"turns":3.0},{"damage":2.0,"enemies":"Gremlin Nob","floor":10.0,"turns":3.0},{"damage":18.0,"enemies":"The Guardian","floor":16.0,"turns":17.0},{"damage":9.0,"enemies":"Chosen","floor":18.0,"turns":5.0},{"damage":0.0,"enemies":"3 Byrds","floor":21.0,"turns":2.0},{"damage":0.0,"enemies":"Gremlin Leader","floor":23.0,"turns":6.0},{"damage":12,"enemies":"Centurion and Healer","floor":24,"turns":7},{"damage":13,"enemies":"Sentry and Sphere","floor":25,"turns":4},{"damage":12,"enemies":"Snecko","floor":28,"turns":5},{"damage":8,"enemies":"Book of Stabbing","floor":29,"turns":5},{"damage":47,"enemies":"Pondfish","floor":33,"turns":9},{"damage":0,"enemies":"Orb Walker","floor":35,"turns":3},{"damage":21,"enemies":"2 Orb Walkers","floor":37,"turns":4},{"damage":8,"enemies":"3 Darklings","floor":38,"turns":5},{"damage":3,"enemies":"Jaw Worm Horde","floor":39,"turns":4},{"damage":38,"enemies":"R_Hoarder","floor":41,"turns":6},{"damage":0,"enemies":"Transient","floor":42,"turns":5},{"damage":11,"enemies":"Maw","floor":45,"turns":6},{"damage":17,"enemies":"Writhing Mass","floor":46,"turns":4},{"damage":66,"enemies":"Replay:Hell Engine","floor":50,"turns":8},{"damage":76,"enemies":"Shield and Spear","floor":54,"turns":7},{"damage":41,"enemies":"The Heart","floor":55,"turns":2}],"seed_played":"495367596394343309","potions_obtained":[{"floor":5.0,"key":"DuplicationPotion"},{"floor":7.0,"key":"Fire Potion"},{"floor":16.0,"key":"DuplicationPotion"},{"floor":23.0,"key":"LifebloodPotion"},{"floor":33,"key":"Elixir"},{"floor":41,"key":"Fire Potion"},{"floor":45,"key":"Dexterity Potion"}],"is_trial":false,"path_per_floor":["M","?","?","M","M","E","M","R","T","E","R","?","$","$","R","B",null,"M","$","?","M","$","E","M","M","T","R","M","E","R","$","R_BF","B",null,"M","?","?","M","M","R","E","M","T","R","M","M","R","$","R","B",null,"R","$","E","B"],"character_chosen":"THE_SILENT","items_purchased":["Toxic Potion","Eternal Feather","Boot","Poisoned Stab+1"],"campfire_rested":5,"item_purchase_floors":[22,31,48,53],"current_hp_per_floor":[63,63,63,63,62,48,48,69,69,67,67,67,67,67,67,49,65,56,56,56,56,56,56,44,31,31,52,40,32,53,53,65,28,60,65,65,44,36,33,66,43,43,43,58,52,40,79,79,80,39,70,80,80,4,0,0],"gold":50,"neow_bonus":"TRANSFORM_CARD","is_daily":false,"chose_seed":false,"campfire_upgraded":3,"win_rate":0.0,"timestamp":1611038908,"path_taken":["M","?","?","M","M","E","?","R","T","E","R","?","?","$","R","BOSS","M","$","?","M","$","E","?","M","T","R","M","E","R","$","R_BF","BOSS","M","?","?","?","M","R","E","M","T","R","M","M","R","$","R","BOSS","R","$","E","BOSS"],"items_purchased_type":["Potion","Relic","Relic","Card"],"build_version":"2020-12-22","purchased_purges":1,"victory":false,"max_hp_per_floor":[70,70,70,70,70,70,70,70,70,70,70,70,70,70,70,70,70,70,70,70,70,70,70,70,70,70,70,70,70,70,70,70,70,70,70,70,70,70,70,70,80,80,80,80,80,80,80,80,80,80,80,80,80,80,80,80],"card_choices":[{"not_picked":["Deadly Poison","Blade Dance"],"picked":"Sucker Punch","floor":1.0},{"not_picked":["Poisoned Stab","Cloak And Dagger"],"picked":"Die Die Die","floor":4.0},{"not_picked":["Outmaneuver","Acrobatics","Blade Dance"],"picked":"SKIP","floor":5.0},{"not_picked":["Accuracy","Reflex","Dagger Throw"],"picked":"SKIP","floor":6.0},{"not_picked":["Grand Finale","Hidden Blade"],"picked":"Slice","floor":7.0},{"not_picked":["Backflip","Deflect","Tools of the Trade"],"picked":"SKIP","floor":10.0},{"not_picked":["Tools of the Trade","Wraith Form v2"],"picked":"Unload","floor":16.0},{"not_picked":["Quick Slash+1","Outmaneuver"],"picked":"Leg Sweep+1","floor":18.0},{"not_picked":["PiercingWail","Outmaneuver+1"],"picked":"Noxious Fumes+1","floor":21.0},{"not_picked":["Finisher","Setup"],"picked":"Catalyst+1","floor":23.0},{"not_picked":["Burst","Quick Slash"],"picked":"Deadly Poison+1","floor":24},{"not_picked":["Well Laid Plans","Deflect","Deadly Poison"],"picked":"SKIP","floor":25},{"not_picked":["Well Laid Plans+1","Dagger Spray"],"picked":"Bane","floor":28},{"not_picked":["Accuracy","Finisher","Predator"],"picked":"SKIP","floor":29},{"not_picked":["Malaise","Corpse Explosion"],"picked":"Burst","floor":33},{"not_picked":["Bane","PiercingWail+1"],"picked":"Terror+1","floor":35},{"not_picked":["Bane","Hidden Blade+1"],"picked":"Sneak Up+1","floor":38},{"not_picked":["Skewer","PiercingWail"],"picked":"Slice+1","floor":39},{"not_picked":["Acrobatics","Underhanded Strike+1"],"picked":"A Thousand Cuts","floor":41},{"not_picked":["PiercingWail+1","Sucker Punch+1"],"picked":"Quick Slash+1","floor":42},{"not_picked":["Outmaneuver+1","Acrobatics"],"picked":"Backflip+1","floor":45},{"not_picked":["Predator","Poisoned Stab"],"picked":"Bane+1","floor":46},{"not_picked":["Bane","Concentrate","ReplayTheSpireMod:Shiv Toss"],"picked":"SKIP","floor":54}],"player_experience":503830,"relics_obtained":[{"floor":6.0,"key":"Nunchaku"},{"floor":9.0,"key":"Bronze Scales"},{"floor":10.0,"key":"HornCleat"},{"floor":23.0,"key":"Ice Cream"},{"floor":26,"key":"Letter Opener"},{"floor":29,"key":"Toy Ornithopter"},{"floor":32,"key":"Pen Nib"},{"floor":37,"key":"Peace Pipe"},{"floor":41,"key":"Pear"},{"floor":54,"key":"War Paint"}],"event_choices":[{"cards_removed":["Defend_G"],"damage_healed":0.0,"max_hp_gain":0.0,"max_hp_loss":0.0,"gold_gain":0.0,"event_name":"The Cleric","player_choice":"Card Removal","floor":2.0,"gold_loss":50.0,"damage_taken":0.0},{"cards_removed":["Defend_G"],"damage_healed":0.0,"max_hp_gain":0.0,"max_hp_loss":0.0,"gold_gain":0.0,"event_name":"Purifier","player_choice":"Purged","floor":3.0,"gold_loss":0.0,"damage_taken":0.0},{"damage_healed":0.0,"max_hp_gain":0.0,"max_hp_loss":0.0,"gold_gain":0.0,"event_name":"Golden Idol","player_choice":"Take Wound","floor":12.0,"gold_loss":0.0,"damage_taken":0.0,"relics_obtained":["Golden Idol"],"cards_obtained":["Injury"]},{"damage_healed":0.0,"max_hp_gain":0.0,"max_hp_loss":0.0,"gold_gain":0.0,"event_name":"Duplicator","player_choice":"Copied","floor":20.0,"gold_loss":0.0,"damage_taken":0.0,"cards_obtained":["Die Die Die"]},{"damage_healed":0,"gold_gain":0,"player_choice":"Paid","damage_taken":0,"relics_obtained":["Red Mask"],"max_hp_gain":0,"max_hp_loss":0,"event_name":"Tomb of Lord Red Mask","floor":36,"gold_loss":198},{"damage_healed":0,"gold_gain":0,"player_choice":"Fight","damage_taken":0,"max_hp_gain":0,"max_hp_loss":0,"event_name":"Mysterious Sphere","floor":37,"gold_loss":0}],"is_beta":false,"boss_relics":[{"not_picked":["Pandora\u0027s Box","Ring of the Serpent"],"picked":"SacredBark"},{"not_picked":["Philosopher\u0027s Stone","Runic Dome"],"picked":"Cursed Key"}],"items_purged_floors":[13],"is_endless":false,"potions_floor_spawned":[5,7,16,23,28,33,37,41,45],"killed_by":"The Heart","ascension_level":9}}