{"host":"lnt5dzsuhru0aonl","time":1611054663,"event":{"mods":["2.2 Compatiblity","BaseMod","Colored Map","Colored Powertips","DeckTracker","Keyboard Shortcuts","Minty Spire (QoL Compilation)","Permanent Neow","StSLib","SuperFastMode","everything is the same but u backflip on backflip"],"gold_per_floor":[119,135,145,145,164,164,164],"floor_reached":6,"language":"KOR","playtime":214,"items_purged":[],"score":76,"play_id":"e3c22370-d675-4bf2-8690-3f62bc93c979","local_time":"20210119201103","is_ascension_mode":true,"campfire_choices":[],"circlet_count":0,"master_deck":["AscendersBane","Strike_B","Strike_B","Strike_B","Strike_B","Defend_B","Defend_B","Defend_B","Defend_B","Zap","Dualcast","Panache","Glacier","Coolheaded","Fusion","Genetic Algorithm"],"relics":["Cracked Core"],"acts_visited":["Exordium"],"potions_floor_usage":[6,6],"damage_taken":[{"damage":2,"enemies":"Cultist","floor":1,"turns":4},{"damage":1,"enemies":"Small Slimes","floor":2,"turns":4},{"damage":0,"enemies":"Jaw Worm","floor":3,"turns":7},{"damage":0,"enemies":"Red Slaver","floor":5,"turns":5},{"damage":66,"enemies":"Gremlin Nob","floor":6,"turns":5}],"seed_played":"7738960692092805175","potions_obtained":[{"floor":1,"key":"EntropicBrew"},{"floor":2,"key":"SmokeBomb"},{"floor":5,"key":"EssenceOfSteel"}],"is_trial":false,"path_per_floor":["M","M","M","?","M","E"],"character_chosen":"DEFECT","items_purchased":[],"campfire_rested":0,"item_purchase_floors":[],"current_hp_per_floor":[62,61,61,61,61,0,0],"gold":164,"neow_bonus":"RANDOM_COLORLESS_2","is_daily":false,"chose_seed":false,"campfire_upgraded":0,"win_rate":0.0,"timestamp":1611054663,"path_taken":["M","?","M","?","?","E"],"items_purchased_type":[],"build_version":"2020-12-22","purchased_purges":0,"victory":false,"max_hp_per_floor":[64,64,64,64,64,64,64],"card_choices":[{"not_picked":["Chrysalis","Secret Technique"],"picked":"Panache","floor":0},{"not_picked":["Sweeping Beam","Leap"],"picked":"Glacier","floor":1},{"not_picked":["Tempest","Reprogram"],"picked":"Coolheaded","floor":2},{"not_picked":["Leap","Redo"],"picked":"Fusion","floor":3},{"not_picked":["Streamline","Leap"],"picked":"Genetic Algorithm","floor":5}],"player_experience":700387,"relics_obtained":[],"event_choices":[{"damage_healed":0,"gold_gain":0,"player_choice":"0 cards matched","damage_taken":0,"max_hp_gain":0,"max_hp_loss":0,"event_name":"Match and Keep!","floor":4,"gold_loss":0,"cards_obtained":[]}],"is_beta":false,"boss_relics":[],"items_purged_floors":[],"is_endless":false,"potions_floor_spawned":[1,2,5],"killed_by":"Gremlin Nob","ascension_level":20}}