{"host":"q50ttuv713gicbhz","time":1611037872,"event":{"mods":["AchievementEnabler","BaseMod","Minty Spire (QoL Compilation)"],"gold_per_floor":[112,123,138,138,155,187,201,231,256,276,276,289,289,303,303,404,404,414,414,428,439,288,288,288],"floor_reached":23,"language":"ENG","playtime":1998,"items_purged":["Strike_B"],"score":207,"play_id":"ff90966b-1262-4360-ad76-12fae7a377a7","local_time":"20210119083112","is_ascension_mode":false,"campfire_choices":[{"data":"Hologram","floor":11,"key":"SMITH"},{"floor":13,"key":"REST"},{"data":"Capacitor","floor":15,"key":"SMITH"}],"circlet_count":0,"master_deck":["Strike_B","Strike_B","Defend_B","Defend_B","Defend_B","Defend_B","Zap","Dualcast","Beam Cell","Hologram+1","Capacitor+1","Go for the Eyes","Biased Cognition","Coolheaded","Ball Lightning","Conserve Battery","Auto Shields","Cold Snap","Heatsinks","Thunder Strike","Loop+1","Storm","Hologram+1","Skim"],"relics":["Cracked Core","Dream Catcher","Bottled Tornado","Eternal Feather","Tiny Chest","Philosopher\u0027s Stone","NlothsMask"],"acts_visited":["Exordium","TheCity"],"potions_floor_usage":[14,16],"damage_taken":[{"damage":0,"enemies":"Cultist","floor":1,"turns":4},{"damage":5,"enemies":"Small Slimes","floor":2,"turns":3},{"damage":1,"enemies":"2 Louse","floor":3,"turns":2},{"damage":4,"enemies":"Red Slaver","floor":5,"turns":2},{"damage":29,"enemies":"3 Sentries","floor":6,"turns":6},{"damage":4,"enemies":"Looter","floor":7,"turns":3},{"damage":12,"enemies":"Lagavulin","floor":8,"turns":6},{"damage":6,"enemies":"Exordium Wildlife","floor":10,"turns":3},{"damage":8,"enemies":"2 Fungi Beasts","floor":12,"turns":3},{"damage":15,"enemies":"Exordium Thugs","floor":14,"turns":4},{"damage":35,"enemies":"The Guardian","floor":16,"turns":14},{"damage":3,"enemies":"Shell Parasite","floor":18,"turns":6},{"damage":11,"enemies":"Spheric Guardian","floor":20,"turns":5},{"damage":26,"enemies":"Snake Plant","floor":21,"turns":4},{"damage":39,"enemies":"Gremlin Leader","floor":23,"turns":3}],"seed_played":"-713921097552644518","potions_obtained":[{"floor":6,"key":"LiquidMemories"},{"floor":7,"key":"AttackPotion"},{"floor":8,"key":"LiquidBronze"},{"floor":12,"key":"Dexterity Potion"},{"floor":14,"key":"DuplicationPotion"},{"floor":18,"key":"Explosive Potion"}],"is_trial":false,"path_per_floor":["M","M","M","?","M","E","M","E","T","M","R","M","R","M","R","B",null,"M","?","M","M","$","E"],"character_chosen":"DEFECT","items_purchased":["Skim"],"campfire_rested":1,"item_purchase_floors":[22],"current_hp_per_floor":[75,70,69,69,65,36,32,20,20,14,23,15,46,31,43,8,75,72,72,61,35,35,0,0],"gold":288,"neow_bonus":"RANDOM_COMMON_RELIC","is_daily":false,"chose_seed":false,"campfire_upgraded":2,"win_rate":0.0,"timestamp":1611037872,"path_taken":["M","M","?","?","?","E","M","E","T","M","R","M","R","M","R","BOSS","M","?","?","M","$","E"],"items_purchased_type":["Card"],"build_version":"2020-12-22","purchased_purges":1,"victory":false,"max_hp_per_floor":[75,75,75,75,75,75,75,75,75,75,75,75,75,75,75,75,75,75,75,75,75,75,75,75],"card_choices":[{"not_picked":["Turbo","Chaos"],"picked":"Beam Cell","floor":1},{"not_picked":["Sweeping Beam","Streamline"],"picked":"Hologram","floor":2},{"not_picked":["BootSequence","Turbo"],"picked":"Capacitor","floor":3},{"not_picked":["Hello World","Undo"],"picked":"Biased Cognition","floor":5},{"not_picked":["Undo","Gash"],"picked":"Coolheaded","floor":6},{"not_picked":["Blizzard","Redo"],"picked":"Ball Lightning","floor":7},{"not_picked":["Go for the Eyes","Turbo"],"picked":"Conserve Battery","floor":8},{"not_picked":["Redo","Barrage"],"picked":"Auto Shields","floor":10},{"not_picked":["Lockon","FTL"],"picked":"Cold Snap","floor":12},{"not_picked":["Reinforced Body","Beam Cell"],"picked":"Heatsinks","floor":13},{"not_picked":["Compile Driver","Ball Lightning","FTL"],"picked":"SKIP","floor":14},{"not_picked":["Core Surge","Buffer"],"picked":"Thunder Strike","floor":16},{"not_picked":["Reinforced Body","Compile Driver+1"],"picked":"Loop+1","floor":18},{"not_picked":["Auto Shields","Recycle"],"picked":"Storm","floor":20},{"not_picked":["Go for the Eyes","BootSequence+1"],"picked":"Hologram+1","floor":21}],"player_experience":106052,"relics_obtained":[{"floor":6,"key":"Bottled Tornado"},{"floor":8,"key":"Eternal Feather"},{"floor":9,"key":"Tiny Chest"}],"event_choices":[{"damage_healed":0,"gold_gain":0,"cards_transformed":["Strike_B"],"player_choice":"Transformed","damage_taken":0,"max_hp_gain":0,"max_hp_loss":0,"event_name":"Transmorgrifier","floor":4,"gold_loss":0,"cards_obtained":["Go for the Eyes"]},{"damage_healed":0,"gold_gain":0,"player_choice":"Trade","damage_taken":0,"relics_obtained":["NlothsMask"],"max_hp_gain":0,"max_hp_loss":0,"event_name":"FaceTrader","floor":19,"gold_loss":0}],"is_beta":false,"boss_relics":[{"not_picked":["Astrolabe","Empty Cage"],"picked":"Philosopher\u0027s Stone"}],"items_purged_floors":[22],"is_endless":false,"potions_floor_spawned":[6,7,8,12,14,18],"killed_by":"Gremlin Leader","ascension_level":0}}