{"host":"abdxwahegzejqccj","time":1611014653,"event":{"mods":["BaseMod","Better Note","BetterRewards","Colored Powertips","Downfall","Hermit","Minty Spire (QoL Compilation)","StSLib","The Cursed"],"gold_per_floor":[99,110,130,130,130,144,168,68,78,353,373,393,1,34,48,151,151,151,165,55,68,68,83,135,135,35,46,66,346,346,346,360,360,360],"floor_reached":33,"language":"ENG","playtime":2057,"items_purged":["Regret","bronze:Strike"],"score":301,"play_id":"7dd65c03-4297-4cb6-96a1-9f5134b0738b","local_time":"20210119110413","is_ascension_mode":false,"campfire_choices":[{"floor":1.0,"key":"RECALL"},{"data":"bronze:Invalidate","floor":8.0,"key":"SMITH"},{"data":"bronze:HyperBeam","floor":18.0,"key":"SMITH"},{"data":"Apotheosis","floor":26,"key":"SMITH"},{"data":"bronze:Repulsor","floor":30,"key":"SMITH"}],"circlet_count":0,"master_deck":["bronze:Strike","bronze:Strike","bronze:Strike","bronze:Defend","bronze:Defend","bronze:Defend","bronze:Defend","bronze:Replicate","bronze:Goto","bronze:DelayedGuard","bronze:Invalidate+1","bronze:OilSpill","bronze:FineTuning","bronze:WildBeam","bronze:WhirlingStrike","bronze:HyperBeam+1","bronze:ChosenStrike+1","bronze:Repair","bronze:Branch+1","bronze:Deprecate","bronze:DelayedSlice","bronze:ThunderWave","bronze:ChildClass+1","Apotheosis+1","bronze:Flail","champ:ShieldWall+1","bronze:ItsAFeature","bronze:Repulsor+1","downfall:Bewildered"],"relics":["bronze:BronzeCore","downfall:HeartBlessingRed","Membership Card","Matryoshka","FossilizedHelix","Philosopher\u0027s Stone","Whetstone","Letter Opener","Blood Vial","Pen Nib","downfall:HeartBlessingBlue","sneckomod:BabySnecko"],"acts_visited":["Exordium","TheCity"],"potions_floor_usage":[28,33,33],"damage_taken":[{"damage":4.0,"enemies":"2 Louse","floor":2.0,"turns":3.0},{"damage":5.0,"enemies":"Small Slimes","floor":3.0,"turns":4.0},{"damage":0.0,"enemies":"Cultist","floor":5.0,"turns":1.0},{"damage":10.0,"enemies":"Red Slaver","floor":6.0,"turns":3.0},{"damage":7.0,"enemies":"3 Louse","floor":9.0,"turns":3.0},{"damage":0.0,"enemies":"Exordium Wildlife","floor":11.0,"turns":2.0},{"damage":4.0,"enemies":"Exordium Thugs","floor":12.0,"turns":3.0},{"damage":2.0,"enemies":"downfall:FleeingMerchant","floor":13.0,"turns":4.0},{"damage":12.0,"enemies":"Lagavulin","floor":14.0,"turns":6.0},{"damage":0.0,"enemies":"Exordium Wildlife","floor":15.0,"turns":2.0},{"damage":41.0,"enemies":"DF_ARCHETYPE_STREAMLINE","floor":16.0,"turns":11.0},{"damage":0.0,"enemies":"Shell Parasite","floor":19.0,"turns":3.0},{"damage":12.0,"enemies":"downfall:FleeingMerchant","floor":20.0,"turns":4.0},{"damage":16.0,"enemies":"3 Byrds","floor":21.0,"turns":5.0},{"damage":21,"enemies":"Centurion and Healer","floor":23,"turns":4},{"damage":5,"enemies":"3 Cultists","floor":27,"turns":3},{"damage":0,"enemies":"Snecko","floor":28,"turns":3},{"damage":10,"enemies":"downfall:FleeingMerchant","floor":29,"turns":4},{"damage":0,"enemies":"Cultist and Chosen","floor":32,"turns":2},{"damage":40,"enemies":"SI_MIRROR_ARCHETYPE","floor":33,"turns":8}],"seed_played":"4234461109669722886","potions_obtained":[{"floor":6.0,"key":"SpeedPotion"},{"floor":11.0,"key":"DistilledChaos"},{"floor":16.0,"key":"BlessingOfTheForge"},{"floor":23,"key":"Swift Potion"},{"floor":27,"key":"DuplicationPotion"},{"floor":28,"key":"Fire Potion"}],"is_trial":false,"path_per_floor":["R","M","M","?","M","M","T","R","M","?","M","M","$","E","M","B",null,"R","M","$","M","T","M","T","?","R","M","M","$","R","?","M","B"],"character_chosen":"THE_AUTOMATON","items_purchased":["Membership Card","bronze:Repair","bronze:Branch","Matryoshka","Apotheosis"],"campfire_rested":0,"item_purchase_floors":[13,13,13,13,20],"current_hp_per_floor":[77,73,68,68,68,58,58,58,51,51,51,47,45,40,40,6,77,77,77,65,49,49,28,28,28,38,35,37,29,29,29,31,0,0],"gold":360,"neow_bonus":"TEN_PERCENT_HP_BONUS","is_daily":false,"chose_seed":false,"campfire_upgraded":4,"win_rate":0.0,"timestamp":1611014653,"path_taken":["R","M","M","?","M","M","T","R","M","?","M","?","$","E","M","BOSS","R","M","$","M","?","M","T","?","R","M","?","$","R","?","M","BOSS"],"items_purchased_type":["Relic","Card","Card","Relic","Card"],"build_version":"2020-12-22","purchased_purges":2,"victory":false,"max_hp_per_floor":[77,77,77,77,77,77,77,77,77,77,77,77,77,77,77,77,77,77,77,77,77,77,77,77,77,87,87,87,87,87,87,87,87,87],"card_choices":[{"not_picked":["bronze:CutThrough","bronze:FollowUp"],"picked":"bronze:DelayedGuard","floor":2.0},{"not_picked":["bronze:Philosophize","bronze:BronzeArmor"],"picked":"bronze:Invalidate","floor":3.0},{"not_picked":["bronze:Invalidate","bronze:FineTuning"],"picked":"bronze:OilSpill","floor":5.0},{"not_picked":["bronze:Turbo","bronze:BuggyMess"],"picked":"bronze:FineTuning","floor":6.0},{"not_picked":["bronze:BitShift","bronze:CloningBeam"],"picked":"bronze:WildBeam","floor":9.0},{"not_picked":["bronze:BugBarrage","bronze:BitShift"],"picked":"bronze:WhirlingStrike","floor":11.0},{"not_picked":["bronze:WhirlingStrike","bronze:Return"],"picked":"bronze:HyperBeam","floor":12.0},{"not_picked":["bronze:Turbo","bronze:ForLoop"],"picked":"bronze:ChosenStrike","floor":13.0},{"not_picked":["bronze:Shield","bronze:WildBeam"],"picked":"bronze:Deprecate","floor":14.0},{"not_picked":["bronze:BuggyMess","bronze:WhirlingStrike"],"picked":"bronze:DelayedSlice","floor":15.0},{"not_picked":["bronze:Assembly","bronze:ShipIt"],"picked":"bronze:ThunderWave","floor":16.0},{"not_picked":["bronze:CutThrough","bronze:BitShift"],"picked":"bronze:ChildClass+1","floor":19.0},{"not_picked":["bronze:FindAndReplace","bronze:CloningBeam","bronze:OilSpill"],"picked":"SKIP","floor":20.0},{"not_picked":["bronze:CutThrough","bronze:Overload"],"picked":"bronze:Flail","floor":21},{"not_picked":["bronze:ChosenStrike+1","bronze:DelayedGuard","bronze:FineTuning+1"],"picked":"SKIP","floor":23},{"not_picked":["bronze:DelayedSlice+1","bronze:WildBeam","bronze:Safeguard"],"picked":"SKIP","floor":27},{"not_picked":["bronze:DelayedGuard+1","bronze:FineTuning+1"],"picked":"bronze:ItsAFeature","floor":28},{"not_picked":["bronze:Deprecate","bronze:DigitalCarnage"],"picked":"bronze:Repulsor","floor":29},{"not_picked":["bronze:BitShift","bronze:DelayedGuard","bronze:OilSpill"],"picked":"SKIP","floor":32}],"player_experience":392543,"relics_obtained":[{"floor":14.0,"key":"FossilizedHelix"},{"floor":22,"key":"Whetstone"},{"floor":22,"key":"Letter Opener"},{"floor":24,"key":"Blood Vial"},{"floor":24,"key":"Pen Nib"}],"event_choices":[{"cards_removed":["Apotheosis"],"damage_healed":0,"gold_gain":0,"player_choice":"Take \u0026 Give","damage_taken":0,"max_hp_gain":0,"max_hp_loss":0,"event_name":"betterNote:BetterNote","floor":25,"gold_loss":0,"cards_obtained":["champ:ShieldWall"]}],"is_beta":false,"boss_relics":[{"not_picked":["Calling Bell","Fusion Hammer"],"picked":"Philosopher\u0027s Stone"}],"items_purged_floors":[13,29],"is_endless":false,"potions_floor_spawned":[6,11,16,23,27,28,32],"killed_by":"SI_MIRROR_ARCHETYPE","ascension_level":0}}