{"host":"hw13b7hbn5su36xt","time":1611074167,"event":{"mods":["2.2 Compatiblity","BaseMod","Bestiary","Colored Map","Colored Powertips","Curses Come First","Dark Map","Downfall","Highlight Path","Minty Spire (QoL Compilation)","RNG Fix","Relic Filter","Relic Sorter","Relic Stats","StSLib"],"gold_per_floor":[112,41,59,59,59,59,59,75,75,105,105,105],"floor_reached":11,"language":"ENG","playtime":300,"items_purged":[],"score":92,"play_id":"d9ef114b-db87-449c-b6dd-9405b7790ed3","local_time":"20210119163607","is_ascension_mode":true,"campfire_choices":[{"data":"CrushJoints","floor":6,"key":"SMITH"}],"circlet_count":0,"master_deck":["AscendersBane","Strike_P","Strike_P","Strike_P","Strike_P","Defend_P","Defend_P","Defend_P","Defend_P","Eruption","Vigilance","Wallop+1","CrushJoints+1","FollowUp","Consecrate"],"relics":["PureWater","Bottled Flame","Odd Mushroom"],"acts_visited":["Exordium"],"potions_floor_usage":[1],"damage_taken":[{"damage":0,"enemies":"Cultist","floor":1,"turns":5},{"damage":0,"enemies":"2 Louse","floor":3,"turns":4},{"damage":2,"enemies":"Jaw Worm","floor":8,"turns":2},{"damage":43,"enemies":"The Mushroom Lair","floor":10,"turns":3},{"damage":35,"enemies":"Lagavulin","floor":11,"turns":4}],"seed_played":"-1680099775041087110","potions_obtained":[{"floor":1,"key":"Fruit Juice"}],"is_trial":false,"path_per_floor":["M","$","M","?","?","R","$","M","T","?","E"],"character_chosen":"WATCHER","items_purchased":["Wallop"],"campfire_rested":0,"item_purchase_floors":[2],"current_hp_per_floor":[77,77,77,77,77,77,77,75,75,32,0,0],"gold":105,"neow_bonus":"TEN_PERCENT_HP_BONUS","is_daily":false,"chose_seed":false,"campfire_upgraded":1,"win_rate":0.0,"timestamp":1611074167,"path_taken":["M","$","M","?","?","R","$","M","T","?","E"],"items_purchased_type":["Card"],"build_version":"2020-12-22","purchased_purges":0,"victory":false,"max_hp_per_floor":[84,84,84,84,84,84,84,84,84,84,84,84],"relic_stats":{"counters":[5,18],"obtain_stats":[{"Bottled Flame":9,"PureWater":0,"Odd Mushroom":10},{"Bottled Flame":3,"PureWater":0,"Odd Mushroom":4},{"Bottled Flame":11,"PureWater":0,"Odd Mushroom":14}]},"card_choices":[{"not_picked":["JustLucky","Prostrate","WaveOfTheHand"],"picked":"SKIP","floor":1},{"not_picked":["Wireheading","EmptyFist"],"picked":"CrushJoints","floor":3},{"not_picked":["SashWhip","Conclude"],"picked":"FollowUp","floor":8},{"not_picked":["Weave","Study"],"picked":"Consecrate","floor":10}],"player_experience":376290,"relics_obtained":[{"floor":9,"key":"Bottled Flame"},{"floor":10,"key":"Odd Mushroom"}],"event_choices":[{"damage_healed":0,"gold_gain":0,"player_choice":"Ignored","damage_taken":0,"max_hp_gain":0,"max_hp_loss":0,"event_name":"Liars Game","floor":4,"gold_loss":0},{"damage_healed":0,"gold_gain":0,"player_choice":"Grow","damage_taken":0,"max_hp_gain":0,"max_hp_loss":0,"event_name":"Living Wall","floor":5,"gold_loss":0,"cards_upgraded":["Wallop"]},{"damage_healed":0,"gold_gain":0,"player_choice":"Fought Mushrooms","damage_taken":0,"max_hp_gain":0,"max_hp_loss":0,"event_name":"Mushrooms","floor":10,"gold_loss":0}],"is_beta":false,"boss_relics":[],"items_purged_floors":[],"is_endless":false,"potions_floor_spawned":[1],"killed_by":"Lagavulin","ascension_level":10}}