{"host":"ccw6t0i2dpm5wyxf","time":1611032811,"event":{"mods":["AchievementEnabler","BaseMod","Colored Map","Minty Spire (QoL Compilation)","Permanent Neow","SuperFastMode"],"gold_per_floor":[110,110,30,43,4,35,35,67,92,92,118,132,132,151,151,247,247,258,258,258,258,275,307,232,232,232,242,242],"floor_reached":27,"language":"ENG","playtime":732,"items_purged":[],"score":288,"play_id":"64341cb4-6fd6-4611-b548-2559fc4af255","local_time":"20210118230651","is_ascension_mode":true,"campfire_choices":[{"data":"Eruption","floor":7,"key":"SMITH"},{"data":"WindmillStrike","floor":10,"key":"SMITH"},{"data":"BattleHymn","floor":15,"key":"SMITH"},{"floor":25,"key":"REST"}],"circlet_count":0,"master_deck":["Strike_P+1","Strike_P+1","Strike_P+1","Defend_P+1","Defend_P+1","Defend_P+1","Defend_P+1","Eruption+1","Vigilance","Perseverance","BattleHymn+1","ThirdEye","SandsOfTime","TalkToTheHand","WindmillStrike+1","FlurryOfBlows","Prostrate+1","Weave","Devotion","Wireheading+1","DeceiveReality+1","Pray+1"],"relics":["PureWater","NeowsBlessing","Centennial Puzzle","PreservedInsect","Blood Vial","Bag of Marbles","Mummified Hand","Black Star","MutagenicStrength","Blue Candle","Vajra","CaptainsWheel","Shovel"],"acts_visited":["Exordium","TheCity"],"potions_floor_usage":[16,16,16,16,23,23],"damage_taken":[{"damage":0,"enemies":"2 Louse","floor":1,"turns":1},{"damage":0,"enemies":"Cultist","floor":4,"turns":1},{"damage":0,"enemies":"Lagavulin","floor":6,"turns":2},{"damage":10,"enemies":"Gremlin Nob","floor":8,"turns":3},{"damage":2,"enemies":"3 Sentries","floor":11,"turns":5},{"damage":0,"enemies":"Small Slimes","floor":12,"turns":3},{"damage":5,"enemies":"Exordium Wildlife","floor":14,"turns":2},{"damage":37,"enemies":"Slime Boss","floor":16,"turns":7},{"damage":0,"enemies":"Spheric Guardian","floor":18,"turns":2},{"damage":20,"enemies":"2 Thieves","floor":22,"turns":2},{"damage":50,"enemies":"Gremlin Leader","floor":23,"turns":5},{"damage":30,"enemies":"Snecko","floor":27,"turns":3}],"seed_played":"5070960382201844053","potions_obtained":[{"floor":1,"key":"Regen Potion"},{"floor":11,"key":"Weak Potion"},{"floor":14,"key":"EntropicBrew"},{"floor":16,"key":"LiquidMemories"},{"floor":18,"key":"FairyPotion"}],"is_trial":false,"path_per_floor":["M","?","$","M","$","E","R","E","T","R","E","M","?","M","R","B",null,"M","?","?","?","M","E","?","R","T","M"],"character_chosen":"WATCHER","items_purchased":["BattleHymn","SandsOfTime"],"campfire_rested":1,"item_purchase_floors":[3,5],"current_hp_per_floor":[72,72,72,72,72,72,72,62,62,62,62,64,64,61,61,26,72,72,72,72,72,52,4,4,25,25,21,21],"gold":242,"neow_bonus":"THREE_ENEMY_KILL","is_daily":false,"chose_seed":false,"campfire_upgraded":3,"win_rate":0.0,"timestamp":1611032811,"path_taken":["M","?","$","M","?","E","R","E","T","R","E","M","?","?","R","BOSS","M","?","?","?","?","E","?","R","T","M"],"items_purchased_type":["Card","Card"],"build_version":"2020-12-22","purchased_purges":0,"victory":false,"max_hp_per_floor":[72,72,72,72,72,72,72,72,72,72,72,72,72,72,72,72,72,72,72,72,72,72,72,72,72,72,72,72],"card_choices":[{"not_picked":["ForeignInfluence","CrushJoints"],"picked":"Perseverance","floor":1},{"not_picked":["FlyingSleeves","CrushJoints"],"picked":"ThirdEye","floor":4},{"not_picked":["ForeignInfluence","CarveReality"],"picked":"TalkToTheHand","floor":6},{"not_picked":["Brilliance","EmptyBody"],"picked":"WindmillStrike","floor":8},{"not_picked":["CarveReality","PathToVictory"],"picked":"FlurryOfBlows","floor":11},{"not_picked":["ClearTheMind","BowlingBash"],"picked":"Prostrate","floor":12},{"not_picked":["SashWhip","Conclude"],"picked":"Weave","floor":14},{"not_picked":["SpiritShield","MasterReality"],"picked":"Devotion","floor":16},{"not_picked":["Perseverance+1","JustLucky"],"picked":"Wireheading+1","floor":18},{"not_picked":["ThirdEye","Evaluate"],"picked":"DeceiveReality+1","floor":22},{"not_picked":["InnerPeace","BowlingBash"],"picked":"Pray+1","floor":23}],"player_experience":310544,"relics_obtained":[{"floor":6,"key":"PreservedInsect"},{"floor":8,"key":"Blood Vial"},{"floor":9,"key":"Bag of Marbles"},{"floor":11,"key":"Mummified Hand"},{"floor":23,"key":"Vajra"},{"floor":23,"key":"CaptainsWheel"},{"floor":26,"key":"Shovel"}],"event_choices":[{"damage_healed":0,"gold_gain":0,"player_choice":"Gave Potion","damage_taken":0,"relics_obtained":["Centennial Puzzle"],"max_hp_gain":0,"max_hp_loss":0,"event_name":"WeMeetAgain","floor":2,"gold_loss":0},{"damage_healed":0,"gold_gain":0,"player_choice":"Forge","damage_taken":0,"max_hp_gain":0,"max_hp_loss":0,"event_name":"Accursed Blacksmith","floor":13,"gold_loss":0,"cards_upgraded":["Prostrate"]},{"damage_healed":0,"gold_gain":0,"player_choice":"Inject Mutagens","damage_taken":0,"relics_obtained":["MutagenicStrength"],"max_hp_gain":0,"max_hp_loss":0,"event_name":"Drug Dealer","floor":19,"gold_loss":0},{"damage_healed":0,"gold_gain":0,"player_choice":"Simplicity","damage_taken":0,"max_hp_gain":0,"max_hp_loss":0,"event_name":"Back to Basics","floor":20,"gold_loss":0,"cards_upgraded":["Strike_P","Strike_P","Strike_P","Strike_P","Defend_P","Defend_P","Defend_P","Defend_P"]},{"damage_healed":0,"gold_gain":0,"player_choice":"Opened","damage_taken":0,"relics_obtained":["Blue Candle"],"max_hp_gain":0,"max_hp_loss":0,"event_name":"The Mausoleum","floor":21,"gold_loss":0},{"cards_removed":["Strike_P"],"damage_healed":0,"gold_gain":0,"player_choice":"Gave Gold","damage_taken":0,"max_hp_gain":0,"max_hp_loss":0,"event_name":"Beggar","floor":24,"gold_loss":75}],"is_beta":false,"boss_relics":[{"not_picked":["Coffee Dripper","Cursed Key"],"picked":"Black Star"}],"items_purged_floors":[],"is_endless":false,"potions_floor_spawned":[1,11,14,16,18,22],"killed_by":"Snecko","ascension_level":1}}