{"host":"vi6yeph7oxdwzn8s","time":1611042657,"event":{"mods":["Act Like it!","BaseMod","CapriCore","Colored Powertips","Gensokyo","GifTheSpireLib","Koishi","Lobotomy","LobotomyExtend","Marisa£®ÏF”Í°°ƒß¿Ì…≥£©","Minty Spire (QoL Compilation)","Reimu£®≤©¿ˆ¡È√Œ£©","Remilia£®¿Ÿ√◊¿Ú—«£©","StSLib","The Animator","The Immortal","WarShipGirlsR/’ΩΩ¢…Ÿ≈ÆR mod","Yakumo Yukari mod","Youmu£®ªÍ∆«—˝√Œ£©","Yuyuko"],"gold_per_floor":[138,138,138,149,149,149,183,183,183,183,263,279,279,297,297,397,397,409,423,280,299,313,313,330,330,330,356,366,366,366,393,393,491,541,552,572,248,248,258,258,273,273,298,325,338,355,355,366,366,366,366,366,151,178,178],"floor_reached":56,"language":"ZHS","playtime":3484,"items_purged":[],"score":1269,"play_id":"3f895e0d-ba02-440d-9382-df1e85bd1ae4","local_time":"20210119155057","is_ascension_mode":false,"campfire_choices":[{"data":"OmniscientAndOmnipotent_Monster_purple","floor":6.0,"key":"SMITH"},{"data":"StateErode_purple","floor":10.0,"key":"SMITH"},{"data":"Umbrella_purple","floor":13.0,"key":"SMITH"},{"data":"SfantasyHide_purple","floor":15.0,"key":"SMITH"},{"data":"ContainerChange_purple","floor":23,"key":"SMITH"},{"data":"D_absorption_purple","floor":29,"key":"SMITH"},{"data":"CommonSense_AntiCommonSense_purple","floor":32,"key":"SMITH"},{"data":"D_absorption_purple","floor":40,"key":"SMITH"},{"data":"ExistenceContinue_purple","floor":42,"key":"SMITH"},{"data":"DimensionStaggered_purple","floor":47,"key":"SMITH"},{"floor":49,"key":"RECALL"},{"data":"RuptureOfTimeAndSpace_purple","floor":52,"key":"SMITH"}],"circlet_count":0,"master_deck":["AT_purpleEX+1","AT_purpleEX","AT_purpleEX","Defend_purpleEX+1","Defend_purpleEX","Defend_purpleEX","Defend_purpleEX","Observe_purple_1+1","OmniscientAndOmnipotent_Monster_purple+1","Erosivefilter_purple+1","RuptureOfTimeAndSpace_purple+1","StateErode_purple+1","Umbrella_purple+1","SfantasyHide_purple+1","D_absorption_purple+1","StateErode_purple+1","DimensionStaggered_purple+1","WeekHit_purple+1","DimensionStaggered_purple+1","ExistenceContinue_purple+1","CommonSense_AntiCommonSense_purple+1","MeetDecomposer_purple+1","WorldDissolvedintheRealm_purple+1","ContainerChange_purple+1","AdvanceAttack_purple+1","Charmbait_purple+1","SfantasyHide_purple+1","Shame","ExistenceContinue_purple+1","D_absorption_purple+1","SfantasyHide_purple+1","OmniscientAndOmnipotent_Monster_purple+1","Nest_LightFlightworm_purple+1","DimensionStaggered_purple+1","StateDuplicate_purple+1","Extrememeaning_purpleEX","ExistenceContinue_purple+1","EighthInstrument_OneDividesIntoTwo_purple+1","WatchEChange_purple+1","DarkRealmRedLine_purple+1","Umbrella_purple","RuleDissolution_purple+1"],"relics":["Boundary_crack","Memoryfragments_purpleEX","Oddly Smooth Stone","LetterFromLob","Gensokyo:Justice","Ancient Tea Set","Pear","Shuriken","Seventeenyearold_girl_Forever","Orrery","Toy Ornithopter","RuthlessExorcism:ReiMu","Tiny House","PureWhite:ReiMu","Whetstone","Happy Flower","Lantern","Bag of Marbles"],"acts_visited":["Gensokyo:Gensokyo","Gensokyo:Gensokyoer","Gensokyo:Gensokyoest","TheEnding"],"potions_floor_usage":[33,33,33,50,55,55,55],"damage_taken":[{"damage":2.0,"enemies":"Gensokyo:Gryphon","floor":1.0,"turns":4.0},{"damage":0.0,"enemies":"Gensokyo:Python","floor":4.0,"turns":4.0},{"damage":25.0,"enemies":"Gensokyo:Cirno","floor":7.0,"turns":6.0},{"damage":0.0,"enemies":"Gensokyo:3_Fairies","floor":12.0,"turns":3.0},{"damage":14.0,"enemies":"Gensokyo:3_Kodama","floor":14.0,"turns":4.0},{"damage":17.0,"enemies":"Gensokyo:Kokoro","floor":16.0,"turns":7.0},{"damage":20.0,"enemies":"Gensokyo:2_Gloops","floor":18.0,"turns":5.0},{"damage":1.0,"enemies":"Gensokyo:Chomper","floor":19.0,"turns":4.0},{"damage":70.0,"enemies":"Gensokyo:3_Gloops","floor":21.0,"turns":6.0},{"damage":22,"enemies":"Gensokyo:Swordslinger","floor":22,"turns":4},{"damage":5,"enemies":"Gensokyo:Mirror_and_Dog","floor":24,"turns":4},{"damage":56,"enemies":"Gensokyo:Reisen","floor":27,"turns":7},{"damage":15,"enemies":"Gensokyo:Wraith","floor":28,"turns":4},{"damage":0,"enemies":"Gensokyo:Koishi","floor":31,"turns":7},{"damage":11,"enemies":"Gensokyo:Eternal_Rivals","floor":33,"turns":9},{"damage":18,"enemies":"Gensokyo:3_Boulders","floor":35,"turns":6},{"damage":26,"enemies":"Gensokyo:AncientGuardian","floor":36,"turns":6},{"damage":11,"enemies":"Gensokyo:SeedOfUnknown","floor":39,"turns":6},{"damage":0,"enemies":"Gensokyo:Sharpion","floor":41,"turns":5},{"damage":68,"enemies":"Gensokyo:Doremy","floor":44,"turns":7},{"damage":6,"enemies":"Gensokyo:Rafflesia","floor":45,"turns":8},{"damage":39,"enemies":"Gensokyo:4_Bats","floor":46,"turns":4},{"damage":1,"enemies":"Gensokyo:AtlasGolem","floor":48,"turns":3},{"damage":27,"enemies":"Gensokyo:Scarlet_Devils","floor":50,"turns":6},{"damage":23,"enemies":"Shield and Spear","floor":54,"turns":4},{"damage":81,"enemies":"The Heart","floor":55,"turns":8}],"seed_played":"-2166313190092181417","potions_obtained":[{"floor":1.0,"key":"FearPotion"},{"floor":7.0,"key":"Dexterity Potion"},{"floor":12.0,"key":"FairyPotion"},{"floor":19.0,"key":"Regen Potion"},{"floor":24,"key":"BlessingOfTheForge"},{"floor":27,"key":"CultistPotion"},{"floor":34,"key":"GamblersBrew"},{"floor":36,"key":"ColorlessPotion"},{"floor":44,"key":"ZuzhouPotion:ReiMu"}],"is_trial":false,"path_per_floor":["M","?","?","M","?","R","E","?","T","R","?","M","R","M","R","B",null,"M","M","$","M","M","R","M","?","T","E","M","R","?","E","R","B",null,"M","M","$","?","M","R","M","R","T","E","M","M","R","M","R","B",null,"R","$","E","B",null],"character_chosen":"Youkari","items_purchased":["Orrery","DimensionStaggered_purple","PureWhite:ReiMu","Lantern","PowerPotion","Umbrella_purple"],"campfire_rested":0,"item_purchase_floors":[20,37,37,53,53,53],"current_hp_per_floor":[70,70,70,70,70,70,45,40,40,40,40,40,40,26,26,9,80,60,59,59,10,31,31,84,84,84,84,73,73,73,80,80,84,91,73,86,86,73,64,64,71,71,71,56,51,95,95,97,97,77,99,99,99,78,56],"gold":178,"neow_bonus":"RANDOM_COMMON_RELIC","is_daily":false,"chose_seed":false,"campfire_upgraded":11,"win_rate":0.0,"timestamp":1611042657,"path_taken":["M","?","?","M","?","R","E","?","T","R","?","M","R","?","R","BOSS","M","M","$","M","M","R","M","?","T","E","M","R","?","E","R","BOSS","M","M","$","?","M","R","M","R","T","E","M","M","R","M","R","BOSS","R","$","E","BOSS"],"items_purchased_type":["Relic","Card","Relic","Card","Potion","Card"],"build_version":"2020-12-22","purchased_purges":0,"victory":true,"max_hp_per_floor":[70,70,70,70,70,70,70,80,80,80,80,80,80,80,80,80,80,80,80,80,82,84,84,84,84,84,84,84,84,84,86,86,86,91,91,91,91,91,91,91,93,93,93,93,93,95,95,97,97,99,99,99,99,99,101],"card_choices":[{"not_picked":["MeetDecomposer_purple","RealityDreamConfluencek_purple"],"picked":"OmniscientAndOmnipotent_Monster_purple","floor":1.0},{"not_picked":["Erosivefilter_purple","Worldmountain_purple"],"picked":"RuptureOfTimeAndSpace_purple","floor":4.0},{"not_picked":["MetroBOOM_purple","Realm_recovery_purpleEX"],"picked":"StateErode_purple","floor":7.0},{"not_picked":["Mirror_FormAndEmptin_purple","Charmbait_purple"],"picked":"Umbrella_purple","floor":12.0},{"not_picked":["SharpContractionReality_purple","RuptureOfTimeAndSpace_purple"],"picked":"SfantasyHide_purple","floor":14.0},{"not_picked":["Human_Monster_Realm_purple","WangLiang_OokamiKakushi_purple"],"picked":"D_absorption_purple","floor":16.0},{"not_picked":["Line_surface_state_purple","ButterflyHabitatTemple_purple+1"],"picked":"StateErode_purple+1","floor":18.0},{"not_picked":["SharpContractionReality_purple","Boundary_ObjectiveBoundary_purple"],"picked":"DimensionStaggered_purple","floor":19.0},{"not_picked":["Shallow_ocean_purpleEX","WingOfChimera_purple"],"picked":"WeekHit_purple+1","floor":20.0},{"not_picked":["Mirror_Drifter_purple","Charmbait_purple"],"picked":"DimensionStaggered_purple+1","floor":20.0},{"not_picked":["Nest_LightFlightworm_purple","ExternalForce_HighSpeedFlying_purple"],"picked":"ExistenceContinue_purple","floor":20.0},{"not_picked":["Realm_recovery_purpleEX","MeetDecomposer_purple"],"picked":"CommonSense_AntiCommonSense_purple","floor":20.0},{"not_picked":["Worldmountain_purple","ExistenceContinue_purple"],"picked":"MeetDecomposer_purple","floor":20.0},{"not_picked":["MeetDecomposer_purple+1","WingOfChimera_purple"],"picked":"WorldDissolvedintheRealm_purple+1","floor":21.0},{"not_picked":["Charmbait_purple","DimensionStaggered_purple"],"picked":"ContainerChange_purple","floor":22},{"not_picked":["ExistenceContinue_purple+1","StateErode_purple"],"picked":"AdvanceAttack_purple+1","floor":24},{"not_picked":["CommonSense_AntiCommonSense_purple","WeekHit_purple"],"picked":"Charmbait_purple","floor":27},{"not_picked":["Worldmountain_purple","EighthInstrument_OneDividesIntoTwo_purple"],"picked":"SfantasyHide_purple+1","floor":28},{"not_picked":["Shallow_ocean_purpleEX","DarkRealmRedLine_purple"],"picked":"ExistenceContinue_purple+1","floor":31},{"not_picked":["WangLiang_LineAndCurveDreams_purple","Computing_the_future_purpleEX"],"picked":"D_absorption_purple","floor":33},{"not_picked":["StateDuplicate_purple","AdvanceAttack_purple+1"],"picked":"SfantasyHide_purple+1","floor":34},{"not_picked":["EighthInstrument_OneDividesIntoTwo_purple","MetroBOOM_purple+1"],"picked":"OmniscientAndOmnipotent_Monster_purple+1","floor":35},{"not_picked":["OmniscientAndOmnipotent_Monster_purple+1","RuleDissolution_purple"],"picked":"Nest_LightFlightworm_purple+1","floor":36},{"not_picked":["Mirror_WaveAndshot_purple","AdvanceAttack_purple"],"picked":"StateDuplicate_purple+1","floor":39},{"not_picked":["OmniscientAndOmnipotent_Monster_purple+1","ExistenceContinue_purple+1"],"picked":"Extrememeaning_purpleEX","floor":41},{"not_picked":["WeekHit_purple+1","MNeedle_purple+1"],"picked":"ExistenceContinue_purple+1","floor":44},{"not_picked":["Worldmountain_purple+1","LoveAcrossDimensions_purple"],"picked":"EighthInstrument_OneDividesIntoTwo_purple+1","floor":45},{"not_picked":["SfantasyHide_purple","StateDuplicate_purple"],"picked":"WatchEChange_purple+1","floor":46},{"not_picked":["Anti_communist_purple+1","OmniscientAndOmnipotent_Monster_purple"],"picked":"DarkRealmRedLine_purple+1","floor":48},{"not_picked":["DimensionStaggered_purple","RuptureOfTimeAndSpace_purple+1"],"picked":"RuleDissolution_purple+1","floor":54}],"player_experience":6090,"relics_obtained":[{"floor":1.0,"key":"LetterFromLob"},{"floor":7.0,"key":"Ancient Tea Set"},{"floor":9.0,"key":"Shuriken"},{"floor":27,"key":"Toy Ornithopter"},{"floor":31,"key":"RuthlessExorcism:ReiMu"},{"floor":43,"key":"Whetstone"},{"floor":44,"key":"Happy Flower"},{"floor":54,"key":"Bag of Marbles"}],"event_choices":[],"is_beta":false,"boss_relics":[{"not_picked":["Busted Crown","Runic Dome"],"picked":"Seventeenyearold_girl_Forever"},{"not_picked":["Fusion Hammer","Empty Cage"],"picked":"Tiny House"}],"items_purged_floors":[],"is_endless":false,"potions_floor_spawned":[1,7,12,14,19,21,24,27,28,36,44,45,48],"ascension_level":0}}