{"host":"ya062ahhhuj9au1o","time":1611067841,"event":{"mods":["BaseMod","Better Third Choice","Downfall","Filter the Spire","Hermit","Minty Spire (QoL Compilation)","Random Character Button","Robot Space Explorer","Somnambulant","StSLib","The Bug Knight","The Cursed","The Marked","The Servant 0.9.4"],"gold_per_floor":[118,136,153,153,167,167,167,18,44,61,61,97,97,121,121,219,219,234,234,234,257,270,270,286,286,311,311,311,334,352,57,57,162,212,237,242,242],"floor_reached":36,"language":"ENG","playtime":1589,"items_purged":["hermit:Defend_Hermit"],"score":617,"play_id":"60285123-a597-4ea5-af67-9f2759698dc0","local_time":"20210119095041","is_ascension_mode":true,"campfire_choices":[{"data":"1","floor":6.0,"key":"LIFT"},{"floor":11.0,"key":"REST"},{"data":"2","floor":13.0,"key":"LIFT"},{"data":"3","floor":15.0,"key":"LIFT"},{"data":"hermit:CalledShot","floor":23.0,"key":"SMITH"},{"data":"hermit:GoldenBullet","floor":25.0,"key":"SMITH"},{"data":"hermit:Showdown","floor":28,"key":"SMITH"},{"floor":32,"key":"REST"}],"circlet_count":0,"master_deck":["hermit:Strike_Hermit","hermit:Strike_Hermit","hermit:Strike_Hermit","hermit:Strike_Hermit","hermit:Defend_Hermit","hermit:Defend_Hermit","hermit:Snapshot","hermit:Covet","hermit:Enervate","hermit:CursedWeapon","hermit:LuckOfTheDraw","hermit:Showdown+1","hermit:Scavenge","hermit:CursedWeapon","hermit:Enervate","hermit:CalledShot+1","hermit:Glare+1","hermit:Scavenge","hermit:GoldenBullet+1","hermit:Spite+1","hermit:FlashPowder","hermit:WideOpen+1","hermit:Gambit","Flash of Steel","hermit:HoleUp+1"],"relics":["hermit:Momento","Girya","Bronze Scales","Shuriken","hermit:PetGhost","Smiling Mask","hermit:RyeStalk","Philosopher\u0027s Stone","Vajra","Tiny House"],"acts_visited":["Exordium","TheCity","TheBeyond"],"potions_floor_usage":[29,33],"damage_taken":[{"damage":0.0,"enemies":"Cultist","floor":1.0,"turns":3.0},{"damage":2.0,"enemies":"Small Slimes","floor":2.0,"turns":3.0},{"damage":11.0,"enemies":"2 Louse","floor":3.0,"turns":2.0},{"damage":10.0,"enemies":"Blue Slaver","floor":5.0,"turns":3.0},{"damage":3.0,"enemies":"Exordium Thugs","floor":10.0,"turns":2.0},{"damage":2.0,"enemies":"Lagavulin","floor":12.0,"turns":3.0},{"damage":4.0,"enemies":"2 Fungi Beasts","floor":14.0,"turns":2.0},{"damage":4.0,"enemies":"Slime Boss","floor":16.0,"turns":3.0},{"damage":14.0,"enemies":"2 Thieves","floor":18.0,"turns":2.0},{"damage":4.0,"enemies":"Shelled Parasite and Fungi","floor":21.0,"turns":2.0},{"damage":2.0,"enemies":"Sentry and Sphere","floor":22.0,"turns":2.0},{"damage":2.0,"enemies":"Snake Plant","floor":24.0,"turns":2.0},{"damage":23,"enemies":"Centurion and Healer","floor":29,"turns":3},{"damage":2,"enemies":"Cultist and Chosen","floor":30,"turns":2},{"damage":26,"enemies":"Collector","floor":33,"turns":3},{"damage":7,"enemies":"Orb Walker","floor":35,"turns":2},{"damage":0,"enemies":"3 Shapes","floor":36,"turns":1}],"seed_played":"-7242344704103329323","potions_obtained":[{"floor":1.0,"key":"DistilledChaos"},{"floor":5.0,"key":"ColorlessPotion"},{"floor":10.0,"key":"DistilledChaos"},{"floor":16.0,"key":"Energy Potion"},{"floor":22.0,"key":"ColorlessPotion"},{"floor":29,"key":"SteroidPotion"},{"floor":30,"key":"LiquidBronze"},{"floor":33,"key":"EntropicBrew"},{"floor":34,"key":"Slimebound:ThreeZeroPotion"}],"is_trial":false,"path_per_floor":["M","M","M","?","M","R","?","$","T","M","R","E","R","M","R","B",null,"M","?","?","M","M","R","M","R","T","?","R","M","M","$","R","B",null,"M","M"],"character_chosen":"HERMIT","items_purchased":["hermit:PetGhost","hermit:Gambit","Flash of Steel"],"campfire_rested":2,"item_purchase_floors":[8,31,31],"current_hp_per_floor":[68,66,55,55,45,45,29,29,29,26,46,44,44,40,40,36,60,46,46,40,36,34,34,32,32,32,32,32,9,7,7,27,1,56,49,49,49],"gold":242,"neow_bonus":"ONE_RARE_RELIC","is_daily":false,"chose_seed":false,"campfire_upgraded":3,"win_rate":0.0,"timestamp":1611067841,"path_taken":["M","M","?","?","M","R","?","?","T","?","R","E","R","M","R","BOSS","M","?","?","M","?","R","M","R","T","?","R","M","M","$","R","BOSS","M","?"],"items_purchased_type":["Relic","Card","Card"],"build_version":"2020-12-22","purchased_purges":1,"victory":false,"max_hp_per_floor":[68,68,68,68,68,68,68,68,68,68,68,68,68,68,68,68,68,68,68,68,68,68,68,68,68,68,68,68,68,68,68,68,68,73,73,73,73],"card_choices":[{"not_picked":["hermit:Showdown","hermit:Shortfuse"],"picked":"hermit:Enervate","floor":1.0},{"not_picked":["hermit:HoleUp","hermit:CalledShot"],"picked":"hermit:CursedWeapon","floor":2.0},{"not_picked":["hermit:Feint","hermit:Desperado"],"picked":"hermit:LuckOfTheDraw","floor":3.0},{"not_picked":["hermit:Headshot","hermit:ItchyTrigger"],"picked":"hermit:Showdown","floor":5.0},{"not_picked":["hermit:ShadowCloak","hermit:Horror"],"picked":"hermit:Scavenge","floor":10.0},{"not_picked":["hermit:FatalDesire","hermit:LoneWolf"],"picked":"hermit:CursedWeapon","floor":12.0},{"not_picked":["hermit:Midnight","hermit:Horror"],"picked":"hermit:Enervate","floor":14.0},{"not_picked":["hermit:GhostlyPresence","hermit:Roulette+1"],"picked":"hermit:CalledShot","floor":18.0},{"not_picked":["hermit:Brawl","hermit:Headshot"],"picked":"hermit:Scavenge","floor":21.0},{"not_picked":["hermit:Grudge","hermit:HoleUp+1"],"picked":"hermit:GoldenBullet","floor":22.0},{"not_picked":["hermit:Malice","hermit:HighCaliber"],"picked":"hermit:Spite+1","floor":24.0},{"not_picked":["hermit:Misfire","hermit:Roulette+1"],"picked":"hermit:FlashPowder","floor":29},{"not_picked":["hermit:Gestalt","hermit:Quickdraw"],"picked":"hermit:WideOpen+1","floor":30},{"not_picked":["hermit:TakeCover","hermit:ItchyTrigger+1"],"picked":"hermit:HoleUp+1","floor":35}],"player_experience":1810533,"relics_obtained":[{"floor":9.0,"key":"Smiling Mask"},{"floor":12.0,"key":"hermit:RyeStalk"},{"floor":26.0,"key":"Vajra"}],"event_choices":[{"cards_removed":["hermit:Defend_Hermit"],"damage_healed":0.0,"max_hp_gain":0.0,"max_hp_loss":0.0,"gold_gain":0.0,"event_name":"Living Wall","player_choice":"Forget","floor":4.0,"gold_loss":0.0,"damage_taken":0.0},{"damage_healed":0.0,"max_hp_gain":0.0,"max_hp_loss":0.0,"gold_gain":1.0,"event_name":"betterThird:BetterScrap","player_choice":"Relic Relic ","floor":7.0,"gold_loss":0.0,"damage_taken":16.0,"cards_obtained":["CarveReality"]},{"damage_healed":0.0,"max_hp_gain":0.0,"max_hp_loss":0.0,"gold_gain":0.0,"event_name":"The Library","player_choice":"Read","floor":19.0,"gold_loss":0.0,"damage_taken":0.0,"cards_obtained":["hermit:Glare"]},{"damage_healed":0.0,"max_hp_gain":0.0,"max_hp_loss":0.0,"gold_gain":0.0,"event_name":"Knowing Skull","player_choice":"","floor":20.0,"potions_obtained":[],"gold_loss":0.0,"damage_taken":6.0,"cards_obtained":[]},{"damage_healed":0,"gold_gain":0,"player_choice":"Ignored","damage_taken":0,"max_hp_gain":0,"max_hp_loss":0,"event_name":"N\u0027loth","floor":27,"gold_loss":0}],"is_beta":false,"boss_relics":[{"not_picked":["Black Star","Snecko Eye"],"picked":"Philosopher\u0027s Stone"},{"not_picked":["bronze:MakeshiftBattery","Pandora\u0027s Box"],"picked":"Tiny House"}],"items_purged_floors":[31],"is_endless":false,"potions_floor_spawned":[1,5,10,16,22,29,30,33,35],"killed_by":"3 Shapes","ascension_level":8}}