{"host":"wonp23fsqqcu31ie","time":1611058346,"event":{"mods":["2.2 Compatiblity","AchievementEnabler","Aspiration","BaseMod","Bestiary","Better Altar","Better Match","Better Sensory Stone","Better Skull","Better Third Choice","BetterRewards","Block Reminder","Colored Map","Colored Powertips","Conspire","Curses Come First","DeckTracker","Displayed Cursed Tome","Downfall","Energized Spire","Evolution","Hermit","Highlight Path","Hubris","Infinite Spire","Marisa????????","Minty Spire (QoL Compilation)","Permanent Neow","Prisma Mod","Quick Restart","Rare Cards Sparkle","Relic Stats","Robot Space Explorer","Shade Mod","Shop Mod","StSLib","SuperFastMode","The Animator","The Bug Knight","The Construct","The Cursed","The Disciple","The Dragon Tamer","The Gatherer","The Hierophant","The Marked","The Necromancer","The Poker Player","The Runesmith","The Saiyan","The Servant 0.9.4","TheBandit"],"gold_per_floor":[96,96,112,112,130,130,143,161,161,66,66,98,98,115,115,218,218,240,252,264,63,63,63],"floor_reached":22,"language":"ENG","playtime":529,"items_purged":[],"score":234,"play_id":"b3945b2b-9de9-4e9c-9b0f-afd157ca5661","local_time":"20210119231226","is_ascension_mode":false,"campfire_choices":[{"floor":11,"key":"REST"},{"floor":13,"key":"REST"},{"floor":15,"key":"RECALL"}],"circlet_count":0,"master_deck":["Saiyan:SAIYA_Strike","Saiyan:SAIYA_Strike","Saiyan:SAIYA_Strike","Saiyan:SAIYA_Strike","Saiyan:SAIYA_Defend","Saiyan:SAIYA_Defend","Saiyan:SAIYA_Defend","Saiyan:SAIYA_Defend","Saiyan:EnergyBlast","Saiyan:KaioKen","Saiyan:RuthlessBlow","Saiyan:Kienzan","infinitespire:DeathsTouch","Saiyan:Makankosappo","Pain","Saiyan:KiStrike","Saiyan:PowerUp","Saiyan:Overexert","Saiyan:PowerPole","Saiyan:BigBangAttack","Saiyan:TurtleShell","Saiyan:MeteorDash","Saiyan:MonkeyTail","CurseOfTheBell","Saiyan:DragonFist+1","RitualDagger","Saiyan:ExpandingShockwave"],"relics":["SaiyanSoul","SaiyanHeart","EVO:Axolotl","animator:PurgingStone","WarpedTongs","hubris:PeanutButter","infinitespire:Golems Mask","Runesmith:Nanobots","WingedGreaves","MerchantsRug","MealTicket"],"acts_visited":["Exordium","TheCity"],"potions_floor_usage":[16,16,16],"damage_taken":[{"damage":0,"enemies":"2 Louse","floor":1,"turns":3},{"damage":12,"enemies":"Small Slimes","floor":3,"turns":2},{"damage":2,"enemies":"Cultist","floor":5,"turns":4},{"damage":4,"enemies":"Exordium Thugs","floor":7,"turns":2},{"damage":0,"enemies":"Gremlin Gang","floor":8,"turns":4},{"damage":22,"enemies":"3 Sentries","floor":12,"turns":4},{"damage":8,"enemies":"Large Slime","floor":14,"turns":4},{"damage":0,"enemies":"The Guardian","floor":16,"turns":6},{"damage":31,"enemies":"2 Thieves","floor":18,"turns":5},{"damage":34,"enemies":"Shell Parasite","floor":22,"turns":4}],"seed_played":"4039962018388208922","potions_obtained":[{"floor":3,"key":"Ancient Potion"},{"floor":8,"key":"hexamod:SoulburnPotion"},{"floor":14,"key":"LiquidMemories"}],"is_trial":false,"path_per_floor":["M","?","M","?","M","T","M","M","T","$","R","E","R","M","R","B",null,"M","?","?","$","M"],"character_chosen":"SAIYAJIN","items_purchased":["Saiyan:PowerPole","Saiyan:BigBangAttack","MerchantsRug","Saiyan:ExpandingShockwave","MealTicket"],"campfire_rested":2,"item_purchase_floors":[10,10,21,21,21],"current_hp_per_floor":[61,46,35,35,34,34,32,34,34,34,54,33,53,47,47,47,70,40,34,34,34,0,0],"gold":63,"neow_bonus":"NOSTALGIA","is_daily":false,"chose_seed":false,"campfire_upgraded":0,"win_rate":0.0,"timestamp":1611058346,"path_taken":["M","?","M","?","?","?","M","?","T","?","R","E","R","?","R","BOSS","M","?","?","$","?"],"items_purchased_type":["Card","Card","Relic","Card","Relic"],"build_version":"2020-12-22","purchased_purges":0,"victory":false,"max_hp_per_floor":[61,61,62,62,63,63,65,67,67,67,67,68,68,70,70,70,70,71,71,71,71,71,71],"relic_stats":{"counters":[10,38],"MealTicket":0,"obtain_stats":[{"MerchantsRug":21,"Runesmith:Nanobots":17,"aspiration:Nostalgia":0,"SaiyanHeart":0,"EVO:Axolotl":0,"MawBank":17,"WarpedTongs":4,"Calling Bell":17,"animator:PurgingStone":0,"SaiyanSoul":0,"hubris:PeanutButter":6,"infinitespire:Golems Mask":12,"MealTicket":21,"WingedGreaves":17},{"MerchantsRug":9,"Runesmith:Nanobots":8,"aspiration:Nostalgia":0,"SaiyanHeart":0,"EVO:Axolotl":0,"MawBank":8,"WarpedTongs":2,"Calling Bell":8,"animator:PurgingStone":0,"SaiyanSoul":0,"hubris:PeanutButter":3,"infinitespire:Golems Mask":6,"MealTicket":9,"WingedGreaves":8},{"MerchantsRug":34,"Runesmith:Nanobots":29,"aspiration:Nostalgia":0,"SaiyanHeart":0,"EVO:Axolotl":0,"MawBank":29,"WarpedTongs":5,"Calling Bell":29,"animator:PurgingStone":0,"SaiyanSoul":0,"hubris:PeanutButter":9,"infinitespire:Golems Mask":19,"MealTicket":34,"WingedGreaves":29}],"WarpedTongs":[33]},"card_choices":[{"not_picked":["Saiyan:Quickening","Saiyan:ExtremeSpeed"],"picked":"Saiyan:Kienzan","floor":1},{"not_picked":["infinitespire:TheBestDefense","infinitespire:Starlight"],"picked":"infinitespire:DeathsTouch","floor":2},{"not_picked":["Saiyan:LastResort","Saiyan:Flurry"],"picked":"Saiyan:Makankosappo","floor":3},{"not_picked":["Saiyan:Kienzan","Saiyan:Twize"],"picked":"Saiyan:KiStrike","floor":5},{"not_picked":["Saiyan:Scouter","Saiyan:Twize"],"picked":"Saiyan:PowerUp","floor":7},{"not_picked":["Saiyan:Flurry","Saiyan:Scouter"],"picked":"Saiyan:Overexert","floor":8},{"not_picked":["Saiyan:Kienzan","Saiyan:ThirstForFight"],"picked":"Saiyan:TurtleShell","floor":12},{"not_picked":["Saiyan:ExpandingShockwave","Saiyan:Flurry"],"picked":"Saiyan:MeteorDash","floor":14},{"not_picked":["Saiyan:SolarFlare","Saiyan:GenkiDama"],"picked":"Saiyan:MonkeyTail","floor":16},{"not_picked":["Saiyan:Quickening","Saiyan:KameHameHa"],"picked":"Saiyan:DragonFist+1","floor":18}],"player_experience":556609,"relics_obtained":[{"floor":6,"key":"hubris:PeanutButter"},{"floor":12,"key":"infinitespire:Golems Mask"},{"floor":17,"key":"MawBank"},{"floor":17,"key":"Runesmith:Nanobots"},{"floor":17,"key":"WingedGreaves"}],"event_choices":[{"damage_healed":0,"gold_gain":0,"player_choice":"Rummage","damage_taken":0,"relics_obtained":["WarpedTongs"],"max_hp_gain":0,"max_hp_loss":0,"event_name":"Accursed Blacksmith","floor":4,"gold_loss":0,"cards_obtained":["Pain"]},{"damage_healed":0,"gold_gain":0,"player_choice":"Dagger","damage_taken":6,"max_hp_gain":0,"max_hp_loss":0,"event_name":"betterThird:BetterNest","floor":19,"gold_loss":0,"cards_obtained":["RitualDagger"]},{"damage_healed":0,"gold_gain":0,"player_choice":"Ignored","damage_taken":0,"max_hp_gain":0,"max_hp_loss":0,"event_name":"N\u0027loth","floor":20,"gold_loss":0}],"is_beta":false,"boss_relics":[{"not_picked":["Snecko Eye","hubris:GrandSneckoEye"],"picked":"Calling Bell"}],"items_purged_floors":[],"is_endless":false,"potions_floor_spawned":[3,8,14],"killed_by":"Shell Parasite","ascension_level":0}}