{"host":"jm9833yuloeli2yd","time":1611095449,"event":{"mods":["BaseMod","Better Altar","Better Match","Better Note","Better Sensory Stone","Better Skull","Better Third Choice","Better Vampires","BetterRewards","Colored Map","Colored Powertips","DeckTracker","Minty Spire (QoL Compilation)","Permanent Neow","Quick Restart","Slay-I","StSLib","SuperFastMode"],"gold_per_floor":[119,119,119,44,61,96,96,115,115,140,156,156,175,191,191,265,265,281,301,321,42,58,58,84,84,84,112,25,35,35,70,70,148,148,166,1165,1189,1200,730,760,760,776,776,792,810,810,838,838,838,838,838,838],"floor_reached":51,"language":"ENG","playtime":2041,"items_purged":["Pain","Machine Learning","Normality"],"score":1654,"play_id":"679b8729-d550-4507-b2c0-e5512d2e9a4c","local_time":"20210119173049","is_ascension_mode":true,"campfire_choices":[{"data":"Zap","floor":7.0,"key":"SMITH"},{"data":"Dualcast","floor":12.0,"key":"SMITH"},{"data":"Defragment","floor":15.0,"key":"SMITH"},{"data":"Buffer","floor":23.0,"key":"SMITH"},{"floor":25.0,"key":"REST"},{"floor":32.0,"key":"REST"},{"floor":41.0,"key":"RECALL"},{"floor":49.0,"key":"REST"}],"circlet_count":0,"master_deck":["AscendersBane","Zap+1","Dualcast+1","Self Repair","Ball Lightning","Genetic Algorithm","Sweeping Beam","Coolheaded","Conserve Battery","Defragment+1","Seek","Hyperbeam","Reboot","Sweeping Beam","Coolheaded","Multi-Cast","Stack","Buffer+1","Genetic Algorithm","Core Surge","Electrodynamics","White Noise+1","Defragment","Chill","Rainbow","CurseOfTheBell","Chill+1","Normality","Double Energy+1","Defragment","Recycle","Hologram+1","Reboot","Madness","Madness"],"relics":["Cracked Core","NeowsBlessing","WarpedTongs","Blue Candle","Darkstone Periapt","Lantern","Pandora\u0027s Box","Pocketwatch","Singing Bowl","Tiny Chest","Happy Flower","Calling Bell","Nunchaku","Cables","Mango","Bronze Scales","Toolbox","Regal Pillow","Toy Ornithopter"],"acts_visited":["Exordium","TheCity","TheBeyond"],"potions_floor_usage":[50,51],"damage_taken":[{"damage":0.0,"enemies":"2 Louse","floor":1.0,"turns":1.0},{"damage":0.0,"enemies":"Cultist","floor":5.0,"turns":1.0},{"damage":0.0,"enemies":"3 Sentries","floor":6.0,"turns":1.0},{"damage":7.0,"enemies":"Small Slimes","floor":8.0,"turns":2.0},{"damage":32.0,"enemies":"Gremlin Nob","floor":10.0,"turns":4.0},{"damage":8.0,"enemies":"Blue Slaver","floor":11.0,"turns":4.0},{"damage":1.0,"enemies":"Lots of Slimes","floor":13.0,"turns":3.0},{"damage":2.0,"enemies":"Exordium Wildlife","floor":14.0,"turns":2.0},{"damage":13.0,"enemies":"The Guardian","floor":16.0,"turns":10.0},{"damage":18.0,"enemies":"2 Thieves","floor":18.0,"turns":3.0},{"damage":12.0,"enemies":"3 Byrds","floor":19.0,"turns":4.0},{"damage":0.0,"enemies":"Sentry and Sphere","floor":20.0,"turns":4.0},{"damage":9.0,"enemies":"Centurion and Healer","floor":22.0,"turns":7.0},{"damage":41.0,"enemies":"Book of Stabbing","floor":24.0,"turns":7.0},{"damage":37.0,"enemies":"Slavers","floor":27.0,"turns":3.0},{"damage":0.0,"enemies":"Snecko","floor":29.0,"turns":4.0},{"damage":10.0,"enemies":"Gremlin Leader","floor":31.0,"turns":7.0},{"damage":8.0,"enemies":"Champ","floor":33.0,"turns":16.0},{"damage":0.0,"enemies":"3 Shapes","floor":35.0,"turns":4.0},{"damage":31.0,"enemies":"Orb Walker","floor":38.0,"turns":4.0},{"damage":48.0,"enemies":"Giant Head","floor":40.0,"turns":11.0},{"damage":14.0,"enemies":"4 Shapes","floor":42.0,"turns":5.0},{"damage":1.0,"enemies":"Writhing Mass","floor":44.0,"turns":6.0},{"damage":2.0,"enemies":"Transient","floor":45.0,"turns":6.0},{"damage":9.0,"enemies":"Nemesis","floor":47.0,"turns":7.0},{"damage":29,"enemies":"Donu and Deca","floor":50,"turns":4},{"damage":63,"enemies":"Time Eater","floor":51,"turns":8}],"seed_played":"1309101935165140898","potions_obtained":[{"floor":1.0,"key":"DuplicationPotion"},{"floor":5.0,"key":"Block Potion"},{"floor":6.0,"key":"EntropicBrew"},{"floor":14.0,"key":"Dexterity Potion"},{"floor":16.0,"key":"Fire Potion"},{"floor":22.0,"key":"Swift Potion"},{"floor":24.0,"key":"Explosive Potion"},{"floor":27.0,"key":"BlessingOfTheForge"},{"floor":31.0,"key":"Block Potion"},{"floor":33.0,"key":"LiquidMemories"},{"floor":45.0,"key":"ColorlessPotion"},{"floor":47.0,"key":"DistilledChaos"}],"is_trial":false,"path_per_floor":["M","?","?","$","M","E","R","M","T","E","M","R","M","M","R","B",null,"M","M","M","$","M","R","E","R","T","E","$","M","?","E","R","B",null,"M","?","T","M","$","E","R","M","T","M","M","?","E","?","R","B","B"],"character_chosen":"DEFECT","items_purchased":["Core Surge","Defragment","Defragment","Recycle","Toolbox"],"campfire_rested":3,"item_purchase_floors":[21,28,39,39,39],"current_hp_per_floor":[64,69,69,69,69,76,76,69,69,47,46,46,52,57,57,54,71,60,55,62,62,60,60,26,48,48,11,11,23,23,23,46,45,90,98,110,110,79,79,40,40,33,33,41,46,46,44,23,72,55,0,0],"gold":838,"neow_bonus":"THREE_ENEMY_KILL","is_daily":false,"chose_seed":false,"campfire_upgraded":4,"win_rate":0.0,"timestamp":1611095449,"path_taken":["M","?","?","$","M","E","R","M","T","E","M","R","M","M","R","BOSS","M","?","M","$","M","R","E","R","T","E","?","M","?","E","R","BOSS","M","?","?","M","$","E","R","?","T","M","M","?","E","?","R","BOSS","BOSS"],"items_purchased_type":["Card","Card","Card","Card","Relic"],"build_version":"2020-12-22","purchased_purges":3,"victory":false,"max_hp_per_floor":[71,76,76,76,76,76,76,76,76,76,76,76,76,76,76,76,76,76,76,76,76,76,76,76,76,76,76,76,78,78,78,78,78,98,98,110,110,110,110,112,112,112,112,114,114,114,114,114,114,114,114,114],"card_choices":[{"not_picked":["Storm","Tempest","Rebound"],"picked":"SKIP","floor":1.0},{"not_picked":["Melter","Blizzard"],"picked":"Self Repair","floor":5.0},{"not_picked":["Auto Shields","Reboot"],"picked":"Ball Lightning","floor":6.0},{"not_picked":["Beam Cell","Sweeping Beam"],"picked":"Genetic Algorithm","floor":8.0},{"not_picked":["Force Field","All For One"],"picked":"Sweeping Beam","floor":10.0},{"not_picked":["Beam Cell","Sweeping Beam"],"picked":"Coolheaded","floor":11.0},{"not_picked":["Rebound","Go for the Eyes"],"picked":"Conserve Battery","floor":13.0},{"not_picked":["Barrage","Beam Cell"],"picked":"Defragment","floor":14.0},{"not_picked":["Amplify","Fission"],"picked":"Seek","floor":16.0},{"not_picked":["Streamline","Go for the Eyes","Redo"],"picked":"SKIP","floor":18.0},{"not_picked":["Stack","Conserve Battery"],"picked":"Genetic Algorithm","floor":19.0},{"not_picked":["Gash","Coolheaded","Leap"],"picked":"SKIP","floor":20.0},{"not_picked":["Undo","Stack","Gash+1"],"picked":"SKIP","floor":22.0},{"not_picked":["Rebound","Chill"],"picked":"Electrodynamics","floor":24.0},{"not_picked":["All For One","Leap+1"],"picked":"White Noise+1","floor":27.0},{"not_picked":["Cold Snap","Leap","Double Energy"],"picked":"Singing Bowl","floor":29.0},{"not_picked":["Conserve Battery+1","Redo"],"picked":"Chill","floor":31.0},{"not_picked":["All For One","Creative AI"],"picked":"Rainbow","floor":33.0},{"not_picked":["Blizzard","Barrage+1"],"picked":"Chill+1","floor":35.0},{"not_picked":["Coolheaded","Compile Driver"],"picked":"Double Energy+1","floor":38.0},{"not_picked":["Consume","Leap","Fusion+1"],"picked":"Singing Bowl","floor":40.0},{"not_picked":["Steam","Coolheaded"],"picked":"Recycle","floor":42.0},{"not_picked":["Steam+1","Leap","Force Field"],"picked":"Singing Bowl","floor":44.0},{"not_picked":["Rebound","Cold Snap"],"picked":"Hologram+1","floor":45.0},{"not_picked":["Compile Driver+1","Streamline+1"],"picked":"Reboot","floor":47.0}],"player_experience":1325514,"relics_obtained":[{"floor":6.0,"key":"Blue Candle"},{"floor":9.0,"key":"Darkstone Periapt"},{"floor":10.0,"key":"Lantern"},{"floor":24.0,"key":"Pocketwatch"},{"floor":26.0,"key":"Singing Bowl"},{"floor":27.0,"key":"Tiny Chest"},{"floor":31.0,"key":"Happy Flower"},{"floor":34.0,"key":"Nunchaku"},{"floor":34.0,"key":"Cables"},{"floor":34.0,"key":"Mango"},{"floor":37.0,"key":"Bronze Scales"},{"floor":40.0,"key":"Regal Pillow"},{"floor":47.0,"key":"Toy Ornithopter"}],"event_choices":[{"damage_healed":0.0,"max_hp_gain":5.0,"max_hp_loss":0.0,"gold_gain":0.0,"event_name":"Big Fish","player_choice":"Donut","floor":2.0,"gold_loss":0.0,"damage_taken":0.0},{"damage_healed":0.0,"max_hp_gain":0.0,"max_hp_loss":0.0,"gold_gain":0.0,"event_name":"Accursed Blacksmith","player_choice":"Rummage","floor":3.0,"gold_loss":0.0,"damage_taken":0.0,"relics_obtained":["WarpedTongs"],"cards_obtained":["Pain"]},{"damage_healed":0.0,"max_hp_gain":0.0,"max_hp_loss":0.0,"gold_gain":0.0,"event_name":"Ghosts","player_choice":"Ignored","floor":30.0,"gold_loss":0.0,"damage_taken":0.0},{"damage_healed":0.0,"max_hp_gain":0.0,"max_hp_loss":0.0,"gold_gain":999.0,"event_name":"MindBloom","player_choice":"Gold","floor":36.0,"gold_loss":0.0,"damage_taken":0.0,"cards_obtained":["Normality","Normality"]},{"cards_removed":["Recycle"],"damage_healed":0.0,"max_hp_gain":0.0,"max_hp_loss":0.0,"gold_gain":0.0,"event_name":"Falling","player_choice":"Removed Skill","floor":46.0,"gold_loss":0.0,"damage_taken":0.0},{"damage_healed":0.0,"max_hp_gain":0.0,"max_hp_loss":0.0,"gold_gain":0.0,"event_name":"Winding Halls","player_choice":"Embrace Madness","floor":48.0,"gold_loss":0.0,"damage_taken":21.0,"cards_obtained":["Madness","Madness"]}],"is_beta":false,"boss_relics":[{"not_picked":["Black Star","SacredBark"],"picked":"Pandora\u0027s Box"},{"not_picked":["Runic Dome","Cursed Key"],"picked":"Calling Bell"}],"items_purged_floors":[4,21,39],"is_endless":false,"potions_floor_spawned":[1,5,6,14,16,18,22,24,27,31,33,35,45,47],"killed_by":"Time Eater","ascension_level":20}}