{"host":"hrvs05np4ys7itky","time":1611027981,"event":{"mods":["BaseMod","Colored Map","Colored Powertips","Downfall","Emptier Cage","Highlight Path","Minty Spire (QoL Compilation)","Permanent Neow","Rare Cards Sparkle","Relic Stats","StSLib","everything is the same but u backflip on backflip"],"gold_per_floor":[114,132,19,39,39,39,72,91,91,91,430,57,57,57,57,151,151,151,76,76,76,3,3,3,3,3,3,3,3,3,3,3,3,3],"floor_reached":33,"language":"ENG","playtime":2142,"items_purged":["Strike_R"],"score":554,"play_id":"9b153487-eb09-4d54-af0e-bdba4f7e9fa8","local_time":"20210118224621","is_ascension_mode":true,"campfire_choices":[{"data":"Inflame","floor":6.0,"key":"SMITH"},{"floor":13,"key":"REST"},{"data":"Armaments","floor":15,"key":"SMITH"},{"data":"Limit Break","floor":25,"key":"SMITH"},{"data":"Shockwave","floor":28,"key":"SMITH"},{"data":"Spot Weakness","floor":32,"key":"SMITH"}],"circlet_count":0,"master_deck":["AscendersBane","Strike_R","Strike_R","Strike_R+1","Defend_R+1","Defend_R+1","Defend_R","Bash","Inflame+1","Shrug It Off","Shockwave+1","Evolve","Battle Trance+1","Flame Barrier+1","Fire Breathing","Limit Break+1","Armaments+1","Feed+1","Ghostly Armor","Pummel+1","Writhe","Wild Strike+1","Body Slam+1","Feed+1","Cleave+1","Flex","Spot Weakness+1"],"relics":["Burning Blood","War Paint","Molten Egg 2","Golden Idol","Old Coin","PreservedInsect","Chemical X","Ectoplasm","Oddly Smooth Stone","Blood Vial","StrikeDummy","Paper Frog","Anchor","Meat on the Bone"],"acts_visited":["Exordium","TheCity"],"potions_floor_usage":[11,11,27,27,31],"damage_taken":[{"damage":1.0,"enemies":"Cultist","floor":1.0,"turns":3.0},{"damage":8.0,"enemies":"Small Slimes","floor":2.0,"turns":4.0},{"damage":6.0,"enemies":"2 Louse","floor":4.0,"turns":3.0},{"damage":26.0,"enemies":"Lagavulin","floor":7.0,"turns":10.0},{"damage":5.0,"enemies":"Large Slime","floor":8.0,"turns":6.0},{"damage":24,"enemies":"3 Sentries","floor":11,"turns":5},{"damage":4,"enemies":"Slime Boss","floor":16,"turns":7},{"damage":25,"enemies":"Shell Parasite","floor":18,"turns":6},{"damage":0,"enemies":"3 Byrds","floor":20,"turns":3},{"damage":18,"enemies":"Gremlin Leader","floor":23,"turns":7},{"damage":16,"enemies":"Centurion and Healer","floor":24,"turns":6},{"damage":0,"enemies":"Slavers","floor":27,"turns":3},{"damage":12,"enemies":"Shelled Parasite and Fungi","floor":29,"turns":4},{"damage":4,"enemies":"Gremlin Leader","floor":31,"turns":6},{"damage":54,"enemies":"Champ","floor":33,"turns":10}],"seed_played":"-7162928309262224643","potions_obtained":[{"floor":7.0,"key":"Guardian:BlockOnCardUsePotion"},{"floor":8.0,"key":"Dexterity Potion"},{"floor":16,"key":"champ:CounterPotion"},{"floor":18,"key":"hexamod:SoulburnPotion"},{"floor":23,"key":"Fire Potion"},{"floor":24,"key":"Guardian:BlockOnCardUsePotion"},{"floor":29,"key":"Fire Potion"}],"is_trial":false,"path_per_floor":["M","M","$","M","?","R","E","M","T","?","E","$","R","?","R","B",null,"M","?","M","?","$","E","M","R","T","E","R","M","T","E","R","B"],"character_chosen":"IRONCLAD","items_purchased":["Evolve","Battle Trance","PreservedInsect","Chemical X","Wild Strike+1","Body Slam+1"],"campfire_rested":1,"item_purchase_floors":[3,3,12,12,22,22],"current_hp_per_floor":[72,70,70,70,70,70,50,51,51,51,33,33,53,40,40,42,61,46,46,52,52,52,40,36,36,36,48,48,48,48,52,52,0,0],"gold":3,"neow_bonus":"TRANSFORM_TWO_CARDS","is_daily":false,"chose_seed":false,"campfire_upgraded":5,"win_rate":0.0,"timestamp":1611027981,"path_taken":["M","M","$","M","?","R","E","M","T","?","E","$","R","?","R","BOSS","M","?","M","?","$","E","?","R","T","E","R","M","?","E","R","BOSS"],"items_purchased_type":["Card","Card","Relic","Relic","Card","Card"],"build_version":"2020-12-22","purchased_purges":1,"victory":false,"max_hp_per_floor":[72,72,72,72,72,72,72,72,72,67,67,67,67,67,67,67,67,71,71,71,71,71,71,75,75,75,79,79,83,83,83,83,83,83],"relic_stats":{"Blood Vial":10,"counters":[15,83],"Golden Idol":63,"PreservedInsect":136,"Ectoplasm":180,"Chemical X":[1],"War Paint":["Defend_R","Battle Trance"],"obtain_stats":[{"Golden Idol":10,"Oddly Smooth Stone":21,"PreservedInsect":12,"War Paint":7,"Burning Blood":0,"Old Coin":11,"Blood Vial":23,"Anchor":30,"Molten Egg 2":9,"Ectoplasm":17,"Chemical X":12,"StrikeDummy":26,"Paper Frog":27,"Meat on the Bone":31},{"Golden Idol":5,"Oddly Smooth Stone":9,"PreservedInsect":6,"War Paint":4,"Burning Blood":0,"Old Coin":6,"Blood Vial":10,"Anchor":13,"Molten Egg 2":5,"Ectoplasm":7,"Chemical X":6,"StrikeDummy":11,"Paper Frog":12,"Meat on the Bone":14},{"Golden Idol":26,"Oddly Smooth Stone":47,"PreservedInsect":31,"War Paint":20,"Burning Blood":0,"Old Coin":31,"Blood Vial":54,"Anchor":67,"Molten Egg 2":26,"Ectoplasm":38,"Chemical X":31,"StrikeDummy":60,"Paper Frog":63,"Meat on the Bone":73}],"Burning Blood":79,"Meat on the Bone":0},"card_choices":[{"not_picked":["Cleave","Anger"],"picked":"Shrug It Off","floor":1.0},{"not_picked":["True Grit","Havoc"],"picked":"Shockwave","floor":2.0},{"not_picked":["Disarm","Intimidate"],"picked":"Flame Barrier","floor":4.0},{"not_picked":["Thunderclap","Headbutt"],"picked":"Fire Breathing","floor":7.0},{"not_picked":["Whirlwind","Uppercut"],"picked":"Limit Break","floor":8.0},{"not_picked":["Perfected Strike+1","Wild Strike+1"],"picked":"Armaments","floor":11},{"not_picked":["Demon Form","Corruption"],"picked":"Feed+1","floor":16},{"not_picked":["Dropkick+1","Hemokinesis+1"],"picked":"Ghostly Armor","floor":18},{"not_picked":["Perfected Strike+1","Battle Trance"],"picked":"Pummel+1","floor":20},{"not_picked":["Clash+1","Dark Embrace"],"picked":"Feed+1","floor":23},{"not_picked":["Dual Wield","Burning Pact"],"picked":"Cleave+1","floor":24},{"not_picked":["Perfected Strike+1","Armaments"],"picked":"Flex","floor":27},{"not_picked":["Clash+1","Uppercut+1","Body Slam+1"],"picked":"SKIP","floor":29},{"not_picked":["Armaments","Feed+1"],"picked":"Spot Weakness","floor":31}],"player_experience":1006878,"relics_obtained":[{"floor":7.0,"key":"War Paint"},{"floor":9.0,"key":"Molten Egg 2"},{"floor":11,"key":"Old Coin"},{"floor":23,"key":"Blood Vial"},{"floor":26,"key":"StrikeDummy"},{"floor":27,"key":"Paper Frog"},{"floor":30,"key":"Anchor"},{"floor":31,"key":"Meat on the Bone"}],"event_choices":[{"damage_healed":0.0,"max_hp_gain":0.0,"max_hp_loss":0.0,"gold_gain":0.0,"event_name":"Living Wall","player_choice":"Grow","floor":5.0,"gold_loss":0.0,"damage_taken":0.0,"cards_upgraded":["Flame Barrier"]},{"damage_healed":0.0,"max_hp_gain":0.0,"max_hp_loss":5.0,"gold_gain":0.0,"event_name":"Golden Idol","player_choice":"Lose Max HP","floor":10.0,"gold_loss":0.0,"damage_taken":0.0,"relics_obtained":["Golden Idol"]},{"damage_healed":0,"gold_gain":0,"player_choice":"Entered Light","damage_taken":13,"max_hp_gain":0,"max_hp_loss":0,"event_name":"Shining Light","floor":14,"gold_loss":0,"cards_upgraded":["Strike_R","Defend_R"]},{"cards_removed":["Burning Pact"],"damage_healed":0,"gold_gain":0,"player_choice":"Gave Gold","damage_taken":0,"max_hp_gain":0,"max_hp_loss":0,"event_name":"Beggar","floor":19,"gold_loss":75},{"damage_healed":0,"gold_gain":0,"player_choice":"Opened","damage_taken":0,"relics_obtained":["Oddly Smooth Stone"],"max_hp_gain":0,"max_hp_loss":0,"event_name":"The Mausoleum","floor":21,"gold_loss":0,"cards_obtained":["Writhe"]}],"is_beta":false,"boss_relics":[{"not_picked":["Black Star","Velvet Choker"],"picked":"Ectoplasm"}],"items_purged_floors":[12],"is_endless":false,"potions_floor_spawned":[7,8,16,18,23,24,29],"killed_by":"Champ","ascension_level":13}}