{"host":"m4zn6rtsd36lrr22","time":1611060600,"event":{"mods":["2.2 Compatiblity","Act Like it!","BaseMod","Better Synergies","CapriCore","Colored Map","Custom Start","Gensokyo","GungeonMod","HololiveMod","Ironclad Rager","Lobotomy","LobotomyExtend","Luminous","Minty Spire (QoL Compilation)","Permanent Neow","Prisma Mod","Quick Restart","Rare Cards Sparkle","Reimu（博丽灵梦）","Relic Stats","Remilia（蕾米莉亚）","Replay The Spire","RumiaBox-露米娅的神秘盒子","Ryuuou龙王","Shop Mod","Spicy Shops","StSLib","The Alterego","The Animator","The Immortal","The Senshi","Waifu the Spire","WarShipGirlsR/战舰少女R mod","Yakumo Yukari mod","noobMod","【功能Mod】混沌之环修复补丁","【遗物卡牌】REMEMod"],"gold_per_floor":[85,95,25,38,38,38,38,38,64,64,77,6,6,24,24,122,122,1000009,999889,978405,978425,978435,978435,978467,978479,978527,978543,978383,978383,978383,968733,968733,968838,968838,968838,968838,968838,968855,968855,968855,968881,968881,968881,968985,969017,968755,968755,968768,968768,968768,968768],"floor_reached":52,"language":"ZHS","playtime":2273,"items_purged":["REME_TheoryOfElimination","Transmutation","Replay:BasicMightCard","REME_BattleFury","Chrysalis"],"score":1739,"play_id":"0f0c99e5-77f7-4030-8d17-2509a241593c","local_time":"20210119205000","is_ascension_mode":false,"campfire_choices":[{"data":"Luminous:Freud_Wisdom1_Luminous+1","floor":6.0,"key":"SMITH"},{"data":"Luminous:Freud_Wisdom1_Luminous+2","floor":10.0,"key":"SMITH"},{"data":"Luminous:Freud_Wisdom1_Luminous+3","floor":15.0,"key":"SMITH"},{"data":"ReplayTheSpireMod:Uncanny Aura","floor":23,"key":"PURGE"},{"data":"DemoMod:Invincible","floor":32,"key":"PURGE"},{"data":"Crow Ritual","floor":40,"key":"PURGE"},{"data":"Dramatic Entrance","floor":42,"key":"PURGE"},{"data":"REME_TwoStrings","floor":47,"key":"PURGE"},{"data":"REME_ShortnessOfBreath","floor":49,"key":"PURGE"}],"circlet_count":0,"master_deck":["Hololive_Strike+1","Hololive_Strike+1","Hololive_Defend","Hololive_Defend","Hololive_Breathe","Hololive_CallNatsuiroMatsuri+1","Hololive_CallHimemoriLuna","Hololive_CallInugamiKorone","Hololive_CallFriendA","Luminous:Freud_Wisdom1_Luminous+4","Hololive_CallUruhaRushia","Hololive_CallMurasakiShion","Hololive_CallAiraniIofifteen","Hololive_CallOmaruPolka","Hololive_CallAkaiHaato","Hololive_Spy","Hololive_CallHoushouMarine","Hololive_IdolExercise","Hololive_CallUsadaPekora+1","Dark Shackles","Replay:Sssssssssshield","REME_TwoStrings","Blind","Madness","Impatience","REME_FirmDetermination","Poisoned Strike","Sadistic Nature","Replay:Parry","Survey Options","Mayhem","Replay:Sssssssssshield","Forethought","Impatience","Replay:Sssssssssshield","Apotheosis","Good Instincts","Survey Options","Impatience","Survey Options","Violence","REME_TwoStrings","Secret Technique","Blind","Trip","Dark Shackles","Trip","Flash of Steel","Replay:BasicMightCard","Specialist","REME_FirmDetermination","REME_FirmDetermination","Trip","ReplayTheSpireMod:Trickstab","Midas Touch+1","PanicButton","Deep Breath","REME_BodyOfCthun","ReplayUltimateDefense","REME_FirmDetermination","Deep Breath","REME_AllRoundStrike","Master of Strategy","PanicButton","Replay:Bootleg Shield Generator","Midas Touch","REME_TheoryOfElimination","Blind","ReplayTheSpireMod:Uncanny Aura","Forethought","Flash of Steel","Midas Touch","Impatience","DemoMod:Invincible","Impatience","Survey Options","Metamorphosis","Dramatic Entrance","Bandage Up","REME_ShortnessOfBreath","REME_MagicPocketWatch","Dark Shackles","Replay:Bootleg Shield Generator","Chrysalis","Replay:Parry","Replay:BasicMightCard","REME_EyeOfCthun","Magnetism","Good Instincts","Impatience","Panacea","Apotheosis","Replay:BasicMightCard","REME_FirmDetermination","Impatience","Panacea","ReplayUltimateDefense","Purity","Enlightenment","REME_FirmDetermination","Madness","ReplayTheSpireMod:Brewmster","Replay:BasicMightCard","Replay:Bootleg Shield Generator","REME_ShortnessOfBreath","Dark Shackles","Dark Shackles","REME_BattleFury","Forethought","Good Instincts","Thinking Ahead","REME_FirmDetermination","Forethought","Purity","Violence","Secret Weapon","Violence","Replay:Parry","Swift Strike","Replay:Sssssssssshield","Survey Options","HandOfGreed","DemoMod:Spice","Replay:Sssssssssshield","Dramatic Entrance","Poisoned Strike","Swift Strike","REME_FirmDetermination","Finesse","REME_TheoryOfElimination+1","REME_ProfessionalPlagiarism","REME_MawOfCthun","DemoMod:Invincible","Swift Strike","ReplayTheSpireMod:Uncanny Aura","Impatience","Blind","Trip","Replay:Bootleg Shield Generator","ReplayTheSpireMod:Private Reserves","Discovery","Replay:Sssssssssstrike","Replay:Sssssssssshield","The Bomb","Violence","Flash of Steel","Thinking Ahead","Jack Of All Trades","Panacea","Blind","REME_ShortnessOfBreath","Panacea","Dramatic Entrance","REME_BodyOfCthun","REME_BuildACard","Bandage Up","REME_FirmDetermination","Replay:Parry","Violence","ReplayTheSpireMod:Private Reserves","Crow Ritual","Forethought","Trip","ReplayTheSpireMod:Necrogeddon","Madness","REME_BattleFury","Crow Ritual","Blind","Secret Weapon","Poisoned Strike","Discovery","Impatience","REME_TwoStrings","ReplayTheSpireMod:Private Reserves","Specialist","Flash of Steel","REME_Flogging","Dramatic Entrance","Swift Strike","Finesse","ReplayUltimateDefense","Deep Breath","Panacea","REME_BattleFury","Trip","The Bomb","Trip","Metamorphosis","DemoMod:Spice","Dramatic Entrance","Blind","Trip","Apotheosis","Mind Blast","Dark Shackles","Forethought","Dark Shackles","REME_MagicPocketWatch","Trip","Trip","REME_FirmDetermination","Trip","Impatience","Finesse","ReplayTheSpireMod:Trickstab","REME_TwoStrings","Sadistic Nature","Bandage Up","Deep Breath","ReplayTheSpireMod:Private Reserves","Survey Options","PanicButton","REME_ShortnessOfBreath","Jack Of All Trades","Flash of Steel","Deep Breath","Purity","ReplayUltimateDefense","REME_PuzzleBox","DemoMod:Deposit","Impatience","Violence","Midas Touch","REME_HeartOfCthun","Hololive_Yoholoon","Pot Of Greed","Pot Of Greed","Pot Of Greed","Pot Of Greed","Pot Of Greed","Pot Of Greed","Pot Of Greed","Pot Of Greed","Pot Of Greed","Pot Of Greed","Pot Of Greed","Pot Of Greed","Pot Of Greed","Pot Of Greed","Pot Of Greed","Pot Of Greed","Pot Of Greed","Pot Of Greed","Pot Of Greed","Pot Of Greed","Hololive_DiamondStrike+1"],"relics":["Hololive_TheStar","REME_ComplimentaryCards","ice","LetterFromLob","Whetstone","SoulBox","The Courier","Gensokyo:MaskOfHope","Replay:Multitool","REME_HandOfSuture","GodSword3","Lee\u0027s Waffle","Ccalipers","Matryoshka","Juzu Bracelet","Medical Kit","Unceasing Top","Peace Pipe","Blue Candle","DemoMod:PoisonVial","DemoMod:MonsterBlood","DemoMod:GlassGuonStoneRelic","Orrery","BargainBundle","REME_CardOfGreed","DemoMod:JetPack","Toy Ornithopter","Gremlin Food","Happy Flower","Strawberry","Bronze Scales","Anchor","Counterbalance","Replay:Rubber Ducky","DemoMod:GreenGuonStone","Replay:Baseball","ReplayTheSpireMod:Ninjato","MagicDraw3","Pen Nib","ReplayTheSpireMod:Lightbulb","DemoMod:PinkGuonStone","CrazyTorch:ReiMu","Durian","PreservedInsect","Potion Belt","PlanX","DemoMod:Antibody","StoneCalendar","Ancient Tea Set","Orichalcum","Art of War","Omamori","Prayer Wheel","ReplayFunnel","Divine Protection","War Paint","Grinning Jar","Juzu Bracelet","REME_PuzzleBoxRelic","Boot","Thread and Needle","MagicDraw2","Eternal Feather","Bag of Marbles","Replay:Mystery Machine","Toxic Egg 2","Molten Egg 2","Letter Opener","Quantum Egg","MagicDraw4","Blood Vial","MealTicket","SecretRecord","DemoMod:ResourcefulSack","Onion Ring","Hololive_LightStick","Ginger","Snack Pack","DemoMod:ClearGuonStone","RuthlessExorcism:ReiMu","Ornamental Fan","Nunchaku","REME_LimitBreaker","DemoMod:DecoyRelic","Membership Card"],"acts_visited":["Gensokyo:Gensokyo","Gensokyo:Gensokyoer","Gensokyo:Gensokyoest"],"potions_floor_usage":[],"damage_taken":[{"damage":0.0,"enemies":"Gensokyo:3_Fairies","floor":1.0,"turns":3.0},{"damage":0.0,"enemies":"Gensokyo:2_Kodama","floor":2.0,"turns":3.0},{"damage":0.0,"enemies":"Gensokyo:Gryphon","floor":4.0,"turns":3.0},{"damage":0.0,"enemies":"Gensokyo:5_Fairies","floor":11.0,"turns":5.0},{"damage":0.0,"enemies":"Gensokyo:CorruptedTreant","floor":14.0,"turns":3.0},{"damage":0.0,"enemies":"Gensokyo:Reimu","floor":16.0,"turns":9.0},{"damage":0.0,"enemies":"Gensokyo:AngelMirror","floor":18.0,"turns":4.0},{"damage":1.0,"enemies":"Gensokyo:2_Gloops","floor":21.0,"turns":4.0},{"damage":0.0,"enemies":"Gensokyo:Slime_Group","floor":22.0,"turns":1.0},{"damage":6,"enemies":"Gensokyo:Reisen","floor":24,"turns":4},{"damage":2,"enemies":"Gensokyo:Monolith_and_Dog","floor":25,"turns":4},{"damage":61,"enemies":"Gensokyo:Chomper_and_Gloop","floor":27,"turns":9},{"damage":0,"enemies":"Gensokyo:Eternal_Rivals","floor":33,"turns":4},{"damage":0,"enemies":"Gensokyo:3_Boulders","floor":38,"turns":1},{"damage":0,"enemies":"Gensokyo:Marisa","floor":41,"turns":2},{"damage":0,"enemies":"Gensokyo:Kasen","floor":45,"turns":3},{"damage":0,"enemies":"Gensokyo:AncientGuardian","floor":48,"turns":2},{"damage":16,"enemies":"Gensokyo:Yuyuko","floor":50,"turns":3}],"seed_played":"-5406641905412627456","potions_obtained":[{"floor":2.0,"key":"Death Potion"},{"floor":11.0,"key":"SpeedPotion"},{"floor":14.0,"key":"GamblersBrew"},{"floor":33,"key":"DemoMod:LeadSkinPotion"},{"floor":45,"key":"DuplicationPotion"}],"is_trial":false,"path_per_floor":["M","M","?","M","$","R","?","?","T","R","M","$","?","M","R","B",null,"M","?","$","M","M","R","E","M","T","M","COS","?","?","$","R_BF","B",null,"M","?","?","M","COS","R","E","R","T","?","E","$","R","M","R","B",null,null],"character_chosen":"Hololive_HololiveCharacter","items_purchased":["Hololive_Spy","Transmutation","Dark Shackles","Replay:Sssssssssshield","REME_TwoStrings","Replay:BasicMightCard","Chrysalis","Blind","Madness","Impatience","REME_FirmDetermination","Poisoned Strike","Sadistic Nature","Discovery","Replay:Parry","ReplayTheSpireMod:Uncanny Aura","Survey Options","Mayhem","Crow Ritual","REME_MagicPocketWatch","Replay:Sssssssssshield","Forethought","Impatience","Replay:Sssssssssshield","Apotheosis","Good Instincts","Survey Options","Impatience","Survey Options","Violence","REME_TwoStrings","Secret Technique","Blind","Trip","Dark Shackles","Trip","Flash of Steel","Replay:BasicMightCard","Specialist","REME_FirmDetermination","REME_FirmDetermination","REME_TheoryOfElimination","Trip","ReplayTheSpireMod:Trickstab","Midas Touch","PanicButton","Deep Breath","REME_BodyOfCthun","ReplayUltimateDefense","REME_FirmDetermination","Deep Breath","REME_AllRoundStrike","Dramatic Entrance","Master of Strategy","PanicButton","Replay:Bootleg Shield Generator","Midas Touch","REME_TheoryOfElimination","REME_ShortnessOfBreath","Blind","ReplayTheSpireMod:Uncanny Aura","REME_TwoStrings","Forethought","Flash of Steel","Midas Touch","Impatience","DemoMod:Invincible","Impatience","Survey Options","Metamorphosis","Dramatic Entrance","Bandage Up","REME_ShortnessOfBreath","REME_MagicPocketWatch","Dark Shackles","Replay:Bootleg Shield Generator","Chrysalis","Replay:Parry","Replay:BasicMightCard","REME_EyeOfCthun","Magnetism","Good Instincts","Impatience","Panacea","Apotheosis","Replay:BasicMightCard","REME_FirmDetermination","Impatience","Panacea","ReplayUltimateDefense","Purity","Enlightenment","REME_FirmDetermination","Madness","ReplayTheSpireMod:Brewmster","Replay:BasicMightCard","Replay:Bootleg Shield Generator","REME_ShortnessOfBreath","Dark Shackles","Dark Shackles","REME_BattleFury","Forethought","Good Instincts","Thinking Ahead","REME_FirmDetermination","Forethought","Purity","Violence","Secret Weapon","Violence","Replay:Parry","Swift Strike","Replay:Sssssssssshield","Survey Options","HandOfGreed","DemoMod:Spice","Replay:Sssssssssshield","Dramatic Entrance","Poisoned Strike","Swift Strike","REME_FirmDetermination","Finesse","REME_TheoryOfElimination","REME_ProfessionalPlagiarism","REME_MawOfCthun","DemoMod:Invincible","Swift Strike","ReplayTheSpireMod:Uncanny Aura","Impatience","Blind","Trip","Replay:Bootleg Shield Generator","ReplayTheSpireMod:Private Reserves","Discovery","Replay:Sssssssssstrike","Replay:Sssssssssshield","REME_ShortnessOfBreath","The Bomb","Violence","Flash of Steel","Thinking Ahead","Jack Of All Trades","Panacea","Blind","REME_ShortnessOfBreath","Panacea","Dramatic Entrance","REME_BodyOfCthun","REME_BuildACard","Bandage Up","REME_FirmDetermination","Replay:Parry","Violence","ReplayTheSpireMod:Private Reserves","Crow Ritual","Forethought","Trip","ReplayTheSpireMod:Necrogeddon","Madness","REME_BattleFury","Crow Ritual","Blind","Secret Weapon","Poisoned Strike","Discovery","Impatience","REME_TwoStrings","ReplayTheSpireMod:Private Reserves","Specialist","Flash of Steel","REME_Flogging","Dramatic Entrance","Swift Strike","Finesse","ReplayUltimateDefense","Deep Breath","Panacea","REME_BattleFury","Trip","The Bomb","Trip","Metamorphosis","DemoMod:Spice","Dramatic Entrance","Blind","Trip","Apotheosis","Mind Blast","Dark Shackles","Forethought","Dark Shackles","REME_MagicPocketWatch","Trip","Trip","REME_FirmDetermination","Trip","Impatience","Finesse","ReplayTheSpireMod:Trickstab","REME_TwoStrings","Sadistic Nature","Bandage Up","Deep Breath","ReplayTheSpireMod:Private Reserves","Survey Options","PanicButton","REME_ShortnessOfBreath","Jack Of All Trades","Flash of Steel","Deep Breath","Purity","ReplayUltimateDefense","REME_PuzzleBox","DemoMod:Deposit","Impatience","DemoMod:Invincible","Violence","Midas Touch","REME_BattleFury","REME_HeartOfCthun","Replay:Multitool","REME_HandOfSuture","GodSword3","Lee\u0027s Waffle","Ccalipers","Matryoshka","BargainBundle","REME_CardOfGreed","DemoMod:JetPack","Toy Ornithopter","Gremlin Food","Happy Flower","Strawberry","Bronze Scales","Anchor","Counterbalance","Replay:Rubber Ducky","DemoMod:GreenGuonStone","Replay:Baseball","ReplayTheSpireMod:Ninjato","MagicDraw3","Pen Nib","ReplayTheSpireMod:Lightbulb","DemoMod:PinkGuonStone","CrazyTorch:ReiMu","Durian","PreservedInsect","Potion Belt","PlanX","DemoMod:Antibody","StoneCalendar","Ancient Tea Set","Orichalcum","Art of War","Omamori","Prayer Wheel","ReplayFunnel","Divine Protection","War Paint","Grinning Jar","Juzu Bracelet","REME_PuzzleBoxRelic","Boot","Thread and Needle","MagicDraw2","Eternal Feather","Bag of Marbles","Replay:Mystery Machine","Toxic Egg 2","Molten Egg 2","Letter Opener","Quantum Egg","MagicDraw4","Blood Vial","MealTicket","SecretRecord","DemoMod:ResourcefulSack","Onion Ring","Hololive_LightStick","Ginger","Snack Pack","DemoMod:ClearGuonStone","RuthlessExorcism:ReiMu","Membership Card"],"campfire_rested":0,"item_purchase_floors":[12,20,20,20,20,20,20,20,20,20,20,20,20,20,20,20,20,20,20,20,20,20,20,20,20,20,20,20,20,20,20,20,20,20,20,20,20,20,20,20,20,20,20,20,20,20,20,20,20,20,20,20,20,20,20,20,20,20,20,20,20,20,20,20,20,20,20,20,20,20,20,20,20,20,20,20,20,20,20,20,20,20,20,20,20,20,20,20,20,20,20,20,20,20,20,20,20,20,20,20,20,20,20,20,20,20,20,20,20,20,20,20,20,20,20,20,20,20,20,20,20,20,20,20,20,20,20,20,20,20,20,20,20,20,20,20,20,20,20,20,20,20,20,20,20,20,20,20,20,20,20,20,20,20,20,20,20,20,20,20,20,20,20,20,20,20,20,20,20,20,20,20,20,20,20,20,20,20,20,20,20,20,20,20,20,20,20,20,20,20,20,20,20,20,20,20,20,20,20,20,20,20,20,20,20,20,20,20,20,20,20,20,20,20,20,20,20,20,20,20,20,20,20,20,20,20,31,31,31,31,31,31,31,31,31,31,31,31,31,31,31,31,31,31,31,31,31,31,31,31,31,31,31,31,31,31,31,31,31,31,31,31,31,31,31,31,31,31,31,31,31,31,31,31,31,31,31,31,31,31,31,31,31,46],"current_hp_per_floor":[35,35,35,35,35,35,35,35,35,35,35,35,35,35,35,35,35,35,35,42,41,41,41,36,34,41,25,25,25,25,44,74,75,75,75,75,75,75,75,75,79,81,81,81,81,82,82,82,82,72,72],"gold":968768,"neow_bonus":"REMOVE_CARD","is_daily":false,"chose_seed":false,"campfire_upgraded":3,"win_rate":0.0,"timestamp":1611060600,"path_taken":["M","M","?","M","$","R","?","?","T","R","M","$","?","?","R","BOSS","M","?","?","M","M","R","E","M","T","M","COS","?","?","$","R_BF","BOSS","M","?","?","M","COS","R","E","R","T","?","E","?","R","M","R","BOSS"],"items_purchased_type":["Card","Card","Card","Card","Card","Card","Card","Card","Card","Card","Card","Card","Card","Card","Card","Card","Card","Card","Card","Card","Card","Card","Card","Card","Card","Card","Card","Card","Card","Card","Card","Card","Card","Card","Card","Card","Card","Card","Card","Card","Card","Card","Card","Card","Card","Card","Card","Card","Card","Card","Card","Card","Card","Card","Card","Card","Card","Card","Card","Card","Card","Card","Card","Card","Card","Card","Card","Card","Card","Card","Card","Card","Card","Card","Card","Card","Card","Card","Card","Card","Card","Card","Card","Card","Card","Card","Card","Card","Card","Card","Card","Card","Card","Card","Card","Card","Card","Card","Card","Card","Card","Card","Card","Card","Card","Card","Card","Card","Card","Card","Card","Card","Card","Card","Card","Card","Card","Card","Card","Card","Card","Card","Card","Card","Card","Card","Card","Card","Card","Card","Card","Card","Card","Card","Card","Card","Card","Card","Card","Card","Card","Card","Card","Card","Card","Card","Card","Card","Card","Card","Card","Card","Card","Card","Card","Card","Card","Card","Card","Card","Card","Card","Card","Card","Card","Card","Card","Card","Card","Card","Card","Card","Card","Card","Card","Card","Card","Card","Card","Card","Card","Card","Card","Card","Card","Card","Card","Card","Card","Card","Card","Card","Card","Card","Card","Card","Card","Card","Card","Card","Card","Card","Card","Card","Card","Card","Card","Card","Card","Card","Card","Card","Card","Card","Card","Card","Card","Card","Card","Card","Relic","Relic","Relic","Relic","Relic","Relic","Relic","Relic","Relic","Relic","Relic","Relic","Relic","Relic","Relic","Relic","Relic","Relic","Relic","Relic","Relic","Relic","Relic","Relic","Relic","Relic","Relic","Relic","Relic","Relic","Relic","Relic","Relic","Relic","Relic","Relic","Relic","Relic","Relic","Relic","Relic","Relic","Relic","Relic","Relic","Relic","Relic","Relic","Relic","Relic","Relic","Relic","Relic","Relic","Relic","Relic","Relic","Relic","Relic","Relic","Relic","Relic","Relic","Relic"],"build_version":"2020-12-22","purchased_purges":5,"victory":true,"max_hp_per_floor":[35,35,35,35,35,35,35,35,35,35,35,35,35,35,35,35,35,35,35,42,42,42,42,42,42,49,55,55,55,55,74,74,75,75,75,75,75,75,75,75,81,81,81,81,82,82,82,82,82,83,83],"relic_stats":{"StoneCalendar":[0],"Juzu Bracelet":2,"Whetstone":["Hololive_Strike","Hololive_Strike"],"Ginger":[1],"Boot":[6],"Blood Vial":0,"Nunchaku":[2],"Prayer Wheel":2,"MealTicket":1,"Lee\u0027s Waffle":7,"Happy Flower":[5],"counters":[18,67],"Blue Candle":[0],"Eternal Feather":32,"Pen Nib":[4],"PreservedInsect":169,"Letter Opener":[281],"Orichalcum":[66],"War Paint":["Midas Touch","REME_TheoryOfElimination"],"Medical Kit":[0],"Peace Pipe":6,"Ornamental Fan":[16],"Bronze Scales":[27],"Art of War":[3],"obtain_stats":[{"DemoMod:GreenGuonStone":31,"Divine Protection":31,"DemoMod:PoisonVial":24,"SoulBox":17,"DemoMod:GlassGuonStoneRelic":18,"ice":0,"Whetstone":9,"Ginger":31,"MagicDraw4":31,"MagicDraw3":31,"Boot":31,"MagicDraw2":31,"Blood Vial":31,"Ccalipers":20,"DemoMod:MonsterBlood":26,"Strawberry":31,"Prayer Wheel":31,"MealTicket":31,"Toxic Egg 2":31,"DemoMod:ClearGuonStone":31,"Gensokyo:MaskOfHope":19,"Happy Flower":31,"Blue Candle":0,"Counterbalance":31,"Eternal Feather":31,"Pen Nib":31,"Letter Opener":31,"War Paint":31,"REME_LimitBreaker":43,"Replay:Baseball":31,"Bronze Scales":31,"PlanX":31,"Hololive_TheStar":0,"DemoMod:DecoyRelic":45,"Molten Egg 2":31,"Onion Ring":31,"DemoMod:ResourcefulSack":31,"Grinning Jar":31,"GodSword3":20,"Unceasing Top":0,"ReplayFunnel":31,"StoneCalendar":31,"SecretRecord":31,"Replay:Multitool":20,"Juzu Bracelet":0,"Replay:Mystery Machine":31,"Ancient Tea Set":31,"Replay:Rubber Ducky":31,"Nunchaku":43,"Matryoshka":20,"DemoMod:JetPack":31,"Gremlin Food":31,"Potion Belt":31,"Lee\u0027s Waffle":20,"BargainBundle":31,"ReplayTheSpireMod:Ninjato":31,"DemoMod:Antibody":31,"Quantum Egg":31,"Thread and Needle":31,"The Courier":0,"DemoMod:PinkGuonStone":31,"PreservedInsect":31,"Omamori":31,"Orichalcum":31,"Medical Kit":0,"Peace Pipe":0,"Anchor":31,"Hololive_LightStick":31,"Ornamental Fan":41,"Orrery":28,"CrazyTorch:ReiMu":31,"REME_HandOfSuture":20,"LetterFromLob":1,"Durian":31,"Art of War":31,"Bag of Marbles":31,"Snack Pack":31,"REME_CardOfGreed":31,"Membership Card":46,"REME_PuzzleBoxRelic":31,"ReplayTheSpireMod:Lightbulb":31,"Toy Ornithopter":31,"REME_ComplimentaryCards":0,"RuthlessExorcism:ReiMu":31},{"DemoMod:GreenGuonStone":12,"Divine Protection":12,"DemoMod:PoisonVial":10,"SoulBox":6,"DemoMod:GlassGuonStoneRelic":7,"ice":0,"Whetstone":3,"Ginger":12,"MagicDraw4":12,"MagicDraw3":12,"Boot":12,"MagicDraw2":12,"Blood Vial":12,"Ccalipers":7,"DemoMod:MonsterBlood":11,"Strawberry":12,"Prayer Wheel":12,"MealTicket":12,"Toxic Egg 2":12,"DemoMod:ClearGuonStone":12,"Gensokyo:MaskOfHope":7,"Happy Flower":12,"Blue Candle":0,"Counterbalance":12,"Eternal Feather":12,"Pen Nib":12,"Letter Opener":12,"War Paint":12,"REME_LimitBreaker":15,"Replay:Baseball":12,"Bronze Scales":12,"PlanX":12,"Hololive_TheStar":0,"DemoMod:DecoyRelic":16,"Molten Egg 2":12,"Onion Ring":12,"DemoMod:ResourcefulSack":12,"Grinning Jar":12,"GodSword3":7,"Unceasing Top":0,"ReplayFunnel":12,"StoneCalendar":12,"SecretRecord":12,"Replay:Multitool":7,"Juzu Bracelet":0,"Replay:Mystery Machine":12,"Ancient Tea Set":12,"Replay:Rubber Ducky":12,"Nunchaku":15,"Matryoshka":7,"DemoMod:JetPack":12,"Gremlin Food":12,"Potion Belt":12,"Lee\u0027s Waffle":7,"BargainBundle":12,"ReplayTheSpireMod:Ninjato":12,"DemoMod:Antibody":12,"Quantum Egg":12,"Thread and Needle":12,"The Courier":0,"DemoMod:PinkGuonStone":12,"PreservedInsect":12,"Omamori":12,"Orichalcum":12,"Medical Kit":0,"Peace Pipe":0,"Anchor":12,"Hololive_LightStick":12,"Ornamental Fan":15,"Orrery":12,"CrazyTorch:ReiMu":12,"REME_HandOfSuture":7,"LetterFromLob":1,"Durian":12,"Art of War":12,"Bag of Marbles":12,"Snack Pack":12,"REME_CardOfGreed":12,"Membership Card":16,"REME_PuzzleBoxRelic":12,"ReplayTheSpireMod:Lightbulb":12,"Toy Ornithopter":12,"REME_ComplimentaryCards":0,"RuthlessExorcism:ReiMu":12},{"DemoMod:GreenGuonStone":52,"Divine Protection":52,"DemoMod:PoisonVial":39,"SoulBox":26,"DemoMod:GlassGuonStoneRelic":30,"ice":0,"Whetstone":9,"Ginger":52,"MagicDraw4":52,"MagicDraw3":52,"Boot":52,"MagicDraw2":52,"Blood Vial":52,"Ccalipers":30,"DemoMod:MonsterBlood":43,"Strawberry":52,"Prayer Wheel":52,"MealTicket":52,"Toxic Egg 2":52,"DemoMod:ClearGuonStone":52,"Gensokyo:MaskOfHope":30,"Happy Flower":52,"Blue Candle":0,"Counterbalance":52,"Eternal Feather":52,"Pen Nib":52,"Letter Opener":52,"War Paint":52,"REME_LimitBreaker":59,"Replay:Baseball":52,"Bronze Scales":52,"PlanX":52,"Hololive_TheStar":0,"DemoMod:DecoyRelic":62,"Molten Egg 2":52,"Onion Ring":52,"DemoMod:ResourcefulSack":52,"Grinning Jar":52,"GodSword3":30,"Unceasing Top":0,"ReplayFunnel":52,"StoneCalendar":52,"SecretRecord":52,"Replay:Multitool":30,"Juzu Bracelet":0,"Replay:Mystery Machine":52,"Ancient Tea Set":52,"Replay:Rubber Ducky":52,"Nunchaku":59,"Matryoshka":30,"DemoMod:JetPack":52,"Gremlin Food":52,"Potion Belt":52,"Lee\u0027s Waffle":30,"BargainBundle":52,"ReplayTheSpireMod:Ninjato":52,"DemoMod:Antibody":52,"Quantum Egg":52,"Thread and Needle":52,"The Courier":0,"DemoMod:PinkGuonStone":52,"PreservedInsect":52,"Omamori":52,"Orichalcum":52,"Medical Kit":0,"Peace Pipe":0,"Anchor":52,"Hololive_LightStick":52,"Ornamental Fan":59,"Orrery":52,"CrazyTorch:ReiMu":52,"REME_HandOfSuture":30,"LetterFromLob":3,"Durian":52,"Art of War":52,"Bag of Marbles":52,"Snack Pack":52,"REME_CardOfGreed":52,"Membership Card":62,"REME_PuzzleBoxRelic":52,"ReplayTheSpireMod:Lightbulb":52,"Toy Ornithopter":52,"REME_ComplimentaryCards":0,"RuthlessExorcism:ReiMu":52}],"Unceasing Top":[0],"Toy Ornithopter":0},"card_choices":[{"not_picked":["Hololive_LuckPotion","Hololive_HuntDinosaur","Hololive_Trident"],"picked":"Hololive_CallUruhaRushia","floor":1.0},{"not_picked":["Hololive_FlyingPonyTail","Hololive_HuntDinosaur","Hololive_ScarfAndHalo","Hololive_CandyCastle"],"picked":"SKIP","floor":2.0},{"not_picked":["Hololive_CallSakuraMiko","Hololive_Drill","Hololive_StrengthChampion"],"picked":"Hololive_CallMurasakiShion","floor":4.0},{"not_picked":["Hololive_OvertimeWork","Hololive_StrengthChampion","Hololive_HuntDinosaur"],"picked":"Hololive_CallAiraniIofifteen","floor":8.0},{"not_picked":["Hololive_Rebound","Hololive_FlareMind","Hololive_Psychosis"],"picked":"Hololive_CallOmaruPolka","floor":8.0},{"not_picked":["Hololive_CocoNews","Hololive_HuntDinosaur","Hololive_ASMR"],"picked":"Hololive_CallAkaiHaato","floor":11.0},{"not_picked":["Hololive_CallAkaiHaato","Hololive_FlyingPonyTail","Hololive_LuckPotion"],"picked":"Hololive_CallHoushouMarine","floor":14.0},{"not_picked":["Hololive_ScarfAndHalo","Hololive_StarCraft","Hololive_FlareMind"],"picked":"Hololive_IdolExercise","floor":16.0},{"not_picked":["Hololive_Breathe+1","Hololive_CallOkamiMio","Hololive_SoulCatcher+1"],"picked":"Hololive_CallUsadaPekora+1","floor":18.0},{"not_picked":["Hololive_StrengthChampion","Hololive_LuckPotion+1","Hololive_CallUruhaRushia","Hololive_CallHoshimachiSuisei+1"],"picked":"SKIP","floor":21.0},{"not_picked":["Hololive_FlyingPonyTail","Hololive_Sequa","Hololive_Trident","Hololive_RevenueBasedLive"],"picked":"SKIP","floor":22.0},{"not_picked":["Hololive_Spy","Hololive_CallSakuraMiko+1","Hololive_Sequa+1","Hololive_OvertimeWork"],"picked":"SKIP","floor":24},{"not_picked":["Hololive_CallNakiriAyame","Hololive_FlyingPonyTail","Hololive_Breathe","Hololive_CallYukihanaLamy"],"picked":"SKIP","floor":25},{"not_picked":["Hololive_StarCraft","Hololive_CallYozoraMel","Hololive_LuckPotion","Hololive_StrengthChampion+1"],"picked":"SKIP","floor":27},{"not_picked":["Hololive_OvertimeWork+1","Hololive_Psychosis+1","Hololive_Breathe+1","Hololive_CocoNews+1"],"picked":"SKIP","floor":38},{"not_picked":["Hololive_CocoNews+1","Hololive_Drill+1","Hololive_HuntDinosaur+1","Hololive_CallMoonaHoshinova"],"picked":"SKIP","floor":38},{"not_picked":["Hololive_OvertimeWork+1","Hololive_Sequa+1","Hololive_Trident+1","Hololive_Psychosis+1"],"picked":"SKIP","floor":41},{"not_picked":["Hololive_Breathe+1","Hololive_RevenueBasedLive+1","Hololive_Rebound+1","Hololive_CallOmaruPolka+1"],"picked":"SKIP","floor":45},{"not_picked":["Hololive_CallHimemoriLuna+1","Hololive_CallAZKi","Hololive_StrengthChampion+1","Hololive_Trident+1"],"picked":"SKIP","floor":48},{"not_picked":["Hololive_Trident+1","Hololive_FlyingPonyTail+1","Hololive_OvertimeWork+1","Hololive_Sequa+1"],"picked":"SKIP","floor":48}],"player_experience":336307,"relics_obtained":[{"floor":1.0,"key":"LetterFromLob"},{"floor":9.0,"key":"Whetstone"},{"floor":24,"key":"DemoMod:PoisonVial"},{"floor":26,"key":"DemoMod:MonsterBlood"},{"floor":41,"key":"Ornamental Fan"},{"floor":43,"key":"Nunchaku"},{"floor":43,"key":"REME_LimitBreaker"},{"floor":45,"key":"DemoMod:DecoyRelic"}],"event_choices":[],"is_beta":false,"boss_relics":[{"not_picked":["Replay:Ancient Bell","Philosopher\u0027s Stone"],"picked":"SoulBox"},{"not_picked":["Hololive_Finger","REME_LowDesire","Tiny House"]}],"items_purged_floors":[20,20,31,31,46],"is_endless":false,"potions_floor_spawned":[2,11,14,18,25,33,45],"ascension_level":0}}