{"host":"0awa854l6bexpjrv","time":1611029827,"event":{"mods":["BaseMod","Block Reminder","Colored Map","Colored Powertips","Downfall","Highlight Path","Minty Spire (QoL Compilation)","Quick Restart","Rare Cards Sparkle","StSLib","SuperFastMode"],"gold_per_floor":[114,114,132,35,55,55,55,65,65,25,25,36,59,74,74,174,174,193,193,15,29,0,0,100,100,127,139,158,158,158,178,178,277,277,296,308,183,183,183],"floor_reached":38,"language":"ENG","playtime":2045,"items_purged":["Strike_G","Strike_G","Strike_G"],"score":403,"play_id":"7b6d0099-ffd0-4965-87cb-eafbb9be5b5e","local_time":"20210118201707","is_ascension_mode":true,"campfire_choices":[{"data":"Noxious Fumes","floor":6.0,"key":"SMITH"},{"data":"Leg Sweep","floor":11.0,"key":"SMITH"},{"floor":15.0,"key":"REST"},{"data":"Storm of Steel","floor":23.0,"key":"SMITH"},{"data":"Infinite Blades","floor":25.0,"key":"SMITH"},{"floor":29,"key":"REST"},{"floor":32,"key":"REST"}],"circlet_count":0,"master_deck":["Strike_G","Strike_G","Defend_G","Defend_G","Defend_G","Defend_G","Defend_G","Survivor","Neutralize+1","All Out Attack","Noxious Fumes+1","Flying Knee+1","Heel Hook","Leg Sweep+1","Masterful Stab+1","Footwork","Noxious Fumes","Storm of Steel+1","Blade Dance","RitualDagger","Infinite Blades+1","Choke","Terror","Footwork","Blade Dance","Envenom","Accuracy"],"relics":["Runic Pyramid","Paper Crane","Dream Catcher","Odd Mushroom","WristBlade","Whetstone","Sozu"],"acts_visited":["Exordium","TheCity","TheBeyond"],"potions_floor_usage":[28],"damage_taken":[{"damage":0.0,"enemies":"Jaw Worm","floor":1.0,"turns":5.0},{"damage":0.0,"enemies":"Cultist","floor":3.0,"turns":4.0},{"damage":7.0,"enemies":"Small Slimes","floor":5.0,"turns":3.0},{"damage":7.0,"enemies":"3 Louse","floor":8.0,"turns":2.0},{"damage":0.0,"enemies":"Large Slime","floor":12.0,"turns":6.0},{"damage":5.0,"enemies":"The Mushroom Lair","floor":13.0,"turns":4.0},{"damage":14.0,"enemies":"Lots of Slimes","floor":14.0,"turns":4.0},{"damage":1.0,"enemies":"Hexaghost","floor":16.0,"turns":10.0},{"damage":0.0,"enemies":"Spheric Guardian","floor":18.0,"turns":4.0},{"damage":0.0,"enemies":"3 Byrds","floor":21.0,"turns":4.0},{"damage":4,"enemies":"Snake Plant","floor":27,"turns":5},{"damage":13,"enemies":"Sentry and Sphere","floor":28,"turns":5},{"damage":16,"enemies":"Cultist and Chosen","floor":31,"turns":5},{"damage":11,"enemies":"Champ","floor":33,"turns":7},{"damage":26,"enemies":"3 Darklings","floor":35,"turns":6},{"damage":16,"enemies":"Orb Walker","floor":36,"turns":3},{"damage":0,"enemies":"4 Shapes","floor":38,"turns":1}],"seed_played":"-2331577304336907589","potions_obtained":[{"floor":1.0,"key":"FearPotion"},{"floor":5.0,"key":"SkillPotion"},{"floor":12.0,"key":"Dexterity Potion"},{"floor":16.0,"key":"Guardian:BlockOnCardUsePotion"},{"floor":18.0,"key":"Swift Potion"},{"floor":27,"key":"EssenceOfSteel"}],"is_trial":false,"path_per_floor":["M","?","M","$","M","R","?","M","T","$","R","M","?","M","R","B",null,"M","?","$","M","?","R","?","R","T","M","M","R","?","M","R","B",null,"M","M","$","M"],"character_chosen":"THE_SILENT","items_purchased":["Flying Knee","Masterful Stab","Infinite Blades"],"campfire_rested":3,"item_purchase_floors":[4,10,20],"current_hp_per_floor":[70,70,70,70,63,63,63,56,56,56,56,56,51,37,58,57,70,70,64,64,64,64,64,64,64,64,60,47,68,68,52,70,59,70,44,28,28,28,28],"gold":183,"neow_bonus":"BOSS_RELIC","is_daily":false,"chose_seed":false,"campfire_upgraded":4,"win_rate":0.0,"timestamp":1611029827,"path_taken":["M","?","?","$","M","R","?","M","T","$","R","M","?","M","R","BOSS","M","?","$","M","?","R","?","R","T","M","?","R","?","M","R","BOSS","M","M","$","M"],"items_purchased_type":["Card","Card","Card"],"build_version":"2020-12-22","purchased_purges":3,"victory":false,"max_hp_per_floor":[70,70,70,70,70,70,70,70,70,70,70,70,70,70,70,70,70,70,70,70,70,70,70,70,70,70,70,70,70,70,70,70,70,70,70,70,70,70,70],"card_choices":[{"not_picked":["Well Laid Plans","Finisher"],"picked":"All Out Attack","floor":1.0},{"not_picked":["Deadly Poison","Finisher"],"picked":"Noxious Fumes","floor":3.0},{"not_picked":["Dodge and Roll","Dagger Spray"],"picked":"Heel Hook","floor":5.0},{"not_picked":["Backstab","Riddle With Holes"],"picked":"Leg Sweep","floor":8.0},{"not_picked":["Blade Dance","Dagger Throw"],"picked":"Footwork","floor":12.0},{"not_picked":["Leg Sweep","Sucker Punch"],"picked":"Noxious Fumes","floor":13.0},{"not_picked":["Well Laid Plans","Dagger Throw","Blade Dance"],"picked":"SKIP","floor":14.0},{"not_picked":["Tools of the Trade","A Thousand Cuts"],"picked":"Storm of Steel","floor":16.0},{"not_picked":["Dash","PiercingWail"],"picked":"Blade Dance","floor":18.0},{"not_picked":["Calculated Gamble","Dagger Throw"],"picked":"Choke","floor":21.0},{"not_picked":["Infinite Blades+1","Escape Plan"],"picked":"Terror","floor":27},{"not_picked":["Quick Slash","Dagger Throw"],"picked":"Footwork","floor":28},{"not_picked":["Backflip","Underhanded Strike","Quick Slash"],"picked":"SKIP","floor":31},{"not_picked":["Slice","Flechettes"],"picked":"Blade Dance","floor":32},{"not_picked":["Adrenaline","Malaise"],"picked":"Envenom","floor":33},{"not_picked":["Dagger Spray+1","Heel Hook","Backflip+1"],"picked":"SKIP","floor":35},{"not_picked":["Expertise+1","Well Laid Plans+1"],"picked":"Accuracy","floor":36}],"player_experience":563692,"relics_obtained":[{"floor":9.0,"key":"Dream Catcher"},{"floor":13.0,"key":"Odd Mushroom"},{"floor":26.0,"key":"Whetstone"}],"event_choices":[{"damage_healed":0.0,"max_hp_gain":0.0,"max_hp_loss":0.0,"gold_gain":0.0,"event_name":"Accursed Blacksmith","player_choice":"Forge","floor":2.0,"gold_loss":0.0,"damage_taken":0.0,"cards_upgraded":["Neutralize"]},{"damage_healed":0.0,"max_hp_gain":0.0,"max_hp_loss":0.0,"gold_gain":0.0,"event_name":"Dead Adventurer","player_choice":"Searched \u00271\u0027 times","floor":7.0,"gold_loss":0.0,"damage_taken":0.0,"relics_obtained":["Paper Crane"]},{"damage_healed":0.0,"max_hp_gain":0.0,"max_hp_loss":0.0,"gold_gain":0.0,"event_name":"Mushrooms","player_choice":"Fought Mushrooms","floor":13.0,"gold_loss":0.0,"damage_taken":0.0},{"damage_healed":0.0,"max_hp_gain":0.0,"max_hp_loss":0.0,"gold_gain":0.0,"event_name":"Nest","player_choice":"Joined the Cult","floor":19.0,"gold_loss":0.0,"damage_taken":6.0,"cards_obtained":["RitualDagger"]},{"damage_healed":0.0,"max_hp_gain":0.0,"max_hp_loss":0.0,"gold_gain":0.0,"event_name":"Masked Bandits","player_choice":"Paid Fearfully","floor":22.0,"gold_loss":29.0,"damage_taken":0.0},{"damage_healed":0.0,"max_hp_gain":0.0,"max_hp_loss":0.0,"gold_gain":100.0,"event_name":"Golden Shrine","player_choice":"Pray","floor":24.0,"gold_loss":0.0,"damage_taken":0.0},{"damage_healed":0,"gold_gain":0,"player_choice":"Ignored","damage_taken":0,"max_hp_gain":0,"max_hp_loss":0,"event_name":"Ghosts","floor":30,"gold_loss":0}],"is_beta":false,"boss_relics":[{"not_picked":["SacredBark","Philosopher\u0027s Stone"],"picked":"WristBlade"},{"not_picked":["Coffee Dripper","Tiny House"],"picked":"Sozu"}],"items_purged_floors":[4,20,37],"is_endless":false,"potions_floor_spawned":[1,5,12,16,18,27],"killed_by":"4 Shapes","ascension_level":2}}