{"host":"zk71suw73lg2r165","time":1611083545,"event":{"mods":["BaseMod","Colored Map","Minty Spire (QoL Compilation)","Permanent Neow","Relic Stats","StSLib"],"gold_per_floor":[119,134,114,131,15,34,66,66,91,104,133,152,152,168,168,244,294,313,324,82,98,98,98,109,109,109],"floor_reached":25,"language":"ENG","playtime":920,"items_purged":["Strike_G"],"score":434,"play_id":"17a6e808-a861-40d3-a8b4-9b2a6424ffda","local_time":"20210119141225","is_ascension_mode":true,"campfire_choices":[{"floor":8.0,"key":"REST"},{"floor":13.0,"key":"REST"},{"floor":15.0,"key":"REST"},{"floor":23,"key":"REST"}],"circlet_count":0,"master_deck":["AscendersBane","Strike_G","Strike_G","Strike_G+1","Strike_G","Defend_G","Defend_G","Defend_G","Defend_G","Defend_G","Survivor","Neutralize","Sucker Punch","Poisoned Stab","Quick Slash","Crippling Poison","Footwork","Poisoned Stab","Noxious Fumes","Bane","Acrobatics","Bullet Time","Glass Knife","PiercingWail","PiercingWail","Corpse Explosion","Wraith Form v2","Adrenaline"],"relics":["Fusion Hammer","Strawberry","Bag of Marbles","Nunchaku","Tiny House"],"acts_visited":["Exordium","TheCity"],"potions_floor_usage":[21,21,21,24,25],"damage_taken":[{"damage":0.0,"enemies":"Cultist","floor":1.0,"turns":4.0},{"damage":5.0,"enemies":"Jaw Worm","floor":2.0,"turns":4.0},{"damage":9.0,"enemies":"Small Slimes","floor":4.0,"turns":3.0},{"damage":4.0,"enemies":"Looter","floor":6.0,"turns":3.0},{"damage":28.0,"enemies":"3 Sentries","floor":7.0,"turns":11.0},{"damage":9.0,"enemies":"Lots of Slimes","floor":10.0,"turns":3.0},{"damage":17.0,"enemies":"Gremlin Nob","floor":11.0,"turns":4.0},{"damage":9.0,"enemies":"2 Fungi Beasts","floor":12.0,"turns":3.0},{"damage":8.0,"enemies":"3 Louse","floor":14.0,"turns":3.0},{"damage":15.0,"enemies":"Hexaghost","floor":16.0,"turns":9.0},{"damage":19,"enemies":"Chosen","floor":18,"turns":4},{"damage":27,"enemies":"Shell Parasite","floor":19,"turns":7},{"damage":6,"enemies":"3 Cultists","floor":21,"turns":3},{"damage":3,"enemies":"Snake Plant","floor":24,"turns":4},{"damage":7,"enemies":"Gremlin Leader","floor":25,"turns":2}],"seed_played":"1506270429374531849","potions_obtained":[{"floor":2.0,"key":"Ancient Potion"},{"floor":3.0,"key":"BlessingOfTheForge"},{"floor":10.0,"key":"Swift Potion"},{"floor":17,"key":"EntropicBrew"},{"floor":21,"key":"ColorlessPotion"}],"is_trial":false,"path_per_floor":["M","M","?","M","$","M","E","R","T","M","E","M","R","M","R","B",null,"M","M","$","M","?","R","M","E"],"character_chosen":"THE_SILENT","items_purchased":["Crippling Poison","Footwork","Corpse Explosion"],"campfire_rested":4,"item_purchase_floors":[5,5,20],"current_hp_per_floor":[59,54,54,45,45,41,20,41,41,32,15,6,27,19,40,25,66,47,20,20,14,14,37,34,27,27],"gold":109,"neow_bonus":"BOSS_RELIC","is_daily":false,"chose_seed":false,"campfire_upgraded":0,"win_rate":0.0,"timestamp":1611083545,"path_taken":["M","?","?","M","?","M","E","R","T","M","E","M","R","?","R","BOSS","M","M","$","M","?","R","M","E"],"items_purchased_type":["Card","Card","Card"],"build_version":"2020-12-22","purchased_purges":1,"victory":false,"max_hp_per_floor":[66,66,66,66,66,66,73,73,73,73,73,73,73,73,73,73,78,78,78,78,78,78,78,78,78,78],"relic_stats":{"Nunchaku":[7],"counters":[15,67],"obtain_stats":[{"Nunchaku":11,"Tiny House":17,"Strawberry":7,"Fusion Hammer":0,"Bag of Marbles":9,"Ring of the Snake":0},{"Nunchaku":7,"Tiny House":10,"Strawberry":5,"Fusion Hammer":0,"Bag of Marbles":5,"Ring of the Snake":0},{"Nunchaku":32,"Tiny House":47,"Strawberry":25,"Fusion Hammer":0,"Bag of Marbles":25,"Ring of the Snake":0}]},"card_choices":[{"not_picked":["Dodge and Roll","Cloak And Dagger"],"picked":"Sucker Punch","floor":1.0},{"not_picked":["Deadly Poison","Accuracy"],"picked":"Poisoned Stab","floor":2.0},{"not_picked":["Masterful Stab","Prepared"],"picked":"Quick Slash","floor":4.0},{"not_picked":["Acrobatics","Outmaneuver"],"picked":"Poisoned Stab","floor":6.0},{"not_picked":["Quick Slash","Choke"],"picked":"Noxious Fumes","floor":7.0},{"not_picked":["Deadly Poison","Concentrate"],"picked":"Bane","floor":10.0},{"not_picked":["Infinite Blades","Dagger Spray"],"picked":"Acrobatics","floor":11.0},{"not_picked":["Choke","Quick Slash","Setup"],"picked":"SKIP","floor":12.0},{"not_picked":["Skewer","Poisoned Stab"],"picked":"Bullet Time","floor":14.0},{"not_picked":["Venomology","Malaise"],"picked":"Glass Knife","floor":16.0},{"not_picked":["Noxious Fumes","Dagger Spray"],"picked":"PiercingWail","floor":17},{"not_picked":["PiercingWail","Prepared","Terror"],"picked":"SKIP","floor":18},{"not_picked":["Sucker Punch+1","Infinite Blades"],"picked":"PiercingWail","floor":19},{"not_picked":["Deadly Poison","Prepared","Skewer"],"picked":"SKIP","floor":21},{"not_picked":["Terror","Tactician"],"picked":"Adrenaline","floor":24}],"player_experience":1347414,"relics_obtained":[{"floor":7.0,"key":"Strawberry"},{"floor":9.0,"key":"Bag of Marbles"},{"floor":11.0,"key":"Nunchaku"}],"event_choices":[{"damage_healed":0.0,"max_hp_gain":0.0,"max_hp_loss":0.0,"gold_gain":0.0,"event_name":"The Woman in Blue","player_choice":"Bought 1 Potion","floor":3.0,"gold_loss":0.0,"damage_taken":0.0},{"damage_healed":0,"gold_gain":0,"player_choice":"Read","damage_taken":0,"max_hp_gain":0,"max_hp_loss":0,"event_name":"The Library","floor":22,"gold_loss":0,"cards_obtained":["Wraith Form v2"]}],"is_beta":false,"boss_relics":[{"not_picked":["Philosopher\u0027s Stone","HoveringKite"],"picked":"Tiny House"}],"items_purged_floors":[20],"is_endless":false,"potions_floor_spawned":[2,4,10,14,19,21],"killed_by":"Gremlin Leader","ascension_level":20}}