{"host":"xp5rvh2jwe2ejyfm","time":1611068200,"event":{"mods":["BaseMod","Hermit","Minty Spire (QoL Compilation)","Replay The Spire","StSLib","The Construct","The Cursed","The Disciple","The Hierophant","The Necromancer","The Runesmith"],"gold_per_floor":[118,136,136,155,172,172,183,195,195,206,224,257,257,49,49,179,179,202,47,66,80,80,80,80],"floor_reached":23,"language":"ENG","playtime":1343,"items_purged":[],"score":320,"play_id":"ba4aa3b7-2ff6-4a53-aa28-8deeaee554c6","local_time":"20210119095640","is_ascension_mode":false,"campfire_choices":[{"floor":6,"key":"REST"}],"circlet_count":0,"master_deck":["TheCursedMod:Strike_TheCursed","TheCursedMod:Strike_TheCursed+1","TheCursedMod:Strike_TheCursed+1","TheCursedMod:Strike_TheCursed","TheCursedMod:Defend_TheCursed","TheCursedMod:Defend_TheCursed","TheCursedMod:Defend_TheCursed","TheCursedMod:Defend_TheCursed","TheCursedMod:CursedWand+1","TheCursedMod:CleanUpWorkshop","TheCursedMod:Dregs","TheCursedMod:SpitefulStrike","TheCursedMod:AbyssShockwave","TheCursedMod:WearCloak","TheCursedMod:FleshFromBone","TheCursedMod:HellfireBreathing","TheCursedMod:WearCloak","TheCursedMod:EmpowerCircles","ReplayTheSpireMod:Splinters","TheCursedMod:CursedMace","TheCursedMod:SmokeScreen","Injury","TheCursedMod:CircleOfCorruption","Regret","TheCursedMod:AntiAging","TheCursedMod:SpitefulStrike","TheCursedMod:FleshFromBone+1","TheCursedMod:Torture","Shame"],"relics":["TheCursedMod:BlackMagic101","Whetstone","Torii","ReplayTheSpireMod:Lightbulb","Golden Idol","Lee\u0027s Waffle","HornCleat","construct:ClawGrip","Toolbox","Akabeko"],"acts_visited":["Exordium","TheCity"],"potions_floor_usage":[10,12,18,23],"damage_taken":[{"damage":6,"enemies":"Jaw Worm","floor":1,"turns":3},{"damage":0,"enemies":"Small Slimes","floor":2,"turns":3},{"damage":0,"enemies":"2 Louse","floor":4,"turns":2},{"damage":19,"enemies":"Large Slime","floor":5,"turns":5},{"damage":5,"enemies":"Blue Slaver","floor":7,"turns":3},{"damage":0,"enemies":"Exordium Wildlife","floor":8,"turns":4},{"damage":12,"enemies":"Gremlin Gang","floor":10,"turns":3},{"damage":28,"enemies":"Lagavulin","floor":12,"turns":7},{"damage":25,"enemies":"Slime Boss","floor":16,"turns":13},{"damage":2,"enemies":"3 Byrds","floor":18,"turns":4},{"damage":14,"enemies":"Chosen","floor":20,"turns":8},{"damage":17,"enemies":"Centurion and Healer","floor":21,"turns":10},{"damage":60,"enemies":"Book of Stabbing","floor":23,"turns":6}],"seed_played":"-3053690990686370065","potions_obtained":[{"floor":2,"key":"Dexterity Potion"},{"floor":4,"key":"DistilledChaos"},{"floor":5,"key":"PowerPotion"},{"floor":7,"key":"Cursed Concoction"},{"floor":16,"key":"Explosive Potion"},{"floor":18,"key":"Doom Potion"},{"floor":21,"key":"Swift Potion"}],"is_trial":false,"path_per_floor":["M","M","?","M","M","R","M","M","T","M","?","E","?","$","R","B",null,"M","$","M","M","?","E"],"character_chosen":"THE_CURSED","items_purchased":["Lee\u0027s Waffle","TheCursedMod:CircleOfCorruption","Toolbox"],"campfire_rested":1,"item_purchase_floors":[14,14,19],"current_hp_per_floor":[69,69,69,69,50,72,67,67,67,55,55,27,27,82,82,57,82,82,82,70,55,55,0,0],"gold":80,"neow_bonus":"RANDOM_COMMON_RELIC","is_daily":false,"chose_seed":false,"campfire_upgraded":0,"win_rate":0.0,"timestamp":1611068200,"path_taken":["M","M","?","M","M","R","M","M","T","M","?","E","?","$","R","BOSS","M","$","M","M","?","E"],"items_purchased_type":["Relic","Card","Relic"],"build_version":"2020-12-22","purchased_purges":0,"victory":false,"max_hp_per_floor":[75,75,75,75,75,75,75,75,75,75,75,75,75,82,82,82,82,84,84,86,88,88,90,90],"card_choices":[{"not_picked":["TheCursedMod:LuckyCharm","TheCursedMod:FleshFromBone"],"picked":"TheCursedMod:SpitefulStrike","floor":1},{"not_picked":["TheCursedMod:RavingStaff","TheCursedMod:ReleasedKnowledge"],"picked":"TheCursedMod:AbyssShockwave","floor":2},{"not_picked":["TheCursedMod:SpitefulPray","TheCursedMod:SmokeScreen"],"picked":"TheCursedMod:WearCloak","floor":4},{"not_picked":["TheCursedMod:SpitefulPlan","TheCursedMod:FuryStrike"],"picked":"TheCursedMod:FleshFromBone","floor":5},{"not_picked":["TheCursedMod:NeowsMight","TheCursedMod:DoubleShield"],"picked":"TheCursedMod:HellfireBreathing","floor":7},{"not_picked":["TheCursedMod:Wield","TheCursedMod:TroublousMinions"],"picked":"TheCursedMod:WearCloak","floor":8},{"not_picked":["TheCursedMod:RapidMovement","TheCursedMod:Stigma"],"picked":"TheCursedMod:EmpowerCircles","floor":10},{"not_picked":["TheCursedMod:Evocation","TheCursedMod:CircleOfWindfury"],"picked":"TheCursedMod:CursedMace","floor":11},{"not_picked":["TheCursedMod:RapidMovement","TheCursedMod:CursedAmulet"],"picked":"TheCursedMod:SmokeScreen","floor":12},{"not_picked":["TheCursedMod:CircleOfAbyss","TheCursedMod:ForbiddenAlchemy"],"picked":"TheCursedMod:AntiAging","floor":16},{"not_picked":["TheCursedMod:RavingStaff","TheCursedMod:CircleOfCorruption"],"picked":"TheCursedMod:SpitefulStrike","floor":18},{"not_picked":["TheCursedMod:Stretching","TheCursedMod:SmokeScreen+1"],"picked":"TheCursedMod:FleshFromBone+1","floor":20},{"not_picked":["TheCursedMod:TacticalStrike","TheCursedMod:Neurasthenia"],"picked":"TheCursedMod:Torture","floor":21}],"player_experience":249182,"relics_obtained":[{"floor":11,"key":"Torii"},{"floor":12,"key":"ReplayTheSpireMod:Lightbulb"}],"event_choices":[{"damage_healed":0,"gold_gain":0,"player_choice":"Grow","damage_taken":0,"max_hp_gain":0,"max_hp_loss":0,"event_name":"Living Wall","floor":3,"gold_loss":0,"cards_upgraded":["TheCursedMod:CursedWand"]},{"damage_healed":0,"gold_gain":0,"player_choice":"Take Wound","damage_taken":0,"relics_obtained":["Golden Idol"],"max_hp_gain":0,"max_hp_loss":0,"event_name":"Golden Idol","floor":13,"gold_loss":0,"cards_obtained":["Injury"]},{"damage_healed":0,"gold_gain":0,"player_choice":"Box","damage_taken":0,"relics_obtained":["HornCleat"],"max_hp_gain":0,"max_hp_loss":0,"event_name":"Big Fish","floor":15,"gold_loss":0,"cards_obtained":["Regret"]},{"damage_healed":0,"gold_gain":0,"player_choice":"Stole Relic","damage_taken":0,"relics_obtained":["Akabeko"],"max_hp_gain":0,"max_hp_loss":0,"event_name":"Addict","floor":22,"gold_loss":0,"cards_obtained":["Shame"]}],"is_beta":false,"boss_relics":[{"not_picked":["Velvet Choker","ChewingGum"],"picked":"construct:ClawGrip"}],"items_purged_floors":[],"is_endless":false,"potions_floor_spawned":[2,4,5,7,16,18,21],"killed_by":"Book of Stabbing","ascension_level":0}}