{"host":"gj3450u0c4def4mj","time":1611068603,"event":{"mods":["2.2 Compatiblity","BaseMod","Downfall","Minty Spire (QoL Compilation)","StSLib"],"gold_per_floor":[199,219,236,256,4,4,86,112,112,12,112,130,130,150,166,261,261,261,276,287,287,21,50,50,50,150,150,281,381,401,421,438,542,542,542,555,565,187,204,204,204,224,1,1,31,31,51,78,95,95],"floor_reached":51,"language":"ENG","playtime":3371,"items_purged":["Guardian:Strike_Guardian","Guardian:Strike_Guardian","Guardian:Strike_Guardian+1","Guardian:Defend_Guardian"],"score":972,"play_id":"f4364936-8c21-483b-982c-43161e83d61d","local_time":"20210119100323","is_ascension_mode":true,"campfire_choices":[{"floor":1.0,"key":"RECALL"},{"data":"Guardian:ArmoredProtocol","floor":10.0,"key":"SMITH"},{"data":"Guardian:BodySlam","floor":13.0,"key":"SMITH"},{"data":"Guardian:SphericShield","floor":18.0,"key":"SMITH"},{"data":"Guardian:BodySlam","floor":25.0,"key":"SMITH"},{"data":"Guardian:VentSteam","floor":27.0,"key":"SMITH"},{"data":"Guardian:CurlUp","floor":35.0,"key":"SMITH"},{"data":"Guardian:FloatingOrbs","floor":44.0,"key":"SMITH"},{"data":"Guardian:Recover","floor":46.0,"key":"SMITH"}],"circlet_count":0,"master_deck":["Guardian:Defend_Guardian","Guardian:Defend_Guardian","Guardian:Defend_Guardian","Guardian:CurlUp+1","Guardian:TwinSlam","Guardian:DecasProtection","Guardian:BodySlam+1","Guardian:ArmoredProtocol+1","Guardian:PrimingBeam+1","Guardian:VentSteam+1","Guardian:BodySlam+1","Guardian:Recover","Guardian:ShieldSpikes","Guardian:SphericShield+1","Guardian:SpikerProtocol","Guardian:Recover+1","Guardian:BodySlam+1","Guardian:SpikerProtocol","Guardian:RollAttack+1","Guardian:SpikerProtocol","Guardian:SpikerProtocol","Guardian:FloatingOrbs+1"],"relics":["Guardian:ModeShifter","Shuriken","Matryoshka","downfall:HeartBlessingRed","Guardian:StasisSlotReductionRelic","Whetstone","Bag of Preparation","Toy Ornithopter","WingedGreaves","Bird Faced Urn","Molten Egg 2","White Beast Statue","SacredBark","Anchor","Bottled Tornado","Strawberry","Ginger","CeramicFish"],"acts_visited":["Exordium","TheCity","TheBeyond"],"potions_floor_usage":[50,50],"damage_taken":[{"damage":6.0,"enemies":"2 Louse","floor":2.0,"turns":4.0},{"damage":6.0,"enemies":"Small Slimes","floor":3.0,"turns":5.0},{"damage":6.0,"enemies":"Cultist","floor":4.0,"turns":5.0},{"damage":10.0,"enemies":"downfall:FleeingMerchant","floor":5.0,"turns":4.0},{"damage":8.0,"enemies":"Gremlin Nob","floor":8.0,"turns":5.0},{"damage":7.0,"enemies":"Blue Slaver","floor":12.0,"turns":3.0},{"damage":7.0,"enemies":"2 Fungi Beasts","floor":14.0,"turns":3.0},{"damage":0.0,"enemies":"Gremlin Gang","floor":15.0,"turns":5.0},{"damage":28.0,"enemies":"IC_STATUS_ARCHETYPE","floor":16.0,"turns":9.0},{"damage":0.0,"enemies":"3 Byrds","floor":19.0,"turns":4.0},{"damage":4.0,"enemies":"Chosen","floor":20.0,"turns":4.0},{"damage":0.0,"enemies":"downfall:FleeingMerchant","floor":22.0,"turns":4.0},{"damage":15.0,"enemies":"Slavers","floor":23.0,"turns":5.0},{"damage":0.0,"enemies":"Colosseum Nobs","floor":26.0,"turns":3.0},{"damage":0.0,"enemies":"downfall:FleeingMerchant","floor":28.0,"turns":3.0},{"damage":0.0,"enemies":"downfall:LadyInBlue","floor":29.0,"turns":4.0},{"damage":0.0,"enemies":"Centurion and Healer","floor":30.0,"turns":3.0},{"damage":0.0,"enemies":"Cultist and Chosen","floor":31.0,"turns":3.0},{"damage":0.0,"enemies":"Shelled Parasite and Fungi","floor":32.0,"turns":1.0},{"damage":0.0,"enemies":"SI_MIRROR_ARCHETYPE","floor":33.0,"turns":10.0},{"damage":0.0,"enemies":"3 Shapes","floor":36.0,"turns":3.0},{"damage":0.0,"enemies":"Orb Walker","floor":37.0,"turns":2.0},{"damage":0.0,"enemies":"Maw","floor":39.0,"turns":5.0},{"damage":0.0,"enemies":"Jaw Worm Horde","floor":42.0,"turns":3.0},{"damage":0.0,"enemies":"Reptomancer","floor":45.0,"turns":3.0},{"damage":0.0,"enemies":"Writhing Mass","floor":47.0,"turns":2.0},{"damage":0.0,"enemies":"Nemesis","floor":48.0,"turns":4.0},{"damage":0.0,"enemies":"4 Shapes","floor":49.0,"turns":5.0},{"damage":0,"enemies":"DF_ARCHETYPE_ORBS","floor":50,"turns":2}],"seed_played":"-4868171341250172131","potions_obtained":[{"floor":3.0,"key":"SkillPotion"},{"floor":14.0,"key":"Guardian:BlockOnCardUsePotion"},{"floor":15.0,"key":"Weak Potion"},{"floor":16.0,"key":"champ:CounterPotion"},{"floor":21.0,"key":"CultistPotion"},{"floor":26.0,"key":"DistilledChaos"},{"floor":29.0,"key":"PowerPotion"},{"floor":32.0,"key":"PowerPotion"},{"floor":33.0,"key":"sneckomod:MuddlingPotion"},{"floor":37.0,"key":"FairyPotion"}],"is_trial":false,"path_per_floor":["R","M","M","M","$","?","T","E","?","R","?","M","R","M","M","B",null,"R","M","M","?","$","E","T","R","?","R","$","?","M","M","M","B",null,"R","M","M","$","M","?","T","M","$","R","E","R","M","E","M","B",null],"character_chosen":"GUARDIAN","items_purchased":["Guardian:ArmoredProtocol","Guardian:PrimingBeam","Guardian:VentSteam","Whetstone","Guardian:SpikerProtocol","Guardian:Gem_Orange","Guardian:RollAttack+1","Guardian:SpikerProtocol","Guardian:FloatingOrbs","Strawberry"],"campfire_rested":0,"item_purchase_floors":[5,5,5,22,28,38,38,38,43,43],"current_hp_per_floor":[80,74,68,62,52,78,78,70,70,70,70,63,63,56,56,28,80,80,80,76,76,76,61,61,61,61,61,65,73,77,80,80,80,80,80,80,80,80,80,80,80,80,87,87,87,87,87,87,87,87],"gold":95,"neow_bonus":"HUNDRED_GOLD","is_daily":false,"chose_seed":false,"campfire_upgraded":8,"win_rate":0.0,"timestamp":1611068603,"path_taken":["R","M","M","M","$","?","T","E","?","R","?","M","R","M","M","BOSS","R","M","M","?","$","E","T","R","?","R","$","?","M","?","M","BOSS","R","M","M","$","M","?","T","M","$","R","E","R","M","E","M","BOSS"],"items_purchased_type":["Card","Card","Card","Relic","Card","Card","Card","Card","Card","Relic"],"build_version":"2020-12-22","purchased_purges":4,"victory":true,"max_hp_per_floor":[80,80,80,80,80,80,80,80,80,80,80,80,80,80,80,80,80,80,80,80,80,80,80,80,80,80,80,80,80,80,80,80,80,80,80,80,80,80,80,80,80,80,87,87,87,87,87,87,87,87],"card_choices":[{"not_picked":["Guardian:Gem_Green","Guardian:Repulse","Guardian:Reroute"],"picked":"SKIP","floor":2.0},{"not_picked":["Guardian:ShieldCharger","Guardian:Gem_Green"],"picked":"Guardian:DecasProtection","floor":3.0},{"not_picked":["Guardian:Gem_Red","Guardian:Suspension"],"picked":"Guardian:BodySlam","floor":4.0},{"not_picked":["Guardian:TimeSifter","Guardian:ChargeCore","Guardian:ShieldCharger"],"picked":"SKIP","floor":5.0},{"not_picked":["Guardian:Gem_Red","Guardian:RollAttack"],"picked":"Guardian:BodySlam","floor":8.0},{"not_picked":["Guardian:Clone","Guardian:GuardianWhirl"],"picked":"Guardian:Recover","floor":12.0},{"not_picked":["Guardian:StasisStrike","Guardian:Gem_Red"],"picked":"Guardian:ShieldSpikes","floor":14.0},{"not_picked":["Guardian:TemporalShield","Guardian:BodySlam","Guardian:PrismaticBarrier"],"picked":"SKIP","floor":15.0},{"not_picked":["Guardian:BaubleBeam","Guardian:Gem_Orange"],"picked":"Guardian:SphericShield","floor":16.0},{"not_picked":["Guardian:TemporalShield","Guardian:CrystalBeam","Guardian:Preprogram+1"],"picked":"SKIP","floor":19.0},{"not_picked":["Guardian:PrimingBeam","Guardian:Gem_Red"],"picked":"Guardian:SpikerProtocol+1","floor":20.0},{"not_picked":["Guardian:ShieldCharger","Guardian:Reroute"],"picked":"Guardian:SpikerProtocol","floor":22.0},{"not_picked":["Guardian:Reroute","Guardian:ExploitGems","Guardian:ShieldCharger"],"picked":"SKIP","floor":23.0},{"not_picked":["Guardian:Suspension+1","Guardian:VentSteam+1"],"picked":"Guardian:Recover","floor":26.0},{"not_picked":["Guardian:ChargeCore+1","Guardian:Gem_Crimson"],"picked":"Guardian:BodySlam+1","floor":28.0},{"not_picked":["Guardian:PrimingBeam+1","Guardian:VentSteam"],"picked":"Guardian:Gem_Cyan","floor":29.0},{"not_picked":["Guardian:TemporalStrike+1","Guardian:Emergency","Guardian:TimeBomb"],"picked":"SKIP","floor":30.0},{"not_picked":["Guardian:ChargeCore+1","Guardian:TemporalShield","Guardian:BronzeOrb+1"],"picked":"SKIP","floor":31.0},{"not_picked":["Guardian:VentSteam","Guardian:DecasProtection","Guardian:GuardianWhirl+1"],"picked":"SKIP","floor":32.0},{"not_picked":["Guardian:HyperBeam_Guardian+1","Guardian:AncientConstruct"],"picked":"Guardian:Gem_Orange","floor":33.0},{"not_picked":["Guardian:RefractedBeam+1","Guardian:TemporalStrike+1"],"picked":"Guardian:Gem_Blue","floor":36.0},{"not_picked":["Guardian:Incinerate+1","Guardian:RefractedBeam+1"],"picked":"Guardian:Gem_Fragmented","floor":37.0},{"not_picked":["Guardian:WalkerClaw+1","Guardian:Repulse"],"picked":"Guardian:SpikerProtocol","floor":39.0},{"not_picked":["Guardian:TemporalShield","Guardian:VentSteam+1","Guardian:TimeBomb+1"],"picked":"SKIP","floor":42.0},{"not_picked":["Guardian:CrystalBeam+1","Guardian:SpikerProtocol","Guardian:StasisStrike+1"],"picked":"SKIP","floor":45.0},{"not_picked":["Guardian:Suspension+1","Guardian:RollAttack+1","Guardian:ChargeCore+1"],"picked":"SKIP","floor":47.0},{"not_picked":["Guardian:Gem_Red","Guardian:StasisStrike+1","Guardian:Gem_Green"],"picked":"SKIP","floor":48.0},{"not_picked":["Guardian:PrismaticBarrier","Guardian:MultiBeam+1","Guardian:TemporalShield"],"picked":"SKIP","floor":49.0}],"player_experience":50485,"relics_obtained":[{"floor":7.0,"key":"Shuriken"},{"floor":8.0,"key":"Matryoshka"},{"floor":23.0,"key":"Bag of Preparation"},{"floor":24.0,"key":"Toy Ornithopter"},{"floor":24.0,"key":"WingedGreaves"},{"floor":26.0,"key":"Bird Faced Urn"},{"floor":26.0,"key":"Molten Egg 2"},{"floor":29.0,"key":"White Beast Statue"},{"floor":41.0,"key":"Anchor"},{"floor":41.0,"key":"Bottled Tornado"},{"floor":45.0,"key":"Ginger"},{"floor":48.0,"key":"CeramicFish"}],"event_choices":[{"damage_healed":26.0,"max_hp_gain":0.0,"max_hp_loss":0.0,"gold_gain":0.0,"event_name":"Big Fish","player_choice":"Banana","floor":6.0,"gold_loss":0.0,"damage_taken":0.0},{"cards_removed":["Guardian:SpikerProtocol"],"damage_healed":0.0,"max_hp_gain":0.0,"max_hp_loss":0.0,"gold_gain":0.0,"event_name":"Falling","player_choice":"Removed Power","floor":40.0,"gold_loss":0.0,"damage_taken":0.0}],"is_beta":false,"boss_relics":[{"not_picked":["Sozu","Black Star"],"picked":"Guardian:StasisSlotReductionRelic"},{"not_picked":["Velvet Choker","Philosopher\u0027s Stone"],"picked":"SacredBark"}],"items_purged_floors":[5,22,28,38],"is_endless":false,"potions_floor_spawned":[3,14,15,16,26,30,31,32,33,36,37,39,42,45,47,48,49],"ascension_level":1}}