{"host":"8i58hvcssdezoe94","time":1611040833,"event":{"mods":["Act Like it!","BaseMod","Colored Map","Conspire","Downfall","Gensokyo","KinomotoSakuraMod(木之本樱)","Marisa（F雨　魔理沙）","Minty Spire (QoL Compilation)","Quick Restart","Remilia（蕾米莉亚）","StSLib","The Animator","The Bug Knight","The Construct","The Cursed","The Hierophant","The Jungle","The Servant 0.9.4"],"gold_per_floor":[117,137,148,79,9,9,19,19,19,19,19],"floor_reached":10,"language":"ZHS","playtime":184,"items_purged":[],"score":58,"play_id":"727987ed-0031-4c6a-9e5e-835978436cad","local_time":"20210119152033","is_ascension_mode":false,"campfire_choices":[{"floor":6,"key":"RECALL"},{"data":"Sweeping Beam","floor":8,"key":"SMITH"}],"circlet_count":0,"master_deck":["Strike_B","Strike_B+1","Strike_B","Strike_B","Defend_B","Defend_B","Defend_B","Defend_B","Zap","Dualcast","Coolheaded","Sweeping Beam","Streamline+1","Gensokyo:Shovel","Gensokyo:RustyChest","Sweeping Beam+1"],"relics":["Cracked Core","NeowsBlessing"],"acts_visited":["Gensokyo:Gensokyo"],"potions_floor_usage":[],"damage_taken":[{"damage":0,"enemies":"Gensokyo:Gryphon","floor":1,"turns":1},{"damage":0,"enemies":"Gensokyo:3_Fairies","floor":2,"turns":1},{"damage":0,"enemies":"Gensokyo:Python","floor":3,"turns":1},{"damage":19,"enemies":"Gensokyo:Kitsune","floor":7,"turns":3},{"damage":12,"enemies":"Gensokyo:Cirno","floor":10,"turns":3}],"seed_played":"-926734653126933325","potions_obtained":[{"floor":2,"key":"LiquidBronze"}],"is_trial":false,"path_per_floor":["M","M","M","COS","?","R","M","R","T","E"],"character_chosen":"DEFECT","items_purchased":[],"campfire_rested":0,"item_purchase_floors":[],"current_hp_per_floor":[75,75,75,75,75,75,56,56,56,44,44],"gold":19,"neow_bonus":"THREE_ENEMY_KILL","is_daily":false,"chose_seed":false,"campfire_upgraded":1,"win_rate":0.0,"timestamp":1611040833,"path_taken":["M","M","M","COS","?","R","?","R","T","E"],"items_purchased_type":[],"build_version":"2020-12-22","purchased_purges":0,"victory":false,"max_hp_per_floor":[75,75,75,75,75,75,75,75,75,75,75],"card_choices":[{"not_picked":["Beam Cell","Reprogram"],"picked":"Coolheaded","floor":1},{"not_picked":["Rebound","Beam Cell"],"picked":"Sweeping Beam","floor":2},{"not_picked":["Steam","Compile Driver"],"picked":"Streamline","floor":3},{"not_picked":["Reinforced Body","FTL"],"picked":"Sweeping Beam","floor":7}],"player_experience":50670,"relics_obtained":[],"event_choices":[],"is_beta":false,"boss_relics":[],"items_purged_floors":[],"is_endless":false,"potions_floor_spawned":[2],"killed_by":"Gensokyo:Cirno","ascension_level":0}}