{"host":"u9h06qdlnp3wgzsw","time":1611093772,"event":{"mods":["BaseMod","Downfall","Hermit","Minty Spire (QoL Compilation)","Quick Restart","Rare Cards Sparkle","Shop Mod","StSLib","The Hierophant","The Servant 0.9.4"],"gold_per_floor":[17,17,17,31,206,206,216,216,239,111,111,138,178,192,192,297,356,385,276,289,31,31,43,75,75,75,90,117,117,134,94,94,199,199,228,278,8,36,57,85,85,85,85,101,22,22,51,90,90,90,90,90,25,55,55],"floor_reached":56,"language":"ENG","playtime":2846,"items_purged":["Doubt"],"score":1500,"play_id":"383195ff-b6ce-4af3-b71c-db5e3dffb9dc","local_time":"20210119170252","is_ascension_mode":false,"campfire_choices":[{"floor":6.0,"key":"REST"},{"data":"MoonPhase","floor":8.0,"key":"SMITH"},{"data":"Defend_S","floor":15.0,"key":"SMITH"},{"floor":25.0,"key":"REST"},{"floor":32,"key":"REST"},{"data":"MoonPhase","floor":41,"key":"SMITH"},{"floor":46,"key":"RECALL"},{"floor":49,"key":"REST"},{"data":"LightFlow","floor":52,"key":"SMITH"}],"circlet_count":0,"master_deck":["Strike_S","Strike_S","Strike_S","Strike_S+1","Defend_S+1","Defend_S","Defend_S","Defend_S+1","KidneyShot","Exchange+1","Mayhem+1","MoonPhase+1","DoubleEdge","DoubleEdge","DoubleEdge","Unruled","FlawlessForm+1","Defy+1","Spin+1","MoonPhase+1","SoulSculpture","Dilation","Spin+1","Collapse+1","Collapse","DoubleEdge+1","LightFlow+1"],"relics":["Uniform","Ancient Tea Set","CeramicFish","Oddly Smooth Stone","Bottled Tornado","Smiling Mask","MysterySword","CaptainsWheel","Membership Card","Art of War","Bronze Scales","Nunchaku","MerchantsRug","Sling","Happy Flower","hexamod:CandleOfCauterizing"],"acts_visited":["Exordium","TheCity","TheBeyond","TheEnding"],"potions_floor_usage":[30,33,36,38,40,40,50,55],"damage_taken":[{"damage":2.0,"enemies":"Small Slimes","floor":1.0,"turns":5.0},{"damage":4.0,"enemies":"2 Louse","floor":4.0,"turns":3.0},{"damage":0.0,"enemies":"Cultist","floor":7.0,"turns":2.0},{"damage":11.0,"enemies":"Lagavulin","floor":13.0,"turns":5.0},{"damage":6.0,"enemies":"2 Fungi Beasts","floor":14.0,"turns":3.0},{"damage":24.0,"enemies":"Hexaghost","floor":16.0,"turns":7.0},{"damage":10.0,"enemies":"Shell Parasite","floor":18.0,"turns":5.0},{"damage":0.0,"enemies":"Spheric Guardian","floor":20.0,"turns":6.0},{"damage":10.0,"enemies":"Snake Plant","floor":23.0,"turns":5.0},{"damage":33.0,"enemies":"Slavers","floor":24.0,"turns":6.0},{"damage":0.0,"enemies":"3 Cultists","floor":27.0,"turns":5.0},{"damage":0,"enemies":"Snecko","floor":28,"turns":4},{"damage":25,"enemies":"Shelled Parasite and Fungi","floor":30,"turns":5},{"damage":0,"enemies":"Champ","floor":33,"turns":9},{"damage":7,"enemies":"Orb Walker","floor":35,"turns":4},{"damage":0,"enemies":"Mind Bloom Boss Battle","floor":36,"turns":8},{"damage":8,"enemies":"3 Shapes","floor":38,"turns":6},{"damage":0,"enemies":"Maw","floor":39,"turns":6},{"damage":2,"enemies":"Reptomancer","floor":40,"turns":5},{"damage":0,"enemies":"4 Shapes","floor":44,"turns":3},{"damage":0,"enemies":"Spire Growth","floor":47,"turns":4},{"damage":11,"enemies":"Nemesis","floor":48,"turns":5},{"damage":0,"enemies":"Donu and Deca","floor":50,"turns":10},{"damage":0,"enemies":"Shield and Spear","floor":54,"turns":5},{"damage":0,"enemies":"The Heart","floor":55,"turns":8}],"seed_played":"-3260034784139436850","potions_obtained":[{"floor":7.0,"key":"BlessingOfTheForge"},{"floor":13.0,"key":"bronze:BurnAndBuffPotion"},{"floor":14.0,"key":"SteroidPotion"},{"floor":17.0,"key":"Explosive Potion"},{"floor":18.0,"key":"Strength Potion"},{"floor":28,"key":"Fruit Juice"},{"floor":30,"key":"CultistPotion"},{"floor":33,"key":"AttackPotion"},{"floor":36,"key":"EssenceOfSteel"},{"floor":39,"key":"SneckoOil"},{"floor":40,"key":"Regen Potion"},{"floor":47,"key":"bronze:BurnAndBuffPotion"},{"floor":48,"key":"Block Potion"},{"floor":54,"key":"Strength Potion"}],"is_trial":false,"path_per_floor":["M","?","?","M","?","R","M","R","T","$","?","T","E","M","R","B",null,"M","$","M","$","?","M","E","R","T","M","M","?","M","?","R","B",null,"M","?","$","M","M","E","R","?","T","M","$","R","M","E","R","B",null,"R","$","E","B",null],"character_chosen":"THE_SERVANT","items_purchased":["DoubleEdge","MoonPhase","Block Potion","Bottled Tornado","Membership Card","Darkstone Periapt","Bronze Scales","MerchantsRug","Sling","Happy Flower"],"campfire_rested":4,"item_purchase_floors":[10,19,19,21,37,37,45,53,53,53],"current_hp_per_floor":[63,68,54,50,50,70,70,70,70,70,70,70,59,53,53,29,75,65,65,65,65,65,55,22,44,44,46,46,46,28,28,53,53,84,77,79,79,71,71,71,71,71,71,73,73,73,73,62,86,86,86,86,86,86,86],"gold":55,"neow_bonus":"RANDOM_COLORLESS_2","is_daily":false,"chose_seed":false,"campfire_upgraded":4,"win_rate":0.0,"timestamp":1611093772,"path_taken":["M","?","?","M","?","R","M","R","T","$","?","?","E","?","R","BOSS","M","$","M","$","?","M","E","R","T","M","M","?","M","?","R","BOSS","M","?","$","M","M","E","R","?","T","?","$","R","M","E","R","BOSS","R","$","E","BOSS"],"items_purchased_type":["Card","Card","Potion","Relic","Relic","Relic","Relic","Relic","Relic","Relic"],"build_version":"2020-12-22","purchased_purges":1,"victory":true,"max_hp_per_floor":[65,70,70,70,70,70,70,70,70,70,70,70,70,70,70,70,75,75,75,75,75,75,75,75,75,75,77,77,77,84,84,84,84,84,84,86,86,86,86,88,88,84,84,86,86,86,86,86,86,86,86,86,86,86,86],"card_choices":[{"not_picked":["Sadistic Nature","Secret Technique"],"picked":"Mayhem","floor":0.0},{"not_picked":["DoubleEdge","Defy"],"picked":"MoonPhase","floor":1.0},{"not_picked":["Revamp","Collapse"],"picked":"DoubleEdge","floor":4.0},{"not_picked":["Replace","Luminosity"],"picked":"DoubleEdge","floor":7.0},{"not_picked":["Barrier","Contraction"],"picked":"Unruled","floor":13.0},{"not_picked":["Sunlight","SurpressingFire","Replace"],"picked":"SKIP","floor":14.0},{"not_picked":["Solidify","MurderousAura"],"picked":"FlawlessForm","floor":16.0},{"not_picked":["BottledTime","SurpressingFire"],"picked":"Defy","floor":17.0},{"not_picked":["StarChef+1","BottledTime+1"],"picked":"Spin+1","floor":18.0},{"not_picked":["Alleviate","SilverBlades","TimeWarp"],"picked":"SKIP","floor":20.0},{"not_picked":["Advance","Replace","TimeWarp"],"picked":"SKIP","floor":23.0},{"not_picked":["FastForward+1","Alleviate","Ricochet"],"picked":"SKIP","floor":24.0},{"not_picked":["GearUp+1","Alleviate","Starlight"],"picked":"Singing Bowl","floor":27},{"not_picked":["Alleviate","Defy"],"picked":"SoulSculpture","floor":28},{"not_picked":["StarChef","Luminosity","Potential"],"picked":"Singing Bowl","floor":30},{"not_picked":["KillingDoll","Initiator"],"picked":"Dilation","floor":33},{"not_picked":["StarChef+1","FastForward"],"picked":"Spin+1","floor":35},{"not_picked":["Defy","SurpressingFire+1","Foresight"],"picked":"Singing Bowl","floor":36},{"not_picked":["Ricochet","Rewind"],"picked":"Collapse+1","floor":38},{"not_picked":["Moondial+1","Barrier"],"picked":"Collapse","floor":39},{"not_picked":["Advance","Revamp","Ricochet"],"picked":"Singing Bowl","floor":40},{"not_picked":["Revamp+1","Rewind","RealityMarble+1"],"picked":"Singing Bowl","floor":44},{"not_picked":["Ricochet","Misdirection+1"],"picked":"DoubleEdge+1","floor":47},{"not_picked":["Luminosity+1","Sunlight"],"picked":"LightFlow","floor":48},{"not_picked":["TimeWarp","Reset+1","Moondial"],"picked":"SKIP","floor":54}],"player_experience":818265,"relics_obtained":[{"floor":9.0,"key":"Ancient Tea Set"},{"floor":12.0,"key":"CeramicFish"},{"floor":13.0,"key":"Oddly Smooth Stone"},{"floor":24.0,"key":"Smiling Mask"},{"floor":26.0,"key":"Singing Bowl"},{"floor":36,"key":"CaptainsWheel"},{"floor":40,"key":"Art of War"},{"floor":48,"key":"Nunchaku"},{"floor":54,"key":"hexamod:CandleOfCauterizing"}],"event_choices":[{"damage_healed":0.0,"max_hp_gain":5.0,"max_hp_loss":0.0,"gold_gain":0.0,"event_name":"Big Fish","player_choice":"Donut","floor":2.0,"gold_loss":0.0,"damage_taken":0.0},{"damage_healed":0.0,"max_hp_gain":0.0,"max_hp_loss":0.0,"gold_gain":0.0,"event_name":"Shining Light","player_choice":"Entered Light","floor":3.0,"gold_loss":0.0,"damage_taken":14.0,"cards_upgraded":["Mayhem","Strike_S"]},{"damage_healed":0.0,"max_hp_gain":0.0,"max_hp_loss":0.0,"gold_gain":175.0,"event_name":"Liars Game","player_choice":"AGREE","floor":5.0,"gold_loss":0.0,"damage_taken":0.0,"cards_obtained":["Doubt"]},{"damage_healed":0.0,"max_hp_gain":0.0,"max_hp_loss":0.0,"gold_gain":0.0,"event_name":"WeMeetAgain","player_choice":"Gave Potion","floor":22.0,"gold_loss":0.0,"damage_taken":0.0,"relics_obtained":["War Paint"]},{"damage_healed":0,"gold_gain":0,"player_choice":"Upgrade","damage_taken":0,"max_hp_gain":0,"max_hp_loss":0,"event_name":"Designer","floor":31,"gold_loss":40,"cards_upgraded":["FlawlessForm"]},{"damage_healed":0,"gold_gain":0,"player_choice":"Fight","damage_taken":0,"max_hp_gain":0,"max_hp_loss":0,"event_name":"MindBloom","floor":36,"gold_loss":0},{"damage_healed":0,"gold_gain":0,"player_choice":"Max HP","damage_taken":0,"max_hp_gain":0,"max_hp_loss":4,"event_name":"Winding Halls","floor":42,"gold_loss":0}],"is_beta":false,"boss_relics":[{"not_picked":["Sozu","Pandora\u0027s Box"],"picked":"Tiny House"},{"not_picked":["Velvet Choker","Astrolabe"],"picked":"MysterySword"}],"items_purged_floors":[10],"is_endless":false,"potions_floor_spawned":[7,13,14,18,28,30,33,36,39,40,47,48,54],"ascension_level":0}}