{"host":"59efrpl3ft1ymrg4","time":1611055957,"event":{"mods":["AchievementEnabler","BaseMod","Infinite Spire","Minty Spire (QoL Compilation)","Replay The Spire","StSLib"],"gold_per_floor":[117,131,131,142,317,317,381,381,406,406,420,16,36,12,12,111,161,177,177,177,196,196,223,223,223,223,249,249,275,275,288,288,393,393,406,28,28,28,26,0,0],"floor_reached":40,"language":"ENG","playtime":1826,"items_purged":["Doubt"],"score":530,"play_id":"ef907cd2-7abf-4bcf-8728-b4e0b2ea79bd","local_time":"20210119113237","daily_mods":["Vintage","Heirloom","Flight"],"is_ascension_mode":false,"campfire_choices":[{"data":"Atom Bomb","floor":6,"key":"SMITH"},{"data":"Noxious Fumes","floor":8,"key":"SMITH"},{"data":"Neutralize","floor":10,"key":"SMITH"},{"data":"Deflect","floor":15,"key":"SMITH"},{"data":"Calculated Gamble","floor":28,"key":"SMITH"},{"data":"ReplayTheSpireMod:Chaos Vortex","floor":32,"key":"SMITH"}],"circlet_count":0,"master_deck":["Defend_G+1","Defend_G","Defend_G","Defend_G","Survivor","Neutralize+1","Atom Bomb+1","Noxious Fumes+1","Calculated Gamble+1","Deadly Poison","Deflect+1","Noxious Fumes+1","Blade Dance+1","Burst+1","Replay:Bag of Tricks+1","Escape Plan","Fluid Movement+1","Acrobatics","Dodge and Roll","ReplayTheSpireMod:Chaos Vortex+1","Phantasmal Killer+1","Replay:Bag of Tricks+1","Accuracy+1"],"relics":["Ring of the Snake","Replay:PocketPolymizer","infinitespire:Beetle Shell","Bird Faced Urn","NeowsBlessing","Smiling Mask","Unceasing Top","Anchor","Snake Skull","Golden Egg","Art of War","Tiny House","Question Card","NeowsBlessing","Regal Pillow","infinitespire:CheckeredPen","Meat on the Bone","ReplayTheSpireMod:TigerMarble","Juzu Bracelet","Chemical X","Blood Vial","SlaversCollar","MealTicket","Medical Kit","Replay:Rubber Ducky","Pantograph"],"acts_visited":["Exordium","TheCity","TheBeyond"],"potions_floor_usage":[16,16,29,33,39,40,40,40],"damage_taken":[{"damage":5,"enemies":"2 Louse","floor":1,"turns":3},{"damage":4,"enemies":"Jaw Worm","floor":2,"turns":5},{"damage":0,"enemies":"Small Slimes","floor":4,"turns":1},{"damage":0,"enemies":"Lagavulin Event","floor":7,"turns":1},{"damage":0,"enemies":"Gremlin Gang","floor":11,"turns":1},{"damage":0,"enemies":"Blue Slaver","floor":13,"turns":4},{"damage":22,"enemies":"Slime Boss","floor":16,"turns":8},{"damage":0,"enemies":"Shell Parasite","floor":18,"turns":2},{"damage":0,"enemies":"Chosen","floor":21,"turns":1},{"damage":0,"enemies":"Nightmare","floor":23,"turns":1},{"damage":0,"enemies":"Book of Stabbing","floor":27,"turns":1},{"damage":11,"enemies":"Replay:Snechameleon","floor":29,"turns":4},{"damage":7,"enemies":"Snecko","floor":31,"turns":4},{"damage":0,"enemies":"Collector","floor":33,"turns":4},{"damage":4,"enemies":"3 Darklings","floor":35,"turns":3},{"damage":17,"enemies":"3 Shapes","floor":39,"turns":3},{"damage":139,"enemies":"Nemesis","floor":40,"turns":5}],"seed_played":"8596211001682914611","potions_obtained":[{"floor":2,"key":"Poison Potion"},{"floor":4,"key":"Strength Potion"},{"floor":11,"key":"AttackPotion"},{"floor":13,"key":"DistilledChaos"},{"floor":16,"key":"AttackPotion"},{"floor":17,"key":"ColorlessPotion"},{"floor":23,"key":"Energy Potion"},{"floor":27,"key":"Toxic Potion"},{"floor":29,"key":"ColorlessPotion"},{"floor":35,"key":"EntropicBrew"}],"is_trial":true,"path_per_floor":["M","M","WH","M","?","R","?","R","T","R","M","$","M","$","R","B",null,"M","WH","WH","M","WH","NM","WH","WH","T","E","R","E","AVR","M","R","B",null,"M","$","WH","WH","M","E"],"character_chosen":"THE_SILENT","items_purchased":["Deflect","Golden Egg","Noxious Fumes","Blade Dance","Medical Kit","Replay:Rubber Ducky","Accuracy"],"campfire_rested":0,"item_purchase_floors":[12,12,12,14,36,36,36],"current_hp_per_floor":[65,61,61,61,61,61,61,61,61,61,61,61,65,65,65,47,75,75,75,82,82,90,90,99,108,108,108,108,97,97,96,96,106,108,104,108,108,108,97,0,0],"gold":0,"neow_bonus":"TEN_PERCENT_HP_BONUS","is_daily":false,"chose_seed":false,"campfire_upgraded":6,"win_rate":0.0,"timestamp":1611055957,"path_taken":["M","M","WH","M","?","R","?","R","T","R","M","$","M","$","R","BOSS","M","WH","WH","M","WH","NM","WH","WH","T","E","R","E","AVR","M","R","BOSS","M","$","WH","WH","M","E"],"items_purchased_type":["Card","Relic","Card","Card","Relic","Relic","Card"],"build_version":"2020-12-22","purchased_purges":1,"victory":false,"max_hp_per_floor":[70,70,70,70,70,70,70,70,70,70,70,70,70,70,70,70,75,75,75,82,82,90,90,99,108,108,108,108,108,108,108,108,108,108,108,108,108,108,108,108,108],"card_choices":[{"not_picked":["Predator","Underhanded Strike"],"picked":"Noxious Fumes","floor":7},{"not_picked":["Burst","Poison Darts"],"picked":"Replay:Bag of Tricks","floor":16},{"not_picked":["Concentrate","ReplayTheSpireMod:Speed Training"],"picked":"Escape Plan","floor":17},{"not_picked":["Flechettes","Prepared","Quick Slash","Endless Agony"],"picked":"SKIP","floor":23},{"not_picked":["Dagger Throw+1","Slice","Dagger Spray"],"picked":"Fluid Movement+1","floor":27},{"not_picked":["ReplayTheSpireMod:Shiv Toss","Setup+1","Crippling Poison"],"picked":"Dodge and Roll","floor":29},{"not_picked":["Glass Knife","ReplayTheSpireMod:From All Sides","infinitespire:Neurotoxin"],"picked":"Replay:Bag of Tricks","floor":33}],"player_experience":69461,"relics_obtained":[{"floor":1,"key":"infinitespire:Beetle Shell"},{"floor":2,"key":"Bird Faced Urn"},{"floor":4,"key":"Smiling Mask"},{"floor":9,"key":"Anchor"},{"floor":11,"key":"Snake Skull"},{"floor":13,"key":"Art of War"},{"floor":18,"key":"Question Card"},{"floor":21,"key":"Regal Pillow"},{"floor":23,"key":"infinitespire:CheckeredPen"},{"floor":26,"key":"Meat on the Bone"},{"floor":27,"key":"ReplayTheSpireMod:TigerMarble"},{"floor":29,"key":"Juzu Bracelet"},{"floor":31,"key":"Blood Vial"},{"floor":35,"key":"MealTicket"},{"floor":39,"key":"Pantograph"}],"event_choices":[{"damage_healed":0,"gold_gain":175,"player_choice":"AGREE","damage_taken":0,"max_hp_gain":0,"max_hp_loss":0,"event_name":"Liars Game","floor":5,"gold_loss":0,"cards_obtained":["Doubt"]},{"damage_healed":0,"gold_gain":0,"player_choice":"Searched \u00273\u0027 times","damage_taken":0,"relics_obtained":["Unceasing Top"],"max_hp_gain":0,"max_hp_loss":0,"event_name":"Dead Adventurer","floor":7,"gold_loss":0}],"is_beta":false,"boss_relics":[{"not_picked":["Replay:Wanted Poster","Empty Cage"],"picked":"Tiny House"},{"not_picked":["Ring of Chaos","Pandora\u0027s Box"],"picked":"SlaversCollar"}],"items_purged_floors":[12],"is_endless":true,"potions_floor_spawned":[2,4,11,13,16,23,27,29,35],"killed_by":"Nemesis","ascension_level":0}}