{"host":"sav7uxregyirlf69","time":1611060156,"event":{"mods":["AchievementEnabler","BaseMod","Colored Map","DeckTracker","Keyboard Shortcuts","Minty Spire (QoL Compilation)","READ ME - Guardian Mod","StSLib","SuperFastMode"],"gold_per_floor":[112,131,151,151,167,167,199,210,210,210,210,225,241,266,266,342,342,355,355,13,13,23,23,23,23],"floor_reached":24,"language":"KOR","playtime":1183,"items_purged":["Strike_R"],"score":416,"play_id":"2b39f8dc-a187-419f-9f1a-b27b89bb9119","local_time":"20210119214236","is_ascension_mode":true,"campfire_choices":[{"data":"True Grit","floor":6.0,"key":"SMITH"},{"floor":11.0,"key":"REST"},{"data":"Flame Barrier","floor":15.0,"key":"SMITH"},{"data":"Dark Embrace","floor":23,"key":"SMITH"}],"circlet_count":0,"master_deck":["AscendersBane","Strike_R","Strike_R","Strike_R","Strike_R","Defend_R","Defend_R","Defend_R","Defend_R","Bash","Apotheosis+1","Shrug It Off","Body Slam","Flex","True Grit+1","Double Tap","Perfected Strike","Flame Barrier+1","Pommel Strike","Wild Strike","Fiend Fire","Dark Embrace+1","Finesse+1","Bloodletting+1","Seeing Red+1"],"relics":["Burning Blood","Anchor","White Beast Statue","Toxic Egg 2","Philosopher\u0027s Stone"],"acts_visited":["Exordium","TheCity"],"potions_floor_usage":[16,18,24],"damage_taken":[{"damage":11.0,"enemies":"Jaw Worm","floor":1.0,"turns":5.0},{"damage":3.0,"enemies":"Cultist","floor":2.0,"turns":4.0},{"damage":5.0,"enemies":"2 Louse","floor":3.0,"turns":4.0},{"damage":6.0,"enemies":"2 Fungi Beasts","floor":5.0,"turns":3.0},{"damage":40.0,"enemies":"Gremlin Nob","floor":7.0,"turns":4.0},{"damage":9.0,"enemies":"Gremlin Gang","floor":8.0,"turns":5.0},{"damage":8.0,"enemies":"Lots of Slimes","floor":12.0,"turns":6.0},{"damage":12.0,"enemies":"Exordium Wildlife","floor":13.0,"turns":5.0},{"damage":9.0,"enemies":"Lagavulin","floor":14.0,"turns":5.0},{"damage":28,"enemies":"Hexaghost","floor":16,"turns":10},{"damage":24,"enemies":"3 Byrds","floor":18,"turns":5},{"damage":6,"enemies":"Chosen","floor":22,"turns":6},{"damage":42,"enemies":"Book of Stabbing","floor":24,"turns":5}],"seed_played":"2550005187332405812","potions_obtained":[{"floor":3.0,"key":"BlessingOfTheForge"},{"floor":5.0,"key":"Energy Potion"},{"floor":12.0,"key":"SteroidPotion"},{"floor":14.0,"key":"Swift Potion"},{"floor":16,"key":"HeartOfIron"},{"floor":18,"key":"BlessingOfTheForge"},{"floor":22,"key":"Block Potion"}],"is_trial":false,"path_per_floor":["M","M","M","?","M","R","E","M","T","?","R","M","M","E","R","B",null,"M","?","$","?","M","R","E"],"character_chosen":"IRONCLAD","items_purchased":["Dark Embrace","Finesse+1","Bloodletting+1"],"campfire_rested":1,"item_purchase_floors":[20,20,20],"current_hp_per_floor":[63,66,67,67,67,67,33,30,30,30,50,48,42,39,39,17,55,37,37,37,37,37,37,0,0],"gold":23,"neow_bonus":"RANDOM_COLORLESS_2","is_daily":false,"chose_seed":false,"campfire_upgraded":3,"win_rate":0.0,"timestamp":1611060156,"path_taken":["M","M","M","?","M","R","E","M","T","?","R","?","M","E","R","BOSS","M","?","$","?","M","R","E"],"items_purchased_type":["Card","Card","Card"],"build_version":"2020-12-22","purchased_purges":1,"victory":false,"max_hp_per_floor":[68,68,68,68,68,68,68,68,68,68,68,68,68,68,68,68,68,68,68,68,68,68,68,68,68],"card_choices":[{"not_picked":["Panache","Metamorphosis"],"picked":"Apotheosis","floor":0.0},{"not_picked":["Spot Weakness","Power Through"],"picked":"Shrug It Off","floor":1.0},{"not_picked":["Inflame","Perfected Strike"],"picked":"Body Slam","floor":2.0},{"not_picked":["Armaments","Perfected Strike"],"picked":"Flex","floor":3.0},{"not_picked":["Twin Strike","Sever Soul"],"picked":"True Grit","floor":5.0},{"not_picked":["Clash","Armaments"],"picked":"Double Tap","floor":7.0},{"not_picked":["Pummel","Sword Boomerang"],"picked":"Perfected Strike","floor":8.0},{"not_picked":["Reckless Charge","True Grit"],"picked":"Flame Barrier","floor":12.0},{"not_picked":["Heavy Blade","Anger"],"picked":"Pommel Strike","floor":13.0},{"not_picked":["Sever Soul","Uppercut"],"picked":"Wild Strike","floor":14.0},{"not_picked":["Immolate","Reaper"],"picked":"Fiend Fire","floor":16},{"not_picked":["True Grit+1","Clash","Searing Blow+1"],"picked":"SKIP","floor":18},{"not_picked":["Twin Strike","True Grit+1"],"picked":"Seeing Red+1","floor":22}],"player_experience":1318282,"relics_obtained":[{"floor":7.0,"key":"Anchor"},{"floor":9.0,"key":"White Beast Statue"},{"floor":14.0,"key":"Toxic Egg 2"}],"event_choices":[{"damage_healed":0.0,"max_hp_gain":0.0,"max_hp_loss":0.0,"gold_gain":0.0,"event_name":"Living Wall","player_choice":"Grow","floor":4.0,"gold_loss":0.0,"damage_taken":0.0,"cards_upgraded":["Apotheosis"]},{"damage_healed":0.0,"max_hp_gain":0.0,"max_hp_loss":0.0,"gold_gain":0.0,"event_name":"Match and Keep!","player_choice":"0 cards matched","floor":10.0,"gold_loss":0.0,"damage_taken":0.0,"cards_obtained":[]},{"damage_healed":0,"gold_gain":0,"player_choice":"Ignored","damage_taken":0,"max_hp_gain":0,"max_hp_loss":0,"event_name":"The Mausoleum","floor":19,"gold_loss":0}],"is_beta":false,"boss_relics":[{"not_picked":["Black Star","SacredBark"],"picked":"Philosopher\u0027s Stone"}],"items_purged_floors":[20],"is_endless":false,"potions_floor_spawned":[3,5,12,13,14,16,18,22],"killed_by":"Book of Stabbing","ascension_level":20}}