{"host":"rylkjufw9dlhr07b","time":1611057544,"event":{"mods":["AchievementEnabler","BaseMod","Better Note","BetterRewards","Hubris","Minty Spire (QoL Compilation)","Quick Restart","Replay The Spire","StSLib"],"gold_per_floor":[118,169,184,334,334,334,373,392,392,410,410,410,410,61,61,156,156,170,195,214,214,214,214,214],"floor_reached":23,"language":"FRA","playtime":977,"items_purged":["Doubt"],"score":378,"play_id":"2afbb5c4-358c-471c-ac48-371bd8a2bb05","local_time":"20210119125904","is_ascension_mode":true,"campfire_choices":[{"floor":6,"key":"REST"},{"floor":13,"key":"REST"}],"circlet_count":0,"master_deck":["AscendersBane","Strike_R","Strike_R","Strike_R","Strike_R","Strike_R","Defend_R","Defend_R","Defend_R","Defend_R","Bash","Inflame","Flex","Sword Boomerang","hubris:CleavingFinish","Whirlwind","Power Through","Clash","hubris:CleavingFinish","Injury","Juggernaut","Rupture","Shrug It Off","Iron Wave","Fire Breathing","Demon Form","Iron Wave+1","Infernal Blade","Defy Death","Self Repair"],"relics":["Burning Blood","Bird Faced Urn","Anchor","King of Hearts","Orrery","Golden Idol","ReplayTheSpireMod:TigerMarble","Darkstone Periapt","hubris:ToyBattleship","Painkiller Herb","hubris:BottledHeart"],"acts_visited":["Exordium","TheCity"],"potions_floor_usage":[7,11,16,20,23],"damage_taken":[{"damage":1,"enemies":"Cultist","floor":1,"turns":3},{"damage":0,"enemies":"2 Louse","floor":3,"turns":3},{"damage":61,"enemies":"Lagavulin","floor":7,"turns":9},{"damage":0,"enemies":"Jaw Worm","floor":8,"turns":2},{"damage":26,"enemies":"Large Slime","floor":10,"turns":6},{"damage":0,"enemies":"3 Sentries","floor":11,"turns":2},{"damage":60,"enemies":"Fading Forest","floor":16,"turns":11},{"damage":0,"enemies":"Chosen","floor":18,"turns":5},{"damage":30,"enemies":"Shell Parasite","floor":19,"turns":6},{"damage":50,"enemies":"Centurion and Healer","floor":20,"turns":8},{"damage":19,"enemies":"Gremlin Leader","floor":23,"turns":7}],"seed_played":"-3492504847368925511","potions_obtained":[{"floor":1,"key":"ElixirPotion"},{"floor":10,"key":"SmokeBomb"},{"floor":15,"key":"LifebloodPotion"},{"floor":15,"key":"Doom Potion"},{"floor":16,"key":"Energy Potion"}],"is_trial":false,"path_per_floor":["M","?","M","?","?","R","E","M","T","M","E","?","R","$","R","B",null,"?","?","?","?","?","E"],"character_chosen":"IRONCLAD","items_purchased":["Bird Faced Urn","Inflame","Anchor","King of Hearts","Orrery","hubris:ToyBattleship","Iron Wave","Fire Breathing"],"campfire_rested":2,"item_purchase_floors":[0,0,0,0,0,14,14,14],"current_hp_per_floor":[40,40,48,48,48,70,17,25,25,11,21,26,50,50,50,12,63,80,64,30,30,1,0,0],"gold":214,"neow_bonus":"","is_daily":false,"chose_seed":false,"campfire_upgraded":0,"win_rate":0.0,"timestamp":1611057544,"path_taken":["M","?","M","?","?","R","E","?","T","M","E","?","R","?","R","BOSS","?","?","?","?","?","E"],"items_purchased_type":["Relic","Card","Relic","Relic","Relic","Relic","Card","Card"],"build_version":"2020-12-22","purchased_purges":1,"victory":false,"max_hp_per_floor":[75,75,75,75,75,75,75,75,75,75,75,80,80,80,80,80,80,80,80,80,80,1,1,1],"card_choices":[{"not_picked":["Sentinel","ReplayTheSpireMod:Strike From Hell"],"picked":"Flex","floor":0},{"not_picked":["Flex","Intimidate"],"picked":"Sword Boomerang","floor":0},{"not_picked":["Clothesline","Life Link"],"picked":"hubris:CleavingFinish","floor":0},{"not_picked":["Perfected Strike","Seeing Red"],"picked":"Whirlwind","floor":0},{"not_picked":["Feel No Pain","Havoc"],"picked":"Power Through","floor":0},{"not_picked":["Dual Wield","Hemokinesis"],"picked":"Clash","floor":1},{"not_picked":["ReplayTheSpireMod:Corrosion Curse","Wild Strike"],"picked":"hubris:CleavingFinish","floor":3},{"not_picked":["Double Tap","Perfected Strike"],"picked":"Juggernaut","floor":7},{"not_picked":["Run Through","Dark Embrace"],"picked":"Rupture","floor":8},{"not_picked":["Run Through","Pommel Strike"],"picked":"Shrug It Off","floor":10},{"not_picked":["Offering","Eclipse"],"picked":"Demon Form","floor":16},{"not_picked":["ReplayTheSpireMod:Corrosion Curse+1","Havoc"],"picked":"Iron Wave+1","floor":18},{"not_picked":["ReplayTheSpireMod:Strike From Hell","Armaments"],"picked":"Infernal Blade","floor":19},{"not_picked":["Run Through","Wild Strike"],"picked":"Defy Death","floor":20}],"player_experience":547426,"relics_obtained":[{"floor":7,"key":"ReplayTheSpireMod:TigerMarble"},{"floor":9,"key":"Darkstone Periapt"}],"event_choices":[{"damage_healed":0,"gold_gain":51,"player_choice":"Gained Gold","damage_taken":0,"max_hp_gain":0,"max_hp_loss":0,"event_name":"Golden Wing","floor":2,"gold_loss":0},{"damage_healed":0,"gold_gain":150,"player_choice":"AGREE","damage_taken":0,"max_hp_gain":0,"max_hp_loss":0,"event_name":"Liars Game","floor":4,"gold_loss":0,"cards_obtained":["Doubt"]},{"damage_healed":0,"gold_gain":0,"player_choice":"Take Wound","damage_taken":0,"relics_obtained":["Golden Idol"],"max_hp_gain":0,"max_hp_loss":0,"event_name":"Golden Idol","floor":5,"gold_loss":0,"cards_obtained":["Injury"]},{"damage_healed":0,"gold_gain":0,"player_choice":"Donut","damage_taken":0,"max_hp_gain":5,"max_hp_loss":0,"event_name":"Big Fish","floor":12,"gold_loss":0},{"cards_removed":["Iron Wave"],"damage_healed":0,"gold_gain":0,"player_choice":"Take \u0026 Give","damage_taken":0,"max_hp_gain":0,"max_hp_loss":0,"event_name":"betterNote:BetterNote","floor":21,"gold_loss":0,"cards_obtained":["Self Repair"]}],"is_beta":false,"boss_relics":[{"not_picked":["Sozu","Astrolabe"],"picked":"Painkiller Herb"}],"items_purged_floors":[14],"is_endless":false,"potions_floor_spawned":[1,10,11,16,19],"killed_by":"Gremlin Leader","ascension_level":18}}