{"host":"q3109sz2drhwh89o","time":1611078394,"event":{"mods":["BaseMod","Colored Map","Colored Powertips","Downfall","Minty Spire (QoL Compilation)","StSLib","Unceasing Turn Reminder","everything is the same but u backflip on backflip"],"gold_per_floor":[399,99,121,121,134,154,139,162,162,162,162,162,162,162,190,190,190,190,190],"floor_reached":21,"language":"ENG","playtime":1097,"items_purged":[],"score":742,"play_id":"4fb9dc9e-7b40-4eea-bc4b-ea0be3351edf","local_time":"20210119124634","is_ascension_mode":false,"campfire_choices":[{"data":"hexamod:Sear","floor":3,"key":"SMITH"},{"floor":18,"key":"REST"}],"circlet_count":0,"master_deck":["Carnage+1","Carnage+1","Carnage+1","Carnage+1","Carnage+1","Carnage+1","Carnage+1","Carnage+1","Carnage+1","Carnage+1","Carnage+1","Carnage+1","Carnage+1","Carnage+1","Carnage+1","Carnage+1","Carnage+1","Carnage+1","Carnage+1","Carnage+1","Carnage+1","Carnage+1","Carnage+1","Carnage+1","Carnage+1","Carnage+1","Carnage+1","Carnage+1","Carnage+1","Carnage+1","Carnage+1","Carnage+1","Carnage+1","Carnage+1","Carnage+1","Carnage+1","Carnage+1","Carnage+1","Carnage+1","Carnage+1"],"relics":["hexamod:SpiritBrand","hexamod:TheBrokenSeal","Ice Cream","Vajra","downfall:TeleportStone","Regal Pillow"],"acts_visited":["Exordium","TheBeyond","TheEnding"],"potions_floor_usage":[],"damage_taken":[{"damage":0,"enemies":"Orb Walker","floor":4,"turns":1},{"damage":20,"enemies":"3 Shapes","floor":6,"turns":2},{"damage":0,"enemies":"Transient","floor":7,"turns":5},{"damage":0,"enemies":"downfall:FleeingMerchant","floor":8,"turns":4},{"damage":0,"enemies":"3 Darklings","floor":10,"turns":1},{"damage":1,"enemies":"Sphere and 2 Shapes","floor":11,"turns":1},{"damage":0,"enemies":"Jaw Worm Horde","floor":13,"turns":1},{"damage":0,"enemies":"DF_ARCHETYPE_ORBS","floor":14,"turns":1},{"damage":0,"enemies":"downfall:CharBossMerchant","floor":16,"turns":1},{"damage":0,"enemies":"downfall:NeowBoss","floor":19,"turns":3},{"damage":27,"enemies":"downfall:NeowBossFinal","floor":20,"turns":3}],"seed_played":"8132515159481399122","potions_obtained":[{"floor":7,"key":"hexamod:SoulburnPotion"}],"is_trial":false,"path_per_floor":["R","M","?","M","M","$","T","M","M","?","M","B",null,"E","$","R","B","B",null],"character_chosen":"THE_SPIRIT","items_purchased":[],"campfire_rested":1,"item_purchase_floors":[],"current_hp_per_floor":[70,80,90,80,60,60,60,60,60,59,59,59,59,80,80,80,80,80,53],"gold":190,"neow_bonus":"","is_daily":false,"chose_seed":false,"campfire_upgraded":1,"win_rate":0.0,"timestamp":1611078394,"path_taken":["R","M","?","M","M","$","T","M","M","?","M","BOSS","E","$","R","BOSS","BOSS"],"items_purchased_type":[],"build_version":"2020-12-22","purchased_purges":0,"victory":true,"max_hp_per_floor":[70,80,90,80,80,80,80,80,80,80,80,80,80,80,80,80,80,80,80],"card_choices":[{"not_picked":["hexamod:NightmareStrike+1","hexamod:ChargedBarrage","hexamod:Rewind"],"picked":"SKIP","floor":4},{"not_picked":["hexamod:ShieldOfDarkness","hexamod:SpectralAdrenaline","hexamod:ThermalTransfer"],"picked":"SKIP","floor":6},{"not_picked":["hexamod:Again+1","hexamod:GhostShield+1","hexamod:PowerFromBeyond+1"],"picked":"SKIP","floor":7},{"not_picked":["hexamod:Firestarter","hexamod:NightmareStrike","hexamod:FlamesFromBeyond"],"picked":"SKIP","floor":8},{"not_picked":["hexamod:SpectersWail+1","hexamod:InspiringFlames+1","hexamod:HeatMetal+1"],"picked":"SKIP","floor":10},{"not_picked":["hexamod:NecessarySacrifice","hexamod:HeatMetal+1","hexamod:DynamicBlow"],"picked":"SKIP","floor":11},{"not_picked":["hexamod:RainOfEmbers+1","hexamod:InspiringFlames","hexamod:ThirdSeal"],"picked":"SKIP","floor":13},{"not_picked":["hexamod:CatchUp","hexamod:ForkedFlame","hexamod:GhostflameBarrier+1"],"picked":"SKIP","floor":16}],"player_experience":120136,"relics_obtained":[{"floor":9,"key":"Vajra"},{"floor":16,"key":"Regal Pillow"}],"event_choices":[],"is_beta":false,"boss_relics":[],"items_purged_floors":[],"is_endless":false,"potions_floor_spawned":[7,10,11,13,16],"ascension_level":0}}