{"host":"g5ztulhog0otympt","time":1611073724,"event":{"mods":["AchievementEnabler","BaseMod","Downfall","Hermit","Minty Spire (QoL Compilation)","StSLib","The Cursed"],"gold_per_floor":[17,17,31,51,51,51,74,94,94,94,107,107,148,148,148,271,271,291,73,87,87,87,87,101,141,167,13,27,27,47,63,63,63,63],"floor_reached":33,"language":"ENG","playtime":1046,"items_purged":["Pain"],"score":294,"play_id":"bc337d2c-c5c5-41ac-a444-bcc5a8fdab9b","local_time":"20210119182844","is_ascension_mode":false,"campfire_choices":[{"floor":6,"key":"REST"},{"floor":15,"key":"REST"},{"data":"Reboot","floor":23,"key":"SMITH"},{"floor":29,"key":"REST"},{"floor":32,"key":"REST"}],"circlet_count":0,"master_deck":["Strike_B","Strike_B","Strike_B","Strike_B","Defend_B","Defend_B","Defend_B","Defend_B","Zap","Dualcast","Beam Cell","Gash","Seek","Chaos+1","Go for the Eyes","Reboot+1","Steam","Go for the Eyes","Core Surge","Steam+1","Cold Snap+1","Defragment+1","Machine Learning","White Noise","Defragment","BootSequence","Conserve Battery+1"],"relics":["Cracked Core","Golden Idol","Prayer Wheel","WarpedTongs","Mango","bronze:MakeshiftBattery","Pen Nib","Sundial","MealTicket","Lantern"],"acts_visited":["Exordium","TheCity"],"potions_floor_usage":[11,13,25,31],"damage_taken":[{"damage":5,"enemies":"2 Louse","floor":1,"turns":2},{"damage":3,"enemies":"Jaw Worm","floor":3,"turns":3},{"damage":1,"enemies":"Cultist","floor":4,"turns":3},{"damage":0,"enemies":"Looter","floor":7,"turns":3},{"damage":12,"enemies":"2 Fungi Beasts","floor":8,"turns":2},{"damage":24,"enemies":"Exordium Wildlife","floor":11,"turns":5},{"damage":40,"enemies":"3 Sentries","floor":13,"turns":9},{"damage":49,"enemies":"The Guardian","floor":16,"turns":12},{"damage":21,"enemies":"Shell Parasite","floor":18,"turns":6},{"damage":26,"enemies":"2 Thieves","floor":20,"turns":4},{"damage":20,"enemies":"Snecko","floor":24,"turns":6},{"damage":36,"enemies":"Book of Stabbing","floor":25,"turns":6},{"damage":6,"enemies":"Shelled Parasite and Fungi","floor":28,"turns":6},{"damage":25,"enemies":"Sentry and Sphere","floor":30,"turns":6},{"damage":18,"enemies":"Snake Plant","floor":31,"turns":5},{"damage":62,"enemies":"Champ","floor":33,"turns":11}],"seed_played":"-1892229935095650861","potions_obtained":[{"floor":3,"key":"Guardian:BlockOnCardUsePotion"},{"floor":7,"key":"BlessingOfTheForge"},{"floor":11,"key":"Block Potion"},{"floor":24,"key":"LiquidBronze"},{"floor":28,"key":"SpeedPotion"},{"floor":30,"key":"ColorlessPotion"}],"is_trial":false,"path_per_floor":["M","?","M","M","$","R","M","M","T","?","M","?","E","?","R","B",null,"M","$","M","$","?","R","M","E","T","$","M","R","M","M","R","B"],"character_chosen":"DEFECT","items_purchased":["Pen Nib","Lantern"],"campfire_rested":4,"item_purchase_floors":[19,27],"current_hp_per_floor":[84,62,59,58,58,84,84,72,72,72,48,48,22,22,52,3,103,82,82,56,56,90,90,70,34,34,49,43,73,48,30,60,0,0],"gold":63,"neow_bonus":"TWENTY_PERCENT_HP_BONUS","is_daily":false,"chose_seed":false,"campfire_upgraded":1,"win_rate":0.0,"timestamp":1611073724,"path_taken":["M","?","M","M","$","R","M","M","T","?","?","?","E","?","R","BOSS","M","$","M","$","?","R","M","E","T","$","M","R","M","M","R","BOSS"],"items_purchased_type":["Relic","Relic"],"build_version":"2020-12-22","purchased_purges":1,"victory":false,"max_hp_per_floor":[89,89,89,89,89,89,89,89,89,89,89,89,103,103,103,103,103,103,103,103,103,103,103,103,103,103,103,103,103,103,103,103,103,103],"card_choices":[{"not_picked":["Conserve Battery","Sweeping Beam"],"picked":"Beam Cell","floor":1},{"not_picked":["Stack","Coolheaded","Force Field"],"picked":"SKIP","floor":3},{"not_picked":["Melter","Sweeping Beam"],"picked":"Gash","floor":4},{"not_picked":["Steam Power","Barrage"],"picked":"Seek","floor":7},{"not_picked":["Rebound","Beam Cell"],"picked":"Chaos","floor":8},{"not_picked":["Redo","Coolheaded"],"picked":"Go for the Eyes","floor":11},{"not_picked":["Rebound","Tempest","Hologram"],"picked":"SKIP","floor":11},{"not_picked":["Sweeping Beam","Undo","Conserve Battery"],"picked":"SKIP","floor":13},{"not_picked":["Hyperbeam","Buffer"],"picked":"Reboot","floor":16},{"not_picked":["Fusion","Cold Snap"],"picked":"Steam","floor":18},{"not_picked":["Leap","Barrage","Conserve Battery"],"picked":"SKIP","floor":18},{"not_picked":["Force Field","Coolheaded"],"picked":"Go for the Eyes","floor":20},{"not_picked":["Barrage","Leap","Turbo"],"picked":"SKIP","floor":20},{"not_picked":["Storm+1","Undo"],"picked":"Core Surge","floor":24},{"not_picked":["Defragment","Streamline"],"picked":"Steam+1","floor":24},{"not_picked":["Coolheaded","Redo"],"picked":"Cold Snap+1","floor":25},{"not_picked":["Genetic Algorithm","Coolheaded"],"picked":"Defragment+1","floor":28},{"not_picked":["Ball Lightning+1","Sweeping Beam"],"picked":"Machine Learning","floor":28},{"not_picked":["Self Repair","Ball Lightning+1"],"picked":"White Noise","floor":30},{"not_picked":["Glacier+1","Coolheaded"],"picked":"Defragment","floor":30},{"not_picked":["Melter","Cold Snap+1"],"picked":"BootSequence","floor":31},{"not_picked":["Steam Power","Heatsinks"],"picked":"Conserve Battery+1","floor":31}],"player_experience":102955,"relics_obtained":[{"floor":9,"key":"Prayer Wheel"},{"floor":13,"key":"Mango"},{"floor":25,"key":"Sundial"},{"floor":26,"key":"MealTicket"}],"event_choices":[{"damage_healed":0,"gold_gain":0,"player_choice":"Take Damage","damage_taken":22,"relics_obtained":["Golden Idol"],"max_hp_gain":0,"max_hp_loss":0,"event_name":"Golden Idol","floor":2,"gold_loss":0},{"damage_healed":0,"gold_gain":0,"player_choice":"Rummage","damage_taken":0,"relics_obtained":["WarpedTongs"],"max_hp_gain":0,"max_hp_loss":0,"event_name":"Accursed Blacksmith","floor":10,"gold_loss":0,"cards_obtained":["Pain"]},{"damage_healed":0,"gold_gain":0,"player_choice":"Ignored","damage_taken":0,"max_hp_gain":0,"max_hp_loss":0,"event_name":"Shining Light","floor":12,"gold_loss":0},{"damage_healed":0,"gold_gain":0,"player_choice":"Grow","damage_taken":0,"max_hp_gain":0,"max_hp_loss":0,"event_name":"Living Wall","floor":14,"gold_loss":0,"cards_upgraded":["Chaos"]},{"damage_healed":34,"gold_gain":0,"player_choice":"Heal","damage_taken":0,"max_hp_gain":0,"max_hp_loss":0,"event_name":"The Library","floor":22,"gold_loss":0}],"is_beta":false,"boss_relics":[{"not_picked":["Snecko Eye","Pandora\u0027s Box"],"picked":"bronze:MakeshiftBattery"}],"items_purged_floors":[19],"is_endless":false,"potions_floor_spawned":[3,7,11,24,28,30],"killed_by":"Champ","ascension_level":0}}