{"host":"vyjryxuuuxkt43k4","time":1611074349,"event":{"mods":["AchievementEnabler","BaseMod","Colored Map","DeckTracker","Keyboard Shortcuts","Minty Spire (QoL Compilation)","Permanent Neow","Quick Restart","Rare Cards Sparkle","StSLib","SuperFastMode","everything is the same but u backflip on backflip"],"gold_per_floor":[112,112,127,147,147,176,176,205,205,215,172,15,42,62,62,62,62],"floor_reached":16,"language":"KOR","playtime":354,"items_purged":[],"score":212,"play_id":"8335b980-6d08-4674-b99d-187840a4c84f","local_time":"20210120013909","is_ascension_mode":true,"campfire_choices":[{"data":"1","floor":7.0,"key":"LIFT"},{"floor":15.0,"key":"REST"}],"circlet_count":0,"master_deck":["AscendersBane","Strike_R","Strike_R","Strike_R","Strike_R","Defend_R","Defend_R","Defend_R","Defend_R","Bash","Wild Strike","Perfected Strike","Perfected Strike","Perfected Strike","Evolve","Perfected Strike","Perfected Strike"],"relics":["Burning Blood","Lantern","Girya","Odd Mushroom","Charon\u0027s Ashes","Vajra","Red Skull"],"acts_visited":["Exordium"],"potions_floor_usage":[16],"damage_taken":[{"damage":7.0,"enemies":"Small Slimes","floor":1.0,"turns":4.0},{"damage":7.0,"enemies":"Jaw Worm","floor":3.0,"turns":2.0},{"damage":0.0,"enemies":"2 Louse","floor":4.0,"turns":2.0},{"damage":39.0,"enemies":"Lagavulin","floor":6.0,"turns":4.0},{"damage":27.0,"enemies":"The Mushroom Lair","floor":8.0,"turns":4.0},{"damage":6.0,"enemies":"Blue Slaver","floor":10.0,"turns":3.0},{"damage":10.0,"enemies":"Gremlin Nob","floor":13.0,"turns":3.0},{"damage":0.0,"enemies":"2 Fungi Beasts","floor":14.0,"turns":2.0},{"damage":35,"enemies":"The Guardian","floor":16,"turns":7}],"seed_played":"-302189478940284314","potions_obtained":[{"floor":1.0,"key":"LiquidBronze"},{"floor":3.0,"key":"FearPotion"},{"floor":8.0,"key":"Swift Potion"}],"is_trial":false,"path_per_floor":["M","?","M","M","?","E","R","?","T","M","?","$","E","M","R","B"],"character_chosen":"IRONCLAD","items_purchased":["Vajra"],"campfire_rested":1,"item_purchase_floors":[12],"current_hp_per_floor":[67,60,59,65,65,32,32,11,11,11,11,11,7,13,35,0,0],"gold":62,"neow_bonus":"RANDOM_COMMON_RELIC","is_daily":false,"chose_seed":false,"campfire_upgraded":0,"win_rate":0.0,"timestamp":1611074349,"path_taken":["M","?","M","M","?","E","R","?","T","M","?","$","E","M","R","BOSS"],"items_purchased_type":["Relic"],"build_version":"2020-12-22","purchased_purges":0,"victory":false,"max_hp_per_floor":[75,75,75,75,75,75,75,75,75,75,75,75,75,75,75,75,75],"card_choices":[{"not_picked":["Blood for Blood","Clothesline"],"picked":"Wild Strike","floor":1.0},{"not_picked":["Twin Strike","Metallicize"],"picked":"Perfected Strike","floor":3.0},{"not_picked":["Thunderclap","Metallicize"],"picked":"Perfected Strike","floor":4.0},{"not_picked":["Seeing Red","Combust","Clash"],"picked":"SKIP","floor":6.0},{"not_picked":["Heavy Blade","Twin Strike"],"picked":"Perfected Strike","floor":8.0},{"not_picked":["Havoc","Limit Break"],"picked":"Evolve","floor":10.0},{"not_picked":["Pommel Strike","Armaments"],"picked":"Perfected Strike","floor":13.0},{"not_picked":["Havoc","Burning Pact"],"picked":"Perfected Strike","floor":14.0}],"player_experience":362402,"relics_obtained":[{"floor":6.0,"key":"Girya"},{"floor":8.0,"key":"Odd Mushroom"},{"floor":9.0,"key":"Charon\u0027s Ashes"},{"floor":13.0,"key":"Red Skull"}],"event_choices":[{"cards_removed":["Strike_R"],"damage_healed":0.0,"max_hp_gain":0.0,"max_hp_loss":0.0,"gold_gain":0.0,"event_name":"Golden Wing","player_choice":"Card Removal","floor":2.0,"gold_loss":0.0,"damage_taken":7.0},{"damage_healed":0.0,"max_hp_gain":0.0,"max_hp_loss":0.0,"gold_gain":0.0,"event_name":"Liars Game","player_choice":"Ignored","floor":5.0,"gold_loss":0.0,"damage_taken":0.0},{"damage_healed":0.0,"max_hp_gain":0.0,"max_hp_loss":0.0,"gold_gain":0.0,"event_name":"Mushrooms","player_choice":"Fought Mushrooms","floor":8.0,"gold_loss":0.0,"damage_taken":0.0},{"damage_healed":0.0,"max_hp_gain":0.0,"max_hp_loss":0.0,"gold_gain":0.0,"event_name":"World of Goop","player_choice":"Left Gold","floor":11.0,"gold_loss":43.0,"damage_taken":0.0}],"is_beta":false,"boss_relics":[],"items_purged_floors":[],"is_endless":false,"potions_floor_spawned":[1,3,4,8],"killed_by":"The Guardian","ascension_level":14}}