{"host":"ko40t1o51xotjt2v","time":1611074405,"event":{"mods":["2.2 Compatiblity","AchievementEnabler","Aspiration","BaseMod","Better Match","Better Third Choice","Better Vampires","Conspire","Downfall","Energized Spire","GifTheSpireLib","Halation","Hubris","Jedi Mod","Minty Spire (QoL Compilation)","MostiFishMod","Spicy Shops","Spikes Relics","StSLib","Stuff the Spire","TestMod","vexMod","??????REMEMod"],"gold_per_floor":[110,110,110,37,37,68,68,100,125,155,169,179,179,198,198,293,293,313,313,330,330,342,369,143,157,208,243,257,883,883,900,900,1605,1555,2166,2184,1394,1394,1412,1412,2041,2041,2065,2095,2712,2726,2754,2764,2764,2764,2764,2764,2489,2523,2523],"floor_reached":56,"language":"SPA","playtime":2377,"items_purged":["StuffTheSpire:Plugnplay"],"score":2304,"play_id":"85d86dbe-a9c5-450a-9541-5648e73f4f33","local_time":"20210119174005","is_ascension_mode":true,"campfire_choices":[{"data":"Zap","floor":7,"key":"SMITH"},{"floor":13,"key":"REST"},{"floor":15,"key":"REST"},{"floor":30,"key":"RECALL"},{"data":"MostiFishMod:DeathFromBelow","floor":32,"key":"SMITH"},{"data":"Strike_B","floor":40,"key":"SMITH"},{"data":"Strike_B","floor":49,"key":"SMITH"},{"data":"Strike_B","floor":52,"key":"SMITH"}],"circlet_count":0,"master_deck":["Strike_B+1","Strike_B+1","Strike_B+1","Strike_B+1","Defend_B","Defend_B","Defend_B","Defend_B","Zap+1","Dualcast","Invigoration+1","Beam Cell","Gash","Go for the Eyes","StuffTheSpire:Rend","MostiFishMod:DeathFromBelow+1","Strike_B+1","Gash+1","Gash+1","Go for the Eyes+1"],"relics":["Cracked Core","testmod-TestBox","REME_ComplimentaryCards","testmod-BouquetWithThorns","ThornShield","SynthV:TestCard","hubris:Towel","testmod-HeartOfStrike","Ginger","Bag of Marbles","Ornamental Fan","Sandwich","DaveBox","PatriotShield","StuffTheSpire:HeavyRock","testmod-MagicalMallet","PreservedInsect","RetroEgg","Meat on the Bone","energizedSpire:HugeHouse","Toolbox","Cables","StuffTheSpire:ColdMirror","StuffTheSpire:BottledEssence","testmod-IndustrialRevolution","LugNut","StuffTheSpire:OldFever","CombinedTypeHook","Strawberry","Technique","jedi:matchstick"],"acts_visited":["Exordium","TheCity","TheBeyond","TheEnding"],"potions_floor_usage":[4,16,41],"damage_taken":[{"damage":0,"enemies":"conspire:RoseBush","floor":1,"turns":3},{"damage":28,"enemies":"Gremlin Nob","floor":6,"turns":4},{"damage":15,"enemies":"Lagavulin","floor":8,"turns":5},{"damage":17,"enemies":"3 Sentries","floor":10,"turns":4},{"damage":0,"enemies":"2 Louse","floor":11,"turns":2},{"damage":0,"enemies":"Jaw Worm","floor":12,"turns":1},{"damage":9,"enemies":"Lots of Slimes","floor":14,"turns":2},{"damage":13,"enemies":"Slime Boss","floor":16,"turns":6},{"damage":0,"enemies":"3 Byrds","floor":18,"turns":2},{"damage":0,"enemies":"Spheric Guardian","floor":20,"turns":3},{"damage":0,"enemies":"Shelled Parasite and Fungi","floor":22,"turns":1},{"damage":0,"enemies":"Book of Stabbing","floor":23,"turns":2},{"damage":0,"enemies":"Snake Plant","floor":25,"turns":1},{"damage":0,"enemies":"Gremlin Leader","floor":27,"turns":1},{"damage":0,"enemies":"Centurion and Healer","floor":28,"turns":1},{"damage":0,"enemies":"conspire:Head Lice","floor":29,"turns":1},{"damage":0,"enemies":"conspire:HollyBat","floor":31,"turns":4},{"damage":0,"enemies":"Champ","floor":33,"turns":8},{"damage":0,"enemies":"Orb Walker","floor":35,"turns":1},{"damage":0,"enemies":"3 Shapes","floor":36,"turns":2},{"damage":0,"enemies":"Spire Growth","floor":39,"turns":2},{"damage":0,"enemies":"Reptomancer","floor":41,"turns":1},{"damage":0,"enemies":"Giant Head","floor":44,"turns":2},{"damage":0,"enemies":"Sphere and 2 Shapes","floor":45,"turns":2},{"damage":0,"enemies":"Maw","floor":46,"turns":2},{"damage":0,"enemies":"Reptomancer","floor":47,"turns":2},{"damage":0,"enemies":"Writhing Mass","floor":48,"turns":1},{"damage":0,"enemies":"Awakened One","floor":50,"turns":4},{"damage":0,"enemies":"Shield and Spear","floor":54,"turns":2},{"damage":0,"enemies":"The Heart","floor":55,"turns":3}],"seed_played":"7899415408293937284","potions_obtained":[{"floor":8,"key":"CultistPotion"},{"floor":12,"key":"Explosive Potion"},{"floor":16,"key":"Fire Potion"},{"floor":20,"key":"Strength Potion"},{"floor":25,"key":"DuplicationPotion"},{"floor":35,"key":"Fruit Juice"},{"floor":44,"key":"Explosive Potion"}],"is_trial":false,"path_per_floor":["M","?","?","$","?","E","R","E","T","E","M","M","R","M","R","B",null,"M","?","M","?","M","E","$","M","T","E","M","E","R","M","R","B",null,"M","M","$","?","M","R","E","T","T","E","M","M","E","M","R","B",null,"R","$","E","B",null],"character_chosen":"DEFECT","items_purchased":["testmod-SpacePotion","testmod-MagicalMallet","PreservedInsect","Toolbox","Cables","StuffTheSpire:ColdMirror","StuffTheSpire:BottledEssence","Technique","Go for the Eyes"],"campfire_rested":2,"item_purchase_floors":[4,24,24,37,37,37,37,53,53],"current_hp_per_floor":[68,68,68,68,68,40,40,25,25,8,8,8,30,21,43,30,64,64,64,64,64,64,64,64,64,64,64,64,64,64,64,64,64,69,69,69,69,69,69,69,74,74,74,74,74,74,81,81,81,81,82,82,82,82,82],"gold":2523,"neow_bonus":"UPGRADE_CARD","is_daily":false,"chose_seed":false,"campfire_upgraded":5,"win_rate":0.0,"timestamp":1611074405,"path_taken":["M","?","?","$","?","E","R","E","T","E","?","M","R","?","R","BOSS","M","?","M","?","M","E","$","M","T","E","?","E","R","M","R","BOSS","M","M","$","?","M","R","E","?","T","E","M","M","E","?","R","BOSS","R","$","E","BOSS"],"items_purchased_type":["Potion","Relic","Relic","Relic","Relic","Relic","Relic","Relic","Card"],"build_version":"2020-12-22","purchased_purges":1,"victory":true,"max_hp_per_floor":[75,75,75,75,75,75,75,75,75,75,75,75,75,75,75,75,75,75,75,75,75,75,75,75,75,75,75,75,75,75,75,75,75,70,70,70,70,70,70,70,75,75,75,75,75,75,82,82,82,82,82,82,82,82,82],"card_choices":[{"not_picked":["StuffTheSpire:Plugnplay","Conserve Battery"],"picked":"Go for the Eyes","floor":1},{"not_picked":["jedi:hex","conspire:SharedLibrary","Turbo","Electrodynamics"],"picked":"Gash","floor":6},{"not_picked":["Streamline","Ball Lightning","MostiFishMod:Prepare","Conserve Battery"],"picked":"Go for the Eyes","floor":8},{"not_picked":["jedi:blockon","jedi:locknload","Ball Lightning","hubris:PowerSurge","StuffTheSpire:CleanHardDrive"],"picked":"SKIP","floor":10},{"not_picked":["Barrage","jedi:BurstLightning","Hologram","Streamline","conspire:SharedLibrary"],"picked":"SKIP","floor":11},{"not_picked":["Streamline","Leap","jedi:BurstLightning","Compile Driver","Stack"],"picked":"SKIP","floor":12},{"not_picked":["jedi:BurstLightning","MostiFishMod:InterfaceCompatibility","Melter","Rebound","Capacitor"],"picked":"SKIP","floor":14},{"not_picked":["Leap+1","Steam","Beam Cell+1","Barrage+1","Cold Snap"],"picked":"SKIP","floor":18},{"not_picked":["Conserve Battery","Stack","Go for the Eyes","Rebound","Turbo"],"picked":"SKIP","floor":20},{"not_picked":["StuffTheSpire:NuclearReactor","REME_Compress","Leap","Ball Lightning+1","MostiFishMod:GatherIntelligence"],"picked":"SKIP","floor":22},{"not_picked":["Undo+1","Rebound","Static Discharge+1","jedi:blockon","Creative AI"],"picked":"SKIP","floor":23},{"not_picked":["MostiFishMod:LinkProtocol","jedi:BurstLightning+1","DiskWipe+1","Force Field+1"],"picked":"StuffTheSpire:Rend","floor":25},{"not_picked":["Barrage","MostiFishMod:Impulse","Sweeping Beam","Reinforced Body"],"picked":"MostiFishMod:DeathFromBelow","floor":27},{"not_picked":["MostiFishMod:PushDownKick+1","Doom and Gloom","Reprogram","Hologram","Cold Snap"],"picked":"SKIP","floor":28},{"not_picked":["jedi:BurstFrost+1","MostiFishMod:FluxCapactior","Conserve Battery","Leap","StuffTheSpire:CleanHardDrive+1"],"picked":"SKIP","floor":29},{"not_picked":["hubris:Ukulele","jedi:BurstDark","White Noise+1","Reprogram+1","MostiFishMod:PushDownKick+1"],"picked":"SKIP","floor":31},{"not_picked":["StuffTheSpire:GlassShard","Barrage+1","REME_DataAnalysis","Sweeping Beam+1","Hologram+1"],"picked":"SKIP","floor":35},{"not_picked":["Compile Driver+1","MostiFishMod:ReprogramOld","MostiFishMod:ATRI","Recycle","Steam+1"],"picked":"SKIP","floor":36},{"not_picked":["jedi:markofdeath+1","MostiFishMod:TalkingToTheRain","jedi:locknload","Barrage","hubris:Ukulele"],"picked":"SKIP","floor":39},{"not_picked":["Sweeping Beam","Echo Form","hubris:Ukulele+1","Lockon"],"picked":"Gash","floor":41},{"not_picked":["Barrage+1","Coolheaded+1","Stack","Conserve Battery","jedi:BurstFrost"],"picked":"SKIP","floor":44},{"not_picked":["Rebound","StuffTheSpire:Plugnplay+1","Streamline+1","jedi:BurstFrost","MostiFishMod:Tomorrow"],"picked":"SKIP","floor":45},{"not_picked":["Turbo+1","Doom and Gloom","Steam Power+1","Steam","StuffTheSpire:LoadUp+1"],"picked":"SKIP","floor":46},{"not_picked":["Ball Lightning+1","Streamline+1","Sweeping Beam+1","StuffTheSpire:NuclearReactor","jedi:BurstLightning"],"picked":"SKIP","floor":47},{"not_picked":["Beam Cell+1","Lockon+1","Rebound+1","hubris:PowerSurge"],"picked":"Gash","floor":48},{"not_picked":["jedi:blockon+1","Auto Shields+1","hubris:Ukulele+1","Rebound","Creative AI"],"picked":"SKIP","floor":54}],"player_experience":424666,"relics_obtained":[{"floor":1,"key":"SynthV:TestCard"},{"floor":6,"key":"testmod-HeartOfStrike"},{"floor":8,"key":"Ginger"},{"floor":9,"key":"Bag of Marbles"},{"floor":10,"key":"Ornamental Fan"},{"floor":23,"key":"StuffTheSpire:HeavyRock"},{"floor":27,"key":"RetroEgg"},{"floor":29,"key":"Meat on the Bone"},{"floor":41,"key":"testmod-IndustrialRevolution"},{"floor":42,"key":"LugNut"},{"floor":43,"key":"StuffTheSpire:OldFever"},{"floor":44,"key":"CombinedTypeHook"},{"floor":47,"key":"Strawberry"},{"floor":54,"key":"jedi:matchstick"}],"event_choices":[{"damage_healed":0,"gold_gain":0,"player_choice":"Grow","damage_taken":0,"max_hp_gain":0,"max_hp_loss":0,"event_name":"Living Wall","floor":2,"gold_loss":0,"cards_upgraded":["Go for the Eyes"]},{"damage_healed":0,"gold_gain":0,"player_choice":"Swap Relic","damage_taken":0,"relics_obtained":["DaveBox"],"max_hp_gain":0,"max_hp_loss":0,"event_name":"Box For Yourself","floor":21,"relics_lost":["DaveBox"],"gold_loss":0},{"damage_healed":0,"gold_gain":0,"player_choice":"Leave","damage_taken":0,"max_hp_gain":0,"max_hp_loss":0,"event_name":"conspire:Investor","floor":38,"gold_loss":0}],"is_beta":false,"boss_relics":[{"not_picked":["testmod-PortableAltar","testmod-Recursion"],"picked":"Sandwich"},{"not_picked":["vexMod:EndlessSickness","vexMod:CursedCompass"],"picked":"energizedSpire:HugeHouse"}],"items_purged_floors":[53],"is_endless":false,"potions_floor_spawned":[8,12,16,20,25,27,31,35,44,45,47,48],"ascension_level":7}}