{"host":"bxdue9bkfm2khp2x","time":1611024196,"event":{"mods":["ATMod(阿瑾Mod)","Arknights The Spire","Aspiration","BaseMod","Better Vampires","Challenge The Spire","Colored Map","Colored Powertips","Conspire","Decade(王小明)","Dota2Spire","Highlight Path","Minty Spire (QoL Compilation)","MostiFishMod","Remilia（蕾米莉亚）","Replay The Spire","RumiaBox-露米娅的神秘盒子","Ryuuou龙王","Spicy Shops","StSLib","Td1madao Mod","The Alterego","The Bug Knight","The Cursed","The Servant 0.9.4","WarShipGirlsR/战舰少女R mod","noobMod","vexMod","【功能Mod】混沌之环修复补丁","【遗物卡牌】REMEMod","篝火指南"],"gold_per_floor":[112,212,230,55,71,71,99,99,125,138,154,183,183,198,73,169,169,185,197,197,296,308,158,158,158,158,158,46,46,75,93,93,196,196,216,216,41,53,0,0,0,30,56,56,56,56,73,88,88,88],"floor_reached":51,"language":"ZHS","playtime":3783,"items_purged":["ats:Strike C","ats:Strike G","ats:Defend","ats:Defend","ats:Defend"],"score":1074,"play_id":"b341ce1f-e7e4-4f71-9bca-e2de16116d1a","local_time":"20210119104316","is_ascension_mode":true,"campfire_choices":[{"data":"ats:Magnetic Hammer","floor":6.0,"key":"SMITH"},{"data":"AT_BodySlamDance","floor":8.0,"key":"SMITH"},{"data":"ats:Part Time Job","floor":13.0,"key":"SMITH"},{"data":"ats:Shell Defense","floor":25.0,"key":"SMITH"},{"data":"ats:Shell Defense","floor":27.0,"key":"SMITH"},{"data":"ats:Thorns","floor":29.0,"key":"SMITH"},{"data":"ats:Defend","floor":32.0,"key":"SMITH"},{"data":"ats:Calcification","floor":40,"key":"SMITH"},{"data":"ats:Curse Doll","floor":44,"key":"SMITH"},{"data":"ats:Armor Crushing Shot","floor":46,"key":"SMITH"},{"data":"ats:Strike V","floor":49,"key":"SMITH"}],"circlet_count":0,"master_deck":["ats:Strike V+1","ats:Armor Crushing Shot+1","ats:Defend+1","ats:Emotion Absorption+1","AT_BodySlamDance+1","ats:Magnetic Hammer+1","ats:Shell Defense+1","ats:Shell Defense+1","ats:Part Time Job+1","ats:Thorns+1","ats:Calcification+1","ats:Curse Doll+1"],"relics":["ats:Sanity","DaveBox","REME_ComplimentaryCards","ice","AT_ATBox","Civilization","SynthV:TestCard","ats:Originium","AT_DeathDance","AT_SeraphEmbrace","aspiration:ChemicalBlood","Eternal Feather","AT_EbonyIvory","Centennial Puzzle","Red Mask","Anchor","Dota2Spire:PowerTreads"],"acts_visited":["Exordium","TheCity","TheBeyond"],"potions_floor_usage":[47,47,50,50,50],"damage_taken":[{"damage":13.0,"enemies":"Small Slimes","floor":1.0,"turns":4.0},{"damage":0.0,"enemies":"conspire:RoseBush","floor":3.0,"turns":4.0},{"damage":0.0,"enemies":"2 Louse","floor":5.0,"turns":2.0},{"damage":0.0,"enemies":"Gremlin Nob","floor":7.0,"turns":3.0},{"damage":0.0,"enemies":"Exordium Wildlife","floor":10.0,"turns":2.0},{"damage":0.0,"enemies":"Looter","floor":11.0,"turns":4.0},{"damage":0.0,"enemies":"Lagavulin","floor":12.0,"turns":5.0},{"damage":0.0,"enemies":"Large Slime","floor":14.0,"turns":4.0},{"damage":0.0,"enemies":"Slime Boss","floor":16.0,"turns":6.0},{"damage":0.0,"enemies":"2 Thieves","floor":18.0,"turns":4.0},{"damage":11.0,"enemies":"Chosen","floor":19.0,"turns":7.0},{"damage":0.0,"enemies":"Snecko","floor":22.0,"turns":7.0},{"damage":0.0,"enemies":"Slavers","floor":30.0,"turns":4.0},{"damage":0.0,"enemies":"Centurion and Healer","floor":31.0,"turns":5.0},{"damage":23.0,"enemies":"Collector","floor":33.0,"turns":10.0},{"damage":0,"enemies":"3 Darklings","floor":35,"turns":2},{"damage":0,"enemies":"Orb Walker","floor":38,"turns":4},{"damage":0,"enemies":"Giant Head","floor":42,"turns":3},{"damage":0,"enemies":"Sphere and 2 Shapes","floor":47,"turns":3},{"damage":0,"enemies":"Maw","floor":48,"turns":5},{"damage":0,"enemies":"Time Eater","floor":50,"turns":4}],"seed_played":"8648765857516097963","potions_obtained":[{"floor":7.0,"key":"FairyPotion"},{"floor":16.0,"key":"EntropicBrew"},{"floor":19.0,"key":"Swift Potion"},{"floor":22.0,"key":"Energy Potion"},{"floor":30.0,"key":"Languid Potion"},{"floor":35,"key":"Milkshake"},{"floor":47,"key":"Explosive Potion"},{"floor":48,"key":"Dota2Spire:HealingSalve"}],"is_trial":false,"path_per_floor":["M","?","M","$","M","R","E","R","T","M","M","E","R","M","R","B",null,"M","M","?","?","M","R","$","R","T","R","$","R","E","M","R","B",null,"M","?","$","M","?","R","?","E","T","R","?","R","M","M","R","B",null],"character_chosen":"DOCTOR_CLASS","items_purchased":["ats:Thorns","AT_EbonyIvory"],"campfire_rested":0,"item_purchase_floors":[28,28],"current_hp_per_floor":[61,61,64,64,69,69,76,76,76,83,95,102,102,107,107,112,112,117,118,118,118,127,127,127,127,127,127,127,127,132,137,137,142,142,147,147,147,152,152,152,152,157,157,157,157,157,162,167,167,172],"gold":88,"neow_bonus":"UPGRADE_CARD","is_daily":false,"chose_seed":false,"campfire_upgraded":11,"win_rate":0.0,"timestamp":1611024196,"path_taken":["M","?","M","$","M","R","E","R","T","M","M","E","R","M","R","BOSS","M","?","?","?","M","R","?","R","T","R","$","R","E","M","R","BOSS","M","?","$","M","?","R","?","E","T","R","?","R","M","M","R","BOSS"],"items_purchased_type":["Card","Relic"],"build_version":"2020-12-22","purchased_purges":5,"victory":true,"max_hp_per_floor":[74,74,77,77,82,82,87,87,87,92,97,102,102,107,107,112,112,117,122,122,122,127,127,127,127,127,127,127,127,132,137,137,142,142,147,147,147,152,152,152,152,157,157,157,157,157,162,167,167,172],"card_choices":[{"not_picked":["ats:Automatic Cover","ats:Poison Spread"],"picked":"ats:Magnetic Hammer","floor":1.0},{"not_picked":["ats:Flexible Camouflage","ats:Ignite","ats:Curse Doll","ats:Red Shift"],"picked":"ats:Shell Defense","floor":3.0},{"not_picked":["ats:Hammer On","ats:Charging Defense","ats:Ignite","ats:Cat Scratch"],"picked":"ats:Shell Defense","floor":5.0},{"not_picked":["ats:Shell Defense","ats:Charging Defense","ats:Demon Strength","ats:Cat Scratch","ats:True Silver Slash"],"picked":"SKIP","floor":7.0},{"not_picked":["ats:Shell Defense","ats:Steam Pump","ats:Overload","ats:Childhood Dance","ats:Flame Of Heaven"],"picked":"SKIP","floor":10.0},{"not_picked":["ats:Leaping Hammer","ats:Childhood Dance","ats:Consecutive Shot Auto","ats:Sword Rain"],"picked":"ats:Part Time Job","floor":11.0},{"not_picked":["ats:Dogmatic Field","ats:Poison Spread","ats:Red Shift","ats:Revitalization","ats:Shell Defense"],"picked":"SKIP","floor":12.0},{"not_picked":["ats:Explosion Area Strengthen","ats:Leaping Hammer","ats:Cat Scratch","ats:Ignite","ats:Healing Drone"],"picked":"SKIP","floor":14.0},{"not_picked":["ats:LN2 Cannon","ats:Explosion Area Strengthen","ats:Ignite","ats:Poison Spread","ats:Song Of Battle"],"picked":"SKIP","floor":18.0},{"not_picked":["ats:Consecutive Shot Auto","ats:Hammer On","ats:Shell Defense","ats:Assault Order","ats:Guardian Obelisk"],"picked":"SKIP","floor":19.0},{"not_picked":["ats:Leaping Hammer","ats:Apocalypse","ats:Cat Scratch+1","ats:Childhood Dance","ats:Consecutive Shot Auto"],"picked":"SKIP","floor":22.0},{"not_picked":["ats:Poison Spread+1","ats:Powerful Strike","ats:Fractured Body","ats:Hammer On","ats:Directed Diagnosis+1"],"picked":"SKIP","floor":30.0},{"not_picked":["ats:Shadow Raid+1","ats:Assault Order+1","ats:Hammer On","ats:Ignite+1","ats:Chain Hook"],"picked":"SKIP","floor":31.0},{"not_picked":["ats:Disruption Kick","ats:Durian","ats:Wolf Pack","ats:Soul Rend"],"picked":"ats:Calcification","floor":33.0},{"not_picked":["ats:Mental Burst+1","ats:Poison Spread+1","ats:Explosion Area Strengthen+1","ats:Childhood Dance","ats:Apocalypse"],"picked":"SKIP","floor":35},{"not_picked":["ats:Powerful Strike","ats:Shadow Raid+1","ats:Shell Defense","ats:Poison Spread+1","ats:Wolf Pack"],"picked":"SKIP","floor":38},{"not_picked":["ats:Steam Pump+1","ats:Shell Defense","ats:Healing Drone","ats:Consecutive Shot Auto+1"],"picked":"ats:Curse Doll","floor":42},{"not_picked":["ats:Revitalization+1","ats:Childhood Dance","ats:Assault Order","ats:Shell Defense","ats:Explosion Area Strengthen+1"],"picked":"SKIP","floor":47},{"not_picked":["ats:Flexible Camouflage+1","ats:Demon Strength+1","ats:Leaping Hammer+1","ats:Assault Order","ats:Neurotoxin"],"picked":"SKIP","floor":48}],"player_experience":1279465,"relics_obtained":[{"floor":1.0,"key":"SynthV:TestCard"},{"floor":7.0,"key":"ats:Originium"},{"floor":7.0,"key":"AT_DeathDance"},{"floor":9.0,"key":"AT_ArchangelStaff"},{"floor":12.0,"key":"ats:Originium"},{"floor":12.0,"key":"aspiration:ChemicalBlood"},{"floor":26.0,"key":"Eternal Feather"},{"floor":30.0,"key":"ats:Originium"},{"floor":30.0,"key":"Centennial Puzzle"},{"floor":42,"key":"Anchor"},{"floor":43,"key":"Dota2Spire:PowerTreads"}],"event_choices":[{"damage_healed":0.0,"max_hp_gain":0.0,"max_hp_loss":0.0,"gold_gain":100.0,"event_name":"Golden Shrine","player_choice":"Pray","floor":2.0,"gold_loss":0.0,"damage_taken":0.0},{"cards_removed":["ats:Strike S"],"damage_healed":0.0,"max_hp_gain":0.0,"max_hp_loss":0.0,"gold_gain":0.0,"event_name":"Back to Basics","player_choice":"Elegance","floor":20.0,"gold_loss":0.0,"damage_taken":0.0},{"damage_healed":0.0,"max_hp_gain":0.0,"max_hp_loss":0.0,"gold_gain":99.0,"event_name":"Nest","player_choice":"Stole From Cult","floor":21.0,"gold_loss":0.0,"damage_taken":0.0},{"damage_healed":0,"gold_gain":0,"player_choice":"Paid","damage_taken":0,"relics_obtained":["Red Mask"],"max_hp_gain":0,"max_hp_loss":0,"event_name":"Tomb of Lord Red Mask","floor":39,"gold_loss":53},{"damage_healed":0,"gold_gain":0,"player_choice":"Ignored","damage_taken":0,"max_hp_gain":0,"max_hp_loss":0,"event_name":"SecretPortal","floor":45,"gold_loss":0}],"is_beta":false,"boss_relics":[{"not_picked":["REME_DuelDisc","vexMod:MegatonBomb","Ectoplasm"]},{"not_picked":["vexMod:CursedCompass","GuanYuAspect","xbg"]}],"items_purged_floors":[4,4,15,23,37],"is_endless":false,"potions_floor_spawned":[3,7,10,16,19,22,30,35,42,47,48],"ascension_level":4}}