{"host":"rupmf8lnk599ormj","time":1611089879,"event":{"mods":["2.2 Compatiblity","AchievementEnabler","BaseMod","Better Match","Better Third Choice","BetterRewards","Colored Map","Colored Powertips","Conspire","Downfall","Evolution","Gold Saver","Googly Eyes","Hubris","Minty Spire (QoL Compilation)","Quick Restart","Rare Cards Sparkle","Shade Mod","Spicy Shops","StSLib","The Cursed"],"gold_per_floor":[1227,1240,1240,591,608,608,608,619,644,664,564,664,692,704,723,827,827,827,837,837,837,856,874,901,901,469,504,504,519,519,533,553,653,653,653,670,684,684,694,694,719,719,766,766,784,794,794,810,826,826],"floor_reached":51,"language":"ENG","playtime":3695,"items_purged":[],"score":846,"play_id":"f43c85df-962e-49a3-af02-b2f1dc718bf6","local_time":"20210119155759","is_ascension_mode":true,"campfire_choices":[{"floor":1,"key":"RECALL"},{"floor":11,"key":"REST"},{"data":"Guardian:ConstructionForm","floor":18,"key":"SMITH"},{"floor":28,"key":"REST"},{"data":"hubris:DuctTapeCard","floor":30,"key":"SMITH"},{"data":"Guardian:SpikerProtocol","floor":35,"key":"SMITH"},{"data":"Guardian:DecasProtection","floor":40,"key":"SMITH"},{"data":"Guardian:CurlUp","floor":44,"key":"SMITH"},{"data":"Guardian:FloatingOrbs","floor":47,"key":"SMITH"}],"circlet_count":0,"master_deck":["Guardian:Strike_Guardian","Guardian:Strike_Guardian","Guardian:Strike_Guardian","Guardian:Defend_Guardian","Guardian:Defend_Guardian","Guardian:Defend_Guardian","Guardian:Defend_Guardian","Guardian:CurlUp+1","Guardian:TwinSlam","Clumsy","Guardian:ConstructionForm+1","Guardian:Reroute","expansioncontent:GuardianWhirl","Guardian:DecasProtection+1","Guardian:SpikerProtocol+1","Guardian:VentSteam","Guardian:FloatingOrbs+1","Guardian:Orbwalk","Guardian:RollAttack","Guardian:BronzeArmor","Guardian:GemFinder","Guardian:RollAttack","Guardian:Preprogram","Guardian:PrimingBeam+1","Parasite","Guardian:BronzeOrb","Guardian:EvasiveProtocol","hubris:DuctTapeCard+2","Guardian:TimeSifter","Guardian:ChargeCore","Guardian:TemporalStrike+1","Guardian:Recover","Guardian:ShieldSpikes+1","Guardian:WalkerClaw+1","Parasite","Guardian:ShieldCharger+1","Guardian:PiercingHide+1","Guardian:DonusPower"],"relics":["Guardian:ModeShifter","EVO:Axolotl","Membership Card","hubris:OldNail","Lantern","Meat on the Bone","Sling","downfall:ShatteredFragment","hubris:BottledRain","Unceasing Top","downfall:HeartBlessingRed","downfall:GremlinWheel","hubris:ToyBattleship","hubris:VirtuousBlindfold","Orichalcum","OrangePellets","HandDrill","hubris:Spice","Bird Faced Urn","hubris:CrystalStatue","hubris:DuctTape","Vajra","Thread and Needle"],"acts_visited":["Exordium","TheCity","TheBeyond"],"potions_floor_usage":[16,16,23,27,43,43,45,50],"damage_taken":[{"damage":0,"enemies":"Small Slimes","floor":2,"turns":4},{"damage":0,"enemies":"downfall:FleeingMerchant","floor":4,"turns":4},{"damage":0,"enemies":"2 Louse","floor":5,"turns":4},{"damage":0,"enemies":"Cultist","floor":8,"turns":4},{"damage":0,"enemies":"Lagavulin","floor":9,"turns":4},{"damage":10,"enemies":"Large Slime","floor":10,"turns":6},{"damage":12,"enemies":"Large Slime","floor":12,"turns":4},{"damage":0,"enemies":"Gremlin Nob","floor":13,"turns":3},{"damage":7,"enemies":"conspire:2 RoseBushes","floor":14,"turns":4},{"damage":2,"enemies":"Blue Slaver","floor":15,"turns":3},{"damage":18,"enemies":"DF_ARCHETYPE_STREAMLINE","floor":16,"turns":7},{"damage":12,"enemies":"3 Byrds","floor":19,"turns":4},{"damage":1,"enemies":"Snake Plant","floor":22,"turns":5},{"damage":4,"enemies":"3 Cultists","floor":23,"turns":4},{"damage":9,"enemies":"downfall:FleeingMerchant","floor":26,"turns":4},{"damage":1,"enemies":"conspire:Head Lice","floor":27,"turns":4},{"damage":0,"enemies":"Chosen and Byrds","floor":29,"turns":3},{"damage":0,"enemies":"Shelled Parasite and Fungi","floor":31,"turns":3},{"damage":0,"enemies":"Snake Plant","floor":32,"turns":3},{"damage":0,"enemies":"WA_ARCHETYPE_CALM","floor":33,"turns":5},{"damage":0,"enemies":"3 Shapes","floor":36,"turns":3},{"damage":0,"enemies":"Orb Walker","floor":37,"turns":3},{"damage":9,"enemies":"Sphere and 2 Shapes","floor":39,"turns":4},{"damage":0,"enemies":"2 Orb Walkers","floor":43,"turns":4},{"damage":0,"enemies":"Writhing Mass","floor":45,"turns":4},{"damage":1,"enemies":"Transient","floor":46,"turns":5},{"damage":10,"enemies":"Sphere and 2 Shapes","floor":48,"turns":4},{"damage":6,"enemies":"Jaw Worm Horde","floor":49,"turns":3},{"damage":49,"enemies":"IC_BLOCK_ARCHETYPE","floor":50,"turns":8}],"seed_played":"3919082795951423016","potions_obtained":[{"floor":8,"key":"DuplicationPotion"},{"floor":10,"key":"Weak Potion"},{"floor":14,"key":"AttackPotion"},{"floor":21,"key":"DuplicationPotion"},{"floor":21,"key":"bronze:BurnAndBuffPotion"},{"floor":22,"key":"Fruit Juice"},{"floor":29,"key":"CultistPotion"},{"floor":31,"key":"Fire Potion"},{"floor":43,"key":"AttackPotion"},{"floor":48,"key":"SmokeBomb"}],"is_trial":false,"path_per_floor":["R","M","?","$","M","?","T","M","E","M","R","?","E","M","M","B",null,"R","M","?","?","M","M","T","?","$","E","R","M","R","M","M","B",null,"R","M","M","?","M","R","T","?","?","R","M","M","R","M","M","B",null],"character_chosen":"GUARDIAN","items_purchased":["Membership Card","hubris:OldNail","Lantern","Meat on the Bone","Sling","Guardian:Gem_Synthetic","expansioncontent:GuardianWhirl","Guardian:DecasProtection","OrangePellets","HandDrill","hubris:Spice","Bird Faced Urn","Guardian:BronzeOrb","Guardian:EvasiveProtocol"],"campfire_rested":2,"item_purchase_floors":[4,4,4,4,4,4,4,4,26,26,26,26,26,26],"current_hp_per_floor":[80,80,80,80,80,56,56,56,56,46,70,58,58,51,49,43,80,80,68,68,68,67,68,68,68,67,74,93,93,93,93,93,93,101,101,101,101,101,92,92,92,92,98,98,101,101,101,97,97,60],"gold":826,"neow_bonus":"THREE_RARE_CARDS","is_daily":false,"chose_seed":false,"campfire_upgraded":6,"win_rate":0.0,"timestamp":1611089879,"path_taken":["R","M","?","$","M","?","T","M","E","M","R","?","E","?","M","BOSS","R","M","?","?","?","M","T","?","$","E","R","M","R","M","M","BOSS","R","M","M","?","M","R","T","?","?","R","?","M","R","M","M","BOSS"],"items_purchased_type":["Relic","Relic","Relic","Relic","Relic","Card","Card","Card","Relic","Relic","Relic","Relic","Card","Card"],"build_version":"2020-12-22","purchased_purges":0,"victory":true,"max_hp_per_floor":[80,80,80,80,80,80,80,80,80,80,80,80,80,80,80,80,80,80,80,80,80,80,85,85,85,93,93,93,93,93,93,93,93,101,101,101,101,101,101,101,101,101,101,101,101,101,101,101,101,101],"card_choices":[{"not_picked":["Guardian:StasisStrike","Guardian:BaubleBeam"],"picked":"Guardian:ConstructionForm","floor":0},{"not_picked":["Guardian:CrystalBeam","Guardian:Gem_Yellow"],"picked":"Guardian:Gem_Cyan","floor":2},{"not_picked":["Guardian:Planning","Guardian:PrimingBeam"],"picked":"Guardian:Reroute","floor":4},{"not_picked":["Guardian:RefractedBeam","Guardian:BronzeArmor"],"picked":"Guardian:SpikerProtocol","floor":5},{"not_picked":["Guardian:Suspension","Guardian:Repulse"],"picked":"Guardian:VentSteam","floor":8},{"not_picked":["Guardian:GuardianWhirl","Guardian:RefractedBeam"],"picked":"Guardian:FloatingOrbs","floor":9},{"not_picked":["Guardian:Reroute","Guardian:Suspension"],"picked":"Guardian:Gem_Fragmented","floor":10},{"not_picked":["Guardian:PrimingBeam","Guardian:DecasProtection"],"picked":"Guardian:Orbwalk","floor":13},{"not_picked":["Guardian:TemporalStrike","Guardian:FastForward"],"picked":"Guardian:RollAttack","floor":14},{"not_picked":["Guardian:GuardianWhirl","Guardian:Clone"],"picked":"Guardian:BronzeArmor","floor":15},{"not_picked":["Guardian:SphericShield","Guardian:TimeSifter"],"picked":"Guardian:GemFinder","floor":16},{"not_picked":["Guardian:Gem_Green","Guardian:Gem_Cyan"],"picked":"Guardian:Gem_Lightblue","floor":19},{"not_picked":["Guardian:Suspension","Guardian:Gem_Red"],"picked":"Guardian:SpikerProtocol","floor":19},{"not_picked":["Guardian:Gem_Lightblue","Guardian:Gem_Cyan"],"picked":"Guardian:Gem_Red","floor":22},{"not_picked":["Guardian:VentSteam","Guardian:Incinerate"],"picked":"Guardian:RollAttack","floor":22},{"not_picked":["Guardian:Gem_Cyan","Guardian:Gem_Green"],"picked":"Guardian:Gem_Red","floor":23},{"not_picked":["Guardian:WalkerClaw","Guardian:Gem_Cyan"],"picked":"Guardian:Preprogram","floor":23},{"not_picked":["Guardian:PrismaticBarrier","Guardian:FloatingOrbs"],"picked":"Guardian:PrimingBeam+1","floor":26},{"not_picked":["Guardian:Orbwalk","Guardian:Preprogram"],"picked":"Guardian:Gem_Lightblue","floor":27},{"not_picked":["Guardian:Gem_Cyan","Guardian:Preprogram"],"picked":"Guardian:Gem_Green","floor":29},{"not_picked":["Guardian:Suspension","Guardian:Gem_Cyan"],"picked":"Guardian:TimeSifter","floor":31},{"not_picked":["Guardian:PolyBeam","Guardian:TemporalStrike+1"],"picked":"Guardian:ChargeCore","floor":32},{"not_picked":["Guardian:Gem_Green","Guardian:Gem_Cyan"],"picked":"Guardian:Gem_Red","floor":33},{"not_picked":["Guardian:GemFinder","Guardian:AncientConstruct"],"picked":"Guardian:Gem_Synthetic","floor":33},{"not_picked":["Guardian:DecasProtection+1","Guardian:Gem_Lightblue"],"picked":"Guardian:TemporalStrike+1","floor":36},{"not_picked":["Guardian:Gem_Red","Guardian:ChargeCore"],"picked":"Guardian:Recover","floor":37},{"not_picked":["Guardian:TemporalStrike+1","Guardian:GatlingBeam"],"picked":"Guardian:ShieldSpikes+1","floor":39},{"not_picked":["Guardian:Gem_Crimson","Guardian:Gem_Red"],"picked":"Guardian:WalkerClaw+1","floor":43},{"not_picked":["Guardian:Gem_Red","Guardian:WalkerClaw+1"],"picked":"Guardian:ShieldCharger+1","floor":45},{"not_picked":["Guardian:Gem_Cyan","Guardian:Gem_Lightblue"],"picked":"Guardian:Gem_Green","floor":46},{"not_picked":["Guardian:WalkerClaw+1","Guardian:Gem_Green","hubris:SpiceAddiction"],"picked":"SKIP","floor":46},{"not_picked":["Guardian:SentryBeam","Guardian:Emergency"],"picked":"Guardian:PiercingHide+1","floor":48},{"not_picked":["Guardian:Gem_Crimson","Guardian:SpikerProtocol+1"],"picked":"Guardian:DonusPower","floor":49}],"player_experience":218439,"relics_obtained":[{"floor":7,"key":"hubris:BottledRain"},{"floor":9,"key":"Unceasing Top"},{"floor":12,"key":"downfall:GremlinWheel"},{"floor":13,"key":"hubris:ToyBattleship"},{"floor":24,"key":"Orichalcum"},{"floor":27,"key":"hubris:CrystalStatue"},{"floor":30,"key":"hubris:DuctTape"},{"floor":41,"key":"Vajra"},{"floor":43,"key":"Thread and Needle"}],"event_choices":[{"damage_healed":0,"gold_gain":0,"player_choice":"Read","damage_taken":0,"max_hp_gain":0,"max_hp_loss":0,"event_name":"The Library","floor":20,"gold_loss":0,"cards_obtained":["Noxious Fumes"]},{"damage_healed":0,"gold_gain":0,"player_choice":"Got Potions","damage_taken":0,"max_hp_gain":0,"max_hp_loss":0,"event_name":"Lab","floor":21,"gold_loss":0},{"damage_healed":0,"gold_gain":0,"player_choice":"Relic","damage_taken":0,"max_hp_gain":0,"max_hp_loss":0,"event_name":"Wheel of Change","floor":30,"gold_loss":0},{"damage_healed":0,"gold_gain":0,"player_choice":"Leave","damage_taken":0,"max_hp_gain":0,"max_hp_loss":0,"event_name":"conspire:Investor","floor":38,"gold_loss":0},{"damage_healed":0,"gold_gain":0,"player_choice":"Fight","damage_taken":0,"max_hp_gain":0,"max_hp_loss":0,"event_name":"Mysterious Sphere","floor":43,"gold_loss":0}],"is_beta":false,"boss_relics":[{"not_picked":["Sozu","Runic Dome"],"picked":"hubris:VirtuousBlindfold"},{"not_picked":["hubris:Spice","Coffee Dripper"],"picked":"hubris:Spice"}],"items_purged_floors":[],"is_endless":false,"potions_floor_spawned":[8,10,14,15,22,29,31,39,43,48],"ascension_level":1}}