{"host":"627up2rvtmm0cf0r","time":1611057881,"event":{"mods":["100% Spire Juice","ATMod(°¢èªMod)","Act Like it!","BaseMod","Better Vampires","CapriCore","Card Filter","Card Forge","Colored Powertips","DeckTracker","Dota2Spire","Energized Spire","Friendly Minions","Highlight Path","Infinite Spire","Jedi Mod","Marked Mod","Mimic Mod","Minty Spire (QoL Compilation)","MostiFishMod","Permanent Neow","Practice Mode","Quick Restart","Relic Stats","Shop Mod","Spicy Shops","StSLib","SuperFastMode","TestMod","The Blackbeard","The Marked","¡¾ÒÅÎï¿¨ÅÆ¡¿REMEMod","²ÐÁôÖ®Îï","óô»ðÖ¸ÄÏ"],"gold_per_floor":[120,120,140,140,175,270,270,285,285,290,290],"floor_reached":10,"language":"ZHS","playtime":372,"items_purged":[],"score":79,"play_id":"8f123877-4228-4f0e-8631-fb19e3ca50e3","local_time":"20210119200441","is_ascension_mode":true,"campfire_choices":[{"data":"jedi:forcepull","floor":7,"key":"SMITH"}],"circlet_count":0,"master_deck":["Strike_B","Strike_B","Strike_B","Strike_B","Defend_B","Defend_B","Defend_B","Defend_B","Zap+1","Dualcast","jedi:forcepull+1","MostiFishMod:PushDownKick","Turbo"],"relics":["Cracked Core","Hammer of Thor","Seething Fire","Anvil of the Gods","DaveBox","testmod-TestBox","REME_ComplimentaryCards","AT_ATBox","testmod-Acrobat","Membership Card","SynthV:TestCard","Mercury Hourglass","Dota2Spire:HandOfMidas","Molten Egg 2","Dota2Spire:MantaStyle"],"acts_visited":["Exordium"],"potions_floor_usage":[10],"damage_taken":[{"damage":0,"enemies":"Small Slimes","floor":1,"turns":2},{"damage":0,"enemies":"2 Louse","floor":3,"turns":2},{"damage":1,"enemies":"Jaw Worm","floor":5,"turns":4},{"damage":45,"enemies":"3 Sentries","floor":6,"turns":9},{"damage":2,"enemies":"Jaw Worm","floor":8,"turns":3},{"damage":20,"enemies":"Lagavulin","floor":10,"turns":4}],"seed_played":"-9071882106880278121","potions_obtained":[{"floor":3,"key":"infinitespire:BlackPotion"},{"floor":8,"key":"Dexterity Potion"}],"is_trial":false,"path_per_floor":["M","?","M","?","MIM","E","R","M","T","E"],"character_chosen":"DEFECT","items_purchased":[],"campfire_rested":0,"item_purchase_floors":[],"current_hp_per_floor":[75,75,75,68,67,22,22,20,20,0,0],"gold":290,"neow_bonus":"THREE_CARDS","is_daily":false,"chose_seed":false,"campfire_upgraded":1,"win_rate":0.0,"timestamp":1611057881,"path_taken":["M","?","M","?","?","E","R","M","T","E"],"items_purchased_type":[],"build_version":"2020-12-22","purchased_purges":0,"victory":false,"max_hp_per_floor":[75,75,75,75,75,75,75,75,75,75,75],"relic_stats":{"counters":[6,24],"obtain_stats":[{"Dota2Spire:HandOfMidas":5,"Dota2Spire:MantaStyle":9,"testmod-TestBox":0,"AT_ATBox":0,"DaveBox":0,"Hammer of Thor":0,"Seething Fire":0,"Mercury Hourglass":4,"SynthV:TestCard":1,"Anvil of the Gods":0,"testmod-Acrobat":0,"Molten Egg 2":6,"Membership Card":0,"Cracked Core":0,"REME_ComplimentaryCards":0},{"Dota2Spire:HandOfMidas":3,"Dota2Spire:MantaStyle":5,"testmod-TestBox":0,"AT_ATBox":0,"DaveBox":0,"Hammer of Thor":0,"Seething Fire":0,"Mercury Hourglass":2,"SynthV:TestCard":1,"Anvil of the Gods":0,"testmod-Acrobat":0,"Molten Egg 2":4,"Membership Card":0,"Cracked Core":0,"REME_ComplimentaryCards":0},{"Dota2Spire:HandOfMidas":8,"Dota2Spire:MantaStyle":20,"testmod-TestBox":0,"AT_ATBox":0,"DaveBox":0,"Hammer of Thor":0,"Seething Fire":0,"Mercury Hourglass":4,"SynthV:TestCard":2,"Anvil of the Gods":0,"testmod-Acrobat":0,"Molten Egg 2":17,"Membership Card":0,"Cracked Core":0,"REME_ComplimentaryCards":0}],"Mercury Hourglass":[76]},"card_choices":[{"not_picked":["Cold Snap","Compile Driver","Genetic Algorithm"],"picked":"SKIP","floor":1},{"not_picked":["Cold Snap","Hologram","Steam","Consume","Redo"],"picked":"SKIP","floor":3},{"not_picked":["Hologram","jedi:markofdeath","Compile Driver","jedi:blockon"],"picked":"MostiFishMod:PushDownKick","floor":5},{"not_picked":["REME_SelfUpgrade","MostiFishMod:InterfaceCompatibility","Aggregate","Barrage+1","jedi:spotbugs"],"picked":"SKIP","floor":6},{"not_picked":["jedi:reiji","Stack","AT_StudyProgram","BootSequence"],"picked":"Turbo","floor":8}],"player_experience":105658,"relics_obtained":[{"floor":1,"key":"SynthV:TestCard"},{"floor":5,"key":"Dota2Spire:HandOfMidas"},{"floor":6,"key":"Molten Egg 2"},{"floor":9,"key":"Dota2Spire:MantaStyle"}],"event_choices":[{"damage_healed":0,"gold_gain":0,"player_choice":"Grow","damage_taken":0,"max_hp_gain":0,"max_hp_loss":0,"event_name":"Living Wall","floor":2,"gold_loss":0,"cards_upgraded":["Zap"]},{"damage_healed":0,"gold_gain":0,"player_choice":"Success","damage_taken":7,"relics_obtained":["Mercury Hourglass"],"max_hp_gain":0,"max_hp_loss":0,"event_name":"Scrap Ooze","floor":4,"gold_loss":0}],"is_beta":false,"boss_relics":[],"items_purged_floors":[],"is_endless":false,"potions_floor_spawned":[3,8],"killed_by":"Lagavulin","ascension_level":4}}