{"host":"i0avyit1s6jb1siw","time":1611072222,"event":{"mods":["BaseMod","DeckTracker","Dota2Spire","Highlight Path","Minty Spire (QoL Compilation)","Quick Restart","StSLib","SuperFastMode"],"gold_per_floor":[115,115,9,9,9,9,41,41,41,53,68,15,36,36,48,48,127,127,140,140,155,7,23,23,23],"floor_reached":24,"language":"ENG","playtime":467,"items_purged":["Pain"],"score":361,"play_id":"c392f1b2-018f-4e3f-8aad-cfa528ac70fe","local_time":"20210119170342","is_ascension_mode":true,"campfire_choices":[{"data":"Strike_B","floor":6,"key":"PURGE"},{"data":"Consume","floor":16,"key":"SMITH"}],"circlet_count":0,"master_deck":["AscendersBane","Defend_B","Defend_B","Defend_B","Zap","Dualcast","Sunder+1","Glacier","Capacitor","Consume+1","Ball Lightning","Cold Snap","Heatsinks","Fusion","Go for the Eyes","Echo Form","Skim+1","Go for the Eyes+1","Streamline+1","Conserve Battery","Turbo","Defragment"],"relics":["Cracked Core","NeowsBlessing","Peace Pipe","Question Card","Incense Burner","Odd Mushroom","Astrolabe","WarpedTongs"],"acts_visited":["Exordium","TheCity"],"potions_floor_usage":[13,17,24],"damage_taken":[{"damage":0,"enemies":"Small Slimes","floor":1,"turns":1},{"damage":0,"enemies":"Lagavulin","floor":7,"turns":1},{"damage":0,"enemies":"Jaw Worm","floor":10,"turns":1},{"damage":6,"enemies":"2 Louse","floor":11,"turns":3},{"damage":7,"enemies":"The Mushroom Lair","floor":13,"turns":4},{"damage":9,"enemies":"Looter","floor":15,"turns":4},{"damage":15,"enemies":"The Guardian","floor":17,"turns":14},{"damage":33,"enemies":"3 Byrds","floor":19,"turns":5},{"damage":10,"enemies":"Shell Parasite","floor":21,"turns":7},{"damage":7,"enemies":"Snake Plant","floor":23,"turns":6},{"damage":17,"enemies":"Book of Stabbing","floor":24,"turns":5}],"seed_played":"-2036433583274957658","potions_obtained":[{"floor":1,"key":"Strength Potion"},{"floor":7,"key":"DistilledChaos"},{"floor":21,"key":"DistilledChaos"}],"is_trial":false,"path_per_floor":["M","?","$","?","?","R","E","T","T","M","M","$","?","?","M","R","B",null,"M","?","M","$","M","E"],"character_chosen":"DEFECT","items_purchased":["Glacier","Capacitor","Cold Snap","Defragment"],"campfire_rested":0,"item_purchase_floors":[3,3,12,22],"current_hp_per_floor":[68,73,73,73,61,61,61,61,61,61,55,55,48,48,39,39,24,66,33,33,23,23,16,0,0],"gold":23,"neow_bonus":"THREE_ENEMY_KILL","is_daily":false,"chose_seed":false,"campfire_upgraded":1,"win_rate":0.0,"timestamp":1611072222,"path_taken":["M","?","$","?","?","R","E","?","T","?","M","$","?","?","M","R","BOSS","M","?","M","?","M","E"],"items_purchased_type":["Card","Card","Card","Card"],"build_version":"2020-12-22","purchased_purges":1,"victory":false,"max_hp_per_floor":[75,80,80,80,80,80,80,80,80,80,80,80,80,80,80,80,80,80,80,80,80,80,80,80,80],"card_choices":[{"not_picked":["Reinforced Body","Hologram"],"picked":"Sunder","floor":1},{"not_picked":["Stack","Turbo","Skim"],"picked":"SKIP","floor":7},{"not_picked":["Fusion","Steam","Streamline"],"picked":"Consume","floor":10},{"not_picked":["Beam Cell","Go for the Eyes","Conserve Battery"],"picked":"Ball Lightning","floor":11},{"not_picked":["Hologram","Consume","Stack"],"picked":"Heatsinks","floor":13},{"not_picked":["Hyperbeam","Hologram","Stack"],"picked":"Go for the Eyes","floor":15},{"not_picked":["Machine Learning","All For One","Multi-Cast"],"picked":"Echo Form","floor":17},{"not_picked":["Redo","Recycle","Streamline+1"],"picked":"Conserve Battery","floor":19},{"not_picked":["Streamline+1","Beam Cell","Hologram"],"picked":"Turbo","floor":21},{"not_picked":["White Noise","Gash","Ball Lightning","Fusion"],"picked":"SKIP","floor":23}],"player_experience":2296373,"relics_obtained":[{"floor":7,"key":"Question Card"},{"floor":9,"key":"Incense Burner"},{"floor":13,"key":"Odd Mushroom"}],"event_choices":[{"damage_healed":0,"gold_gain":0,"player_choice":"Donut","damage_taken":0,"max_hp_gain":5,"max_hp_loss":0,"event_name":"Big Fish","floor":2,"gold_loss":0},{"damage_healed":0,"gold_gain":0,"player_choice":"Grow","damage_taken":0,"max_hp_gain":0,"max_hp_loss":0,"event_name":"Living Wall","floor":4,"gold_loss":0,"cards_upgraded":["Sunder"]},{"damage_healed":0,"gold_gain":0,"player_choice":"Success","damage_taken":12,"relics_obtained":["Peace Pipe"],"max_hp_gain":0,"max_hp_loss":0,"event_name":"Scrap Ooze","floor":5,"gold_loss":0},{"damage_healed":0,"gold_gain":0,"player_choice":"Fought Mushrooms","damage_taken":0,"max_hp_gain":0,"max_hp_loss":0,"event_name":"Mushrooms","floor":13,"gold_loss":0},{"damage_healed":0,"gold_gain":0,"cards_transformed":["Strike_B"],"player_choice":"Transformed","damage_taken":0,"max_hp_gain":0,"max_hp_loss":0,"event_name":"Transmorgrifier","floor":14,"gold_loss":0,"cards_obtained":["Fusion"]},{"damage_healed":0,"gold_gain":0,"player_choice":"Rummage","damage_taken":0,"relics_obtained":["WarpedTongs"],"max_hp_gain":0,"max_hp_loss":0,"event_name":"Accursed Blacksmith","floor":20,"gold_loss":0,"cards_obtained":["Pain"]}],"is_beta":false,"boss_relics":[{"not_picked":["Philosopher\u0027s Stone","SacredBark"],"picked":"Astrolabe"}],"items_purged_floors":[22],"is_endless":false,"potions_floor_spawned":[1,7,10,21],"killed_by":"Book of Stabbing","ascension_level":13}}