{"host":"lzlnscgb2n0l5w2m","time":1611041463,"event":{"mods":["AchievementEnabler","BaseMod","Block Reminder","Colored Powertips","Googly Eyes","Highlight Path","Minty Spire (QoL Compilation)","Permanent Neow","Relic Stats","StSLib"],"gold_per_floor":[109,119,4,24,24,59,69,101,101,176,176,209,209,226,226,327,327,344,22,38,38,50,50,85,85,110,110,128,141,172,9,9,106,106,126,141,141,156,168,194,204,229,229,256,270,270,295,314,314,314,314],"floor_reached":50,"language":"ZHT","playtime":7831,"items_purged":["Strike_R","Strike_R","Strike_R"],"score":893,"play_id":"e879a438-fc5d-49d3-811c-783edddec2f7","local_time":"20210119153103","is_ascension_mode":true,"campfire_choices":[{"floor":11.0,"key":"REST"},{"floor":13.0,"key":"REST"},{"data":"Fiend Fire","floor":15.0,"key":"SMITH"},{"floor":23.0,"key":"REST"},{"data":"Berserk","floor":32.0,"key":"SMITH"},{"floor":49,"key":"RECALL"}],"circlet_count":0,"master_deck":["Strike_R","Strike_R","Defend_R","Defend_R","Defend_R","Defend_R","Bash","Hemokinesis","Second Wind","Rampage","Intimidate","Fiend Fire+1","Inflame","Battle Trance+1","Berserk+1","Spot Weakness+1","Warcry+1","RitualDagger","Demon Form","Rupture","Brutality","Sentinel+1","Warcry+1","Writhe","Infernal Blade+1","Impervious+1","Sentinel+1","Infernal Blade+1","Parasite","Bandage Up+1"],"relics":["Burning Blood","NeowsBlessing","Singing Bowl","Dead Branch","Toxic Egg 2","Lizard Tail","PreservedInsect","Mark of Pain","TheAbacus","Dream Catcher","Toy Ornithopter","Mango","SacredBark","MealTicket","Molten Egg 2","Ancient Tea Set","Regal Pillow"],"acts_visited":["Exordium","TheCity","TheBeyond"],"potions_floor_usage":[44],"damage_taken":[{"damage":0.0,"enemies":"Cultist","floor":1.0,"turns":1.0},{"damage":0.0,"enemies":"Small Slimes","floor":2.0,"turns":1.0},{"damage":0.0,"enemies":"Jaw Worm","floor":4.0,"turns":1.0},{"damage":12.0,"enemies":"Lagavulin","floor":6.0,"turns":5.0},{"damage":1.0,"enemies":"2 Fungi Beasts","floor":7.0,"turns":3.0},{"damage":34.0,"enemies":"3 Sentries","floor":8.0,"turns":8.0},{"damage":30.0,"enemies":"Lagavulin","floor":12.0,"turns":6.0},{"damage":16.0,"enemies":"3 Louse","floor":14.0,"turns":3.0},{"damage":36.0,"enemies":"Hexaghost","floor":16.0,"turns":9.0},{"damage":18.0,"enemies":"3 Byrds","floor":18.0,"turns":4.0},{"damage":13.0,"enemies":"Shell Parasite","floor":20.0,"turns":2.0},{"damage":45.0,"enemies":"3 Cultists","floor":22.0,"turns":4.0},{"damage":54.0,"enemies":"Book of Stabbing","floor":24.0,"turns":4.0},{"damage":19.0,"enemies":"Shelled Parasite and Fungi","floor":28.0,"turns":3.0},{"damage":4.0,"enemies":"Centurion and Healer","floor":29.0,"turns":4.0},{"damage":5.0,"enemies":"Slavers","floor":30.0,"turns":4.0},{"damage":94.0,"enemies":"Collector","floor":33.0,"turns":7.0},{"damage":9.0,"enemies":"Orb Walker","floor":35.0,"turns":2.0},{"damage":22.0,"enemies":"3 Darklings","floor":36.0,"turns":4.0},{"damage":26.0,"enemies":"Writhing Mass","floor":38.0,"turns":4.0},{"damage":28.0,"enemies":"4 Shapes","floor":39.0,"turns":5.0},{"damage":0.0,"enemies":"Nemesis","floor":40.0,"turns":1.0},{"damage":5,"enemies":"Transient","floor":41,"turns":5},{"damage":17,"enemies":"Giant Head","floor":42,"turns":7},{"damage":8,"enemies":"Nemesis","floor":44,"turns":5},{"damage":12,"enemies":"Writhing Mass","floor":45,"turns":3},{"damage":38,"enemies":"Reptomancer","floor":47,"turns":5},{"damage":18,"enemies":"Spire Growth","floor":48,"turns":3},{"damage":45,"enemies":"Awakened One","floor":50,"turns":3}],"seed_played":"-7309490470016401292","potions_obtained":[{"floor":1.0,"key":"Weak Potion"},{"floor":7.0,"key":"Explosive Potion"},{"floor":8.0,"key":"HeartOfIron"},{"floor":12.0,"key":"Fruit Juice"},{"floor":20.0,"key":"Regen Potion"},{"floor":22.0,"key":"Ancient Potion"},{"floor":24.0,"key":"ElixirPotion"},{"floor":27.0,"key":"LiquidMemories"},{"floor":27.0,"key":"Strength Potion"},{"floor":28.0,"key":"BloodPotion"},{"floor":33.0,"key":"EssenceOfSteel"},{"floor":35.0,"key":"SkillPotion"},{"floor":38.0,"key":"Swift Potion"},{"floor":39.0,"key":"Swift Potion"}],"is_trial":false,"path_per_floor":["M","M","$","M","?","E","M","E","T","?","R","E","R","M","R","B",null,"M","$","M","?","M","R","E","?","T","?","M","M","E","$","R","B",null,"M","M","?","M","M","E","M","E","T","E","M","?","E","M","R","B"],"character_chosen":"IRONCLAD","items_purchased":["Rampage","Spot Weakness+1","TheAbacus","Rupture"],"campfire_rested":3,"item_purchase_floors":[3,19,19,31],"current_hp_per_floor":[80,80,80,80,55,51,56,28,28,17,41,22,48,38,38,8,67,57,57,50,44,19,46,53,53,53,53,70,74,89,89,89,11,86,83,72,100,87,65,76,77,68,68,71,67,67,43,39,39,0,0],"gold":314,"neow_bonus":"THREE_ENEMY_KILL","is_daily":false,"chose_seed":false,"campfire_upgraded":2,"win_rate":0.0,"timestamp":1611041463,"path_taken":["M","M","$","?","?","E","M","E","T","?","R","E","R","M","R","BOSS","M","$","M","?","M","R","E","?","T","?","?","M","E","$","R","BOSS","M","M","?","M","M","E","M","E","T","E","M","?","E","M","R","BOSS"],"items_purchased_type":["Card","Card","Relic","Card"],"build_version":"2020-12-22","purchased_purges":3,"victory":false,"max_hp_per_floor":[80,80,80,80,80,82,82,82,82,82,82,87,87,87,87,87,87,89,89,89,89,91,91,93,93,93,93,95,97,111,111,111,111,111,111,111,111,113,113,113,113,115,115,115,117,117,119,121,121,121,121],"relic_stats":{"Lizard Tail":45,"Dream Catcher":0,"Regal Pillow":0,"TheAbacus":[72],"Singing Bowl":22,"counters":[29,116],"Dead Branch":[306],"MealTicket":0,"PreservedInsect":358,"obtain_stats":[{"Regal Pillow":47,"NeowsBlessing":0,"Singing Bowl":5,"Dead Branch":6,"SacredBark":34,"Mango":30,"PreservedInsect":12,"Ancient Tea Set":44,"Burning Blood":0,"Lizard Tail":9,"Dream Catcher":24,"TheAbacus":19,"MealTicket":40,"Molten Egg 2":42,"Mark of Pain":17,"Toxic Egg 2":8,"Toy Ornithopter":26},{"Regal Pillow":27,"NeowsBlessing":0,"Singing Bowl":3,"Dead Branch":4,"SacredBark":17,"Mango":16,"PreservedInsect":7,"Ancient Tea Set":25,"Burning Blood":0,"Lizard Tail":6,"Dream Catcher":13,"TheAbacus":10,"MealTicket":22,"Molten Egg 2":24,"Mark of Pain":9,"Toxic Egg 2":6,"Toy Ornithopter":13},{"Regal Pillow":110,"NeowsBlessing":0,"Singing Bowl":3,"Dead Branch":8,"SacredBark":69,"Mango":62,"PreservedInsect":25,"Ancient Tea Set":102,"Burning Blood":0,"Lizard Tail":19,"Dream Catcher":51,"TheAbacus":41,"MealTicket":85,"Molten Egg 2":97,"Mark of Pain":37,"Toxic Egg 2":19,"Toy Ornithopter":51}],"Burning Blood":150,"Toy Ornithopter":40},"card_choices":[{"not_picked":["Entrench","Reckless Charge"],"picked":"Hemokinesis","floor":1.0},{"not_picked":["Intimidate","Sword Boomerang"],"picked":"Second Wind","floor":2.0},{"not_picked":["Clothesline","Iron Wave","Pummel"],"picked":"SKIP","floor":4.0},{"not_picked":["Headbutt","Body Slam","Clothesline"],"picked":"Singing Bowl","floor":6.0},{"not_picked":["Cleave","Armaments"],"picked":"Intimidate","floor":7.0},{"not_picked":["Blood for Blood","Pommel Strike"],"picked":"Fiend Fire","floor":8.0},{"not_picked":["Heavy Blade","Clash"],"picked":"Inflame","floor":12.0},{"not_picked":["Evolve","Anger"],"picked":"Battle Trance+1","floor":14.0},{"not_picked":["Immolate","Bludgeon"],"picked":"Berserk","floor":16.0},{"not_picked":["Clash+1","Uppercut","Shrug It Off+1"],"picked":"Singing Bowl","floor":18.0},{"not_picked":["Headbutt+1","Dropkick+1"],"picked":"Warcry+1","floor":20.0},{"not_picked":["Body Slam","Perfected Strike","Dual Wield+1"],"picked":"Singing Bowl","floor":22.0},{"not_picked":["Havoc+1","Evolve","Flex+1"],"picked":"Singing Bowl","floor":24.0},{"not_picked":["Perfected Strike","Armaments+1","Flex+1"],"picked":"Singing Bowl","floor":28.0},{"not_picked":["Cleave","Headbutt","Shockwave+1"],"picked":"Singing Bowl","floor":29.0},{"not_picked":["Shrug It Off+1","Uppercut"],"picked":"Demon Form","floor":30.0},{"not_picked":["Barricade","Bludgeon"],"picked":"Brutality","floor":33.0},{"not_picked":["Twin Strike+1","Body Slam+1"],"picked":"Sentinel+1","floor":35.0},{"not_picked":["Heavy Blade+1","Thunderclap+1"],"picked":"Warcry+1","floor":36.0},{"not_picked":["Rupture+1","Perfected Strike+1","Flex+1"],"picked":"Singing Bowl","floor":38.0},{"not_picked":["Metallicize","Headbutt+1"],"picked":"Infernal Blade+1","floor":39.0},{"not_picked":["Cleave+1","Heavy Blade"],"picked":"Impervious+1","floor":40.0},{"not_picked":["Armaments+1","Thunderclap"],"picked":"Sentinel+1","floor":41},{"not_picked":["Combust","Rampage+1","Disarm+1"],"picked":"Singing Bowl","floor":42},{"not_picked":["Uppercut+1","Clothesline+1"],"picked":"Infernal Blade+1","floor":44},{"not_picked":["Intimidate+1","Cleave+1","Clothesline+1"],"picked":"Singing Bowl","floor":45},{"not_picked":["Trip+1","Thinking Ahead+1"],"picked":"Bandage Up+1","floor":46},{"not_picked":["Rampage+1","Headbutt+1","Shrug It Off+1"],"picked":"Singing Bowl","floor":47},{"not_picked":["Body Slam+1","Twin Strike+1","Wild Strike+1"],"picked":"Singing Bowl","floor":48}],"player_experience":203227,"relics_obtained":[{"floor":6.0,"key":"Dead Branch"},{"floor":8.0,"key":"Toxic Egg 2"},{"floor":9.0,"key":"Lizard Tail"},{"floor":12.0,"key":"PreservedInsect"},{"floor":24.0,"key":"Dream Catcher"},{"floor":26.0,"key":"Toy Ornithopter"},{"floor":30.0,"key":"Mango"},{"floor":40.0,"key":"MealTicket"},{"floor":42,"key":"Molten Egg 2"},{"floor":44,"key":"Ancient Tea Set"},{"floor":47,"key":"Regal Pillow"}],"event_choices":[{"damage_healed":0.0,"max_hp_gain":0.0,"max_hp_loss":0.0,"gold_gain":0.0,"event_name":"Scrap Ooze","player_choice":"Success","floor":5.0,"gold_loss":0.0,"damage_taken":25.0,"relics_obtained":["Singing Bowl"]},{"damage_healed":0.0,"max_hp_gain":0.0,"max_hp_loss":0.0,"gold_gain":75.0,"event_name":"World of Goop","player_choice":"Gather Gold","floor":10.0,"gold_loss":0.0,"damage_taken":11.0},{"damage_healed":0.0,"max_hp_gain":0.0,"max_hp_loss":0.0,"gold_gain":0.0,"event_name":"Nest","player_choice":"Joined the Cult","floor":21.0,"gold_loss":0.0,"damage_taken":6.0,"cards_obtained":["RitualDagger"]},{"damage_healed":0.0,"max_hp_gain":0.0,"max_hp_loss":0.0,"gold_gain":0.0,"event_name":"Cursed Tome","player_choice":"Ignored","floor":25.0,"gold_loss":0.0,"damage_taken":0.0},{"damage_healed":0.0,"max_hp_gain":0.0,"max_hp_loss":0.0,"gold_gain":0.0,"event_name":"Lab","player_choice":"Got Potions","floor":27.0,"gold_loss":0.0,"damage_taken":0.0},{"damage_healed":28.0,"max_hp_gain":0.0,"max_hp_loss":0.0,"gold_gain":0.0,"event_name":"Winding Halls","player_choice":"Writhe","floor":37.0,"gold_loss":0.0,"damage_taken":0.0,"cards_obtained":["Writhe"]},{"damage_healed":0,"gold_gain":0,"player_choice":"Memory 1","damage_taken":0,"max_hp_gain":0,"max_hp_loss":0,"event_name":"SensoryStone","floor":46,"gold_loss":0}],"is_beta":false,"boss_relics":[{"not_picked":["Runic Pyramid","Philosopher\u0027s Stone"],"picked":"Mark of Pain"},{"not_picked":["Fusion Hammer","Snecko Eye"],"picked":"SacredBark"}],"items_purged_floors":[3,19,31],"is_endless":false,"potions_floor_spawned":[1,7,8,12,20,22,24,28,33,35,38,39],"killed_by":"Awakened One","ascension_level":5}}