{"host":"r10yh36zs2k9z1sa","time":1611075352,"event":{"mods":["Astrologer","BaseMod","Colored Map","Hermit","Marisa¡]Ãú«B¡@Å]²z¨F¡^","Minty Spire (QoL Compilation)","Permanent Neow","Remilia¡]Á¢¦Ì²ú?¡^","StSLib","The Animator","The Bug Knight","The Cursed","The Gatherer","The Hierophant","The Necromancer","The Runesmith","The Servant 0.9.4"],"gold_per_floor":[117,117,42,42,56,56,90,11,37,37,37,61,86,109,109,233,233,252,276,38,56,56,56,56,6,6,6,22,37,80,80,80,204,204,222,222,245,245,258,258,3,42,42,66,101,122,28,49,49,49],"floor_reached":51,"language":"ZHS","playtime":3499,"items_purged":["Injury","Pain"],"score":1124,"play_id":"88c58b48-0969-46d6-bb7a-fb1d031dd585","local_time":"20210120005552","is_ascension_mode":true,"campfire_choices":[{"data":"KidneyShot","floor":6,"key":"SMITH"},{"floor":10,"key":"REST"},{"data":"Moondial","floor":15,"key":"SMITH"},{"data":"Bandage Up","floor":23,"key":"SMITH"},{"data":"Contraction","floor":27,"key":"SMITH"},{"data":"Duplication","floor":32,"key":"SMITH"},{"data":"MoonPhase","floor":40,"key":"SMITH"},{"data":"SilverBlades","floor":49,"key":"SMITH"}],"circlet_count":0,"master_deck":["Strike_S","Strike_S","Strike_S","Strike_S+1","Defend_S","Defend_S","Defend_S+1","Defend_S+1","KidneyShot+1","Exchange","SilverBlades+1","Defy+1","Manipulate","Moondial+1","MoonPhase+1","Ricochet","Duplication+1","ShiftingGears","Bandage Up+1","Contraction+1","Barrier","TheWorld+1","ShiftingGears+1","BottledTime","Starlight+1","Luminosity+1","FastForward"],"relics":["Uniform","Centennial Puzzle","Golden Idol","Art of War","Potion Belt","Mercury Hourglass","Coffee Dripper","War Paint","Darkstone Periapt","Bag of Preparation","Singing Bowl","Mummified Hand","Matryoshka","MysterySword","WarpedTongs","ClockworkSouvenir","Anchor","Eternal Feather","Boot"],"acts_visited":["Exordium","TheCity","TheBeyond"],"potions_floor_usage":[7,16,16,16,21,30,33,39,42,50,50,50],"damage_taken":[{"damage":7,"enemies":"Jaw Worm","floor":1,"turns":4},{"damage":7,"enemies":"Small Slimes","floor":5,"turns":4},{"damage":17,"enemies":"Gremlin Nob","floor":7,"turns":5},{"damage":2,"enemies":"2 Louse","floor":12,"turns":2},{"damage":0,"enemies":"2 Fungi Beasts","floor":13,"turns":4},{"damage":1,"enemies":"Lots of Slimes","floor":14,"turns":3},{"damage":0,"enemies":"Slime Boss","floor":16,"turns":7},{"damage":0,"enemies":"3 Byrds","floor":18,"turns":5},{"damage":12,"enemies":"2 Thieves","floor":19,"turns":3},{"damage":11,"enemies":"Centurion and Healer","floor":21,"turns":6},{"damage":0,"enemies":"Chosen and Byrds","floor":28,"turns":6},{"damage":0,"enemies":"Sentry and Sphere","floor":29,"turns":4},{"damage":1,"enemies":"Slavers","floor":30,"turns":5},{"damage":27,"enemies":"Automaton","floor":33,"turns":16},{"damage":0,"enemies":"Orb Walker","floor":35,"turns":4},{"damage":9,"enemies":"3 Darklings","floor":37,"turns":6},{"damage":43,"enemies":"Transient","floor":39,"turns":5},{"damage":0,"enemies":"Reptomancer","floor":42,"turns":6},{"damage":0,"enemies":"Spire Growth","floor":44,"turns":5},{"damage":0,"enemies":"Giant Head","floor":45,"turns":10},{"damage":0,"enemies":"Maw","floor":46,"turns":6},{"damage":0,"enemies":"Sphere and 2 Shapes","floor":48,"turns":5},{"damage":28,"enemies":"Donu and Deca","floor":50,"turns":11}],"seed_played":"-2469986154819809076","potions_obtained":[{"floor":1,"key":"Strength Potion"},{"floor":7,"key":"Strength Potion"},{"floor":12,"key":"LiquidBronze"},{"floor":14,"key":"Block Potion"},{"floor":19,"key":"Weak Potion"},{"floor":28,"key":"FearPotion"},{"floor":29,"key":"AttackPotion"},{"floor":30,"key":"DistilledChaos"},{"floor":39,"key":"LiquidMemories"},{"floor":45,"key":"Block Potion"},{"floor":46,"key":"SkillPotion"}],"is_trial":false,"path_per_floor":["M","?","$","?","M","R","E","$","T","R","T","M","M","M","R","B",null,"M","M","$","M","?","R","?","?","T","R","M","M","E","T","R","B",null,"M","?","M","?","M","R","$","E","T","M","E","M","$","M","R","B",null],"character_chosen":"THE_SERVANT","items_purchased":["Moondial","War Paint","Bandage Up","ClockworkSouvenir","FastForward","AttackPotion"],"campfire_rested":1,"item_purchase_floors":[8,20,20,41,47,47],"current_hp_per_floor":[52,52,52,39,32,32,15,15,15,34,34,32,32,31,31,31,57,57,45,45,38,38,38,38,38,38,38,44,52,59,59,59,38,61,67,67,62,68,31,31,31,37,37,45,53,59,59,67,82,55],"gold":49,"neow_bonus":"RANDOM_COMMON_RELIC","is_daily":false,"chose_seed":false,"campfire_upgraded":7,"win_rate":0.0,"timestamp":1611075352,"path_taken":["M","?","$","?","M","R","E","?","T","R","?","M","?","M","R","BOSS","M","M","$","M","?","R","?","?","T","R","?","M","E","?","R","BOSS","M","?","?","?","?","R","$","E","T","M","E","?","?","M","R","BOSS"],"items_purchased_type":["Card","Relic","Card","Relic","Card","Potion"],"build_version":"2020-12-22","purchased_purges":2,"victory":true,"max_hp_per_floor":[65,65,65,65,65,65,65,65,65,65,65,65,65,65,65,65,65,65,65,65,65,65,65,65,65,65,65,65,67,69,69,69,69,69,69,69,71,77,77,77,77,77,77,79,81,81,81,83,83,83],"card_choices":[{"not_picked":["Spin","DoubleEdge"],"picked":"SilverBlades","floor":1},{"not_picked":["Unruled","Starlight"],"picked":"Defy","floor":5},{"not_picked":["Snipe","Potential"],"picked":"Manipulate","floor":7},{"not_picked":["Reset","KillingDoll"],"picked":"MoonPhase","floor":12},{"not_picked":["SilverBlades","Potential","Defy"],"picked":"SKIP","floor":13},{"not_picked":["Hightail","Spin"],"picked":"Ricochet","floor":14},{"not_picked":["SilverMatrix","LightFlow"],"picked":"Duplication","floor":16},{"not_picked":["Misdirection","Snipe","Moonlight"],"picked":"SKIP","floor":18},{"not_picked":["Revamp","Starlight"],"picked":"ShiftingGears","floor":19},{"not_picked":["Spin","FanOfKnives+1"],"picked":"Contraction","floor":21},{"not_picked":["Ricochet+1","Rearm"],"picked":"Barrier","floor":28},{"not_picked":["Spin","DoubleEdge","Starlight"],"picked":"Singing Bowl","floor":29},{"not_picked":["Moonlight","Potential","DoubleEdge"],"picked":"Singing Bowl","floor":30},{"not_picked":["PendulumOfEternity","TrueSight"],"picked":"TheWorld","floor":33},{"not_picked":["Misdirection","Spin"],"picked":"ShiftingGears+1","floor":35},{"not_picked":["Replace+1","TimeWarp+1","Potential+1"],"picked":"Singing Bowl","floor":37},{"not_picked":["FastForward+1","Revamp"],"picked":"BottledTime","floor":39},{"not_picked":["GearUp","Alleviate+1"],"picked":"Starlight+1","floor":42},{"not_picked":["Barrier","Potential+1","Snipe"],"picked":"Singing Bowl","floor":44},{"not_picked":["Dilation","StarChef","Revamp"],"picked":"Singing Bowl","floor":45},{"not_picked":["Starlight","Reset+1"],"picked":"Luminosity+1","floor":46},{"not_picked":["TimeWarp","Gouge+1","Starlight"],"picked":"Singing Bowl","floor":48}],"player_experience":256808,"relics_obtained":[{"floor":7,"key":"Art of War"},{"floor":9,"key":"Potion Belt"},{"floor":11,"key":"Mercury Hourglass"},{"floor":26,"key":"Singing Bowl"},{"floor":30,"key":"Mummified Hand"},{"floor":31,"key":"Matryoshka"},{"floor":42,"key":"Anchor"},{"floor":43,"key":"Eternal Feather"},{"floor":45,"key":"Boot"}],"event_choices":[{"damage_healed":0,"gold_gain":0,"player_choice":"Take Wound","damage_taken":0,"relics_obtained":["Golden Idol"],"max_hp_gain":0,"max_hp_loss":0,"event_name":"Golden Idol","floor":2,"gold_loss":0,"cards_obtained":["Injury"]},{"damage_healed":0,"gold_gain":0,"player_choice":"Entered Light","damage_taken":13,"max_hp_gain":0,"max_hp_loss":0,"event_name":"Shining Light","floor":4,"gold_loss":0,"cards_upgraded":["Strike_S","Defend_S"]},{"damage_healed":0,"gold_gain":0,"player_choice":"Opened","damage_taken":0,"relics_obtained":["Darkstone Periapt"],"max_hp_gain":0,"max_hp_loss":0,"event_name":"The Mausoleum","floor":22,"gold_loss":0},{"damage_healed":0,"gold_gain":0,"player_choice":"Ignored","damage_taken":0,"max_hp_gain":0,"max_hp_loss":0,"event_name":"Vampires","floor":24,"gold_loss":0},{"damage_healed":0,"gold_gain":0,"player_choice":"Paid Gold","damage_taken":0,"relics_obtained":["Bag of Preparation"],"max_hp_gain":0,"max_hp_loss":0,"event_name":"WeMeetAgain","floor":25,"gold_loss":50},{"damage_healed":0,"gold_gain":0,"player_choice":"Upgraded","damage_taken":0,"max_hp_gain":0,"max_hp_loss":0,"event_name":"Upgrade Shrine","floor":36,"gold_loss":0,"cards_upgraded":["TheWorld"]},{"damage_healed":0,"gold_gain":0,"player_choice":"Rummage","damage_taken":0,"relics_obtained":["WarpedTongs"],"max_hp_gain":0,"max_hp_loss":0,"event_name":"Accursed Blacksmith","floor":38,"gold_loss":0,"cards_obtained":["Pain"]}],"is_beta":false,"boss_relics":[{"not_picked":["Empty Cage","Velvet Choker"],"picked":"Coffee Dripper"},{"not_picked":["Cursed Key","Runesmith:UraniumAnvil"],"picked":"MysterySword"}],"items_purged_floors":[3,41],"is_endless":false,"potions_floor_spawned":[1,7,12,14,19,28,29,30,39,45,46],"ascension_level":7}}