{"host":"mmxi1hjn5usmb1ga","time":1611036115,"event":{"mods":["BaseMod","BetterRewards","Downfall","Minty Spire (QoL Compilation)","Quick Restart","READ ME - Guardian Mod","READ ME - Snecko Mod","RumiaBox-露米娅的神秘盒子","Shop Mod","StSLib","Td1madao Mod","The Bug Knight","Yuri Mod","[IsaacMod]以撒尖塔"],"gold_per_floor":[99,99,24,24,24,43,43,43,58,73,73,84,96,81,99,203,203,203,213,213,226,245,264,264,264,277,18,38,38,98,98,115,217,217,217,227,238,256,100,100,100,100],"floor_reached":40,"language":"ZHS","playtime":2552,"items_purged":["Regret"],"score":382,"play_id":"c8bcb547-6448-4c23-a13f-cb592b93647f","local_time":"20210119140155","is_ascension_mode":false,"campfire_choices":[{"data":"champ:Execute","floor":1.0,"key":"SMITH"},{"data":"champ:SteelEdge","floor":8.0,"key":"SMITH"},{"data":"champ:CrownThrow","floor":11.0,"key":"SMITH"},{"data":"champ:StrikeOfGenius","floor":18.0,"key":"SMITH"},{"data":"RitualDagger","floor":25,"key":"SMITH"},{"data":"champ:TripleStrike","floor":35,"key":"SMITH"}],"circlet_count":0,"master_deck":["champ:Strike","champ:Strike","champ:Strike","champ:Strike","champ:Defend","champ:Defend","champ:Defend","champ:Defend","champ:Execute+1","champ:Taunt","champ:FlashCut","champ:SteelEdge+1","champ:GutPunch","champ:SkillfulDodge","champ:CrownThrow+1","champ:TripleStrike+1","champ:PerfectedStrike","champ:StrikeOfGenius+1","champ:StanceDance","RitualDagger+1","champ:PerfectedStrike","champ:TornadoPunch","champ:FaceSlap","champ:CalledShot","champ:Duel","champ:FanOfKnives+1","champ:AdrenalArmor+1","champ:ShieldWall+1","champ:StrikeOfGenius","champ:EnGarde","champ:PreciseThrust+1"],"relics":["champ:ChampionCrown","HushsDoor","GuppysPaw","downfall:HeartsMalice","EdensBlessing","Gremlin Horn","Black Star","MagicDraw1","SSSystem","SteamSale","GodSword3","Runic Dome","Leech"],"acts_visited":["Exordium","TheCity","TheBeyond"],"potions_floor_usage":[23,27,27,30,33,40],"damage_taken":[{"damage":0.0,"enemies":"downfall:FleeingMerchant","floor":3.0,"turns":1.0},{"damage":0.0,"enemies":"Jaw Worm","floor":4.0,"turns":1.0},{"damage":0.0,"enemies":"Small Slimes","floor":5.0,"turns":1.0},{"damage":6.0,"enemies":"Cultist","floor":6.0,"turns":3.0},{"damage":8.0,"enemies":"Red Slaver","floor":9.0,"turns":3.0},{"damage":13.0,"enemies":"3 Louse","floor":10.0,"turns":2.0},{"damage":13.0,"enemies":"Red Slaver","floor":12.0,"turns":3.0},{"damage":23.0,"enemies":"HollowMod:HuskWarrior","floor":13.0,"turns":6.0},{"damage":25.0,"enemies":"downfall:FleeingMerchant","floor":14.0,"turns":4.0},{"damage":0.0,"enemies":"Large Slime","floor":15.0,"turns":3.0},{"damage":51.0,"enemies":"IC_STATUS_ARCHETYPE","floor":16.0,"turns":8.0},{"damage":17.0,"enemies":"3 Byrds","floor":19.0,"turns":5.0},{"damage":10.0,"enemies":"Spheric Guardian","floor":21.0,"turns":3.0},{"damage":30.0,"enemies":"Shelled Parasite and Fungi","floor":22.0,"turns":3.0},{"damage":31,"enemies":"Centurion and Healer","floor":23,"turns":5},{"damage":15,"enemies":"Chosen and Byrds","floor":26,"turns":4},{"damage":30,"enemies":"downfall:FleeingMerchant","floor":27,"turns":4},{"damage":25,"enemies":"Snake Plant","floor":28,"turns":2},{"damage":8,"enemies":"downfall:FleeingMerchant","floor":30,"turns":4},{"damage":18,"enemies":"Shelled Parasite and Fungi","floor":32,"turns":3},{"damage":53,"enemies":"SI_MIRROR_ARCHETYPE","floor":33,"turns":6},{"damage":4,"enemies":"3 Shapes","floor":36,"turns":2},{"damage":50,"enemies":"3 Darklings","floor":37,"turns":3},{"damage":27,"enemies":"Spire Growth","floor":38,"turns":4},{"damage":68,"enemies":"Maw","floor":40,"turns":4}],"seed_played":"7714513584598181819","potions_obtained":[{"floor":6.0,"key":"Fire Potion"},{"floor":9.0,"key":"FairyPotion"},{"floor":13.0,"key":"Slimebound:ThreeZeroPotion"},{"floor":15.0,"key":"champ:OpenerPotion"},{"floor":21.0,"key":"Dexterity Potion"},{"floor":22.0,"key":"BlessingOfTheForge"},{"floor":23,"key":"champ:OpenerPotion"},{"floor":28,"key":"champ:CounterPotion"},{"floor":32,"key":"champ:TechniquePotion"},{"floor":37,"key":"champ:TechniquePotion"}],"is_trial":false,"path_per_floor":["R","?","$","M","M","M","T","R","M","M","R","M","M","$","M","B",null,"R","M","?","M","M","M","T","R","M","$","M","?","$","?","M","B",null,"R","M","M","M","$","M"],"character_chosen":"THE_CHAMP","items_purchased":["SSSystem","Fruit Juice","SteamSale","GodSword3","Leech"],"campfire_rested":0,"item_purchase_floors":[27,27,30,30,39],"current_hp_per_floor":[90,90,90,90,90,84,84,84,76,73,73,60,52,52,52,17,90,90,83,77,67,47,31,31,31,31,26,16,16,8,39,21,10,95,95,91,66,44,44,0,0,0],"gold":100,"neow_bonus":"THREE_ENEMY_KILL","is_daily":false,"chose_seed":false,"campfire_upgraded":6,"win_rate":0.0,"timestamp":1611036115,"path_taken":["R","?","$","M","?","M","T","R","?","M","R","M","M","?","M","BOSS","R","M","?","?","?","M","T","R","M","$","M","?","$","?","M","BOSS","R","M","M","M","$","M"],"items_purchased_type":["Relic","Potion","Relic","Relic","Relic"],"build_version":"2020-12-22","purchased_purges":1,"victory":false,"max_hp_per_floor":[90,90,90,90,90,90,90,90,90,90,90,90,90,90,90,90,90,90,90,90,90,90,90,90,90,90,95,95,95,95,95,95,95,95,95,95,95,95,95,95,95,95],"card_choices":[{"not_picked":["champ:UltimateStance","champ:Haymaker"],"picked":"champ:FlashCut","floor":3.0},{"not_picked":["champ:EnGarde","champ:Shatter"],"picked":"champ:SteelEdge","floor":4.0},{"not_picked":["champ:EnGarde","champ:BerserkersShout"],"picked":"champ:GutPunch","floor":5.0},{"not_picked":["champ:RisingSlash","champ:GutPunch"],"picked":"champ:SkillfulDodge","floor":6.0},{"not_picked":["champ:SkillfulDodge","champ:Backstep","champ:FalseCounter"],"picked":"SKIP","floor":9.0},{"not_picked":["champ:FancyFootwork","champ:BerserkersShout"],"picked":"champ:CrownThrow","floor":10.0},{"not_picked":["champ:HeartStrike","champ:EnGarde"],"picked":"champ:TripleStrike","floor":12.0},{"not_picked":["champ:FanOfKnives","champ:Backstep"],"picked":"champ:PerfectedStrike","floor":13.0},{"not_picked":["champ:ArenaPreparation","champ:TornadoPunch"],"picked":"Bomb","floor":14.0},{"not_picked":["champ:BerserkersShout","champ:FlashCut","champ:ShieldThrow"],"picked":"SKIP","floor":15.0},{"not_picked":["champ:ShieldThrow","champ:IgnorePain"],"picked":"champ:StrikeOfGenius","floor":16.0},{"not_picked":["champ:TornadoPunch","champ:ShieldSlam"],"picked":"champ:StanceDance","floor":19.0},{"not_picked":["champ:FaceSlap+1","champ:BerserkerStyle"],"picked":"champ:PerfectedStrike","floor":21.0},{"not_picked":["champ:FlashCut","champ:BringItOn"],"picked":"champ:TornadoPunch","floor":22.0},{"not_picked":["champ:PreemptiveStrike+1","champ:PreciseThrust"],"picked":"champ:FaceSlap","floor":23},{"not_picked":["champ:Encircle+1","champ:CrownThrow+1"],"picked":"champ:CalledShot","floor":26},{"not_picked":["champ:StanceDance","champ:EnragedBash"],"picked":"champ:Duel","floor":27},{"not_picked":["champ:Haymaker+1","champ:ArenaPreparation"],"picked":"champ:FanOfKnives+1","floor":28},{"not_picked":["champ:BringItOn","champ:PreemptiveStrike+1"],"picked":"champ:AdrenalArmor+1","floor":30},{"not_picked":["champ:CrownThrow","champ:Encircle"],"picked":"champ:ShieldWall+1","floor":32},{"not_picked":["champ:GladiatorForm","champ:ShieldThrow"],"picked":"champ:StrikeOfGenius","floor":33},{"not_picked":["champ:DeathBlow","champ:FocusedDefense"],"picked":"champ:EnGarde","floor":36},{"not_picked":["champ:Backstep+1","champ:CrownThrow"],"picked":"champ:PreciseThrust+1","floor":37},{"not_picked":["champ:EnragedBash","champ:BerserkersShout+1","champ:PreemptiveStrike+1"],"picked":"SKIP","floor":38}],"player_experience":707849,"relics_obtained":[{"floor":7.0,"key":"Gremlin Horn"},{"floor":24,"key":"MagicDraw1"}],"event_choices":[{"damage_healed":0.0,"max_hp_gain":0.0,"max_hp_loss":0.0,"gold_gain":0.0,"event_name":"Big Fish","player_choice":"Box","floor":2.0,"gold_loss":0.0,"damage_taken":0.0,"relics_obtained":["EdensBlessing"],"cards_obtained":["Regret"]},{"damage_healed":31,"gold_gain":0,"player_choice":"Heal","damage_taken":0,"max_hp_gain":0,"max_hp_loss":0,"event_name":"The Library","floor":31,"gold_loss":0}],"is_beta":false,"boss_relics":[{"not_picked":["SacredBark","Philosopher\u0027s Stone"],"picked":"Black Star"},{"not_picked":[]},{"not_picked":["AddBug","Velvet Choker"],"picked":"Runic Dome"},{"not_picked":[]}],"items_purged_floors":[3],"is_endless":false,"potions_floor_spawned":[6,9,13,15,21,22,23,28,32,37],"killed_by":"Maw","ascension_level":0}}