{"host":"sc0o2qwpf9j16a4i","time":1611073809,"event":{"mods":["AchievementEnabler","BaseMod","BetterRewards","Block Reminder","Colored Map","Colored Powertips","Custom Start","Highlight Path","Minty Spire (QoL Compilation)","Relic Stats"],"gold_per_floor":[119,99,111,125,139,139,156,168,168,168,9,9,26,55,55,133,133,144,144,144,144,159,159,159,159,159,22,48,48,78,95,95,174,174,191,81,99,99,11,11,31,63,63,77,103,103,113,113,113,113,113],"floor_reached":50,"language":"ENG","playtime":1755,"items_purged":["Strike_G","Clumsy"],"score":1680,"play_id":"90cfb234-6d5b-4467-a4de-bb8d9f50b34d","local_time":"20210119183009","is_ascension_mode":true,"campfire_choices":[{"floor":6,"key":"REST"},{"data":"Catalyst","floor":12,"key":"SMITH"},{"data":"Deadly Poison","floor":15,"key":"SMITH"},{"data":"Ghostly","floor":23,"key":"SMITH"},{"data":"Ghostly","floor":25,"key":"SMITH"},{"floor":32,"key":"REST"},{"data":"Wraith Form v2","floor":40,"key":"SMITH"},{"floor":49,"key":"RECALL"}],"circlet_count":0,"master_deck":["AscendersBane","Strike_G+1","Strike_G+1","Defend_G+1","Defend_G+1","Defend_G+1","Defend_G+1","Defend_G+1","Survivor","Neutralize","Poisoned Stab","Flying Knee","Deadly Poison+1","Dagger Throw","Catalyst+1","Backstab","After Image","Footwork","Dodge and Roll","A Thousand Cuts","Acrobatics","Ghostly+1","Ghostly+1","Ghostly+1","RitualDagger","Terror","Backflip","Crippling Poison","Dodge and Roll","Well Laid Plans","PiercingWail","Wraith Form v2+1","Footwork","Catalyst","Deadly Poison","Acrobatics","Deflect"],"relics":["Ring of the Snake","Bag of Preparation","White Beast Statue","Mercury Hourglass","PreservedInsect","Cursed Key","Letter Opener","Matryoshka","Philosopher\u0027s Stone","Bronze Scales","Pear"],"acts_visited":["Exordium","TheCity","TheBeyond"],"potions_floor_usage":[14,16,22,28,28,30,37,44,47,50],"damage_taken":[{"damage":0,"enemies":"Small Slimes","floor":1,"turns":4},{"damage":4,"enemies":"Cultist","floor":3,"turns":3},{"damage":2,"enemies":"Jaw Worm","floor":4,"turns":4},{"damage":7,"enemies":"Red Slaver","floor":5,"turns":3},{"damage":9,"enemies":"Exordium Wildlife","floor":7,"turns":6},{"damage":0,"enemies":"2 Fungi Beasts","floor":8,"turns":3},{"damage":0,"enemies":"Blue Slaver","floor":13,"turns":3},{"damage":0,"enemies":"Lagavulin","floor":14,"turns":7},{"damage":3,"enemies":"Hexaghost","floor":16,"turns":7},{"damage":4,"enemies":"Chosen","floor":18,"turns":3},{"damage":0,"enemies":"Shell Parasite","floor":22,"turns":5},{"damage":12,"enemies":"Slavers","floor":28,"turns":7},{"damage":0,"enemies":"Gremlin Leader","floor":30,"turns":5},{"damage":0,"enemies":"Centurion and Healer","floor":31,"turns":7},{"damage":0,"enemies":"Automaton","floor":33,"turns":12},{"damage":2,"enemies":"3 Darklings","floor":35,"turns":5},{"damage":1,"enemies":"Orb Walker","floor":37,"turns":4},{"damage":2,"enemies":"Writhing Mass","floor":41,"turns":12},{"damage":1,"enemies":"Reptomancer","floor":42,"turns":6},{"damage":0,"enemies":"4 Shapes","floor":44,"turns":4},{"damage":0,"enemies":"Nemesis","floor":45,"turns":9},{"damage":0,"enemies":"Sphere and 2 Shapes","floor":47,"turns":5},{"damage":44,"enemies":"Awakened One","floor":50,"turns":3}],"seed_played":"-60540750289638492","potions_obtained":[{"floor":2,"key":"SneckoOil"},{"floor":3,"key":"CunningPotion"},{"floor":14,"key":"BlessingOfTheForge"},{"floor":16,"key":"SteroidPotion"},{"floor":18,"key":"BlessingOfTheForge"},{"floor":22,"key":"FearPotion"},{"floor":28,"key":"CunningPotion"},{"floor":30,"key":"FearPotion"},{"floor":31,"key":"DistilledChaos"},{"floor":35,"key":"Fruit Juice"},{"floor":37,"key":"GamblersBrew"},{"floor":41,"key":"SkillPotion"},{"floor":44,"key":"Block Potion"},{"floor":47,"key":"Poison Potion"}],"is_trial":false,"path_per_floor":["M","?","M","M","M","R","M","M","T","T","$","R","M","E","R","B",null,"M","?","?","?","M","R","?","R","T","$","E","$","E","M","R","B",null,"M","?","M","?","$","R","M","E","T","M","E","T","M","?","R","B"],"character_chosen":"THE_SILENT","items_purchased":["Bag of Preparation","Poisoned Stab","SteroidPotion","Flying Knee","Footwork","Crippling Poison","Footwork"],"campfire_rested":2,"item_purchase_floors":[0,0,0,0,11,27,39],"current_hp_per_floor":[50,50,46,44,37,56,47,47,47,47,47,47,47,47,47,44,61,57,33,27,27,27,27,27,27,27,27,15,15,15,15,24,24,31,29,29,33,33,33,33,31,30,30,30,40,40,40,40,40,0,0],"gold":113,"neow_bonus":"","is_daily":false,"chose_seed":false,"campfire_upgraded":5,"win_rate":0.0,"timestamp":1611073809,"path_taken":["M","?","M","M","?","R","?","M","T","?","$","R","?","E","R","BOSS","M","?","?","?","?","R","?","R","T","$","E","?","E","M","R","BOSS","M","?","?","?","$","R","M","E","T","M","E","?","M","?","R","BOSS"],"items_purchased_type":["Relic","Card","Potion","Card","Card","Card","Card"],"build_version":"2020-12-22","purchased_purges":2,"victory":false,"max_hp_per_floor":[66,66,66,66,66,66,66,66,66,66,66,66,66,66,66,66,66,66,33,33,33,33,33,33,33,33,33,33,33,33,33,33,33,33,33,33,38,38,38,38,38,38,38,38,48,48,48,48,48,48,48],"relic_stats":{"counters":[102,541],"Bronze Scales":[63],"PreservedInsect":201,"Bag of Preparation":[46],"Letter Opener":[245],"Cursed Key":1,"obtain_stats":[{"TwistedFunnel":0,"Gremlin Horn":12,"Whetstone":13,"Boot":20,"Sling":0,"MealTicket":0,"Philosopher\u0027s Stone":34,"Toxic Egg 2":39,"Pear":45,"Happy Flower":26,"Blue Candle":9,"Astrolabe":17,"Velvet Choker":17,"Oddly Smooth Stone":9,"Eternal Feather":28,"Pen Nib":13,"Letter Opener":7,"War Paint":6,"Akabeko":4,"WarpedTongs":29,"Du-Vu Doll":12,"Shuriken":9,"Bronze Scales":9,"Pandora\u0027s Box":17,"Molten Egg 2":42,"Nloth\u0027s Gift":19,"Regal Pillow":9,"Lantern":7,"Mango":28,"StoneCalendar":0,"Bag of Preparation":11,"Cursed Key":17,"Matryoshka":30,"Ninja Scroll":14,"Tiny Chest":30,"WingedGreaves":7,"Chemical X":11,"Ring of the Snake":0,"Runic Pyramid":34,"Lee\u0027s Waffle":0,"NeowsBlessing":0,"Golden Idol":13,"PreservedInsect":14,"Omamori":11,"MawBank":7,"White Beast Statue":9,"Mercury Hourglass":10,"Bloody Idol":22,"Orrery":29,"Turnip":9,"Bottled Lightning":29,"Toy Ornithopter":24},{"TwistedFunnel":20,"Gremlin Horn":17,"Whetstone":41,"Boot":8,"Sling":13,"MealTicket":13,"Philosopher\u0027s Stone":94,"Toxic Egg 2":66,"Pear":100,"Happy Flower":9,"Blue Candle":15,"Astrolabe":43,"Velvet Choker":6,"Oddly Smooth Stone":55,"Eternal Feather":47,"Pen Nib":77,"Letter Opener":24,"War Paint":15,"Akabeko":22,"WarpedTongs":10,"Du-Vu Doll":33,"Shuriken":32,"Bronze Scales":25,"Pandora\u0027s Box":58,"Molten Egg 2":67,"Nloth\u0027s Gift":59,"Regal Pillow":39,"Lantern":55,"Mango":10,"StoneCalendar":50,"Bag of Preparation":5,"Cursed Key":88,"Matryoshka":92,"Ninja Scroll":19,"Tiny Chest":11,"WingedGreaves":4,"Chemical X":56,"Ring of the Snake":0,"Runic Pyramid":64,"Lee\u0027s Waffle":50,"NeowsBlessing":0,"Golden Idol":5,"PreservedInsect":87,"Omamori":32,"MawBank":38,"White Beast Statue":85,"Mercury Hourglass":85,"Bloody Idol":8,"Orrery":62,"Turnip":4,"Bottled Lightning":48,"Toy Ornithopter":9},{"TwistedFunnel":130,"Gremlin Horn":111,"Whetstone":225,"Boot":40,"Sling":86,"MealTicket":86,"Philosopher\u0027s Stone":494,"Toxic Egg 2":368,"Pear":533,"Happy Flower":47,"Blue Candle":97,"Astrolabe":239,"Velvet Choker":28,"Oddly Smooth Stone":307,"Eternal Feather":267,"Pen Nib":405,"Letter Opener":149,"War Paint":97,"Akabeko":142,"WarpedTongs":53,"Du-Vu Doll":204,"Shuriken":199,"Bronze Scales":153,"Pandora\u0027s Box":325,"Molten Egg 2":374,"Nloth\u0027s Gift":328,"Regal Pillow":220,"Lantern":307,"Mango":53,"StoneCalendar":284,"Bag of Preparation":18,"Cursed Key":455,"Matryoshka":475,"Ninja Scroll":121,"Tiny Chest":62,"WingedGreaves":11,"Chemical X":310,"Ring of the Snake":0,"Runic Pyramid":361,"Lee\u0027s Waffle":284,"NeowsBlessing":0,"Golden Idol":18,"PreservedInsect":448,"Omamori":199,"MawBank":218,"White Beast Statue":438,"Mercury Hourglass":438,"Bloody Idol":40,"Orrery":343,"Turnip":11,"Bottled Lightning":273,"Toy Ornithopter":47}],"Ring of the Snake":[68],"Mercury Hourglass":[413]},"card_choices":[{"not_picked":["Dodge and Roll","Terror"],"picked":"Deadly Poison","floor":1},{"not_picked":["Outmaneuver","Prepared"],"picked":"Dagger Throw","floor":3},{"not_picked":["Prepared","Calculated Gamble"],"picked":"Catalyst","floor":4},{"not_picked":["Bane","Acrobatics"],"picked":"Backstab","floor":5},{"not_picked":["Underhanded Strike","Heel Hook"],"picked":"After Image","floor":7},{"not_picked":["Slice","Backstab","Flying Knee"],"picked":"SKIP","floor":8},{"not_picked":["Outmaneuver","Calculated Gamble"],"picked":"Dodge and Roll","floor":13},{"not_picked":["Slice","Sucker Punch","Tools of the Trade"],"picked":"SKIP","floor":14},{"not_picked":["Doppelganger","Tools of the Trade"],"picked":"A Thousand Cuts","floor":16},{"not_picked":["Expertise","Dagger Spray"],"picked":"Acrobatics","floor":18},{"not_picked":["Outmaneuver","Dagger Throw"],"picked":"Backflip","floor":22},{"not_picked":["Accuracy+1","Slice"],"picked":"Dodge and Roll","floor":28},{"not_picked":["Cloak And Dagger","A Thousand Cuts"],"picked":"Well Laid Plans","floor":30},{"not_picked":["Dodge and Roll","Crippling Poison"],"picked":"PiercingWail","floor":31},{"not_picked":["Malaise","Phantasmal Killer"],"picked":"Wraith Form v2","floor":33},{"not_picked":["Deadly Poison","Underhanded Strike","All Out Attack"],"picked":"SKIP","floor":35},{"not_picked":["Dagger Throw+1","Quick Slash+1","Setup"],"picked":"SKIP","floor":37},{"not_picked":["Dagger Throw+1","Quick Slash","Poisoned Stab"],"picked":"SKIP","floor":41},{"not_picked":["Leg Sweep+1","Flying Knee"],"picked":"Catalyst","floor":42},{"not_picked":["Tactician","Bane+1"],"picked":"Deadly Poison","floor":44},{"not_picked":["Terror+1","Deflect"],"picked":"Acrobatics","floor":45},{"not_picked":["Dagger Throw","Terror"],"picked":"Deflect","floor":47}],"player_experience":756272,"relics_obtained":[{"floor":9,"key":"White Beast Statue"},{"floor":10,"key":"Mercury Hourglass"},{"floor":14,"key":"PreservedInsect"},{"floor":28,"key":"Letter Opener"},{"floor":30,"key":"Matryoshka"},{"floor":42,"key":"Bronze Scales"},{"floor":45,"key":"Pear"}],"event_choices":[{"damage_healed":0,"gold_gain":0,"player_choice":"Bought 1 Potion","damage_taken":0,"max_hp_gain":0,"max_hp_loss":0,"event_name":"The Woman in Blue","floor":2,"gold_loss":0},{"damage_healed":0,"gold_gain":0,"player_choice":"Became a Ghost","damage_taken":0,"max_hp_gain":0,"max_hp_loss":33,"event_name":"Ghosts","floor":19,"gold_loss":0,"cards_obtained":["Ghostly","Ghostly","Ghostly"]},{"damage_healed":0,"gold_gain":0,"player_choice":"Joined the Cult","damage_taken":6,"max_hp_gain":0,"max_hp_loss":0,"event_name":"Nest","floor":20,"gold_loss":0,"cards_obtained":["RitualDagger"]},{"damage_healed":0,"gold_gain":0,"cards_transformed":["Strike_G"],"player_choice":"Transformed","damage_taken":0,"max_hp_gain":0,"max_hp_loss":0,"event_name":"Transmorgrifier","floor":21,"gold_loss":0,"cards_obtained":["Terror"]},{"damage_healed":0,"gold_gain":0,"player_choice":"Simplicity","damage_taken":0,"max_hp_gain":0,"max_hp_loss":0,"event_name":"Back to Basics","floor":24,"gold_loss":0,"cards_upgraded":["Strike_G","Strike_G","Strike_G","Defend_G","Defend_G","Defend_G","Defend_G","Defend_G"]},{"cards_removed":["Strike_G"],"damage_healed":0,"gold_gain":0,"player_choice":"Upgrade and Remove","damage_taken":0,"max_hp_gain":0,"max_hp_loss":0,"event_name":"Designer","floor":36,"gold_loss":110,"cards_upgraded":["Ghostly"]},{"damage_healed":0,"gold_gain":0,"player_choice":"Ignored","damage_taken":0,"max_hp_gain":0,"max_hp_loss":0,"event_name":"Tomb of Lord Red Mask","floor":38,"gold_loss":0},{"damage_healed":0,"gold_gain":0,"player_choice":"Ignored","damage_taken":0,"max_hp_gain":0,"max_hp_loss":0,"event_name":"SecretPortal","floor":48,"gold_loss":0}],"is_beta":false,"boss_relics":[{"not_picked":["Ectoplasm","Pandora\u0027s Box"],"picked":"Cursed Key"},{"not_picked":["Empty Cage","Calling Bell"],"picked":"Philosopher\u0027s Stone"}],"items_purged_floors":[11,27],"is_endless":false,"potions_floor_spawned":[3,8,13,14,16,18,22,28,30,31,33,35,37,41,42,44,45,47],"killed_by":"Awakened One","ascension_level":20}}