{"host":"ulqe8df9nuf7bye0","time":1611043606,"event":{"mods":["BaseMod","Better Note","BetterRewards","Colored Powertips","Minty Spire (QoL Compilation)","Quick Restart","StSLib"],"gold_per_floor":[117,135,154,174,124,124,157,232,258,433,433,433,305,324,324,421,421,435,191,206,20,20,48,48,48,48,61,75,92,92,102,102,201,201,218,230,230,29,45,45,77,92,92,110,22,50,50,66,66,66,66,66,16,43,43],"floor_reached":56,"language":"ENG","playtime":4849,"items_purged":["Doubt","Strike_B","Zap","Shame","Decay"],"score":1204,"play_id":"88c7eaba-c356-40f3-a9b9-9ddd379dd450","local_time":"20210119000646","is_ascension_mode":false,"campfire_choices":[{"floor":6.0,"key":"RECALL"},{"data":"Self Repair","floor":11.0,"key":"SMITH"},{"floor":15.0,"key":"REST"},{"data":"Electrodynamics","floor":30.0,"key":"SMITH"},{"data":"Leap","floor":32.0,"key":"SMITH"},{"data":"Meteor Strike","floor":40.0,"key":"SMITH"},{"data":"Dualcast","floor":47.0,"key":"SMITH"},{"data":"Defend_B","floor":49.0,"key":"SMITH"},{"data":"Defend_B","floor":52.0,"key":"SMITH"}],"circlet_count":0,"master_deck":["Strike_B","Defend_B","Defend_B+1","Defend_B+1","Dualcast+1","Leap+1","Self Repair+1","BootSequence+1","Leap+1","Darkness+1","Tempest+1","Aggregate+1","Undo+1","Double Energy+1","Tempest+1","Electrodynamics+1","Turbo+1","Conserve Battery+1","Recycle+1","Meteor Strike+1","Buffer+1","Turbo+1","Coolheaded+1","Amplify+1","Hologram+1","Double Energy+1","Defragment+1","Hologram+1","Multi-Cast+1","Defragment+1","Sunder+1","Hologram+1"],"relics":["Cracked Core","Toxic Egg 2","Chemical X","Membership Card","Torii","PreservedInsect","Nunchaku","Cursed Key","Turnip","Frozen Egg 2","Blood Vial","Mercury Hourglass","Velvet Choker","HornCleat","Molten Egg 2","Blue Candle","Strawberry"],"acts_visited":["Exordium","TheCity","TheBeyond","TheEnding"],"potions_floor_usage":[55,55,55],"damage_taken":[{"damage":2.0,"enemies":"Cultist","floor":1.0,"turns":4.0},{"damage":0.0,"enemies":"Small Slimes","floor":2.0,"turns":4.0},{"damage":0.0,"enemies":"2 Louse","floor":3.0,"turns":3.0},{"damage":0.0,"enemies":"2 Fungi Beasts","floor":4.0,"turns":3.0},{"damage":19.0,"enemies":"Gremlin Nob","floor":7.0,"turns":4.0},{"damage":7.0,"enemies":"Large Slime","floor":14.0,"turns":3.0},{"damage":32.0,"enemies":"The Guardian","floor":16.0,"turns":11.0},{"damage":0.0,"enemies":"Shell Parasite","floor":18.0,"turns":2.0},{"damage":0.0,"enemies":"Chosen","floor":20.0,"turns":3.0},{"damage":0.0,"enemies":"Gremlin Leader","floor":23.0,"turns":1.0},{"damage":0.0,"enemies":"Centurion and Healer","floor":27.0,"turns":4.0},{"damage":0.0,"enemies":"Sentry and Sphere","floor":28.0,"turns":3.0},{"damage":0.0,"enemies":"3 Cultists","floor":29.0,"turns":3.0},{"damage":7.0,"enemies":"Snake Plant","floor":31.0,"turns":3.0},{"damage":30.0,"enemies":"Collector","floor":33.0,"turns":7.0},{"damage":0.0,"enemies":"Orb Walker","floor":35.0,"turns":3.0},{"damage":15.0,"enemies":"3 Shapes","floor":36.0,"turns":3.0},{"damage":12.0,"enemies":"Spire Growth","floor":39.0,"turns":3.0},{"damage":21.0,"enemies":"Nemesis","floor":41.0,"turns":5.0},{"damage":0.0,"enemies":"Sphere and 2 Shapes","floor":42.0,"turns":2.0},{"damage":0.0,"enemies":"Transient","floor":44.0,"turns":5.0},{"damage":9.0,"enemies":"Reptomancer","floor":46.0,"turns":4.0},{"damage":0.0,"enemies":"3 Darklings","floor":48.0,"turns":5.0},{"damage":71.0,"enemies":"Awakened One","floor":50.0,"turns":11.0},{"damage":22.0,"enemies":"Shield and Spear","floor":54.0,"turns":5.0},{"damage":59,"enemies":"The Heart","floor":55,"turns":7}],"seed_played":"-874661256325746866","potions_obtained":[{"floor":1.0,"key":"BlessingOfTheForge"},{"floor":3.0,"key":"DistilledChaos"},{"floor":4.0,"key":"EssenceOfDarkness"},{"floor":23.0,"key":"SneckoOil"},{"floor":29.0,"key":"Regen Potion"},{"floor":31.0,"key":"Weak Potion"},{"floor":39.0,"key":"Swift Potion"},{"floor":54.0,"key":"CultistPotion"}],"is_trial":false,"path_per_floor":["M","M","M","M","?","R","E","?","T","?","R","?","$","M","R","B",null,"M","$","M","$","?","E","?","?","T","M","M","M","R","M","R","B",null,"M","M","?","$","M","R","E","M","T","M","$","E","R","M","R","B",null,"R","$","E","B",null],"character_chosen":"DEFECT","items_purchased":["Leap","Self Repair","Toxic Egg 2","BootSequence+1","Chemical X","Membership Card","Torii","Double Energy+1","Nunchaku","Conserve Battery+1","Energy Potion","Turnip","Frozen Egg 2","Defragment+1","Hologram+1","Energy Potion","DuplicationPotion","Fire Potion","Fire Potion"],"campfire_rested":1,"item_purchase_floors":[0,0,0,0,0,0,0,13,13,19,19,19,21,38,38,38,38,53,53],"current_hp_per_floor":[45,52,59,66,66,66,54,43,43,43,43,48,48,51,75,53,80,80,80,80,80,80,80,65,65,65,67,79,85,85,85,85,65,85,85,80,80,80,80,80,81,83,83,85,85,85,85,85,85,14,85,85,85,80,23],"gold":43,"neow_bonus":"","is_daily":false,"chose_seed":false,"campfire_upgraded":7,"win_rate":0.0,"timestamp":1611043606,"path_taken":["M","M","?","M","?","R","E","?","T","?","R","?","$","M","R","BOSS","M","$","M","$","?","E","?","?","T","?","M","M","R","M","R","BOSS","M","M","?","$","?","R","E","?","T","M","$","E","R","?","R","BOSS","R","$","E","BOSS"],"items_purchased_type":["Card","Card","Relic","Card","Relic","Relic","Relic","Card","Relic","Card","Potion","Relic","Relic","Card","Card","Potion","Potion","Potion","Potion"],"build_version":"2020-12-22","purchased_purges":5,"victory":true,"max_hp_per_floor":[75,75,75,75,75,75,75,75,75,75,75,80,80,80,80,80,80,80,80,80,80,80,80,85,85,85,85,85,85,85,85,85,85,85,85,85,85,85,85,85,85,85,85,85,85,85,85,85,85,85,85,85,85,92,92],"card_choices":[{"not_picked":["Consume+1","Compile Driver"],"picked":"Leap+1","floor":1.0},{"not_picked":["Sweeping Beam","Hologram+1"],"picked":"Darkness+1","floor":2.0},{"not_picked":["Defragment","Cold Snap"],"picked":"Tempest+1","floor":3.0},{"not_picked":["Beam Cell","Coolheaded+1"],"picked":"Aggregate+1","floor":4.0},{"not_picked":["Compile Driver","Barrage"],"picked":"Undo+1","floor":7.0},{"not_picked":["Rebound","Doom and Gloom"],"picked":"Tempest+1","floor":14.0},{"not_picked":["Core Surge","Buffer"],"picked":"Electrodynamics","floor":16.0},{"not_picked":["Redo+1","Beam Cell"],"picked":"Turbo+1","floor":18.0},{"not_picked":["Gash+1","Static Discharge","Force Field+1"],"picked":"SKIP","floor":20.0},{"not_picked":["Barrage","Ball Lightning+1"],"picked":"Recycle+1","floor":23.0},{"not_picked":["Stack+1","Storm+1","Barrage"],"picked":"SKIP","floor":27.0},{"not_picked":["Cold Snap","Ball Lightning+1"],"picked":"Turbo+1","floor":28.0},{"not_picked":["Steam+1","Blizzard","Ball Lightning"],"picked":"SKIP","floor":29.0},{"not_picked":["Steam+1","Blizzard","Ball Lightning"],"picked":"SKIP","floor":29.0},{"not_picked":["Cold Snap+1","Rainbow+1"],"picked":"Coolheaded+1","floor":31.0},{"not_picked":["Core Surge","All For One"],"picked":"Amplify+1","floor":33.0},{"not_picked":["Sweeping Beam+1","Go for the Eyes"],"picked":"Hologram+1","floor":35.0},{"not_picked":["Stack+1","Hyperbeam","Leap+1"],"picked":"SKIP","floor":36.0},{"not_picked":["Streamline+1","Self Repair+1","Beam Cell"],"picked":"SKIP","floor":39.0},{"not_picked":["Leap+1","Ball Lightning+1"],"picked":"Multi-Cast+1","floor":41.0},{"not_picked":["Beam Cell","BootSequence+1"],"picked":"Defragment+1","floor":42.0},{"not_picked":["Ball Lightning+1","Recycle+1","Leap+1"],"picked":"SKIP","floor":44.0},{"not_picked":["Cold Snap+1","Rebound+1"],"picked":"Sunder+1","floor":46.0},{"not_picked":["Static Discharge+1","Chill+1","Auto Shields+1"],"picked":"SKIP","floor":48.0},{"not_picked":["Reprogram+1","Redo+1"],"picked":"Hologram+1","floor":54.0}],"player_experience":101147,"relics_obtained":[{"floor":7.0,"key":"PreservedInsect"},{"floor":23.0,"key":"Blood Vial"},{"floor":26.0,"key":"Mercury Hourglass"},{"floor":41.0,"key":"HornCleat"},{"floor":43.0,"key":"Molten Egg 2"},{"floor":46.0,"key":"Blue Candle"},{"floor":54.0,"key":"Strawberry"}],"event_choices":[{"cards_removed":["Strike_B"],"damage_healed":0.0,"max_hp_gain":0.0,"max_hp_loss":0.0,"gold_gain":0.0,"event_name":"The Cleric","player_choice":"Card Removal","floor":5.0,"gold_loss":50.0,"damage_taken":0.0},{"damage_healed":0.0,"max_hp_gain":0.0,"max_hp_loss":0.0,"gold_gain":75.0,"event_name":"World of Goop","player_choice":"Gather Gold","floor":8.0,"gold_loss":0.0,"damage_taken":11.0},{"damage_healed":0.0,"max_hp_gain":0.0,"max_hp_loss":0.0,"gold_gain":175.0,"event_name":"Liars Game","player_choice":"AGREE","floor":10.0,"gold_loss":0.0,"damage_taken":0.0,"cards_obtained":["Doubt"]},{"damage_healed":0.0,"max_hp_gain":5.0,"max_hp_loss":0.0,"gold_gain":0.0,"event_name":"Big Fish","player_choice":"Donut","floor":12.0,"gold_loss":0.0,"damage_taken":0.0},{"cards_removed":["Electrodynamics"],"damage_healed":0.0,"max_hp_gain":0.0,"max_hp_loss":0.0,"gold_gain":0.0,"event_name":"betterNote:BetterNote","player_choice":"Give","floor":22.0,"gold_loss":0.0,"damage_taken":0.0,"cards_obtained":["Parasite"]},{"damage_healed":0.0,"max_hp_gain":5.0,"max_hp_loss":0.0,"gold_gain":0.0,"event_name":"Forgotten Altar","player_choice":"Shed Blood","floor":24.0,"gold_loss":0.0,"damage_taken":20.0},{"damage_healed":0.0,"max_hp_gain":0.0,"max_hp_loss":0.0,"gold_gain":0.0,"cards_transformed":["Defend_B","Strike_B"],"event_name":"Drug Dealer","player_choice":"Became Test Subject","floor":25.0,"gold_loss":0.0,"damage_taken":0.0,"cards_obtained":["Meteor Strike","Buffer"]},{"damage_healed":0.0,"max_hp_gain":0.0,"max_hp_loss":0.0,"gold_gain":0.0,"event_name":"Duplicator","player_choice":"Copied","floor":37.0,"gold_loss":0.0,"damage_taken":0.0,"cards_obtained":["Double Energy"]}],"is_beta":false,"boss_relics":[{"not_picked":["Ectoplasm","Snecko Eye"],"picked":"Cursed Key"},{"not_picked":["Fusion Hammer","Sozu"],"picked":"Velvet Choker"}],"items_purged_floors":[13,19,21,38,45],"is_endless":false,"potions_floor_spawned":[1,3,4,16,20,23,29,31,35,39,41,54],"ascension_level":0}}