{"host":"3xls0xm49ftugio7","time":1611059817,"event":{"mods":["2.2 Compatiblity","AchievementEnabler","Act Like it!","BaseMod","Bestiary","Colored Powertips","Downfall","GifTheSpireLib","Minty Spire (QoL Compilation)","Quick Restart","Relic Stats","StSLib"],"gold_per_floor":[99,119,134,74,174,174,219,219,240,67,87,121,121,133,150,245,245,245,260,270,290,301,43,68,68,81,92,106,139,139,188,202,299,299,299,319,319,664,1014,1014,1083,1093,993,1010,1022,1022,1047,947,960,960],"floor_reached":51,"language":"ENG","playtime":3035,"items_purged":["sneckomod:Strike","sneckomod:Strike"],"score":1133,"play_id":"1c8ec644-2874-4389-b2e9-f4b77f59a044","local_time":"20210119143657","is_ascension_mode":true,"campfire_choices":[{"data":"sneckomod:TailWhip","floor":1.0,"key":"SMITH"},{"data":"sneckomod:MorePower","floor":8.0,"key":"SMITH"},{"floor":13.0,"key":"REST"},{"data":"sneckomod:SnekBeam","floor":18.0,"key":"SMITH"},{"data":"sneckomod:DiceBoulder+1","floor":30.0,"key":"SMITH"},{"floor":40,"key":"RECALL"},{"floor":43,"key":"REST"},{"data":"sneckomod:SerpentMind","floor":46,"key":"SMITH"},{"data":"sneckomod:UnknownRareSkill","floor":48,"key":"SMITH"}],"circlet_count":0,"master_deck":["sneckomod:Strike","sneckomod:Defend","sneckomod:Defend","sneckomod:Defend","sneckomod:TailWhip+1","sneckomod:SnekBite","sneckomod:Unknown","sneckomod:Unknown","sneckomod:SerpentIdol","sneckomod:UnknownDexterity","sneckomod:MorePower+1","sneckomod:UnknownCommonAttack","sneckomod:UnknownRareAttack+1","sneckomod:SnekBeam","sneckomod:UnknownDexterity+1","sneckomod:SlitherStrike","sneckomod:WideSting","sneckomod:UnknownX","sneckomod:UnknownColorless+1","sneckomod:SnekBeam+1","sneckomod:UnknownX","sneckomod:UnknownDraw","sneckomod:UnknownWeak","sneckomod:UnknownRareSkill","sneckomod:UnknownDexterity+1","sneckomod:UnknownRareSkill+1","sneckomod:PureSnecko+1","sneckomod:ImprovisedGuard","sneckomod:UnknownDraw+1","sneckomod:UnknownUncommonPower+1","sneckomod:UnknownStrike","sneckomod:UnknownExhaust+1","sneckomod:MixItUp+1","Guardian:FierceBash+1","sneckomod:UnknownStrength","sneckomod:UnknownUncommonPower+1","sneckomod:UnknownExhaust+1","sneckomod:SlitherStrike+1","sneckomod:DiceBoulder+2","sneckomod:SnakeSap","sneckomod:UnknownRareSkill+1","sneckomod:UnknownRareSkill+1","CurseOfTheBell","Echo Form+1","sneckomod:UnknownBoss+1","sneckomod:SerpentMind+1","expansioncontent:HyperBeam+1","sneckomod:UnknownStrike+1","sneckomod:UnknownUncommonSkill+1","sneckomod:UnknownDexterity+1","sneckomod:Nope+1","Parasite","sneckomod:UnknownWeak+1","sneckomod:UnknownUncommonPower","sneckomod:UnknownRareAttack+1","sneckomod:DiceBlock+1","sneckomod:UnknownUncommonPower+1","sneckomod:TrashToTreasure+1","sneckomod:SnakeSap+1"],"relics":["sneckomod:SneckoSoul","Bag of Preparation","Lantern","Odd Mushroom","Pen Nib","Philosopher\u0027s Stone","Lee\u0027s Waffle","Guardian:PocketSentry","Pear","Smiling Mask","Calling Bell","Toy Ornithopter","Molten Egg 2","champ:DuelingGlove","Old Coin","Eternal Feather","downfall:HeartBlessingRed","Dead Branch","downfall:HeartBlessingGreen"],"acts_visited":["Exordium","TheCity","TheBeyond"],"potions_floor_usage":[42,50,50,50],"damage_taken":[{"damage":0.0,"enemies":"Cultist","floor":2.0,"turns":3.0},{"damage":0.0,"enemies":"2 Louse","floor":3.0,"turns":2.0},{"damage":5.0,"enemies":"downfall:FleeingMerchant","floor":4.0,"turns":4.0},{"damage":8.0,"enemies":"The Mushroom Lair","floor":9.0,"turns":5.0},{"damage":3.0,"enemies":"downfall:FleeingMerchant","floor":10.0,"turns":4.0},{"damage":3.0,"enemies":"Small Slimes","floor":11.0,"turns":3.0},{"damage":19.0,"enemies":"Gremlin Nob","floor":12.0,"turns":5.0},{"damage":13.0,"enemies":"Blue Slaver","floor":14.0,"turns":3.0},{"damage":0.0,"enemies":"Gremlin Gang","floor":15.0,"turns":1.0},{"damage":27.0,"enemies":"WA_ARCHETYPE_RETAIN","floor":16.0,"turns":5.0},{"damage":11.0,"enemies":"Shell Parasite","floor":19.0,"turns":5.0},{"damage":0.0,"enemies":"Spheric Guardian","floor":20.0,"turns":2.0},{"damage":14.0,"enemies":"Centurion and Healer","floor":21.0,"turns":4.0},{"damage":0.0,"enemies":"Sentry and Sphere","floor":22.0,"turns":2.0},{"damage":25.0,"enemies":"downfall:FleeingMerchant","floor":23.0,"turns":4.0},{"damage":0.0,"enemies":"3 Cultists","floor":26.0,"turns":2.0},{"damage":6.0,"enemies":"Snake Plant","floor":27.0,"turns":5.0},{"damage":0.0,"enemies":"Snecko","floor":28.0,"turns":1.0},{"damage":0.0,"enemies":"Slavers","floor":29.0,"turns":1.0},{"damage":0.0,"enemies":"Cultist and Chosen","floor":32.0,"turns":5.0},{"damage":51.0,"enemies":"DF_ARCHETYPE_CLAW","floor":33.0,"turns":6.0},{"damage":14.0,"enemies":"3 Darklings","floor":36.0,"turns":9.0},{"damage":0.0,"enemies":"downfall:FleeingMerchant","floor":38.0,"turns":3.0},{"damage":28,"floor":39,"turns":5},{"damage":17,"enemies":"Orb Walker","floor":42,"turns":2},{"damage":32,"enemies":"Writhing Mass","floor":44,"turns":9},{"damage":8,"enemies":"4 Shapes","floor":45,"turns":2},{"damage":15,"enemies":"Giant Head","floor":47,"turns":4},{"damage":0,"enemies":"3 Darklings","floor":49,"turns":3},{"damage":45,"enemies":"SI_POISON_ARCHETYPE","floor":50,"turns":3}],"seed_played":"4625709858690562416","potions_obtained":[{"floor":2.0,"key":"Guardian:BlockOnCardUsePotion"},{"floor":9.0,"key":"Fire Potion"},{"floor":12.0,"key":"Dexterity Potion"},{"floor":14.0,"key":"Swift Potion"},{"floor":21.0,"key":"SpeedPotion"},{"floor":26.0,"key":"FearPotion"},{"floor":33.0,"key":"bronze:BurnAndBuffPotion"},{"floor":39,"key":"bronze:BurnAndBuffPotion"},{"floor":44,"key":"DuplicationPotion"},{"floor":49,"key":"AttackPotion"}],"is_trial":false,"path_per_floor":["R","M","M","$","?","?","T","R","?","$","M","E","R","M","M","B",null,"R","M","M","M","M","$","T","R","M","M","M","E","R","T","M","B",null,"R","M","?","?","?","R","T","M","R","M","M","R","E","R","M","B",null],"character_chosen":"THE_SNECKO","items_purchased":["sneckomod:UnknownCommonAttack","sneckomod:WideSting","sneckomod:UnknownX","Lee\u0027s Waffle"],"campfire_rested":2,"item_purchase_floors":[4,10,10,23],"current_hp_per_floor":[99,99,99,94,94,82,82,82,74,71,68,49,78,65,65,44,85,85,74,74,60,60,106,106,106,106,100,100,110,110,110,110,59,102,102,88,88,88,60,60,60,53,119,87,79,112,107,121,121,91],"gold":960,"neow_bonus":"TEN_PERCENT_HP_BONUS","is_daily":false,"chose_seed":false,"campfire_upgraded":6,"win_rate":0.0,"timestamp":1611059817,"path_taken":["R","M","M","$","?","?","T","R","?","?","M","E","R","M","M","BOSS","R","M","M","M","?","$","T","R","M","?","M","E","R","?","M","BOSS","R","M","?","?","?","R","T","M","R","M","M","R","E","R","M","BOSS"],"items_purchased_type":["Card","Card","Card","Relic"],"build_version":"2020-12-22","purchased_purges":2,"victory":true,"max_hp_per_floor":[99,99,99,99,99,99,99,99,99,99,99,99,99,99,99,99,99,99,99,99,99,99,106,106,106,106,106,106,116,116,116,116,116,116,116,116,116,116,116,116,116,121,121,121,121,121,121,121,121,121],"relic_stats":{"Lee\u0027s Waffle":71,"counters":[30,111],"Dead Branch":[39],"Eternal Feather":77,"Pen Nib":[18],"Bag of Preparation":[55],"Smiling Mask":0,"obtain_stats":[{"champ:DuelingGlove":34,"Lantern":7,"Lee\u0027s Waffle":23,"Pear":29,"downfall:HeartBlessingRed":43,"Dead Branch":47,"Eternal Feather":41,"downfall:HeartBlessingGreen":48,"Pen Nib":12,"Bag of Preparation":6,"Guardian:PocketSentry":24,"Odd Mushroom":9,"sneckomod:SneckoSoul":0,"Smiling Mask":31,"Old Coin":39,"Calling Bell":34,"Philosopher\u0027s Stone":17,"Molten Egg 2":34,"Toy Ornithopter":34},{"champ:DuelingGlove":21,"Lantern":3,"Lee\u0027s Waffle":15,"Pear":19,"downfall:HeartBlessingRed":25,"Dead Branch":28,"Eternal Feather":24,"downfall:HeartBlessingGreen":28,"Pen Nib":7,"Bag of Preparation":3,"Guardian:PocketSentry":15,"Odd Mushroom":4,"sneckomod:SneckoSoul":0,"Smiling Mask":19,"Old Coin":24,"Calling Bell":21,"Philosopher\u0027s Stone":10,"Molten Egg 2":21,"Toy Ornithopter":21},{"champ:DuelingGlove":71,"Lantern":9,"Lee\u0027s Waffle":52,"Pear":61,"downfall:HeartBlessingRed":90,"Dead Branch":105,"Eternal Feather":88,"downfall:HeartBlessingGreen":105,"Pen Nib":26,"Bag of Preparation":9,"Guardian:PocketSentry":52,"Odd Mushroom":14,"sneckomod:SneckoSoul":0,"Smiling Mask":61,"Old Coin":88,"Calling Bell":71,"Philosopher\u0027s Stone":35,"Molten Egg 2":71,"Toy Ornithopter":71}],"Toy Ornithopter":20},"card_choices":[{"not_picked":["sneckomod:UnknownDraw","sneckomod:RainOfDice"],"picked":"sneckomod:SerpentIdol","floor":2.0},{"not_picked":["sneckomod:UnknownCommonAttack","sneckomod:UnknownBlock"],"picked":"sneckomod:UnknownDexterity","floor":3.0},{"not_picked":["sneckomod:UnknownCommonAttack","sneckomod:UnknownExhaust"],"picked":"sneckomod:MorePower","floor":4.0},{"not_picked":["sneckomod:UnknownVulnerable+1","sneckomod:Unknown+1"],"picked":"sneckomod:UnknownRareAttack+1","floor":9.0},{"not_picked":["sneckomod:UnknownCommonAttack","sneckomod:DiceBlock"],"picked":"sneckomod:SnekBeam","floor":9.0},{"not_picked":["sneckomod:Unknown+1","sneckomod:UnknownClassRED+1"],"picked":"sneckomod:UnknownDexterity+1","floor":10.0},{"not_picked":["sneckomod:QuickMove","sneckomod:DiceCrush"],"picked":"sneckomod:SlitherStrike","floor":10.0},{"not_picked":["sneckomod:UnknownX+1","sneckomod:UnknownClassSLIMEBOUND+1"],"picked":"sneckomod:UnknownColorless+1","floor":11.0},{"not_picked":["sneckomod:IronFang","sneckomod:MixItUp"],"picked":"sneckomod:SnekBeam","floor":11.0},{"not_picked":["sneckomod:UnknownRareSkill+1","sneckomod:UnknownClassSLIMEBOUND+1"],"picked":"sneckomod:UnknownRareAttack+1","floor":12.0},{"not_picked":["sneckomod:SoulRoll","sneckomod:UnknownColorless"],"picked":"sneckomod:UnknownX","floor":12.0},{"not_picked":["sneckomod:Unknown1Cost+1","sneckomod:UnknownBoss+1"],"picked":"sneckomod:Unknown3Cost+1","floor":14.0},{"not_picked":["sneckomod:RainOfDice","sneckomod:UnknownVulnerable"],"picked":"sneckomod:UnknownDraw","floor":14.0},{"not_picked":["sneckomod:Nope","sneckomod:MixItUp"],"picked":"sneckomod:UnknownWeak","floor":15.0},{"not_picked":["sneckomod:SoulExchange","sneckomod:Mudshield"],"picked":"sneckomod:UnknownRareSkill","floor":16.0},{"not_picked":["sneckomod:UnknownClassTHE_CHAMP_GRAY+1","sneckomod:UnknownClassPURPLE+1"],"picked":"sneckomod:UnknownDexterity+1","floor":16.0},{"not_picked":["sneckomod:UnknownRareAttack+1","sneckomod:UnknownDraw+1"],"picked":"sneckomod:UnknownRareSkill+1","floor":19.0},{"not_picked":["sneckomod:UnknownStrength","sneckomod:UnknownClassBLUE"],"picked":"sneckomod:PureSnecko+1","floor":19.0},{"not_picked":["sneckomod:UnknownColorless","sneckomod:DiceCrush"],"picked":"sneckomod:ImprovisedGuard","floor":20.0},{"not_picked":["sneckomod:UnknownWeak+1","sneckomod:UnknownStrength+1"],"picked":"sneckomod:UnknownDraw+1","floor":21.0},{"not_picked":["sneckomod:UnknownClassGUARDIAN","sneckomod:SoulRoll","sneckomod:DiceBlock"],"picked":"SKIP","floor":21.0},{"not_picked":["sneckomod:UnknownStrike+1","sneckomod:UnknownCommonAttack+1"],"picked":"sneckomod:UnknownUncommonPower+1","floor":22.0},{"not_picked":["sneckomod:DiceCrush+1","sneckomod:Transmogrify"],"picked":"sneckomod:UnknownStrike","floor":22.0},{"not_picked":["sneckomod:UnknownVulnerable+1","sneckomod:UnknownClassHEXA_GHOST_PURPLE+1"],"picked":"sneckomod:UnknownExhaust+1","floor":23.0},{"not_picked":["sneckomod:UnknownBlock","sneckomod:Nope+1"],"picked":"sneckomod:MixItUp+1","floor":23.0},{"not_picked":["sneckomod:UnknownCommonAttack","sneckomod:DiceCrush"],"picked":"sneckomod:UnknownStrength","floor":26.0},{"not_picked":["sneckomod:Unknown+1","sneckomod:UnknownStrength+1"],"picked":"sneckomod:UnknownUncommonPower+1","floor":27.0},{"not_picked":["sneckomod:UnknownWeak+1","sneckomod:UnknownCommonAttack+1"],"picked":"sneckomod:UnknownExhaust+1","floor":27.0},{"not_picked":["sneckomod:Restock","sneckomod:UnknownDraw"],"picked":"sneckomod:SlitherStrike+1","floor":27.0},{"not_picked":["sneckomod:DiceCrush","sneckomod:SoulRoll","sneckomod:QuickBite"],"picked":"SKIP","floor":28.0},{"not_picked":["sneckomod:WideSting","sneckomod:UnknownCommonAttack"],"picked":"sneckomod:DiceBoulder+1","floor":29.0},{"not_picked":["sneckomod:DiceCrush","sneckomod:MasterEye"],"picked":"sneckomod:SnakeSap","floor":32.0},{"not_picked":["sneckomod:UnknownColorless+1","sneckomod:UnknownClassHEXA_GHOST_PURPLE+1"],"picked":"sneckomod:UnknownRareSkill+1","floor":33.0},{"not_picked":["sneckomod:Transmogrify","sneckomod:GlitteringGambit"],"picked":"sneckomod:UnknownRareSkill","floor":33.0},{"not_picked":["sneckomod:Unknown0Cost+1","sneckomod:UnknownUncommonSkill+1"],"picked":"sneckomod:UnknownBoss+1","floor":36.0},{"not_picked":["sneckomod:DefensiveFlair","sneckomod:UnknownExhaust+1"],"picked":"sneckomod:SerpentMind","floor":36.0},{"not_picked":["expansioncontent:PrepareCrush","expansioncontent:Chronoboost"],"picked":"expansioncontent:HyperBeam+1","floor":37.0},{"not_picked":["sneckomod:UnknownCommonAttack+1","sneckomod:DiceBoulder+1"],"picked":"sneckomod:UnknownStrike+1","floor":38},{"not_picked":["sneckomod:Unknown2Cost+1","sneckomod:Unknown1Cost+1"],"picked":"sneckomod:UnknownUncommonSkill+1","floor":39},{"not_picked":["sneckomod:UnknownX","sneckomod:UnknownCommonSkill+1"],"picked":"sneckomod:UnknownDexterity+1","floor":39},{"not_picked":["sneckomod:QuickBite+1","sneckomod:DiceBoulder+1"],"picked":"sneckomod:Nope+1","floor":42},{"not_picked":["sneckomod:UnknownClassBLUE+1","sneckomod:UnknownUncommonSkill+1"],"picked":"sneckomod:UnknownWeak+1","floor":44},{"not_picked":["sneckomod:IronFang+1","sneckomod:QuickBite+1"],"picked":"sneckomod:UnknownUncommonPower","floor":44},{"not_picked":["sneckomod:Unknown1Cost+1","sneckomod:UnknownRareSkill+1"],"picked":"sneckomod:UnknownRareAttack+1","floor":45},{"not_picked":["sneckomod:DiceCrush+1","sneckomod:SlitherStrike+1"],"picked":"sneckomod:DiceBlock+1","floor":45},{"not_picked":["sneckomod:UnknownClassHEXA_GHOST_PURPLE+1","sneckomod:UnknownClassTHE_CHAMP_GRAY+1"],"picked":"sneckomod:UnknownUncommonPower+1","floor":47},{"not_picked":["sneckomod:Unknown1Cost+1","sneckomod:DiceBlock+1"],"picked":"sneckomod:TrashToTreasure+1","floor":47},{"not_picked":["sneckomod:SoulDraw","sneckomod:UnknownCommonAttack+1"],"picked":"sneckomod:SnakeSap+1","floor":49}],"player_experience":921900,"relics_obtained":[{"floor":7.0,"key":"Lantern"},{"floor":9.0,"key":"Odd Mushroom"},{"floor":12.0,"key":"Pen Nib"},{"floor":24.0,"key":"Guardian:PocketSentry"},{"floor":29.0,"key":"Pear"},{"floor":31.0,"key":"Smiling Mask"},{"floor":34.0,"key":"Toy Ornithopter"},{"floor":34.0,"key":"Molten Egg 2"},{"floor":34.0,"key":"champ:DuelingGlove"},{"floor":39,"key":"Old Coin"},{"floor":41,"key":"Eternal Feather"},{"floor":47,"key":"Dead Branch"}],"event_choices":[{"damage_healed":0.0,"max_hp_gain":0.0,"max_hp_loss":0.0,"gold_gain":0.0,"event_name":"Scrap Ooze","player_choice":"Success","floor":6.0,"gold_loss":0.0,"damage_taken":12.0,"relics_obtained":["Bag of Preparation"]},{"damage_healed":0.0,"max_hp_gain":0.0,"max_hp_loss":0.0,"gold_gain":0.0,"event_name":"Mushrooms","player_choice":"Fought Mushrooms","floor":9.0,"gold_loss":0.0,"damage_taken":0.0}],"is_beta":false,"boss_relics":[{"not_picked":["Black Star","Astrolabe"],"picked":"Philosopher\u0027s Stone"},{"not_picked":["Pandora\u0027s Box","Runic Dome"],"picked":"Calling Bell"}],"items_purged_floors":[10,23],"is_endless":false,"potions_floor_spawned":[2,9,12,14,19,21,26,27,33,39,44,47,49],"ascension_level":5}}