{"host":"nzq3d31h1j2g5t95","time":1611022393,"event":{"mods":["BaseMod","Hubris","Minty Spire (QoL Compilation)","Replay The Spire","StSLib","[IsaacMod]ÒÔÈö¼âËþ"],"gold_per_floor":[153,201,201,49,99,111,215,247,259,332,344,410,67,121,121,288,288,398,412,412],"floor_reached":19,"language":"ZHS","playtime":1340,"items_purged":["Normality"],"score":426,"play_id":"33efa9c2-5e55-4bf1-9079-fcc7d018ca52","local_time":"20210119101313","is_ascension_mode":true,"campfire_choices":[{"data":"Uppercut","floor":6.0,"key":"SMITH"},{"floor":15.0,"key":"REST"}],"circlet_count":0,"master_deck":["AscendersBane","Strike_R","Strike_R","Strike_R","Strike_R","Strike_R","Defend_R","Defend_R","Defend_R","Defend_R","Bash","BettingIsNotGood","Uppercut+1","Thunderclap","Hallucinations","hubris:Envy","Bloodletting","ReplayTheSpireMod:LeadingStrike","Clumsy","Replay:Many Hands","hubris:Envy","Doubt","Overencumbered","Clumsy","Shrug It Off","Replay:BasicMightCard","Doubt","Shockwave","Amnesia","Demonic Infusion","Pain","Defy Death"],"relics":["HushsDoor","Cursed Key","SalivaCoin","BookOfRevelations","Ring of Fury","Ring of Greed","MawBank","Replay:Bandana","hubris:ToyBattleship","Toy Ornithopter","hubris:FunFungus","Chemical X","Strawberry","Fusion Hammer"],"acts_visited":["Exordium","TheCity"],"potions_floor_usage":[],"damage_taken":[{"damage":13.0,"enemies":"Small Slimes","floor":1.0,"turns":5.0},{"damage":6.0,"enemies":"Jaw Worm","floor":2.0,"turns":3.0},{"damage":30.0,"enemies":"3 Sentries","floor":7.0,"turns":7.0},{"damage":0.0,"enemies":"2 Louse","floor":8.0,"turns":1.0},{"damage":36.0,"enemies":"Lagavulin","floor":10.0,"turns":6.0},{"damage":12.0,"enemies":"Exordium Wildlife","floor":12.0,"turns":4.0},{"damage":0.0,"enemies":"Gremlin Nob","floor":14.0,"turns":2.0},{"damage":38.0,"enemies":"Fading Forest","floor":16.0,"turns":11.0},{"damage":74.0,"enemies":"Spheric Guardian","floor":18.0,"turns":8.0},{"damage":12,"enemies":"Chosen","floor":19,"turns":1}],"seed_played":"-251691200041345561","potions_obtained":[{"floor":2.0,"key":"Fire Potion"},{"floor":12.0,"key":"Explosive Potion"},{"floor":16.0,"key":"EssenceOfSteel"}],"is_trial":false,"path_per_floor":["M","M","?","$","?","R","E","M","T","E","?","M","$","E","R","B",null,"M","M"],"character_chosen":"IRONCLAD","items_purchased":["BookOfRevelations","Fire Potion","Chemical X","Replay:BasicMightCard"],"campfire_rested":1,"item_purchase_floors":[4,13,13,13],"current_hp_per_floor":[59,53,79,79,79,79,49,49,49,13,13,3,3,12,38,34,74,12,0,0],"gold":412,"neow_bonus":"BOSS_RELIC","is_daily":false,"chose_seed":false,"campfire_upgraded":1,"win_rate":0.0,"timestamp":1611022393,"path_taken":["M","M","?","$","?","R","E","M","T","E","?","M","$","E","R","BOSS","M","M"],"items_purchased_type":["Relic","Potion","Relic","Card"],"build_version":"2020-12-22","purchased_purges":1,"victory":false,"max_hp_per_floor":[80,80,80,80,80,80,80,80,80,80,80,80,80,87,87,87,87,87,87,87],"card_choices":[{"not_picked":[],"picked":"BettingIsNotGood","floor":0.0},{"not_picked":["Anger","Sword Boomerang"],"picked":"Uppercut","floor":1.0},{"not_picked":["Ghostly Armor","Inflame"],"picked":"Thunderclap","floor":2.0},{"not_picked":["Warcry","Perfected Strike"],"picked":"Bloodletting","floor":7.0},{"not_picked":["Burning Pact","Havoc"],"picked":"ReplayTheSpireMod:LeadingStrike","floor":8.0},{"not_picked":["Rage","hubris:ReadiedAction"],"picked":"Replay:Many Hands","floor":10.0},{"not_picked":["Cleave","Fire Breathing"],"picked":"Shrug It Off","floor":12.0},{"not_picked":["Clothesline","Cleave"],"picked":"Shockwave","floor":14.0},{"not_picked":["Brutality","Double Tap"],"picked":"Demonic Infusion","floor":16.0},{"not_picked":["Iron Wave","Clash+1"],"picked":"Defy Death","floor":18.0}],"player_experience":157716,"relics_obtained":[{"floor":5.0,"key":"Ring of Fury"},{"floor":5.0,"key":"Ring of Greed"},{"floor":5.0,"key":"MawBank"},{"floor":5.0,"key":"Replay:Bandana"},{"floor":7.0,"key":"hubris:ToyBattleship"},{"floor":9.0,"key":"Toy Ornithopter"},{"floor":10.0,"key":"hubris:FunFungus"},{"floor":14.0,"key":"Strawberry"}],"event_choices":[{"damage_healed":26.0,"max_hp_gain":0.0,"max_hp_loss":0.0,"gold_gain":0.0,"event_name":"Big Fish","player_choice":"Banana","floor":3.0,"gold_loss":0.0,"damage_taken":0.0},{"damage_healed":0.0,"max_hp_gain":0.0,"max_hp_loss":0.0,"gold_gain":0.0,"event_name":"Dead Adventurer","player_choice":"Searched \u00270\u0027 times","floor":11.0,"gold_loss":0.0,"damage_taken":0.0}],"is_beta":false,"boss_relics":[{"not_picked":["ChampionBelt","hubris:RunicObelisk"],"picked":"Fusion Hammer"},{"not_picked":[]}],"items_purged_floors":[13],"is_endless":false,"potions_floor_spawned":[2,12,16],"killed_by":"Chosen","ascension_level":11}}