{"host":"vyjryxuuuxkt43k4","time":1611071625,"event":{"mods":["AchievementEnabler","BaseMod","Colored Map","DeckTracker","Keyboard Shortcuts","Minty Spire (QoL Compilation)","Permanent Neow","Quick Restart","Rare Cards Sparkle","StSLib","SuperFastMode","everything is the same but u backflip on backflip"],"gold_per_floor":[110,129,143,163,178,178,194,194,249,249,21,21,53,67,67,166,166,182,182,182,182,182,182,216,216,270,270,270,270],"floor_reached":28,"language":"KOR","playtime":1071,"items_purged":["Strike_G"],"score":386,"play_id":"7b87c811-6faa-4344-a6ef-527c5096df11","local_time":"20210120005345","is_ascension_mode":true,"campfire_choices":[{"data":"Unload","floor":6.0,"key":"SMITH"},{"data":"Footwork","floor":8.0,"key":"SMITH"},{"data":"Skewer","floor":10.0,"key":"SMITH"},{"floor":15.0,"key":"REST"},{"data":"Adrenaline","floor":23.0,"key":"SMITH"},{"data":"Calculated Gamble","floor":27.0,"key":"SMITH"}],"circlet_count":0,"master_deck":["Strike_G","Strike_G","Defend_G","Defend_G","Defend_G","Defend_G","Defend_G","Survivor","Neutralize+1","PiercingWail","Flechettes","Footwork+1","Unload+1","Skewer+1","Endless Agony","Calculated Gamble+1","Backflip","Adrenaline+1","Acrobatics","Injury","Well Laid Plans","PiercingWail"],"relics":["Ring of the Snake","Akabeko","Lantern","Toy Ornithopter","Sozu","Shuriken","Regal Pillow","Omamori"],"acts_visited":["Exordium","TheCity"],"potions_floor_usage":[],"damage_taken":[{"damage":3.0,"enemies":"Small Slimes","floor":1.0,"turns":5.0},{"damage":2.0,"enemies":"2 Louse","floor":2.0,"turns":4.0},{"damage":5.0,"enemies":"Cultist","floor":3.0,"turns":4.0},{"damage":7.0,"enemies":"3 Louse","floor":4.0,"turns":2.0},{"damage":0.0,"enemies":"2 Fungi Beasts","floor":5.0,"turns":4.0},{"damage":3.0,"enemies":"Large Slime","floor":7.0,"turns":6.0},{"damage":16.0,"enemies":"3 Sentries","floor":13.0,"turns":7.0},{"damage":0.0,"enemies":"Exordium Wildlife","floor":14.0,"turns":4.0},{"damage":0.0,"enemies":"The Guardian","floor":16.0,"turns":11.0},{"damage":0.0,"enemies":"Chosen","floor":18.0,"turns":2.0},{"damage":19.0,"enemies":"Slavers","floor":24.0,"turns":9.0},{"damage":55,"enemies":"Gremlin Leader","floor":28,"turns":9}],"seed_played":"-5093523211473141983","potions_obtained":[{"floor":2.0,"key":"Ancient Potion"},{"floor":3.0,"key":"Explosive Potion"},{"floor":13.0,"key":"CultistPotion"},{"floor":14.0,"key":"Fire Potion"},{"floor":16.0,"key":"BlessingOfTheForge"}],"is_trial":false,"path_per_floor":["M","M","M","M","M","R","M","R","T","R","$","?","E","M","R","B",null,"M","?","?","?","?","R","E","T","T","R","E"],"character_chosen":"THE_SILENT","items_purchased":["Lantern"],"campfire_rested":1,"item_purchase_floors":[11],"current_hp_per_floor":[60,58,53,46,46,46,43,43,43,43,43,43,27,27,48,53,66,66,66,53,53,53,53,49,49,49,49,0,0],"gold":270,"neow_bonus":"UPGRADE_CARD","is_daily":false,"chose_seed":false,"campfire_upgraded":5,"win_rate":0.0,"timestamp":1611071625,"path_taken":["M","M","M","M","M","R","M","R","T","R","$","?","E","M","R","BOSS","M","?","?","?","?","R","E","?","T","R","E"],"items_purchased_type":["Relic"],"build_version":"2020-12-22","purchased_purges":1,"victory":false,"max_hp_per_floor":[70,70,70,70,70,70,70,70,70,70,70,70,70,70,70,70,70,70,70,75,75,75,75,75,75,75,75,75,75],"card_choices":[{"not_picked":["Flying Knee","Acrobatics"],"picked":"PiercingWail","floor":1.0},{"not_picked":["Slice","Prepared"],"picked":"Flechettes","floor":2.0},{"not_picked":["Backflip","Prepared"],"picked":"Footwork","floor":3.0},{"not_picked":["Leg Sweep","Catalyst"],"picked":"Unload","floor":4.0},{"not_picked":["Slice","Outmaneuver"],"picked":"Skewer","floor":5.0},{"not_picked":["Dagger Throw","Bane"],"picked":"Endless Agony","floor":7.0},{"not_picked":["Concentrate","Endless Agony"],"picked":"Calculated Gamble","floor":13.0},{"not_picked":["PiercingWail","Flying Knee"],"picked":"Backflip","floor":14.0},{"not_picked":["Bullet Time","Grand Finale"],"picked":"Adrenaline","floor":16.0},{"not_picked":["Dagger Spray","Cloak And Dagger"],"picked":"Acrobatics","floor":18.0},{"not_picked":["Riddle With Holes","Well Laid Plans"],"picked":"PiercingWail","floor":24.0}],"player_experience":359063,"relics_obtained":[{"floor":9.0,"key":"Akabeko"},{"floor":13.0,"key":"Toy Ornithopter"},{"floor":24.0,"key":"Regal Pillow"},{"floor":26.0,"key":"Omamori"}],"event_choices":[{"cards_removed":["Strike_G"],"damage_healed":0.0,"max_hp_gain":0.0,"max_hp_loss":0.0,"gold_gain":0.0,"event_name":"Living Wall","player_choice":"Forget","floor":12.0,"gold_loss":0.0,"damage_taken":0.0},{"damage_healed":0.0,"max_hp_gain":0.0,"max_hp_loss":0.0,"gold_gain":0.0,"event_name":"Vampires","player_choice":"Ignored","floor":19.0,"gold_loss":0.0,"damage_taken":0.0},{"damage_healed":0.0,"max_hp_gain":5.0,"max_hp_loss":0.0,"gold_gain":0.0,"event_name":"Forgotten Altar","player_choice":"Shed Blood","floor":20.0,"gold_loss":0.0,"damage_taken":18.0},{"damage_healed":0.0,"max_hp_gain":0.0,"max_hp_loss":0.0,"gold_gain":0.0,"event_name":"The Mausoleum","player_choice":"Opened","floor":21.0,"gold_loss":0.0,"damage_taken":0.0,"relics_obtained":["Shuriken"],"cards_obtained":["Writhe"]},{"damage_healed":0.0,"max_hp_gain":0.0,"max_hp_loss":0.0,"gold_gain":0.0,"cards_transformed":["Writhe","Strike_G"],"event_name":"Drug Dealer","player_choice":"Became Test Subject","floor":22.0,"gold_loss":0.0,"damage_taken":0.0,"cards_obtained":["Injury","Well Laid Plans"]}],"is_beta":false,"boss_relics":[{"not_picked":["HoveringKite","Tiny House"],"picked":"Sozu"}],"items_purged_floors":[11],"is_endless":false,"potions_floor_spawned":[2,3,13,14,16],"killed_by":"Gremlin Leader","ascension_level":7}}