{"host":"r6jigiblrojhp6xe","time":1611069097,"event":{"mods":["AchievementEnabler","BaseMod","DeckTracker","Minty Spire (QoL Compilation)","Quick Restart","Rare Cards Sparkle","Relic Stats","StSLib","SuperFastMode","The Cursed","everything is the same but u backflip on backflip"],"gold_per_floor":[359,5,18,18,28,28,28,28],"floor_reached":7,"language":"KOR","playtime":205,"items_purged":["Strike_G"],"score":82,"play_id":"13db31bd-18d4-4c7f-84ca-7e24cb1edbd4","local_time":"20210120001137","is_ascension_mode":true,"campfire_choices":[{"data":"Dagger Spray","floor":6,"key":"SMITH"}],"circlet_count":0,"master_deck":["AscendersBane","Strike_G","Strike_G","Strike_G","Strike_G","Defend_G","Defend_G","Defend_G","Defend_G","Defend_G","Survivor","Neutralize","Dash","Dagger Spray+1","Reflex"],"relics":["Ring of the Snake","Membership Card","Toy Ornithopter"],"acts_visited":["Exordium"],"potions_floor_usage":[],"damage_taken":[{"damage":8,"enemies":"Jaw Worm","floor":1,"turns":7},{"damage":7,"enemies":"Small Slimes","floor":3,"turns":3},{"damage":0,"enemies":"2 Louse","floor":5,"turns":4},{"damage":61,"enemies":"Lagavulin","floor":7,"turns":10}],"seed_played":"-3200784641146282408","potions_obtained":[{"floor":5,"key":"Fire Potion"}],"is_trial":false,"path_per_floor":["M","$","M","?","M","R","E"],"character_chosen":"THE_SILENT","items_purchased":["Membership Card","Dagger Spray","Reflex","Toy Ornithopter"],"campfire_rested":0,"item_purchase_floors":[2,2,2,2],"current_hp_per_floor":[51,51,44,49,49,49,0,0],"gold":28,"neow_bonus":"TWO_FIFTY_GOLD","is_daily":false,"chose_seed":false,"campfire_upgraded":1,"win_rate":0.0,"timestamp":1611069097,"path_taken":["M","$","M","?","M","R","E"],"items_purchased_type":["Relic","Card","Card","Relic"],"build_version":"2020-12-22","purchased_purges":1,"victory":false,"max_hp_per_floor":[60,60,60,65,65,65,65,65],"relic_stats":{"counters":[4,24],"obtain_stats":[{"Membership Card":2,"Toy Ornithopter":2,"Ring of the Snake":0},{"Membership Card":1,"Toy Ornithopter":1,"Ring of the Snake":0},{"Membership Card":7,"Toy Ornithopter":7,"Ring of the Snake":0}],"Toy Ornithopter":0,"Ring of the Snake":[8]},"card_choices":[{"not_picked":["Deadly Poison","Cloak And Dagger"],"picked":"Dash","floor":1},{"not_picked":["Slice","Dagger Spray","All Out Attack"],"picked":"SKIP","floor":3},{"not_picked":["Flying Knee","Deadly Poison","Eviscerate"],"picked":"SKIP","floor":5}],"player_experience":584158,"relics_obtained":[],"event_choices":[{"damage_healed":0,"gold_gain":0,"player_choice":"Donut","damage_taken":0,"max_hp_gain":5,"max_hp_loss":0,"event_name":"Big Fish","floor":4,"gold_loss":0}],"is_beta":false,"boss_relics":[],"items_purged_floors":[2],"is_endless":false,"potions_floor_spawned":[5],"killed_by":"Lagavulin","ascension_level":20}}