{"host":"rspt8ghchagqewrq","time":1611097541,"event":{"mods":["AchievementEnabler","BaseMod","Colored Map","Colored Powertips","Minty Spire (QoL Compilation)","Quick Restart"],"gold_per_floor":[112,112,112,62,73,98,98,98,175,187,38,56,68,85,85,189,189,201,201,126,126,126,152,165,165,165,180,180,191,207,222,222,324,324,340,360,376,79,93,93,106,119,119,136,136,136,168,180,180,180,180],"floor_reached":50,"language":"FRA","playtime":2405,"items_purged":[],"score":525,"play_id":"ef978d6f-04af-40cf-a3ab-1b71ed3ca7df","local_time":"20210120000541","is_ascension_mode":false,"campfire_choices":[{"data":"Carnage","floor":7.0,"key":"SMITH"},{"data":"Cleave","floor":15.0,"key":"SMITH"},{"data":"Demon Form","floor":25.0,"key":"SMITH"},{"data":"Clash","floor":32.0,"key":"SMITH"},{"data":"Rage","floor":40,"key":"SMITH"},{"data":"Clash","floor":45,"key":"SMITH"},{"data":"Anger","floor":49,"key":"SMITH"}],"circlet_count":0,"master_deck":["Strike_R","Strike_R","Strike_R","Strike_R","Strike_R","Defend_R","Defend_R","Defend_R","Defend_R","Demon Form+1","Clash+1","Carnage+1","Intimidate","Thunderclap","Heavy Blade","Dropkick","Cleave+1","Feed+1","Heavy Blade+1","Necronomicurse","Anger+1","Rage+1","Clash+1","Inflame+1","Limit Break","Anger+1","Perfected Strike+1","Cleave+1","Ghostly Armor+1"],"relics":["Black Blood","Self Forming Clay","Ginger","Darkstone Periapt","HandDrill","Coffee Dripper","PreservedInsect","Necronomicon","Happy Flower","Bottled Tornado","Brimstone","Pen Nib","Bottled Flame","MealTicket"],"acts_visited":["Exordium","TheCity","TheBeyond"],"potions_floor_usage":[37,39,50],"damage_taken":[{"damage":4.0,"enemies":"Cultist","floor":1.0,"turns":4.0},{"damage":2.0,"enemies":"2 Louse","floor":5.0,"turns":3.0},{"damage":41.0,"enemies":"3 Sentries","floor":6.0,"turns":7.0},{"damage":0.0,"enemies":"Small Slimes","floor":10.0,"turns":2.0},{"damage":0.0,"enemies":"Looter","floor":12.0,"turns":2.0},{"damage":8.0,"enemies":"Blue Slaver","floor":13.0,"turns":4.0},{"damage":0.0,"enemies":"3 Louse","floor":14.0,"turns":3.0},{"damage":32.0,"enemies":"Hexaghost","floor":16.0,"turns":8.0},{"damage":9.0,"enemies":"2 Thieves","floor":18.0,"turns":3.0},{"damage":17.0,"enemies":"Book of Stabbing","floor":23.0,"turns":3.0},{"damage":7.0,"enemies":"Shell Parasite","floor":24.0,"turns":3.0},{"damage":4.0,"enemies":"Snake Plant","floor":27.0,"turns":2.0},{"damage":12.0,"enemies":"3 Cultists","floor":29.0,"turns":3.0},{"damage":19.0,"enemies":"Shelled Parasite and Fungi","floor":30.0,"turns":3.0},{"damage":0.0,"enemies":"Snake Plant","floor":31.0,"turns":2.0},{"damage":12.0,"enemies":"Champ","floor":33.0,"turns":4.0},{"damage":10.0,"enemies":"3 Shapes","floor":35.0,"turns":2.0},{"damage":24,"enemies":"3 Darklings","floor":36,"turns":5},{"damage":32,"enemies":"Spire Growth","floor":37,"turns":3},{"damage":22,"enemies":"4 Shapes","floor":39,"turns":3},{"damage":24,"enemies":"Maw","floor":41,"turns":3},{"damage":20,"enemies":"Sphere and 2 Shapes","floor":42,"turns":3},{"damage":0,"enemies":"Jaw Worm Horde","floor":44,"turns":2},{"damage":25,"enemies":"Nemesis","floor":47,"turns":3},{"damage":6,"enemies":"Spire Growth","floor":48,"turns":3},{"damage":61,"enemies":"Donu and Deca","floor":50,"turns":4}],"seed_played":"5042648192818043103","potions_obtained":[{"floor":1.0,"key":"EssenceOfSteel"},{"floor":5.0,"key":"DistilledChaos"},{"floor":6.0,"key":"SkillPotion"},{"floor":14.0,"key":"Explosive Potion"},{"floor":16.0,"key":"Block Potion"},{"floor":23.0,"key":"CultistPotion"},{"floor":29.0,"key":"Dexterity Potion"},{"floor":35.0,"key":"AttackPotion"},{"floor":37,"key":"Weak Potion"},{"floor":48,"key":"Ancient Potion"}],"is_trial":false,"path_per_floor":["M","T","?","?","M","E","R","?","T","M","$","M","M","M","R","B",null,"M","?","?","$","?","E","M","R","T","M","?","M","M","M","R","B",null,"M","M","M","$","M","R","M","M","T","M","R","?","E","M","R","B"],"character_chosen":"IRONCLAD","items_purchased":["HandDrill","Brimstone","Pen Nib"],"campfire_rested":0,"item_purchase_floors":[11,38,38],"current_hp_per_floor":[80,80,80,80,80,45,45,45,45,51,51,57,55,61,61,35,80,77,83,83,83,73,62,61,61,61,63,63,61,52,58,58,52,100,100,88,68,68,58,58,46,38,38,50,50,50,37,47,47,0,0],"gold":180,"neow_bonus":"THREE_RARE_CARDS","is_daily":false,"chose_seed":false,"campfire_upgraded":7,"win_rate":0.0,"timestamp":1611097541,"path_taken":["M","?","?","?","M","E","R","?","T","M","$","M","M","?","R","BOSS","M","?","?","$","?","E","?","R","T","M","?","?","M","M","R","BOSS","M","M","M","$","M","R","M","M","T","?","R","?","E","M","R","BOSS"],"items_purchased_type":["Relic","Relic","Relic"],"build_version":"2020-12-22","purchased_purges":0,"victory":false,"max_hp_per_floor":[80,80,80,80,80,80,80,80,80,80,80,80,80,80,80,80,80,80,86,86,86,92,92,92,92,92,92,92,96,100,100,100,100,100,100,100,100,100,100,100,100,100,100,100,100,100,100,104,104,104,104],"card_choices":[{"not_picked":["Berserk","Brutality"],"picked":"Demon Form","floor":0.0},{"not_picked":["Anger","Dual Wield"],"picked":"Clash","floor":1.0},{"not_picked":["Sword Boomerang","Dual Wield"],"picked":"Carnage","floor":5.0},{"not_picked":["Fire Breathing","Perfected Strike"],"picked":"Intimidate","floor":6.0},{"not_picked":["Body Slam","Clothesline"],"picked":"Thunderclap","floor":10.0},{"not_picked":["Pommel Strike","Sever Soul"],"picked":"Heavy Blade","floor":12.0},{"not_picked":["Body Slam","Whirlwind"],"picked":"Dropkick","floor":13.0},{"not_picked":["Clash","Clothesline"],"picked":"Cleave","floor":14.0},{"not_picked":["Berserk","Reaper"],"picked":"Feed","floor":16.0},{"not_picked":["Seeing Red+1","Headbutt"],"picked":"Heavy Blade+1","floor":18.0},{"not_picked":["Dark Embrace","Uppercut"],"picked":"Anger","floor":23.0},{"not_picked":["Sever Soul+1","Armaments","Perfected Strike"],"picked":"SKIP","floor":24.0},{"not_picked":["Shockwave","Dark Embrace"],"picked":"Rage","floor":27.0},{"not_picked":["Headbutt","Twin Strike"],"picked":"Clash","floor":29.0},{"not_picked":["Cleave","Warcry"],"picked":"Inflame+1","floor":30.0},{"not_picked":["Sever Soul","Bludgeon","Twin Strike"],"picked":"SKIP","floor":31.0},{"not_picked":["Bludgeon","Offering"],"picked":"Limit Break","floor":33.0},{"not_picked":["Heavy Blade","Power Through","Carnage+1"],"picked":"SKIP","floor":35.0},{"not_picked":["Carnage+1","Second Wind"],"picked":"Anger+1","floor":36},{"not_picked":["Clothesline+1","Heavy Blade+1","Warcry"],"picked":"SKIP","floor":37},{"not_picked":["Sword Boomerang+1","Rampage"],"picked":"Perfected Strike+1","floor":39},{"not_picked":["Dropkick","True Grit"],"picked":"Cleave+1","floor":41},{"not_picked":["Pommel Strike+1","Heavy Blade","Sword Boomerang"],"picked":"SKIP","floor":42},{"not_picked":["Fiend Fire","Rage+1"],"picked":"Ghostly Armor+1","floor":44},{"not_picked":["Clash","Anger+1","Uppercut+1"],"picked":"SKIP","floor":47},{"not_picked":["Carnage","Thunderclap","Heavy Blade+1"],"picked":"SKIP","floor":48}],"player_experience":59214,"relics_obtained":[{"floor":2.0,"key":"Self Forming Clay"},{"floor":6.0,"key":"Ginger"},{"floor":9.0,"key":"Darkstone Periapt"},{"floor":22.0,"key":"Necronomicon"},{"floor":23.0,"key":"Happy Flower"},{"floor":26.0,"key":"Bottled Tornado"},{"floor":43,"key":"Bottled Flame"},{"floor":47,"key":"MealTicket"}],"event_choices":[{"damage_healed":0.0,"max_hp_gain":0.0,"max_hp_loss":0.0,"gold_gain":0.0,"event_name":"Liars Game","player_choice":"Ignored","floor":3.0,"gold_loss":0.0,"damage_taken":0.0},{"cards_removed":["Normality"],"damage_healed":0.0,"max_hp_gain":0.0,"max_hp_loss":0.0,"gold_gain":0.0,"event_name":"The Cleric","player_choice":"Card Removal","floor":4.0,"gold_loss":50.0,"damage_taken":0.0},{"damage_healed":0.0,"max_hp_gain":0.0,"max_hp_loss":0.0,"gold_gain":0.0,"event_name":"Golden Idol","player_choice":"Ignored","floor":8.0,"gold_loss":0.0,"damage_taken":0.0},{"damage_healed":0.0,"max_hp_gain":0.0,"max_hp_loss":0.0,"gold_gain":0.0,"event_name":"The Mausoleum","player_choice":"Opened","floor":19.0,"gold_loss":0.0,"damage_taken":0.0,"relics_obtained":["PreservedInsect"],"cards_obtained":["Writhe"]},{"cards_removed":["Writhe"],"damage_healed":0.0,"max_hp_gain":0.0,"max_hp_loss":0.0,"gold_gain":0.0,"event_name":"Beggar","player_choice":"Gave Gold","floor":20.0,"gold_loss":75.0,"damage_taken":0.0},{"damage_healed":0.0,"max_hp_gain":0.0,"max_hp_loss":0.0,"gold_gain":0.0,"event_name":"Cursed Tome","player_choice":"Obtained Book","floor":22.0,"gold_loss":0.0,"damage_taken":16.0},{"damage_healed":0.0,"max_hp_gain":0.0,"max_hp_loss":0.0,"gold_gain":0.0,"event_name":"Accursed Blacksmith","player_choice":"Forge","floor":28.0,"gold_loss":0.0,"damage_taken":0.0,"cards_upgraded":["Feed"]},{"cards_removed":["Bash"],"damage_healed":0,"gold_gain":0,"player_choice":"Removed Attack","damage_taken":0,"max_hp_gain":0,"max_hp_loss":0,"event_name":"Falling","floor":46,"gold_loss":0}],"is_beta":false,"boss_relics":[{"not_picked":["Mark of Pain","Tiny House"],"picked":"Coffee Dripper"},{"not_picked":["Runic Cube","Snecko Eye"],"picked":"Black Blood"}],"items_purged_floors":[],"is_endless":false,"potions_floor_spawned":[1,5,6,14,16,23,29,35,37,48],"killed_by":"Donu and Deca","ascension_level":0}}