{"host":"z4nt7tdd4gjrinn7","time":1611081353,"event":{"mods":["100% Spire Juice","BaseMod","Minty Spire (QoL Compilation)","StSLib"],"gold_per_floor":[112,124,138,152,1,1,34,34,59,134,134,134,134,12,12,115,165,182,37,48,48,147,147,158,175,250,250,99,99,99,99,99,99,99],"floor_reached":33,"language":"ENG","playtime":1441,"items_purged":[],"score":241,"play_id":"fd4c94c5-108f-4c0a-a8b0-532e1c1d7a29","local_time":"20210119133553","is_ascension_mode":false,"campfire_choices":[{"floor":6,"key":"REST"},{"floor":8,"key":"REST"},{"data":"Choke","floor":11,"key":"SMITH"},{"data":"Terror","floor":15,"key":"SMITH"},{"floor":23,"key":"REST"},{"floor":32,"key":"REST"}],"circlet_count":0,"master_deck":["Strike_G","Strike_G+1","Strike_G+1","Strike_G","Strike_G","Defend_G","Defend_G","Defend_G","Defend_G","Defend_G","Survivor","Neutralize","Choke+1","Blade Dance+1","Terror+1","Poisoned Stab","Deflect","Backstab","Blade Dance","Envenom","Bouncing Flask","Deflect","Dagger Spray","Blade Dance","Infinite Blades"],"relics":["Ring of the Snake","NeowsBlessing","Juzu Bracelet","Whetstone","Lantern","Tiny House","Anchor","Ornamental Fan","TwistedFunnel","MutagenicStrength"],"acts_visited":["Exordium","TheCity"],"potions_floor_usage":[7,16,33,33],"damage_taken":[{"damage":0,"enemies":"Cultist","floor":1,"turns":1},{"damage":0,"enemies":"Small Slimes","floor":2,"turns":1},{"damage":0,"enemies":"Jaw Worm","floor":3,"turns":1},{"damage":24,"enemies":"Exordium Thugs","floor":4,"turns":6},{"damage":22,"enemies":"Gremlin Nob","floor":7,"turns":5},{"damage":27,"enemies":"Hexaghost","floor":16,"turns":8},{"damage":9,"enemies":"Shell Parasite","floor":18,"turns":4},{"damage":28,"enemies":"Spheric Guardian","floor":20,"turns":5},{"damage":5,"enemies":"Shelled Parasite and Fungi","floor":24,"turns":3},{"damage":25,"enemies":"Centurion and Healer","floor":25,"turns":4},{"damage":62,"enemies":"Automaton","floor":33,"turns":6}],"seed_played":"-2167618939218771430","potions_obtained":[{"floor":4,"key":"Weak Potion"},{"floor":7,"key":"Poison Potion"},{"floor":13,"key":"Energy Potion"},{"floor":13,"key":"Poison Potion"},{"floor":16,"key":"SteroidPotion"}],"is_trial":false,"path_per_floor":["M","M","M","M","$","R","E","R","T","?","R","?","?","$","R","B",null,"M","$","M","?","?","R","M","M","T","?","$","?","?","?","R","B"],"character_chosen":"THE_SILENT","items_purchased":["Juzu Bracelet","Backstab","Blade Dance","Anchor","TwistedFunnel"],"campfire_rested":4,"item_purchase_floors":[5,14,14,19,28],"current_hp_per_floor":[70,70,70,46,46,67,45,66,66,66,66,71,71,71,71,44,80,71,71,43,43,43,67,62,37,37,37,37,31,31,31,55,0,0],"gold":99,"neow_bonus":"THREE_ENEMY_KILL","is_daily":false,"chose_seed":false,"campfire_upgraded":2,"win_rate":0.0,"timestamp":1611081353,"path_taken":["M","M","M","?","$","R","E","R","T","?","R","?","?","$","R","BOSS","M","$","M","?","?","R","M","M","T","?","$","?","?","?","R","BOSS"],"items_purchased_type":["Relic","Card","Card","Relic","Relic"],"build_version":"2020-12-22","purchased_purges":0,"victory":false,"max_hp_per_floor":[70,70,70,70,70,70,70,70,70,70,70,75,75,75,75,75,80,80,80,80,80,80,80,80,80,80,80,80,80,80,80,80,80,80],"card_choices":[{"not_picked":["Sucker Punch","PiercingWail"],"picked":"Choke","floor":1},{"not_picked":["PiercingWail","Blur"],"picked":"Blade Dance","floor":2},{"not_picked":["Dodge and Roll","Catalyst"],"picked":"Terror","floor":3},{"not_picked":["Skewer","Calculated Gamble"],"picked":"Poisoned Stab","floor":4},{"not_picked":["Acrobatics","Calculated Gamble"],"picked":"Deflect","floor":7},{"not_picked":["Malaise","A Thousand Cuts"],"picked":"Envenom","floor":16},{"not_picked":["Flying Knee","Prepared"],"picked":"Bouncing Flask","floor":17},{"not_picked":["Riddle With Holes","Outmaneuver"],"picked":"Deflect","floor":18},{"not_picked":["Acrobatics","Quick Slash"],"picked":"Dagger Spray","floor":20},{"not_picked":["Blur","Flechettes"],"picked":"Blade Dance","floor":24},{"not_picked":["Eviscerate+1","Sucker Punch"],"picked":"Infinite Blades","floor":25}],"player_experience":112436,"relics_obtained":[{"floor":7,"key":"Whetstone"},{"floor":9,"key":"Lantern"},{"floor":26,"key":"Ornamental Fan"}],"event_choices":[{"damage_healed":0,"gold_gain":75,"player_choice":"Gained Gold","damage_taken":0,"max_hp_gain":0,"max_hp_loss":0,"event_name":"Golden Wing","floor":10,"gold_loss":0},{"damage_healed":0,"gold_gain":0,"player_choice":"Donut","damage_taken":0,"max_hp_gain":5,"max_hp_loss":0,"event_name":"Big Fish","floor":12,"gold_loss":0},{"damage_healed":0,"gold_gain":0,"player_choice":"Got Potions","damage_taken":0,"max_hp_gain":0,"max_hp_loss":0,"event_name":"Lab","floor":13,"gold_loss":0},{"damage_healed":0,"gold_gain":0,"player_choice":"Ignored","damage_taken":0,"max_hp_gain":0,"max_hp_loss":0,"event_name":"Vampires","floor":21,"gold_loss":0},{"damage_healed":0,"gold_gain":99,"player_choice":"Stole From Cult","damage_taken":0,"max_hp_gain":0,"max_hp_loss":0,"event_name":"Nest","floor":22,"gold_loss":0},{"damage_healed":0,"gold_gain":0,"player_choice":"Ignored","damage_taken":0,"max_hp_gain":0,"max_hp_loss":0,"event_name":"Ghosts","floor":27,"gold_loss":0},{"damage_healed":0,"gold_gain":0,"player_choice":"","damage_taken":6,"max_hp_gain":0,"max_hp_loss":0,"event_name":"Knowing Skull","floor":29,"potions_obtained":[],"gold_loss":0,"cards_obtained":[]},{"damage_healed":0,"gold_gain":0,"player_choice":"Ignored","damage_taken":0,"max_hp_gain":0,"max_hp_loss":0,"event_name":"Beggar","floor":30,"gold_loss":0},{"damage_healed":0,"gold_gain":0,"player_choice":"Inject Mutagens","damage_taken":0,"relics_obtained":["MutagenicStrength"],"max_hp_gain":0,"max_hp_loss":0,"event_name":"Drug Dealer","floor":31,"gold_loss":0}],"is_beta":false,"boss_relics":[{"not_picked":["Ring of the Serpent","Fusion Hammer"],"picked":"Tiny House"}],"items_purged_floors":[],"is_endless":false,"potions_floor_spawned":[4,7,16,18,24],"killed_by":"Automaton","ascension_level":0}}