{"host":"sc0o2qwpf9j16a4i","time":1611087701,"event":{"mods":["AchievementEnabler","BaseMod","BetterRewards","Block Reminder","Colored Map","Colored Powertips","Custom Start","Highlight Path","Minty Spire (QoL Compilation)","Relic Stats"],"gold_per_floor":[109,125,125,136,61,61,91,101,101,101,176,176,204,222,222,301,301,314,325,9,20,20,20,47,47,47,81,1,35,35,35,35,113,113,128,153,18,30,49,83,83,116,141,141,141,141],"floor_reached":45,"language":"ENG","playtime":1768,"items_purged":["Strike_G","Strike_G"],"score":1424,"play_id":"0bcc5373-a736-49c5-8b44-53dfa2cb0d17","local_time":"20210119222141","is_ascension_mode":true,"campfire_choices":[{"floor":6,"key":"REST"},{"data":"Noxious Fumes","floor":10,"key":"SMITH"},{"floor":15,"key":"REST"},{"data":"Malaise","floor":23,"key":"SMITH"},{"data":"Night Terror","floor":25,"key":"SMITH"},{"floor":30,"key":"REST"},{"data":"After Image","floor":32,"key":"SMITH"},{"floor":41,"key":"REST"},{"floor":44,"key":"RECALL"}],"circlet_count":0,"master_deck":["AscendersBane","Strike_G","Defend_G","Defend_G","Defend_G","Defend_G","Defend_G","Survivor","Neutralize","Noxious Fumes+1","Dagger Throw","Predator","Flying Knee+1","Glass Knife+1","Infinite Blades","Malaise+1","CurseOfTheBell","Night Terror+1","Calculated Gamble","Leg Sweep","PiercingWail","After Image+1","Catalyst+1","Deflect","Malaise","Blur+1","Bouncing Flask","Parasite","Caltrops+1","Footwork+1"],"relics":["Ring of the Snake","ClockworkSouvenir","Mercury Hourglass","Strawberry","Eternal Feather","Thread and Needle","Calling Bell","PreservedInsect","InkBottle","Ginger","OrangePellets","Art of War","Paper Crane","The Courier","Whetstone","Philosopher\u0027s Stone","Peace Pipe","Membership Card","Shuriken","Du-Vu Doll"],"acts_visited":["Exordium","TheCity","TheBeyond"],"potions_floor_usage":[7,8,16,18,19,24,27,35,45],"damage_taken":[{"damage":0,"enemies":"2 Louse","floor":1,"turns":3},{"damage":2,"enemies":"Small Slimes","floor":2,"turns":3},{"damage":4,"enemies":"Jaw Worm","floor":4,"turns":5},{"damage":5,"enemies":"Lagavulin","floor":7,"turns":6},{"damage":0,"enemies":"Gremlin Gang","floor":8,"turns":4},{"damage":24,"enemies":"Gremlin Nob","floor":13,"turns":4},{"damage":0,"enemies":"Exordium Wildlife","floor":14,"turns":4},{"damage":6,"enemies":"The Guardian","floor":16,"turns":9},{"damage":18,"enemies":"2 Thieves","floor":18,"turns":5},{"damage":5,"enemies":"Shell Parasite","floor":19,"turns":7},{"damage":9,"enemies":"Sentry and Sphere","floor":21,"turns":8},{"damage":11,"enemies":"Gremlin Leader","floor":24,"turns":6},{"damage":11,"enemies":"Slavers","floor":27,"turns":4},{"damage":8,"enemies":"Gremlin Leader","floor":29,"turns":5},{"damage":18,"enemies":"Automaton","floor":33,"turns":12},{"damage":0,"enemies":"3 Shapes","floor":35,"turns":4},{"damage":14,"enemies":"Mind Bloom Boss Battle","floor":36,"turns":10},{"damage":21,"enemies":"3 Darklings","floor":38,"turns":6},{"damage":0,"enemies":"Writhing Mass","floor":39,"turns":10},{"damage":3,"enemies":"Giant Head","floor":40,"turns":9},{"damage":0,"enemies":"Nemesis","floor":42,"turns":9},{"damage":29,"enemies":"2 Orb Walkers","floor":45,"turns":4}],"seed_played":"-6918877729617930203","potions_obtained":[{"floor":2,"key":"LiquidMemories"},{"floor":13,"key":"CunningPotion"},{"floor":14,"key":"ColorlessPotion"},{"floor":18,"key":"ColorlessPotion"},{"floor":24,"key":"GhostInAJar"},{"floor":33,"key":"Fire Potion"},{"floor":40,"key":"Strength Potion"},{"floor":42,"key":"AttackPotion"}],"is_trial":false,"path_per_floor":["M","M","?","M","?","R","E","M","T","R","?","?","E","M","R","B",null,"M","M","$","M","?","R","E","R","T","E","$","E","R","$","R","B",null,"M","?","$","M","M","E","R","E","T","R","?"],"character_chosen":"THE_SILENT","items_purchased":["ClockworkSouvenir","Noxious Fumes","Mercury Hourglass","Dagger Throw","SteroidPotion","OrangePellets","Leg Sweep","Fire Potion","Membership Card"],"campfire_rested":4,"item_purchase_floors":[0,0,0,0,0,20,20,20,37],"current_hp_per_floor":[36,34,27,23,23,42,44,44,44,50,39,39,15,15,45,39,65,47,42,42,33,33,45,34,46,46,35,35,27,60,60,72,54,68,68,54,54,33,33,30,66,66,66,73,44,44],"gold":141,"neow_bonus":"","is_daily":false,"chose_seed":false,"campfire_upgraded":4,"win_rate":0.0,"timestamp":1611087701,"path_taken":["M","M","?","M","?","R","E","M","T","R","?","?","E","?","R","BOSS","M","M","$","?","?","R","E","R","T","E","?","E","R","$","R","BOSS","M","?","$","M","M","E","R","E","T","R","?"],"items_purchased_type":["Relic","Card","Relic","Card","Potion","Relic","Card","Potion","Relic"],"build_version":"2020-12-22","purchased_purges":2,"victory":false,"max_hp_per_floor":[66,66,66,66,66,66,73,73,73,73,73,73,73,73,73,73,73,73,73,73,73,73,73,73,73,73,73,73,73,73,73,73,73,73,73,73,73,73,73,73,73,73,73,73,73,73],"relic_stats":{"counters":[138,749],"Eternal Feather":85,"PreservedInsect":1423,"Ginger":[11],"Whetstone":["Bash","Clothesline","Uppercut","Strike_R","Glass Knife","Flying Knee"],"Mercury Hourglass":[465],"Peace Pipe":1,"OrangePellets":[0],"Shuriken":[1],"Art of War":[21],"obtain_stats":[{"TwistedFunnel":0,"Gremlin Horn":12,"Whetstone":13,"Ginger":17,"Boot":20,"Sling":0,"Blood Vial":20,"Strawberry":7,"MealTicket":0,"Philosopher\u0027s Stone":34,"Toxic Egg 2":39,"Pear":45,"Happy Flower":26,"Blue Candle":9,"Astrolabe":17,"Velvet Choker":17,"Oddly Smooth Stone":9,"Eternal Feather":28,"Pen Nib":13,"Letter Opener":7,"War Paint":6,"Paper Crane":9,"Akabeko":4,"WarpedTongs":29,"Du-Vu Doll":12,"OrangePellets":20,"Shuriken":9,"Bronze Scales":9,"Pandora\u0027s Box":17,"Molten Egg 2":42,"Nloth\u0027s Gift":19,"Regal Pillow":9,"Lantern":7,"Mango":28,"StoneCalendar":0,"Snake Skull":10,"Bag of Preparation":11,"Cursed Key":17,"ClockworkSouvenir":0,"Matryoshka":30,"Ninja Scroll":14,"Tiny Chest":30,"WingedGreaves":7,"Chemical X":11,"InkBottle":17,"Ring of the Snake":0,"Runic Pyramid":34,"Lee\u0027s Waffle":0,"NeowsBlessing":0,"The Specimen":0,"Golden Idol":13,"Thread and Needle":13,"PreservedInsect":14,"The Courier":27,"Omamori":11,"Frozen Egg 2":7,"MawBank":7,"Medical Kit":0,"White Beast Statue":9,"Mercury Hourglass":10,"Calling Bell":17,"Peace Pipe":36,"Strange Spoon":0,"Bloody Idol":22,"Orrery":29,"Turnip":9,"Art of War":24,"Bottled Lightning":29,"Membership Card":37,"Toy Ornithopter":24},{"TwistedFunnel":20,"Gremlin Horn":17,"Whetstone":41,"Ginger":124,"Boot":8,"Sling":13,"Blood Vial":112,"Strawberry":120,"MealTicket":13,"Philosopher\u0027s Stone":94,"Toxic Egg 2":66,"Pear":100,"Happy Flower":9,"Blue Candle":15,"Astrolabe":43,"Velvet Choker":6,"Oddly Smooth Stone":55,"Eternal Feather":47,"Pen Nib":77,"Letter Opener":24,"War Paint":15,"Paper Crane":107,"Akabeko":22,"WarpedTongs":10,"Du-Vu Doll":33,"OrangePellets":126,"Shuriken":32,"Bronze Scales":25,"Pandora\u0027s Box":58,"Molten Egg 2":67,"Nloth\u0027s Gift":59,"Regal Pillow":39,"Lantern":55,"Mango":10,"StoneCalendar":50,"Snake Skull":108,"Bag of Preparation":5,"Cursed Key":88,"ClockworkSouvenir":116,"Matryoshka":92,"Ninja Scroll":19,"Tiny Chest":11,"WingedGreaves":4,"Chemical X":56,"InkBottle":124,"Ring of the Snake":0,"Runic Pyramid":64,"Lee\u0027s Waffle":50,"NeowsBlessing":0,"The Specimen":102,"Golden Idol":5,"Thread and Needle":122,"PreservedInsect":87,"The Courier":129,"Omamori":32,"Frozen Egg 2":106,"MawBank":38,"Medical Kit":102,"White Beast Statue":85,"Mercury Hourglass":85,"Calling Bell":124,"Peace Pipe":133,"Strange Spoon":102,"Bloody Idol":8,"Orrery":62,"Turnip":4,"Art of War":128,"Bottled Lightning":48,"Membership Card":133,"Toy Ornithopter":9},{"TwistedFunnel":130,"Gremlin Horn":111,"Whetstone":225,"Ginger":650,"Boot":40,"Sling":86,"Blood Vial":588,"Strawberry":629,"MealTicket":86,"Philosopher\u0027s Stone":494,"Toxic Egg 2":368,"Pear":533,"Happy Flower":47,"Blue Candle":97,"Astrolabe":239,"Velvet Choker":28,"Oddly Smooth Stone":307,"Eternal Feather":267,"Pen Nib":405,"Letter Opener":149,"War Paint":97,"Paper Crane":559,"Akabeko":142,"WarpedTongs":53,"Du-Vu Doll":204,"OrangePellets":662,"Shuriken":199,"Bronze Scales":153,"Pandora\u0027s Box":325,"Molten Egg 2":374,"Nloth\u0027s Gift":328,"Regal Pillow":220,"Lantern":307,"Mango":53,"StoneCalendar":284,"Snake Skull":565,"Bag of Preparation":18,"Cursed Key":455,"ClockworkSouvenir":613,"Matryoshka":475,"Ninja Scroll":121,"Tiny Chest":62,"WingedGreaves":11,"Chemical X":310,"InkBottle":650,"Ring of the Snake":0,"Runic Pyramid":361,"Lee\u0027s Waffle":284,"NeowsBlessing":0,"The Specimen":541,"Golden Idol":18,"Thread and Needle":637,"PreservedInsect":448,"The Courier":680,"Omamori":199,"Frozen Egg 2":554,"MawBank":218,"Medical Kit":541,"White Beast Statue":438,"Mercury Hourglass":438,"Calling Bell":650,"Peace Pipe":711,"Strange Spoon":541,"Bloody Idol":40,"Orrery":343,"Turnip":11,"Art of War":676,"Bottled Lightning":273,"Membership Card":711,"Toy Ornithopter":47}],"InkBottle":[34],"Ring of the Snake":[140]},"card_choices":[{"not_picked":["Backflip","Acrobatics","Dodge and Roll"],"picked":"SKIP","floor":1},{"not_picked":["Dodge and Roll","Underhanded Strike"],"picked":"Predator","floor":2},{"not_picked":["Heel Hook","Cloak And Dagger","Backflip"],"picked":"SKIP","floor":4},{"not_picked":["Poisoned Stab","Dagger Throw","Slice"],"picked":"SKIP","floor":7},{"not_picked":["Poisoned Stab","Dagger Throw","Slice"],"picked":"SKIP","floor":7},{"not_picked":["Backflip","Slice"],"picked":"Flying Knee","floor":8},{"not_picked":["Heel Hook","Outmaneuver"],"picked":"Glass Knife","floor":13},{"not_picked":["Bane","Deadly Poison"],"picked":"Infinite Blades","floor":14},{"not_picked":["Storm of Steel","Envenom"],"picked":"Malaise","floor":16},{"not_picked":["Prepared","Outmaneuver"],"picked":"Night Terror","floor":18},{"not_picked":["Backflip","Dodge and Roll"],"picked":"Calculated Gamble","floor":19},{"not_picked":["Concentrate","Setup","Distraction"],"picked":"SKIP","floor":21},{"not_picked":["PiercingWail","Flechettes"],"picked":"After Image","floor":24},{"not_picked":["Backflip+1","Expertise"],"picked":"Catalyst+1","floor":27},{"not_picked":["Slice","Tactician"],"picked":"Deflect","floor":29},{"not_picked":["Die Die Die","Adrenaline"],"picked":"Malaise","floor":33},{"not_picked":["Deflect","Escape Plan"],"picked":"Blur+1","floor":35},{"not_picked":["Outmaneuver","Dagger Spray+1"],"picked":"Bouncing Flask","floor":38},{"not_picked":["Quick Slash","Dagger Throw","Slice"],"picked":"SKIP","floor":39},{"not_picked":["Dash","Blade Dance"],"picked":"Caltrops+1","floor":40},{"not_picked":["Reflex","PiercingWail"],"picked":"Footwork+1","floor":42}],"player_experience":769889,"relics_obtained":[{"floor":7,"key":"Strawberry"},{"floor":9,"key":"Eternal Feather"},{"floor":13,"key":"Thread and Needle"},{"floor":17,"key":"PreservedInsect"},{"floor":17,"key":"InkBottle"},{"floor":17,"key":"Ginger"},{"floor":24,"key":"Art of War"},{"floor":26,"key":"Paper Crane"},{"floor":27,"key":"The Courier"},{"floor":29,"key":"Whetstone"},{"floor":36,"key":"Peace Pipe"},{"floor":40,"key":"Shuriken"},{"floor":42,"key":"Du-Vu Doll"}],"event_choices":[{"cards_removed":["Strike_G"],"damage_healed":0,"gold_gain":0,"player_choice":"Card Removal","damage_taken":7,"max_hp_gain":0,"max_hp_loss":0,"event_name":"Golden Wing","floor":3,"gold_loss":0},{"cards_removed":["Strike_G"],"damage_healed":0,"gold_gain":0,"player_choice":"Card Removal","damage_taken":0,"max_hp_gain":0,"max_hp_loss":0,"event_name":"The Cleric","floor":5,"gold_loss":75},{"damage_healed":0,"gold_gain":75,"player_choice":"Gather Gold","damage_taken":11,"max_hp_gain":0,"max_hp_loss":0,"event_name":"World of Goop","floor":11,"gold_loss":0},{"damage_healed":0,"gold_gain":0,"player_choice":"Searched \u00270\u0027 times","damage_taken":0,"max_hp_gain":0,"max_hp_loss":0,"event_name":"Dead Adventurer","floor":12,"gold_loss":0},{"damage_healed":0,"gold_gain":0,"player_choice":"Read","damage_taken":0,"max_hp_gain":0,"max_hp_loss":0,"event_name":"The Library","floor":22,"gold_loss":0,"cards_obtained":["PiercingWail"]},{"damage_healed":0,"gold_gain":0,"player_choice":"Fight","damage_taken":0,"max_hp_gain":0,"max_hp_loss":0,"event_name":"MindBloom","floor":36,"gold_loss":0},{"damage_healed":0,"gold_gain":0,"player_choice":"Fight","damage_taken":0,"max_hp_gain":0,"max_hp_loss":0,"event_name":"Mysterious Sphere","floor":45,"gold_loss":0}],"is_beta":false,"boss_relics":[{"not_picked":["HoveringKite","WristBlade"],"picked":"Calling Bell"},{"not_picked":["Pandora\u0027s Box","Fusion Hammer"],"picked":"Philosopher\u0027s Stone"}],"items_purged_floors":[0,28],"is_endless":false,"potions_floor_spawned":[2,4,13,14,18,24,33,40,42],"killed_by":"2 Orb Walkers","ascension_level":20}}