{"host":"cvjufw5k2cirmttm","time":1611093241,"event":{"mods":["AchievementEnabler","BaseMod","Colored Map","Colored Powertips","Minty Spire (QoL Compilation)"],"gold_per_floor":[116,132,132,132,150,179,454,489,562,562,573,543,543,555,555,659,659,645,661,661,673,673,673],"floor_reached":22,"language":"RUS","playtime":2705,"items_purged":[],"score":197,"play_id":"e851947d-147f-437c-bee7-d5181f7ac98d","local_time":"20210120005401","is_ascension_mode":false,"campfire_choices":[{"floor":10,"key":"REST"},{"floor":15,"key":"REST"}],"circlet_count":0,"master_deck":["Strike_B","Strike_B","Strike_B","Defend_B","Defend_B","Defend_B","Defend_B","Zap+1","Dualcast","Leap","White Noise","Defragment+1","Amplify"],"relics":["Cracked Core","Happy Flower","Frozen Egg 2","Spirit Poop","Black Star","Nloth\u0027s Gift"],"acts_visited":["Exordium","TheCity"],"potions_floor_usage":[0,8,16,18,22,22],"damage_taken":[{"damage":3,"enemies":"Jaw Worm","floor":1,"turns":3},{"damage":0,"enemies":"2 Louse","floor":2,"turns":3},{"damage":0,"enemies":"Cultist","floor":5,"turns":4},{"damage":28,"enemies":"Lagavulin","floor":6,"turns":7},{"damage":25,"enemies":"Gremlin Nob","floor":8,"turns":4},{"damage":18,"enemies":"2 Fungi Beasts","floor":11,"turns":4},{"damage":24,"enemies":"Exordium Thugs","floor":12,"turns":5},{"damage":0,"enemies":"Gremlin Gang","floor":14,"turns":1},{"damage":17,"enemies":"Slime Boss","floor":16,"turns":10},{"damage":20,"enemies":"2 Thieves","floor":18,"turns":5},{"damage":17,"enemies":"Shell Parasite","floor":19,"turns":5},{"damage":14,"enemies":"Chosen and Byrds","floor":21,"turns":5},{"damage":31,"enemies":"Snake Plant","floor":22,"turns":4}],"seed_played":"2219353730759831946","potions_obtained":[{"floor":0,"key":"Fire Potion"},{"floor":0,"key":"Fruit Juice"},{"floor":0,"key":"FairyPotion"},{"floor":1,"key":"BlessingOfTheForge"},{"floor":16,"key":"Explosive Potion"},{"floor":18,"key":"EssenceOfSteel"},{"floor":21,"key":"GamblersBrew"}],"is_trial":false,"path_per_floor":["M","M","?","?","M","E","?","E","T","R","M","M","?","M","R","B",null,"M","M","?","M","M"],"character_chosen":"DEFECT","items_purchased":[],"campfire_rested":2,"item_purchase_floors":[],"current_hp_per_floor":[77,77,77,70,70,42,42,17,17,41,23,24,24,24,48,31,80,60,43,43,29,0,0],"gold":673,"neow_bonus":"THREE_SMALL_POTIONS","is_daily":false,"chose_seed":false,"campfire_upgraded":0,"win_rate":0.0,"timestamp":1611093241,"path_taken":["M","M","?","?","M","E","?","E","T","R","?","M","?","M","R","BOSS","M","M","?","?","M"],"items_purchased_type":[],"build_version":"2020-12-22","purchased_purges":0,"victory":false,"max_hp_per_floor":[80,80,80,80,80,80,80,80,80,80,80,80,80,80,80,80,80,80,80,80,80,80,80],"card_choices":[{"not_picked":["Scrape","Ball Lightning","Redo"],"picked":"SKIP","floor":1},{"not_picked":["Redo","Compile Driver","Go for the Eyes"],"picked":"SKIP","floor":2},{"not_picked":["Coolheaded","Glacier"],"picked":"Leap","floor":5},{"not_picked":["Rebound","Fusion","Force Field"],"picked":"SKIP","floor":6},{"not_picked":["Turbo","Ball Lightning"],"picked":"White Noise","floor":8},{"not_picked":["Rebound","FTL","Hologram"],"picked":"SKIP","floor":11},{"not_picked":["Gash","Turbo"],"picked":"Defragment+1","floor":12},{"not_picked":["Glacier","Stack","Static Discharge+1"],"picked":"SKIP","floor":14},{"not_picked":["Meteor Strike","Electrodynamics+1"],"picked":"Amplify","floor":16},{"not_picked":["Turbo+1","Gash+1","Coolheaded"],"picked":"SKIP","floor":18},{"not_picked":["Aggregate","Barrage","Cold Snap"],"picked":"SKIP","floor":19},{"not_picked":["Sweeping Beam","Turbo","Reprogram"],"picked":"SKIP","floor":21}],"player_experience":109993,"relics_obtained":[{"floor":6,"key":"Shovel"},{"floor":8,"key":"Happy Flower"},{"floor":9,"key":"Frozen Egg 2"}],"event_choices":[{"damage_healed":0,"gold_gain":0,"player_choice":"Grow","damage_taken":0,"max_hp_gain":0,"max_hp_loss":0,"event_name":"Living Wall","floor":3,"gold_loss":0,"cards_upgraded":["Zap"]},{"cards_removed":["Strike_B"],"damage_healed":0,"gold_gain":0,"player_choice":"Card Removal","damage_taken":7,"max_hp_gain":0,"max_hp_loss":0,"event_name":"Golden Wing","floor":4,"gold_loss":0},{"damage_healed":0,"gold_gain":275,"player_choice":"Desecrate","damage_taken":0,"max_hp_gain":0,"max_hp_loss":0,"event_name":"Golden Shrine","floor":7,"gold_loss":0,"cards_obtained":["Regret"]},{"cards_removed":["Regret"],"damage_healed":0,"gold_gain":0,"player_choice":"Offered Curse","damage_taken":0,"relics_obtained":["Spirit Poop"],"max_hp_gain":0,"max_hp_loss":0,"event_name":"Bonfire Elementals","floor":13,"gold_loss":0},{"damage_healed":0,"gold_gain":0,"player_choice":"Traded Relic","damage_taken":0,"relics_obtained":["Nloth\u0027s Gift"],"max_hp_gain":0,"max_hp_loss":0,"event_name":"N\u0027loth","floor":20,"relics_lost":["Shovel"],"gold_loss":0}],"is_beta":false,"boss_relics":[{"not_picked":["Runic Pyramid","Fusion Hammer"],"picked":"Black Star"}],"items_purged_floors":[],"is_endless":false,"potions_floor_spawned":[1,2,16,18,21],"killed_by":"Snake Plant","ascension_level":0}}