{"host":"yvb207ks1sg3cxef","time":1611045005,"event":{"mods":["2.2 Compatiblity","BaseMod","Bestiary","Colored Powertips","Minty Spire (QoL Compilation)","Permanent Neow","Quick Restart","Relic Stats","StSLib"],"gold_per_floor":[117,130,147,158,128,128,154,154,154,154,154,180,180,212,212,310,310,329,329,339,359,379,412,430,462,462,462,493,510,510,526,526,624,624,634,634,645,662,676,709,709,736,763,788,788,823,823,445,445,445],"floor_reached":51,"language":"ENG","playtime":2642,"items_purged":["Defend_P"],"score":1772,"play_id":"6e6a467e-2c83-4c00-87a6-a8b99da86d1a","local_time":"20210119140005","is_ascension_mode":true,"campfire_choices":[{"data":"Apotheosis","floor":6.0,"key":"SMITH"},{"data":"Eruption","floor":8.0,"key":"SMITH"},{"floor":10.0,"key":"RECALL"},{"data":"Scrawl","floor":15.0,"key":"SMITH"},{"data":"Vault","floor":27.0,"key":"SMITH"},{"data":"Vault","floor":32,"key":"SMITH"},{"data":"Strike_P","floor":45,"key":"PURGE"},{"data":"Defend_P","floor":47,"key":"PURGE"},{"data":"Defend_P","floor":49,"key":"PURGE"}],"circlet_count":0,"master_deck":["AscendersBane","Defend_P","Eruption+1","Vigilance","Apotheosis+1","CrushJoints","Consecrate","CutThroughFate","Protect","Scrawl+1","SpiritShield","Vault+1","WheelKick","Sanctity","Vault+1","Meditate","Tantrum+1","Perseverance+1","Vault+1","Scrawl","Meditate","Perseverance+1","Adaptation","WheelKick+1","CutThroughFate+1","Pray+1"],"relics":["PureWater","Mummified Hand","InkBottle","Damaru","PreservedInsect","Black Star","Bag of Marbles","Darkstone Periapt","Oddly Smooth Stone","StoneCalendar","Yang","Mercury Hourglass","Lantern","Sozu","Ice Cream","Potion Belt","Frozen Egg 2","TeardropLocket","Ancient Tea Set","Peace Pipe","Turnip","Du-Vu Doll","Regal Pillow","Orrery","War Paint"],"acts_visited":["Exordium","TheCity","TheBeyond"],"potions_floor_usage":[28,33],"damage_taken":[{"damage":0.0,"enemies":"Cultist","floor":1.0,"turns":2.0},{"damage":0.0,"enemies":"2 Louse","floor":2.0,"turns":2.0},{"damage":0.0,"enemies":"Small Slimes","floor":3.0,"turns":2.0},{"damage":12.0,"enemies":"Exordium Wildlife","floor":4.0,"turns":3.0},{"damage":0.0,"enemies":"Lagavulin","floor":7.0,"turns":4.0},{"damage":0.0,"enemies":"Gremlin Nob","floor":12.0,"turns":2.0},{"damage":4.0,"enemies":"Lagavulin","floor":14.0,"turns":6.0},{"damage":12.0,"enemies":"Slime Boss","floor":16.0,"turns":8.0},{"damage":0.0,"enemies":"Spheric Guardian","floor":18.0,"turns":4.0},{"damage":0.0,"enemies":"2 Thieves","floor":20.0,"turns":2.0},{"damage":7.0,"enemies":"Centurion and Healer","floor":21.0,"turns":7.0},{"damage":2.0,"enemies":"Snecko","floor":22.0,"turns":6.0},{"damage":0.0,"enemies":"Gremlin Leader","floor":23.0,"turns":6.0},{"damage":12.0,"enemies":"Shelled Parasite and Fungi","floor":24.0,"turns":7.0},{"damage":19.0,"enemies":"Book of Stabbing","floor":25.0,"turns":6.0},{"damage":4,"enemies":"Slavers","floor":28,"turns":7},{"damage":0,"enemies":"Centurion and Healer","floor":29,"turns":4},{"damage":0,"enemies":"3 Cultists","floor":31,"turns":4},{"damage":3,"enemies":"Collector","floor":33,"turns":8},{"damage":0,"enemies":"3 Darklings","floor":35,"turns":6},{"damage":0,"enemies":"Orb Walker","floor":37,"turns":4},{"damage":0,"enemies":"4 Shapes","floor":38,"turns":3},{"damage":13,"enemies":"Sphere and 2 Shapes","floor":39,"turns":5},{"damage":0,"enemies":"Giant Head","floor":40,"turns":3},{"damage":0,"enemies":"Reptomancer","floor":42,"turns":3},{"damage":0,"enemies":"Nemesis","floor":44,"turns":4},{"damage":0,"enemies":"Reptomancer","floor":46,"turns":4},{"damage":0,"enemies":"Donu and Deca","floor":50,"turns":6}],"seed_played":"-7083711978058521417","potions_obtained":[{"floor":1.0,"key":"BlessingOfTheForge"},{"floor":2.0,"key":"ColorlessPotion"},{"floor":7.0,"key":"BottledMiracle"},{"floor":16.0,"key":"Ambrosia"},{"floor":18.0,"key":"Explosive Potion"},{"floor":21.0,"key":"Fruit Juice"},{"floor":23.0,"key":"StancePotion"},{"floor":25.0,"key":"StancePotion"},{"floor":28,"key":"GamblersBrew"}],"is_trial":false,"path_per_floor":["M","M","M","M","?","R","E","R","T","R","?","E","?","E","R","B",null,"M","?","M","M","M","E","M","E","T","R","E","M","?","M","R","B",null,"M","?","M","M","M","E","?","E","T","E","R","E","R","$","R","B",null],"character_chosen":"WATCHER","items_purchased":["Orrery","War Paint"],"campfire_rested":0,"item_purchase_floors":[48,48],"current_hp_per_floor":[47,47,47,35,35,35,35,35,35,35,28,28,33,29,29,17,62,62,62,62,55,53,53,41,27,27,27,23,23,23,23,23,20,67,67,67,67,67,54,54,54,54,54,54,54,54,54,54,54,54],"gold":445,"neow_bonus":"RANDOM_COLORLESS_2","is_daily":false,"chose_seed":false,"campfire_upgraded":5,"win_rate":0.0,"timestamp":1611045005,"path_taken":["M","M","?","M","?","R","E","R","T","R","?","E","?","E","R","BOSS","M","?","M","?","M","E","M","E","T","R","E","M","?","?","R","BOSS","M","?","M","M","M","E","?","E","T","E","R","E","R","$","R","BOSS"],"items_purchased_type":["Relic","Relic"],"build_version":"2020-12-22","purchased_purges":1,"victory":true,"max_hp_per_floor":[72,72,72,72,72,72,72,72,72,72,72,72,77,77,77,77,77,77,77,77,77,77,77,77,82,82,82,82,82,82,82,82,82,82,82,82,82,82,82,82,82,82,82,82,82,82,82,82,82,82],"relic_stats":{"Darkstone Periapt":0,"Regal Pillow":0,"counters":[28,126],"StoneCalendar":[65],"Yang":[111],"PreservedInsect":430,"War Paint":["Perseverance","Vault"],"Mercury Hourglass":[264],"Sozu":3,"Peace Pipe":3,"Mummified Hand":[10],"Turnip":[0],"Black Star":7,"obtain_stats":[{"Darkstone Periapt":23,"Ice Cream":40,"Lantern":28,"Regal Pillow":46,"StoneCalendar":25,"Yang":26,"TeardropLocket":42,"Ancient Tea Set":43,"Sozu":34,"Mummified Hand":7,"InkBottle":9,"Potion Belt":40,"Damaru":12,"Oddly Smooth Stone":25,"PreservedInsect":14,"Frozen Egg 2":42,"War Paint":48,"Mercury Hourglass":28,"Peace Pipe":44,"Du-Vu Doll":46,"Orrery":48,"Turnip":44,"Black Star":17,"Bag of Marbles":23,"PureWater":0},{"Darkstone Periapt":13,"Ice Cream":24,"Lantern":16,"Regal Pillow":27,"StoneCalendar":15,"Yang":15,"TeardropLocket":25,"Ancient Tea Set":25,"Sozu":19,"Mummified Hand":5,"InkBottle":5,"Potion Belt":24,"Damaru":6,"Oddly Smooth Stone":15,"PreservedInsect":7,"Frozen Egg 2":25,"War Paint":27,"Mercury Hourglass":16,"Peace Pipe":26,"Du-Vu Doll":27,"Orrery":27,"Turnip":26,"Black Star":8,"Bag of Marbles":13,"PureWater":0},{"Darkstone Periapt":54,"Ice Cream":111,"Lantern":74,"Regal Pillow":121,"StoneCalendar":67,"Yang":67,"TeardropLocket":114,"Ancient Tea Set":114,"Sozu":90,"Mummified Hand":13,"InkBottle":13,"Potion Belt":111,"Damaru":15,"Oddly Smooth Stone":67,"PreservedInsect":21,"Frozen Egg 2":114,"War Paint":121,"Mercury Hourglass":74,"Peace Pipe":118,"Du-Vu Doll":121,"Orrery":121,"Turnip":118,"Black Star":29,"Bag of Marbles":54,"PureWater":0}],"InkBottle":[41]},"card_choices":[{"not_picked":["Metamorphosis","Thinking Ahead"],"picked":"Apotheosis","floor":0.0},{"not_picked":["ReachHeaven","PathToVictory"],"picked":"CrushJoints","floor":1.0},{"not_picked":["EmptyFist","Crescendo"],"picked":"Consecrate","floor":2.0},{"not_picked":["Weave","Crescendo","Swivel"],"picked":"SKIP","floor":3.0},{"not_picked":["CrushJoints","Nirvana"],"picked":"CutThroughFate","floor":4.0},{"not_picked":["CutThroughFate","SashWhip"],"picked":"Protect","floor":7.0},{"not_picked":["Fasting2","Study"],"picked":"Scrawl","floor":12.0},{"not_picked":["BowlingBash","Crescendo"],"picked":"SpiritShield","floor":14.0},{"not_picked":["MasterReality","DevaForm"],"picked":"Vault","floor":16.0},{"not_picked":["FollowUp","Wallop"],"picked":"WheelKick","floor":18.0},{"not_picked":["JustLucky","FlyingSleeves+1","WreathOfFlame+1"],"picked":"SKIP","floor":20.0},{"not_picked":["FollowUp","JustLucky"],"picked":"Sanctity","floor":21.0},{"not_picked":["FlurryOfBlows+1","ClearTheMind"],"picked":"Vault","floor":22.0},{"not_picked":["Crescendo","Weave"],"picked":"Meditate","floor":23.0},{"not_picked":["JustLucky","Consecrate","EmptyFist"],"picked":"SKIP","floor":24.0},{"not_picked":["FlurryOfBlows","FollowUp"],"picked":"Tantrum+1","floor":25.0},{"not_picked":["Conclude","JustLucky","Tantrum"],"picked":"SKIP","floor":28},{"not_picked":["EmptyFist","JustLucky"],"picked":"Perseverance","floor":29},{"not_picked":["Vengeance","JustLucky"],"picked":"Vault","floor":31},{"not_picked":["SpiritShield","Ragnarok"],"picked":"Scrawl","floor":33},{"not_picked":["FlyingSleeves+1","CutThroughFate","Consecrate"],"picked":"SKIP","floor":35},{"not_picked":["JustLucky+1","FollowUp"],"picked":"Meditate","floor":37},{"not_picked":["EmptyBody+1","Halt"],"picked":"Perseverance+1","floor":38},{"not_picked":["ClearTheMind","BattleHymn"],"picked":"Adaptation","floor":39},{"not_picked":["Crescendo+1","Indignation","BowlingBash"],"picked":"SKIP","floor":40},{"not_picked":["Ragnarok","FlyingSleeves+1","PathToVictory+1"],"picked":"SKIP","floor":42},{"not_picked":["BowlingBash","SignatureMove","WaveOfTheHand"],"picked":"SKIP","floor":44},{"not_picked":["Consecrate","FlurryOfBlows","FlyingSleeves+1"],"picked":"SKIP","floor":46},{"not_picked":["Indignation","Sanctity"],"picked":"WheelKick+1","floor":48},{"not_picked":["ThirdEye","ClearTheMind"],"picked":"CutThroughFate+1","floor":48},{"not_picked":["ThirdEye","Conclude+1"],"picked":"Pray+1","floor":48}],"player_experience":387388,"relics_obtained":[{"floor":7.0,"key":"Mummified Hand"},{"floor":9.0,"key":"InkBottle"},{"floor":12.0,"key":"Damaru"},{"floor":14.0,"key":"PreservedInsect"},{"floor":23.0,"key":"Bag of Marbles"},{"floor":23.0,"key":"Darkstone Periapt"},{"floor":25.0,"key":"Oddly Smooth Stone"},{"floor":25.0,"key":"StoneCalendar"},{"floor":26.0,"key":"Yang"},{"floor":28,"key":"Mercury Hourglass"},{"floor":28,"key":"Lantern"},{"floor":40,"key":"Ice Cream"},{"floor":40,"key":"Potion Belt"},{"floor":42,"key":"Frozen Egg 2"},{"floor":42,"key":"TeardropLocket"},{"floor":43,"key":"Ancient Tea Set"},{"floor":44,"key":"Peace Pipe"},{"floor":44,"key":"Turnip"},{"floor":46,"key":"Du-Vu Doll"},{"floor":46,"key":"Regal Pillow"}],"event_choices":[{"damage_healed":0.0,"max_hp_gain":0.0,"max_hp_loss":0.0,"gold_gain":0.0,"event_name":"World of Goop","player_choice":"Left Gold","floor":5.0,"gold_loss":30.0,"damage_taken":0.0},{"cards_removed":["Strike_P"],"damage_healed":0.0,"max_hp_gain":0.0,"max_hp_loss":0.0,"gold_gain":0.0,"event_name":"Golden Wing","player_choice":"Card Removal","floor":11.0,"gold_loss":0.0,"damage_taken":7.0},{"damage_healed":0.0,"max_hp_gain":5.0,"max_hp_loss":0.0,"gold_gain":0.0,"event_name":"Big Fish","player_choice":"Donut","floor":13.0,"gold_loss":0.0,"damage_taken":0.0},{"cards_removed":["Strike_P"],"damage_healed":0.0,"max_hp_gain":0.0,"max_hp_loss":0.0,"gold_gain":0.0,"event_name":"Purifier","player_choice":"Purged","floor":19.0,"gold_loss":0.0,"damage_taken":0.0},{"damage_healed":0,"gold_gain":0,"cards_transformed":["Strike_P"],"player_choice":"Transformed","damage_taken":0,"max_hp_gain":0,"max_hp_loss":0,"event_name":"Transmorgrifier","floor":30,"gold_loss":0,"cards_obtained":["BattleHymn"]},{"cards_removed":["BattleHymn"],"damage_healed":0,"gold_gain":0,"player_choice":"Removed Power","damage_taken":0,"max_hp_gain":0,"max_hp_loss":0,"event_name":"Falling","floor":36,"gold_loss":0},{"damage_healed":0,"gold_gain":0,"player_choice":"Ignored","damage_taken":0,"max_hp_gain":0,"max_hp_loss":0,"event_name":"Tomb of Lord Red Mask","floor":41,"gold_loss":0}],"is_beta":false,"boss_relics":[{"not_picked":["Velvet Choker","Runic Dome"],"picked":"Black Star"},{"not_picked":["Busted Crown","Empty Cage"],"picked":"Sozu"}],"items_purged_floors":[48],"is_endless":false,"potions_floor_spawned":[1,2,7,16,18,21,23,25,28,39,40,46],"ascension_level":12}}