{"host":"6hzrz31j95f2y1pa","time":1611047711,"event":{"mods":["BaseMod","Colored Map","Downfall","Minty Spire (QoL Compilation)","StSLib"],"gold_per_floor":[99,114,129,145,165,177,177,195,95,545,570,570,249,266,280,280,280],"floor_reached":16,"language":"ENG","playtime":641,"items_purged":["bronze:Defend"],"score":111,"play_id":"a51e3a54-ca9e-46a2-be6e-de75e0c75a5f","local_time":"20210119041511","is_ascension_mode":true,"campfire_choices":[{"floor":1,"key":"RECALL"},{"floor":9,"key":"REST"},{"data":"bronze:ItsAFeature","floor":12,"key":"SMITH"}],"circlet_count":0,"master_deck":["bronze:Strike","bronze:Strike","bronze:Strike","bronze:Strike","bronze:Defend","bronze:Defend","bronze:Defend","bronze:Replicate","bronze:Goto","bronze:BurnOut","bronze:ItsAFeature+1","bronze:Iterate","bronze:WildBeam","bronze:Shield","bronze:Optimize","bronze:BugBarrage","downfall:Icky","downfall:Icky","downfall:Icky","bronze:Shield","bronze:InfiniteBeams","Bandage Up","bronze:Overheat","bronze:Invalidate","bronze:BuggyMess"],"relics":["bronze:BronzeCore","Gremlin Horn","downfall:HeartBlessingRed","Sundial","Membership Card"],"acts_visited":["Exordium"],"potions_floor_usage":[16,16,16],"damage_taken":[{"damage":1,"enemies":"Cultist","floor":2,"turns":3},{"damage":5,"enemies":"2 Louse","floor":3,"turns":3},{"damage":6,"enemies":"Jaw Worm","floor":4,"turns":4},{"damage":18,"enemies":"Exordium Wildlife","floor":5,"turns":6},{"damage":9,"enemies":"2 Fungi Beasts","floor":6,"turns":3},{"damage":4,"enemies":"Exordium Thugs","floor":8,"turns":4},{"damage":18,"enemies":"3 Sentries","floor":11,"turns":5},{"damage":4,"enemies":"downfall:FleeingMerchant","floor":13,"turns":4},{"damage":16,"enemies":"3 Louse","floor":14,"turns":3},{"damage":6,"enemies":"Red Slaver","floor":15,"turns":4},{"damage":16,"enemies":"SI_SHIV_ARCHETYPE","floor":16,"turns":3}],"seed_played":"-9168980509816741118","potions_obtained":[{"floor":2,"key":"hexamod:SoulburnPotion"},{"floor":6,"key":"PowerPotion"},{"floor":14,"key":"bronze:BurnAndBuffPotion"},{"floor":15,"key":"LiquidBronze"}],"is_trial":false,"path_per_floor":["R","M","M","M","M","M","T","M","R","?","E","R","$","M","M","B"],"character_chosen":"THE_AUTOMATON","items_purchased":["Membership Card","bronze:InfiniteBeams","Bandage Up","bronze:Overheat","bronze:Invalidate"],"campfire_rested":1,"item_purchase_floors":[13,13,13,13,13],"current_hp_per_floor":[70,69,64,58,40,31,31,27,48,48,30,30,26,14,12,0,0],"gold":280,"neow_bonus":"ONE_RANDOM_RARE_CARD","is_daily":false,"chose_seed":false,"campfire_upgraded":1,"win_rate":0.0,"timestamp":1611047711,"path_taken":["R","M","M","M","M","M","T","M","R","?","E","R","$","M","M","BOSS"],"items_purchased_type":["Relic","Card","Card","Card","Card"],"build_version":"2020-12-22","purchased_purges":1,"victory":false,"max_hp_per_floor":[70,70,70,70,70,70,70,70,70,70,70,70,70,70,70,70,70],"card_choices":[{"not_picked":["bronze:BitShift","bronze:BuggyMess"],"picked":"bronze:ItsAFeature","floor":2},{"not_picked":["bronze:DigitalCarnage","bronze:ItsAFeature"],"picked":"bronze:Iterate","floor":3},{"not_picked":["bronze:Invalidate","bronze:Shield"],"picked":"bronze:WildBeam","floor":4},{"not_picked":["bronze:FineTuning","bronze:DelayedGuard"],"picked":"bronze:Shield","floor":5},{"not_picked":["bronze:Constructor","bronze:Deprecate"],"picked":"bronze:Optimize","floor":6},{"not_picked":["bronze:Assembly","bronze:BitShift"],"picked":"bronze:BugBarrage","floor":8},{"not_picked":["bronze:ChildClass","bronze:DelayedGuard","bronze:Refactor"],"picked":"SKIP","floor":11},{"not_picked":["bronze:BitShift","bronze:Boost"],"picked":"bronze:Shield","floor":13},{"not_picked":["bronze:WhirlingStrike","bronze:ForceShield","bronze:OilSpill"],"picked":"SKIP","floor":14},{"not_picked":["bronze:Philosophize","bronze:CloningBeam"],"picked":"bronze:BuggyMess","floor":15}],"player_experience":1366883,"relics_obtained":[{"floor":7,"key":"Gremlin Horn"},{"floor":11,"key":"Sundial"}],"event_choices":[],"is_beta":false,"boss_relics":[],"items_purged_floors":[13],"is_endless":false,"potions_floor_spawned":[2,6,14,15],"killed_by":"SI_SHIV_ARCHETYPE","ascension_level":1}}