{"host":"sn3z3ri9wzge00zg","time":1611089982,"event":{"mods":["BaseMod","BetterRewards","Colored Map","Hubris","Infinite Spire","Minty Spire (QoL Compilation)","Replay The Spire","Shop Mod","StSLib"],"gold_per_floor":[911,930,216,166,182,212,184,184,184,218,218,248,1048,366,366,467,467,485,485,500,735,752,784,784,798,821,821,821,821,941,439,439,543,543,561,576,657,674,800,800,826,842,868,968,968,968,27,61,61,61,61,61,77,104,104],"floor_reached":56,"language":"RUS","playtime":3355,"items_purged":["Defend_G","Strike_G","Strike_G","Strike_G","Strike_G","Parasite"],"score":1570,"play_id":"74d4ad92-3b18-4e41-ae93-42dc752a1dfb","local_time":"20210120005942","is_ascension_mode":true,"campfire_choices":[{"data":"Noxious Fumes","floor":8,"key":"SMITH"},{"floor":15,"key":"REST"},{"floor":24,"key":"REST"},{"floor":27,"key":"RECALL"},{"data":"Mayhem","floor":32,"key":"SMITH"},{"data":"After Image","floor":40,"key":"SMITH"},{"floor":46,"key":"REST"},{"data":"hubris:Rewind","floor":49,"key":"SMITH"},{"floor":52,"key":"REST"}],"circlet_count":0,"master_deck":["Defend_G+1","Defend_G","Defend_G+1","Defend_G+1","Survivor","Neutralize+1","ReplayTheSpireMod:The Works+1","Calculated Gamble","Noxious Fumes+1","Dagger Spray","Escape Plan","Bouncing Flask","Replay:Bag of Tricks","Mayhem+1","After Image+1","Toxin Wave","Toxin Wave","Prepared+1","Noxious Fumes","Crippling Poison+1","Toxin Wave+1","Deadly Poison+1","infinitespire:Collect+1","hubris:Rewind+1","ReplayTheSpireMod:Speed Training+1","ReplayTheSpireMod:Speed Training+1"],"relics":["Ring of the Snake","hubris:ToyBattleship","infinitespire:WardingShard","Gremlin Food","Cauldron","Darkstone Periapt","Byrd Skull","Juzu Bracelet","Toy Ornithopter","Replay:Towering Pillar of Hats","BargainBundle","The Specimen","Replay:Bronze Core","hubris:AncientText","Paper Crane","Dream Catcher","Pet Ghost","hubris:Icosahedron","MutagenicStrength","MealTicket","Vajra","hubris:Backtick","Iron Hammer","ReplayTheSpireMod:TigerMarble","Red Mask","infinitespire:CheckeredPen","hubris:SlimyHat","Replay:Wanted Poster","Replay:Mystery Machine","hubris:KleinBottle","Lantern","Simple Rune","Bag of Preparation","TungstenRod","Replay:Bottled Eggs","Bird Faced Urn","HandDrill","Ice Cream","Counterbalance","hubris:64BitClover","Snack Pack"],"acts_visited":["Exordium","TheCity","TheBeyond","TheEnding"],"potions_floor_usage":[10,55,55,55,55],"damage_taken":[{"damage":0,"enemies":"Jaw Worm","floor":1,"turns":4},{"damage":1,"enemies":"2 Louse","floor":2,"turns":2},{"damage":0,"enemies":"Small Slimes","floor":5,"turns":3},{"damage":18,"enemies":"Lagavulin","floor":6,"turns":8},{"damage":19,"enemies":"Gremlin Nob","floor":10,"turns":4},{"damage":9,"enemies":"Lagavulin","floor":12,"turns":6},{"damage":23,"enemies":"The Guardian","floor":16,"turns":8},{"damage":0,"enemies":"Chosen","floor":18,"turns":6},{"damage":1,"enemies":"3 Byrds","floor":20,"turns":4},{"damage":14,"enemies":"Centurion and Healer","floor":22,"turns":6},{"damage":8,"enemies":"Book of Stabbing","floor":23,"turns":5},{"damage":3,"enemies":"Chosen and Byrds","floor":25,"turns":4},{"damage":1,"enemies":"Snecko","floor":30,"turns":5},{"damage":15,"enemies":"hubris:MusketHawk","floor":33,"turns":8},{"damage":0,"enemies":"Orb Walker","floor":35,"turns":3},{"damage":0,"enemies":"3 Shapes","floor":36,"turns":3},{"damage":0,"enemies":"Writhing Mass","floor":38,"turns":4},{"damage":0,"enemies":"Nightmare","floor":41,"turns":4},{"damage":0,"enemies":"Spire Growth","floor":42,"turns":3},{"damage":0,"enemies":"R_Hoarder","floor":48,"turns":5},{"damage":0,"enemies":"infinitespire:MassOfShapes","floor":50,"turns":3},{"damage":14,"enemies":"Shield and Spear","floor":54,"turns":4},{"damage":1,"enemies":"The Heart","floor":55,"turns":4}],"seed_played":"6532368763522352072","potions_obtained":[{"floor":2,"key":"Swift Potion"},{"floor":3,"key":"Adrenaline Potion"},{"floor":3,"key":"Flashbang"},{"floor":3,"key":"infinitespire:BlackPotion"},{"floor":3,"key":"Weak Potion"},{"floor":12,"key":"Languid Potion"}],"is_trial":false,"path_per_floor":["M","M","$","?","M","E","?","R","T","E","?","E","?","$","R","B",null,"M","AVR","M","$","M","E","R","M","T","R","?","?","M","$","R","B",null,"M","M","?","M","?","R","NM","M","T","AVR","$","R","$","E","R","B",null,"R","$","E","B",null],"character_chosen":"THE_SILENT","items_purchased":["infinitespire:WardingShard","Gremlin Food","Noxious Fumes","Dagger Spray","Escape Plan","Cauldron","Replay:Towering Pillar of Hats","BargainBundle","The Specimen","Mayhem","Paper Crane","Dream Catcher","Toxin Wave","MealTicket","Vajra","Noxious Fumes","hubris:KleinBottle","Lantern","Simple Rune","Bag of Preparation","TungstenRod","Replay:Bottled Eggs","Bird Faced Urn","HandDrill","Counterbalance","hubris:64BitClover"],"campfire_rested":4,"item_purchase_floors":[3,3,3,3,3,3,14,14,14,14,21,21,21,31,31,31,45,45,45,45,45,47,47,47,53,53],"current_hp_per_floor":[70,69,69,69,69,51,51,51,51,32,32,23,23,23,44,21,70,70,70,69,69,55,47,68,65,65,65,65,65,64,64,64,55,70,70,70,70,76,76,76,76,76,76,76,3,25,40,52,52,68,76,76,73,71,73],"gold":104,"neow_bonus":"RANDOM_COMMON_RELIC","is_daily":false,"chose_seed":false,"campfire_upgraded":4,"win_rate":0.0,"timestamp":1611089982,"path_taken":["M","M","$","?","M","E","?","R","T","E","?","E","?","$","R","BOSS","M","AVR","M","?","M","E","R","M","T","R","?","?","M","$","R","BOSS","M","M","?","M","?","R","NM","M","T","AVR","?","R","$","E","R","BOSS","R","$","E","BOSS"],"items_purchased_type":["Relic","Relic","Card","Card","Card","Relic","Relic","Relic","Relic","Card","Relic","Relic","Card","Relic","Relic","Card","Relic","Relic","Relic","Relic","Relic","Relic","Relic","Relic","Relic","Relic"],"build_version":"2020-12-22","purchased_purges":6,"victory":true,"max_hp_per_floor":[70,70,70,70,70,70,70,70,70,70,70,70,70,70,70,70,70,70,70,70,70,70,70,70,70,70,70,70,70,70,70,70,70,70,70,70,70,76,76,76,76,76,76,76,76,76,76,76,76,76,76,76,73,73,73],"card_choices":[{"not_picked":["hubris:TrickCloak","hubris:SlightOfHand"],"picked":"ReplayTheSpireMod:The Works","floor":1},{"not_picked":["Deflect","Deadly Poison"],"picked":"Calculated Gamble","floor":2},{"not_picked":["Quick Slash","Flying Knee","Blur"],"picked":"SKIP","floor":5},{"not_picked":["Skewer","Catalyst"],"picked":"Bouncing Flask","floor":6},{"not_picked":["Flechettes","Eviscerate","Caltrops"],"picked":"SKIP","floor":10},{"not_picked":["Slice","Poisoned Stab"],"picked":"Replay:Bag of Tricks","floor":12},{"not_picked":["ReplayTheSpireMod:From All Sides","A Thousand Cuts"],"picked":"After Image","floor":16},{"not_picked":["Dagger Spray+1","Underhanded Strike","Bane"],"picked":"SKIP","floor":18},{"not_picked":["Prepared","Flying Knee"],"picked":"Toxin Wave","floor":20},{"not_picked":["Deflect","Quick Slash","hubris:SlightOfHand"],"picked":"SKIP","floor":22},{"not_picked":["Eviscerate","Backflip"],"picked":"Prepared+1","floor":23},{"not_picked":["Crippling Poison","PiercingWail","Backflip"],"picked":"SKIP","floor":25},{"not_picked":["Dagger Spray","Sucker Punch","Flying Knee+1"],"picked":"SKIP","floor":30},{"not_picked":["Dodge and Roll","Deflect"],"picked":"Crippling Poison+1","floor":35},{"not_picked":["Distraction+1","Poisoned Stab+1","Acrobatics+1"],"picked":"SKIP","floor":36},{"not_picked":["Prepared+1","Expertise"],"picked":"Toxin Wave+1","floor":37},{"not_picked":["Blade Dance","Dagger Throw"],"picked":"Deadly Poison+1","floor":38},{"not_picked":["ReplayTheSpireMod:??????????????????????","infinitespire:Oblivion"],"picked":"infinitespire:Collect","floor":41},{"not_picked":["Blur+1","Slice","Blade Dance"],"picked":"SKIP","floor":41},{"not_picked":["All Out Attack","Slice","Corpse Explosion"],"picked":"SKIP","floor":42},{"not_picked":["ReplayTheSpireMod:Echoes of Time","infinitespire:TheBestDefense"],"picked":"hubris:Rewind","floor":45},{"not_picked":["Blade Dance","PiercingWail+1"],"picked":"ReplayTheSpireMod:Speed Training+1","floor":48},{"not_picked":["Bane+1","Poisoned Stab+1"],"picked":"ReplayTheSpireMod:Speed Training+1","floor":52},{"not_picked":["Masterful Stab+1","Sucker Punch+1","Fluid Movement"],"picked":"SKIP","floor":54}],"player_experience":15234,"relics_obtained":[{"floor":6,"key":"Darkstone Periapt"},{"floor":9,"key":"Byrd Skull"},{"floor":10,"key":"Juzu Bracelet"},{"floor":12,"key":"Toy Ornithopter"},{"floor":23,"key":"Pet Ghost"},{"floor":37,"key":"ReplayTheSpireMod:TigerMarble"},{"floor":41,"key":"infinitespire:CheckeredPen"},{"floor":43,"key":"hubris:SlimyHat"},{"floor":48,"key":"Ice Cream"},{"floor":54,"key":"Snack Pack"}],"event_choices":[{"cards_removed":["Strike_G"],"damage_healed":0,"gold_gain":0,"player_choice":"Card Removal","damage_taken":0,"max_hp_gain":0,"max_hp_loss":0,"event_name":"The Cleric","floor":4,"gold_loss":50},{"damage_healed":0,"gold_gain":0,"player_choice":"Left Gold","damage_taken":0,"max_hp_gain":0,"max_hp_loss":0,"event_name":"World of Goop","floor":7,"gold_loss":28},{"damage_healed":0,"gold_gain":0,"player_choice":"Bought 0 Potions","damage_taken":0,"max_hp_gain":0,"max_hp_loss":0,"event_name":"The Woman in Blue","floor":13,"gold_loss":0},{"damage_healed":0,"gold_gain":0,"player_choice":"Inject Mutagens","damage_taken":0,"relics_obtained":["MutagenicStrength"],"max_hp_gain":0,"max_hp_loss":0,"event_name":"Drug Dealer","floor":29,"gold_loss":0},{"damage_healed":0,"gold_gain":0,"player_choice":"Paid","damage_taken":0,"relics_obtained":["Red Mask"],"max_hp_gain":0,"max_hp_loss":0,"event_name":"Tomb of Lord Red Mask","floor":39,"gold_loss":674}],"is_beta":false,"boss_relics":[{"not_picked":["hubris:TerracottaHorce","infinitespire:Cupcake"],"picked":"Replay:Bronze Core"},{"not_picked":["Replay:Ancient Bell","Replay:Drink Me"],"picked":"hubris:Backtick"}],"items_purged_floors":[14,21,31,45,47,53],"is_endless":false,"potions_floor_spawned":[2,6,12,16,22,30,33,35,38,41,42],"ascension_level":1}}