{"host":"u5p72gjg7qm9i6r4","time":1611030223,"event":{"mods":["AchievementEnabler","BaseMod","Curses Come First","Highlight Path","Minty Spire (QoL Compilation)","Rare Cards Sparkle","StSLib"],"gold_per_floor":[216,235,255,265,277,309,309,338,384,416,416,431,445,462,462,564,864,884,897,925,536,551,581,581,581,581,581,597,624,642,674,674,771,771,790,840,840,505,560,593,197,197,197,197,15,15,15,31,31,31,31,31,8,34,34],"floor_reached":56,"language":"ENG","playtime":17218,"items_purged":["Strike_R","Strike_R","Strike_R"],"score":1600,"play_id":"53ca1b24-7fce-485c-a53f-faf5e0cd089a","local_time":"20210118222343","is_ascension_mode":true,"campfire_choices":[{"data":"Bash","floor":7.0,"key":"SMITH"},{"floor":11.0,"key":"REST"},{"data":"Flame Barrier","floor":15.0,"key":"SMITH"},{"floor":25.0,"key":"REST"},{"data":"Limit Break","floor":27.0,"key":"SMITH"},{"floor":32.0,"key":"REST"},{"floor":42.0,"key":"RECALL"},{"data":"Limit Break","floor":44.0,"key":"SMITH"},{"data":"Dark Shackles","floor":47.0,"key":"SMITH"},{"floor":49.0,"key":"REST"},{"data":"Defend_R","floor":52.0,"key":"SMITH"}],"circlet_count":0,"master_deck":["Strike_R+1","Defend_R+1","Defend_R","Defend_R","Defend_R","Bash+1","Thunderclap","Shockwave","Cleave","Dropkick","Headbutt+1","Reckless Charge","Flame Barrier+1","Pummel","Shockwave","Immolate","CurseOfTheBell","Limit Break+1","Cleave+1","Battle Trance","Uppercut+1","Feed+1","Pommel Strike+1","Spot Weakness+1","Limit Break+1","Body Slam+1","Impervious","Shrug It Off+1","Dark Shackles+1","Body Slam+1"],"relics":["Burning Blood","Nunchaku","White Beast Statue","Sundial","Calling Bell","Potion Belt","Molten Egg 2","Old Coin","Red Mask","Membership Card","Pear","Orichalcum","Bag of Preparation","Frozen Egg 2","Gremlin Horn","Blue Candle","SacredBark","Thread and Needle","Pantograph","StoneCalendar","Champion Belt","Vajra","Strawberry","Medical Kit","HornCleat","FossilizedHelix","ClockworkSouvenir","Red Skull","Whetstone"],"acts_visited":["Exordium","TheCity","TheBeyond","TheEnding"],"potions_floor_usage":[55,55,55,55],"damage_taken":[{"damage":6.0,"enemies":"Cultist","floor":1.0,"turns":3.0},{"damage":4.0,"enemies":"Jaw Worm","floor":2.0,"turns":5.0},{"damage":9.0,"enemies":"Small Slimes","floor":3.0,"turns":5.0},{"damage":18.0,"enemies":"Exordium Wildlife","floor":4.0,"turns":5.0},{"damage":8.0,"enemies":"2 Fungi Beasts","floor":5.0,"turns":3.0},{"damage":15.0,"enemies":"3 Sentries","floor":6.0,"turns":4.0},{"damage":18.0,"enemies":"Gremlin Nob","floor":8.0,"turns":4.0},{"damage":20.0,"enemies":"Lagavulin","floor":10.0,"turns":6.0},{"damage":12.0,"enemies":"Blue Slaver","floor":12.0,"turns":3.0},{"damage":11.0,"enemies":"Exordium Thugs","floor":13.0,"turns":3.0},{"damage":1.0,"enemies":"Gremlin Gang","floor":14.0,"turns":3.0},{"damage":20.0,"enemies":"Slime Boss","floor":16.0,"turns":8.0},{"damage":6.0,"enemies":"3 Byrds","floor":18.0,"turns":2.0},{"damage":28.0,"enemies":"Shell Parasite","floor":19.0,"turns":4.0},{"damage":0.0,"enemies":"Masked Bandits","floor":20.0,"turns":2.0},{"damage":0.0,"enemies":"Centurion and Healer","floor":22.0,"turns":5.0},{"damage":43.0,"enemies":"Slavers","floor":23.0,"turns":5.0},{"damage":1.0,"enemies":"Snecko","floor":28.0,"turns":4.0},{"damage":0.0,"enemies":"Gremlin Leader","floor":29.0,"turns":4.0},{"damage":20.0,"enemies":"Shelled Parasite and Fungi","floor":30.0,"turns":6.0},{"damage":16.0,"enemies":"Book of Stabbing","floor":31.0,"turns":4.0},{"damage":64.0,"enemies":"Collector","floor":33.0,"turns":9.0},{"damage":10.0,"enemies":"3 Darklings","floor":35.0,"turns":2.0},{"damage":18.0,"enemies":"Mind Bloom Boss Battle","floor":36.0,"turns":7.0},{"damage":19.0,"enemies":"2 Orb Walkers","floor":39.0,"turns":6.0},{"damage":14.0,"enemies":"Reptomancer","floor":40.0,"turns":4.0},{"damage":0.0,"enemies":"3 Shapes","floor":48.0,"turns":7.0},{"damage":47.0,"enemies":"Time Eater","floor":50.0,"turns":7.0},{"damage":24.0,"enemies":"Shield and Spear","floor":54.0,"turns":4.0},{"damage":86,"enemies":"The Heart","floor":55,"turns":7}],"seed_played":"8273675582173209547","potions_obtained":[{"floor":1.0,"key":"Weak Potion"},{"floor":4.0,"key":"FearPotion"},{"floor":5.0,"key":"DistilledChaos"},{"floor":8.0,"key":"Ancient Potion"},{"floor":10.0,"key":"Strength Potion"},{"floor":12.0,"key":"Dexterity Potion"},{"floor":13.0,"key":"Explosive Potion"},{"floor":14.0,"key":"SmokeBomb"},{"floor":16.0,"key":"Fire Potion"},{"floor":18.0,"key":"LiquidBronze"},{"floor":19.0,"key":"SkillPotion"},{"floor":20.0,"key":"CultistPotion"},{"floor":22.0,"key":"Fire Potion"},{"floor":23.0,"key":"DuplicationPotion"},{"floor":28.0,"key":"Energy Potion"},{"floor":29.0,"key":"Explosive Potion"},{"floor":30.0,"key":"Weak Potion"},{"floor":31.0,"key":"BlessingOfTheForge"},{"floor":33.0,"key":"HeartOfIron"},{"floor":35.0,"key":"BlessingOfTheForge"},{"floor":36.0,"key":"Strength Potion"},{"floor":39.0,"key":"GamblersBrew"},{"floor":40.0,"key":"Swift Potion"},{"floor":48.0,"key":"BloodPotion"},{"floor":54.0,"key":"SteroidPotion"}],"is_trial":false,"path_per_floor":["M","M","M","M","M","E","R","E","T","E","R","M","M","M","R","B",null,"M","M","?","$","M","E","?","R","T","R","M","E","M","E","R","B",null,"M","?","?","$","?","E","$","R","T","R","$","?","R","M","R","B",null,"R","$","E","B",null],"character_chosen":"IRONCLAD","items_purchased":["Membership Card","Pear","Orichalcum","Pantograph","StoneCalendar","Strawberry","Medical Kit","HornCleat","Fruit Juice","ClockworkSouvenir","Dark Shackles","PowerPotion","LiquidMemories","Body Slam+1"],"campfire_rested":4,"item_purchase_floors":[21,21,21,38,38,41,41,41,41,45,45,45,45,53],"current_hp_per_floor":[80,80,77,65,63,54,54,42,42,28,52,46,41,46,46,32,68,68,46,52,62,68,31,31,58,58,58,63,73,59,53,82,24,80,76,68,68,68,55,47,54,54,54,54,54,54,54,64,97,72,103,103,103,85,89],"gold":34,"neow_bonus":"HUNDRED_GOLD","is_daily":false,"chose_seed":false,"campfire_upgraded":6,"win_rate":0.0,"timestamp":1611030223,"path_taken":["M","M","M","M","M","E","R","E","T","E","R","M","M","M","R","BOSS","M","M","?","$","M","E","?","R","T","R","?","E","M","E","R","BOSS","M","?","?","$","?","E","?","R","T","R","$","?","R","?","R","BOSS","R","$","E","BOSS"],"items_purchased_type":["Relic","Relic","Relic","Relic","Relic","Relic","Relic","Relic","Potion","Relic","Card","Potion","Potion","Card"],"build_version":"2020-12-22","purchased_purges":3,"victory":true,"max_hp_per_floor":[80,80,80,80,80,80,80,80,80,80,80,80,80,80,80,80,80,80,80,80,90,90,90,90,90,90,90,90,94,94,98,98,98,98,98,102,102,102,102,102,109,109,109,109,109,109,109,113,113,113,113,113,113,113,123],"card_choices":[{"not_picked":["Feel No Pain","Warcry"],"picked":"Thunderclap","floor":1.0},{"not_picked":["Perfected Strike","Rage"],"picked":"Shockwave","floor":2.0},{"not_picked":["Brutality","Clash"],"picked":"Cleave","floor":3.0},{"not_picked":["Wild Strike","Sentinel"],"picked":"Dropkick","floor":4.0},{"not_picked":["Blood for Blood","Shrug It Off"],"picked":"Headbutt","floor":5.0},{"not_picked":["Fiend Fire","Sword Boomerang"],"picked":"Reckless Charge","floor":6.0},{"not_picked":["Clash","Perfected Strike","Thunderclap"],"picked":"SKIP","floor":8.0},{"not_picked":["Pommel Strike","True Grit"],"picked":"Cleave","floor":10.0},{"not_picked":["Burning Pact","Clash"],"picked":"Flame Barrier","floor":12.0},{"not_picked":["Reckless Charge","Bloodletting"],"picked":"Pummel","floor":13.0},{"not_picked":["Headbutt","Sword Boomerang"],"picked":"Shockwave","floor":14.0},{"not_picked":["Brutality","Juggernaut"],"picked":"Immolate","floor":16.0},{"not_picked":["Sword Boomerang+1","Anger+1"],"picked":"Limit Break","floor":18.0},{"not_picked":["Carnage+1","Warcry"],"picked":"Cleave+1","floor":19.0},{"not_picked":["Twin Strike+1","Clothesline+1"],"picked":"Battle Trance","floor":22.0},{"not_picked":["Clash+1","Flex"],"picked":"Uppercut+1","floor":23.0},{"not_picked":["Sword Boomerang+1","Rupture+1"],"picked":"Feed+1","floor":28.0},{"not_picked":["Armaments","Cleave+1","Wild Strike+1"],"picked":"SKIP","floor":29.0},{"not_picked":["Rampage+1","Wild Strike+1"],"picked":"Pommel Strike+1","floor":30.0},{"not_picked":["Metallicize+1","Dropkick+1"],"picked":"Spot Weakness+1","floor":31.0},{"not_picked":["Bludgeon+1","Juggernaut+1"],"picked":"Limit Break","floor":33.0},{"not_picked":["Uppercut+1","Twin Strike+1","Thunderclap+1"],"picked":"SKIP","floor":35.0},{"not_picked":["Anger+1","Perfected Strike+1"],"picked":"Body Slam+1","floor":36.0},{"not_picked":["Rupture+1","Iron Wave+1"],"picked":"Impervious","floor":39.0},{"not_picked":["Combust+1","Sword Boomerang+1"],"picked":"Shrug It Off+1","floor":40.0},{"not_picked":["Havoc+1","Combust+1","Rupture+1"],"picked":"SKIP","floor":48.0},{"not_picked":["Hemokinesis+1","Iron Wave+1","Flex+1"],"picked":"SKIP","floor":54.0}],"player_experience":108024,"relics_obtained":[{"floor":6.0,"key":"Nunchaku"},{"floor":8.0,"key":"White Beast Statue"},{"floor":10.0,"key":"Sundial"},{"floor":17.0,"key":"Potion Belt"},{"floor":17.0,"key":"Molten Egg 2"},{"floor":17.0,"key":"Old Coin"},{"floor":20.0,"key":"Red Mask"},{"floor":23.0,"key":"Bag of Preparation"},{"floor":26.0,"key":"Frozen Egg 2"},{"floor":29.0,"key":"Gremlin Horn"},{"floor":31.0,"key":"Blue Candle"},{"floor":36.0,"key":"Thread and Needle"},{"floor":39.0,"key":"Champion Belt"},{"floor":40.0,"key":"Vajra"},{"floor":43.0,"key":"FossilizedHelix"},{"floor":54.0,"key":"Whetstone"}],"event_choices":[{"damage_healed":0.0,"max_hp_gain":0.0,"max_hp_loss":0.0,"gold_gain":0.0,"event_name":"Masked Bandits","player_choice":"Fought Bandits","floor":20.0,"gold_loss":0.0,"damage_taken":0.0},{"damage_healed":0.0,"max_hp_gain":0.0,"max_hp_loss":0.0,"gold_gain":0.0,"event_name":"N\u0027loth","player_choice":"Ignored","floor":24.0,"gold_loss":0.0,"damage_taken":0.0},{"damage_healed":0.0,"max_hp_gain":0.0,"max_hp_loss":0.0,"gold_gain":0.0,"event_name":"MindBloom","player_choice":"Fight","floor":36.0,"gold_loss":0.0,"damage_taken":0.0},{"cards_removed":["Strike_R"],"damage_healed":0.0,"max_hp_gain":0.0,"max_hp_loss":0.0,"gold_gain":0.0,"event_name":"Falling","player_choice":"Removed Attack","floor":37.0,"gold_loss":0.0,"damage_taken":0.0},{"damage_healed":0.0,"max_hp_gain":0.0,"max_hp_loss":0.0,"gold_gain":0.0,"event_name":"Mysterious Sphere","player_choice":"Fight","floor":39.0,"gold_loss":0.0,"damage_taken":0.0},{"cards_removed":["Cleave"],"damage_healed":0.0,"max_hp_gain":0.0,"max_hp_loss":0.0,"gold_gain":0.0,"event_name":"WeMeetAgain","player_choice":"Gave Card","floor":46.0,"gold_loss":0.0,"damage_taken":0.0,"relics_obtained":["Red Skull"]}],"is_beta":false,"boss_relics":[{"not_picked":["Philosopher\u0027s Stone","Black Star"],"picked":"Calling Bell"},{"not_picked":["Runic Cube","Runic Dome"],"picked":"SacredBark"}],"items_purged_floors":[21,38,41],"is_endless":false,"potions_floor_spawned":[1,4,5,8,10,12,13,14,16,18,19,20,22,23,28,29,30,31,33,35,36,39,40,48,54],"ascension_level":5}}