{"host":"og6lam4kt3nibbw0","time":1611075010,"event":{"mods":["AchievementEnabler","BaseMod","Colored Map","DeckTracker","Highlight Path","Keyboard Shortcuts","Minty Spire (QoL Compilation)","Permanent Neow","Quick Restart","StSLib","SuperFastMode"],"gold_per_floor":[130,110,167,1,19,19,48,48,48,81,6,41,78,108,108,183,183,203,47,0,35,35,35,70,70,139,139,14,26,26,26,26,26,26],"floor_reached":33,"language":"KOR","playtime":1456,"items_purged":["Defend_G","Defend_G","Bane"],"score":576,"play_id":"63dd5aa3-3205-4e11-bad9-64cf8a7ba7a0","local_time":"20210120015010","is_ascension_mode":true,"campfire_choices":[{"data":"Noxious Fumes","floor":6.0,"key":"SMITH"},{"floor":8,"key":"REST"},{"floor":15,"key":"REST"},{"floor":23,"key":"REST"},{"floor":27,"key":"REST"},{"data":"Adrenaline","floor":30,"key":"SMITH"},{"data":"After Image","floor":32,"key":"SMITH"}],"circlet_count":0,"master_deck":["AscendersBane","Strike_G+1","Strike_G","Strike_G","Strike_G","Strike_G+1","Defend_G","Defend_G","Defend_G","Survivor","Neutralize","HandOfGreed","Noxious Fumes+1","Reflex","Tactician","Outmaneuver","Backflip","Noxious Fumes","Adrenaline+1","Quick Slash+1","Acrobatics","Caltrops","After Image+1","Prepared"],"relics":["Ring of the Serpent","Snake Skull","Orichalcum","StrikeDummy","Bag of Preparation","Whetstone","Eternal Feather"],"acts_visited":["Exordium","TheCity"],"potions_floor_usage":[7,10,10,16,21,29,33],"damage_taken":[{"damage":1.0,"enemies":"Cultist","floor":1.0,"turns":3.0},{"damage":2.0,"enemies":"2 Louse","floor":3.0,"turns":4.0},{"damage":4.0,"enemies":"Small Slimes","floor":5.0,"turns":4.0},{"damage":15,"enemies":"Lagavulin","floor":7,"turns":8},{"damage":0,"enemies":"Gremlin Nob","floor":10,"turns":3},{"damage":16,"enemies":"Lagavulin","floor":12,"turns":5},{"damage":6,"enemies":"Looter","floor":13,"turns":3},{"damage":6,"enemies":"Exordium Wildlife","floor":14,"turns":4},{"damage":16,"enemies":"Slime Boss","floor":16,"turns":8},{"damage":35,"enemies":"2 Thieves","floor":18,"turns":4},{"damage":11,"enemies":"Spheric Guardian","floor":21,"turns":5},{"damage":25,"enemies":"Centurion and Healer","floor":24,"turns":5},{"damage":15,"enemies":"Cultist and Chosen","floor":29,"turns":6},{"damage":66,"enemies":"Champ","floor":33,"turns":12}],"seed_played":"-6657345209615201898","potions_obtained":[{"floor":2.0,"key":"BlessingOfTheForge"},{"floor":3.0,"key":"SteroidPotion"},{"floor":7,"key":"GamblersBrew"},{"floor":13,"key":"Swift Potion"},{"floor":14,"key":"Explosive Potion"},{"floor":16,"key":"FearPotion"},{"floor":24,"key":"Fire Potion"},{"floor":29,"key":"ColorlessPotion"}],"is_trial":false,"path_per_floor":["M","?","M","$","M","R","E","R","T","E","$","E","M","M","R","B",null,"M","$","?","M","$","R","M","?","T","R","$","M","R","?","R","B"],"character_chosen":"THE_SILENT","items_purchased":["Snake Skull","Acrobatics"],"campfire_rested":4,"item_purchase_floors":[4,19],"current_hp_per_floor":[43,43,41,41,37,37,22,41,41,41,41,25,19,13,32,16,54,19,19,19,8,8,27,2,2,2,33,33,18,30,30,42,0,0],"gold":26,"neow_bonus":"RANDOM_COLORLESS_2","is_daily":false,"chose_seed":false,"campfire_upgraded":3,"win_rate":0.0,"timestamp":1611075010,"path_taken":["M","?","M","$","M","R","E","R","T","E","$","E","?","M","R","BOSS","M","$","?","M","$","R","M","?","T","R","$","M","R","?","R","BOSS"],"items_purchased_type":["Relic","Card"],"build_version":"2020-12-22","purchased_purges":3,"victory":false,"max_hp_per_floor":[66,66,66,66,66,66,66,66,66,66,66,66,66,66,66,66,66,66,66,66,66,66,66,66,66,66,66,66,66,66,66,66,66,66],"card_choices":[{"not_picked":["Panache","Apotheosis"],"picked":"HandOfGreed","floor":0.0},{"not_picked":["Accuracy","PiercingWail"],"picked":"Noxious Fumes","floor":1.0},{"not_picked":["Blur","Underhanded Strike"],"picked":"Reflex","floor":3.0},{"not_picked":["Deadly Poison","Blade Dance"],"picked":"Tactician","floor":5.0},{"not_picked":["Terror","Infinite Blades","Eviscerate"],"picked":"SKIP","floor":7},{"not_picked":["Tools of the Trade","Choke"],"picked":"Bane","floor":10},{"not_picked":["Dagger Spray","Terror"],"picked":"Outmaneuver","floor":12},{"not_picked":["Dagger Spray","Underhanded Strike"],"picked":"Backflip","floor":13},{"not_picked":["Well Laid Plans","Setup"],"picked":"Noxious Fumes","floor":14},{"not_picked":["Burst","Night Terror"],"picked":"Adrenaline","floor":16},{"not_picked":["Dagger Spray","Outmaneuver"],"picked":"Quick Slash+1","floor":18},{"not_picked":["Flying Knee","Backflip"],"picked":"Caltrops","floor":21},{"not_picked":["All Out Attack","Dagger Spray"],"picked":"After Image","floor":24},{"not_picked":["Reflex","Choke"],"picked":"Prepared","floor":29}],"player_experience":924402,"relics_obtained":[{"floor":7,"key":"Orichalcum"},{"floor":9,"key":"StrikeDummy"},{"floor":10,"key":"Bag of Preparation"},{"floor":12,"key":"Whetstone"},{"floor":26,"key":"Eternal Feather"}],"event_choices":[{"damage_healed":0.0,"max_hp_gain":0.0,"max_hp_loss":0.0,"gold_gain":0.0,"event_name":"The Woman in Blue","player_choice":"Bought 1 Potion","floor":2.0,"gold_loss":0.0,"damage_taken":0.0},{"damage_healed":0,"gold_gain":0,"player_choice":"Paid Fearfully","damage_taken":0,"max_hp_gain":0,"max_hp_loss":0,"event_name":"Masked Bandits","floor":20,"gold_loss":47},{"damage_healed":0,"gold_gain":0,"player_choice":"Ignored","damage_taken":0,"max_hp_gain":0,"max_hp_loss":0,"event_name":"Vampires","floor":25,"gold_loss":0},{"damage_healed":0,"gold_gain":0,"player_choice":"Ignored","damage_taken":0,"max_hp_gain":0,"max_hp_loss":0,"event_name":"Cursed Tome","floor":31,"gold_loss":0}],"is_beta":false,"boss_relics":[{"not_picked":["Sozu","Runic Dome"],"picked":"Ring of the Serpent"}],"items_purged_floors":[11,19,28],"is_endless":false,"potions_floor_spawned":[3,7,13,14,16,18,24,29],"killed_by":"Champ","ascension_level":20}}