{"host":"ccw6t0i2dpm5wyxf","time":1611016743,"event":{"mods":["AchievementEnabler","BaseMod","Colored Map","Minty Spire (QoL Compilation)","Permanent Neow","SuperFastMode"],"gold_per_floor":[111,65,76,5,15,45,45,56,104,104,3,35,48,58,58,154,154,174,174,7,7,22,22,32,46,99,99,99,129,228,259,259,364,364,375,475,26,41,41,75,75,93,119,134,134,149,149,163,163,163,163],"floor_reached":50,"language":"ENG","playtime":2649,"items_purged":["Strike_G","Defend_G","Defend_G"],"score":684,"play_id":"2ff274e3-0d39-44d5-ab39-aba8f968bc9f","local_time":"20210118183903","is_ascension_mode":true,"campfire_choices":[{"data":"Infinite Blades","floor":7.0,"key":"SMITH"},{"floor":10.0,"key":"REST"},{"floor":15.0,"key":"REST"},{"floor":23.0,"key":"REST"},{"floor":28.0,"key":"REST"},{"floor":32.0,"key":"REST"},{"floor":45.0,"key":"REST"},{"floor":47.0,"key":"REST"},{"floor":49,"key":"RECALL"}],"circlet_count":0,"master_deck":["Defend_G","Defend_G","Defend_G","Survivor","Neutralize","Backstab+1","Backstab","Blade Dance","Slice+1","Infinite Blades+1","Cloak And Dagger","Cloak And Dagger","Slice","Escape Plan","Backflip","Leg Sweep","Envenom+1","Accuracy+1","Catalyst+1","Noxious Fumes+1","Cloak And Dagger","Infinite Blades+1","Deflect","Outmaneuver+1","Writhe","Deflect+1","Slice+1"],"relics":["Ring of the Snake","Frozen Egg 2","Bronze Scales","Astrolabe","Whetstone","MutagenicStrength","Oddly Smooth Stone","CaptainsWheel","Runic Pyramid","Lantern","ClockworkSouvenir","MealTicket","Orichalcum"],"acts_visited":["Exordium","TheCity","TheBeyond"],"potions_floor_usage":[50],"damage_taken":[{"damage":2.0,"enemies":"Cultist","floor":1.0,"turns":4.0},{"damage":0.0,"enemies":"Small Slimes","floor":3.0,"turns":2.0},{"damage":0.0,"enemies":"Jaw Worm","floor":5.0,"turns":2.0},{"damage":44.0,"enemies":"Lagavulin","floor":6.0,"turns":7.0},{"damage":0.0,"enemies":"Red Slaver","floor":8.0,"turns":2.0},{"damage":6.0,"enemies":"3 Sentries","floor":12.0,"turns":8.0},{"damage":0.0,"enemies":"Blue Slaver","floor":13.0,"turns":2.0},{"damage":6.0,"enemies":"Large Slime","floor":14.0,"turns":5.0},{"damage":10.0,"enemies":"The Guardian","floor":16.0,"turns":13.0},{"damage":15.0,"enemies":"3 Byrds","floor":18.0,"turns":3.0},{"damage":0.0,"enemies":"Spheric Guardian","floor":22.0,"turns":3.0},{"damage":0.0,"enemies":"Snecko","floor":24.0,"turns":3.0},{"damage":16.0,"enemies":"Cultist and Chosen","floor":25.0,"turns":5.0},{"damage":34.0,"enemies":"Gremlin Leader","floor":29.0,"turns":7.0},{"damage":7.0,"enemies":"Slavers","floor":31.0,"turns":6.0},{"damage":30.0,"enemies":"Collector","floor":33.0,"turns":8.0},{"damage":29.0,"enemies":"Orb Walker","floor":35.0,"turns":3.0},{"damage":19.0,"enemies":"3 Shapes","floor":38.0,"turns":2.0},{"damage":0.0,"enemies":"Giant Head","floor":40.0,"turns":6.0},{"damage":0.0,"enemies":"Sphere and 2 Shapes","floor":42.0,"turns":4.0},{"damage":11.0,"enemies":"3 Darklings","floor":44.0,"turns":3.0},{"damage":7.0,"enemies":"4 Shapes","floor":46.0,"turns":9.0},{"damage":8.0,"enemies":"Transient","floor":48.0,"turns":5.0},{"damage":63,"enemies":"Awakened One","floor":50,"turns":7}],"seed_played":"-4938014089237582079","potions_obtained":[{"floor":8.0,"key":"EssenceOfSteel"},{"floor":12.0,"key":"SkillPotion"},{"floor":14.0,"key":"DistilledChaos"},{"floor":16.0,"key":"DuplicationPotion"},{"floor":24.0,"key":"ColorlessPotion"},{"floor":25.0,"key":"AttackPotion"},{"floor":38.0,"key":"SneckoOil"},{"floor":40.0,"key":"EssenceOfSteel"},{"floor":42.0,"key":"Weak Potion"},{"floor":48.0,"key":"Swift Potion"}],"is_trial":false,"path_per_floor":["M","$","M","$","M","E","R","M","T","R","$","E","M","M","R","B",null,"M","?","$","?","M","R","M","M","T","?","R","E","?","E","R","B",null,"M","?","$","M","?","E","?","M","T","M","R","M","R","M","R","B"],"character_chosen":"THE_SILENT","items_purchased":["Blade Dance","Infinite Blades","Slice","Noxious Fumes+1","Lantern","ClockworkSouvenir","Deflect"],"campfire_rested":7,"item_purchase_floors":[2,4,11,20,37,37,37],"current_hp_per_floor":[68,68,68,68,68,24,24,24,24,45,45,39,39,33,54,44,64,49,54,54,41,41,63,63,47,47,47,69,35,35,28,50,20,61,32,32,32,13,32,32,32,32,32,21,43,36,58,50,50,0,0],"gold":163,"neow_bonus":"TRANSFORM_CARD","is_daily":false,"chose_seed":false,"campfire_upgraded":1,"win_rate":0.0,"timestamp":1611016743,"path_taken":["M","$","M","?","M","E","R","?","T","R","?","E","M","M","R","BOSS","M","?","$","?","M","R","M","M","T","?","R","E","?","E","R","BOSS","M","?","$","?","?","E","?","M","T","M","R","?","R","M","R","BOSS"],"items_purchased_type":["Card","Card","Card","Card","Relic","Relic","Card"],"build_version":"2020-12-22","purchased_purges":3,"victory":false,"max_hp_per_floor":[70,70,70,70,70,70,70,70,70,70,70,70,70,70,70,70,70,70,70,70,75,75,75,75,75,75,75,75,75,75,75,75,75,75,75,75,75,75,75,75,75,75,75,75,75,75,75,75,75,75,75],"card_choices":[{"not_picked":["PiercingWail","Dodge and Roll"],"picked":"Backstab","floor":1.0},{"not_picked":["Sucker Punch","Poisoned Stab"],"picked":"Slice","floor":3.0},{"not_picked":["Flechettes","Slice"],"picked":"Cloak And Dagger","floor":5.0},{"not_picked":["Tactician","Flying Knee"],"picked":"Cloak And Dagger","floor":6.0},{"not_picked":["Night Terror","Underhanded Strike","Flying Knee"],"picked":"SKIP","floor":8.0},{"not_picked":["Unload","Underhanded Strike"],"picked":"Escape Plan","floor":12.0},{"not_picked":["Bouncing Flask","Prepared"],"picked":"Backflip","floor":13.0},{"not_picked":["Deadly Poison","Well Laid Plans+1"],"picked":"Leg Sweep","floor":14.0},{"not_picked":["Unload","Die Die Die"],"picked":"Envenom+1","floor":16.0},{"not_picked":["PiercingWail","Outmaneuver","Terror"],"picked":"SKIP","floor":18.0},{"not_picked":["Tactician","Masterful Stab+1"],"picked":"Cloak And Dagger","floor":22.0},{"not_picked":["Deadly Poison+1","Expertise","Dagger Spray"],"picked":"SKIP","floor":24.0},{"not_picked":["Masterful Stab","Sucker Punch","Cloak And Dagger"],"picked":"SKIP","floor":25.0},{"not_picked":["Calculated Gamble","Underhanded Strike","Glass Knife"],"picked":"SKIP","floor":29.0},{"not_picked":["Reflex","Footwork+1"],"picked":"Infinite Blades+1","floor":31.0},{"not_picked":["All Out Attack","Outmaneuver","PiercingWail"],"picked":"SKIP","floor":35.0},{"not_picked":["Concentrate+1","Bane"],"picked":"Outmaneuver+1","floor":38.0},{"not_picked":["Riddle With Holes","Escape Plan"],"picked":"Deflect+1","floor":40.0},{"not_picked":["Deadly Poison","Dagger Throw+1","Dagger Spray"],"picked":"SKIP","floor":42.0},{"not_picked":["Sucker Punch+1","Deadly Poison+1"],"picked":"Slice+1","floor":44.0},{"not_picked":["Dodge and Roll","Concentrate+1","Grand Finale"],"picked":"SKIP","floor":46.0},{"not_picked":["Bouncing Flask","Backflip","Blur"],"picked":"SKIP","floor":48.0}],"player_experience":304800,"relics_obtained":[{"floor":6.0,"key":"Frozen Egg 2"},{"floor":12.0,"key":"Bronze Scales"},{"floor":26.0,"key":"Whetstone"},{"floor":29.0,"key":"Oddly Smooth Stone"},{"floor":31.0,"key":"CaptainsWheel"},{"floor":40.0,"key":"MealTicket"},{"floor":43.0,"key":"Orichalcum"}],"event_choices":[{"cards_removed":["Bane"],"damage_healed":5.0,"max_hp_gain":0.0,"max_hp_loss":0.0,"gold_gain":0.0,"event_name":"Bonfire Elementals","player_choice":"Offered Common","floor":19.0,"gold_loss":0.0,"damage_taken":0.0},{"cards_removed":["Bane"],"damage_healed":5.0,"max_hp_gain":0.0,"max_hp_loss":0.0,"gold_gain":0.0,"event_name":"Bonfire Elementals","player_choice":"Offered Special","floor":19.0,"gold_loss":0.0,"damage_taken":0.0},{"damage_healed":0.0,"max_hp_gain":5.0,"max_hp_loss":0.0,"gold_gain":0.0,"event_name":"Forgotten Altar","player_choice":"Shed Blood","floor":21.0,"gold_loss":0.0,"damage_taken":18.0},{"damage_healed":0.0,"max_hp_gain":0.0,"max_hp_loss":0.0,"gold_gain":0.0,"event_name":"Drug Dealer","player_choice":"Inject Mutagens","floor":27.0,"gold_loss":0.0,"damage_taken":0.0,"relics_obtained":["MutagenicStrength"]},{"damage_healed":0.0,"max_hp_gain":0.0,"max_hp_loss":0.0,"gold_gain":99.0,"event_name":"Nest","player_choice":"Stole From Cult","floor":30.0,"gold_loss":0.0,"damage_taken":0.0},{"damage_healed":0.0,"max_hp_gain":0.0,"max_hp_loss":0.0,"gold_gain":100.0,"event_name":"Golden Shrine","player_choice":"Pray","floor":36.0,"gold_loss":0.0,"damage_taken":0.0},{"damage_healed":19.0,"max_hp_gain":0.0,"max_hp_loss":0.0,"gold_gain":0.0,"event_name":"Winding Halls","player_choice":"Writhe","floor":39.0,"gold_loss":0.0,"damage_taken":0.0,"cards_obtained":["Writhe"]},{"damage_healed":0.0,"max_hp_gain":0.0,"max_hp_loss":0.0,"gold_gain":0.0,"event_name":"SecretPortal","player_choice":"Ignored","floor":41.0,"gold_loss":0.0,"damage_taken":0.0}],"is_beta":false,"boss_relics":[{"not_picked":["Calling Bell","SlaversCollar"],"picked":"Astrolabe"},{"not_picked":["Velvet Choker","Tiny House"],"picked":"Runic Pyramid"}],"items_purged_floors":[11,20,37],"is_endless":false,"potions_floor_spawned":[8,12,14,16,24,25,38,40,42,48],"killed_by":"Awakened One","ascension_level":5}}