{"host":"2pkirg8lp2j2yw4c","time":1611023818,"event":{"mods":["AchievementEnabler","BaseMod","BetterRewards","Colored Map","Colored Powertips","Googly Eyes","Hubris","Minty Spire (QoL Compilation)","Quick Restart","StSLib","slay the spire mod where everything is the same but ironclad has a cowboy hat"],"gold_per_floor":[119,119,129,6,20,34,45,45,72,105,30,30,56,72,72,168,168,148,148,115,115,128,162,162,192,192,227,238,238,256,287,287,384,384,397,447,463,478,490,91,121,121,168,168,184,215,228,258,258,258],"floor_reached":51,"language":"ENG","playtime":3326,"items_purged":["Normality"],"score":1302,"play_id":"eace0e4a-4b77-4fde-bbb1-812f801a9810","local_time":"20210118213658","is_ascension_mode":true,"campfire_choices":[{"floor":12.0,"key":"REST"},{"floor":15.0,"key":"DIG"},{"floor":24.0,"key":"REST"},{"floor":32.0,"key":"REST"},{"floor":42,"key":"REST"},{"floor":49,"key":"DIG"}],"circlet_count":0,"master_deck":["Strike_B","Strike_B","Strike_B","Strike_B","Defend_B","Defend_B","Defend_B","Defend_B","Zap","Dualcast","Apotheosis+1","Blizzard","Chill","Glacier","Stack","Double Energy","Cold Snap","Gash","Chill","Genetic Algorithm","Chill","Core Surge","CurseOfTheBell","Self Repair","Defragment","Skim","Capacitor","Hologram","BootSequence+1","Turbo","Cold Snap+1","Gash","Cold Snap","hubris:DuctTapeCard","Echo Form","Defragment","Skim+1","Parasite","Loop+1"],"relics":["Cracked Core","Frozen Eye","Ornamental Fan","Bronze Scales","Shovel","Smiling Mask","hubris:Reverence","Juzu Bracelet","Calling Bell","Dream Catcher","hubris:SoftwareUpdate","hubris:BundleOfHerbs","hubris:Towel","Bird Faced Urn","hubris:DuctTape","Anchor","hubris:CuriousFeather","Torii","Busted Crown","CaptainsWheel","ClockworkSouvenir","Mercury Hourglass","DataDisk","hubris:Icosahedron","Kunai","hubris:SlimyHat","Blood Vial"],"acts_visited":["Exordium","TheCity","TheBeyond"],"potions_floor_usage":[33,41,46],"damage_taken":[{"damage":1.0,"enemies":"Cultist","floor":1.0,"turns":4.0},{"damage":0.0,"enemies":"Small Slimes","floor":3.0,"turns":3.0},{"damage":1.0,"enemies":"Jaw Worm","floor":5.0,"turns":4.0},{"damage":0.0,"enemies":"Exordium Thugs","floor":6.0,"turns":4.0},{"damage":13.0,"enemies":"2 Fungi Beasts","floor":7.0,"turns":3.0},{"damage":10.0,"enemies":"Lagavulin","floor":10.0,"turns":8.0},{"damage":1.0,"enemies":"3 Sentries","floor":13.0,"turns":6.0},{"damage":6.0,"enemies":"Large Slime","floor":14.0,"turns":7.0},{"damage":17.0,"enemies":"Hexaghost","floor":16.0,"turns":13.0},{"damage":13.0,"enemies":"2 Thieves","floor":18.0,"turns":4.0},{"damage":7.0,"enemies":"3 Byrds","floor":22.0,"turns":3.0},{"damage":21.0,"enemies":"Book of Stabbing","floor":23.0,"turns":7.0},{"damage":70.0,"enemies":"Gremlin Leader","floor":25.0,"turns":15.0},{"damage":32.0,"enemies":"Slavers","floor":27.0,"turns":7.0},{"damage":13.0,"enemies":"Snake Plant","floor":28.0,"turns":4.0},{"damage":0.0,"enemies":"Centurion and Healer","floor":30.0,"turns":8.0},{"damage":23.0,"enemies":"Book of Stabbing","floor":31.0,"turns":8.0},{"damage":38,"enemies":"Collector","floor":33,"turns":14},{"damage":9,"enemies":"Orb Walker","floor":35,"turns":5},{"damage":0,"enemies":"Mind Bloom Boss Battle","floor":36,"turns":8},{"damage":1,"enemies":"3 Shapes","floor":37,"turns":9},{"damage":70,"enemies":"Transient","floor":38,"turns":5},{"damage":10,"enemies":"3 Darklings","floor":39,"turns":5},{"damage":42,"enemies":"Giant Head","floor":41,"turns":11},{"damage":14,"enemies":"Writhing Mass","floor":45,"turns":8},{"damage":0,"enemies":"Reptomancer","floor":46,"turns":10},{"damage":7,"enemies":"Sphere and 2 Shapes","floor":47,"turns":13},{"damage":35,"enemies":"Nemesis","floor":48,"turns":13},{"damage":7,"enemies":"Time Eater","floor":50,"turns":13}],"seed_played":"6185229958692568683","potions_obtained":[{"floor":1.0,"key":"DuplicationPotion"},{"floor":5.0,"key":"PotionOfCapacity"},{"floor":7.0,"key":"Regen Potion"},{"floor":10.0,"key":"LiquidBronze"},{"floor":18.0,"key":"SteroidPotion"},{"floor":28.0,"key":"FocusPotion"},{"floor":30.0,"key":"FocusPotion"},{"floor":35,"key":"Energy Potion"},{"floor":39,"key":"DistilledChaos"},{"floor":46,"key":"Energy Potion"}],"is_trial":false,"path_per_floor":["M","?","M","$","M","M","M","$","T","E","$","R","E","M","R","B",null,"M","?","$","?","M","E","R","E","T","E","M","?","M","E","R","B",null,"M","?","M","M","M","$","E","R","T","?","M","E","M","E","R","B",null],"character_chosen":"DEFECT","items_purchased":["Apotheosis","Blizzard","Chill","Loop","Glacier","Frozen Eye","Ornamental Fan","Bronze Scales","Cold Snap","Loop","Defragment","ClockworkSouvenir","Mercury Hourglass"],"campfire_rested":4,"item_purchase_floors":[0,0,0,0,0,0,0,0,4,11,20,40,40],"current_hp_per_floor":[29,29,29,29,28,28,15,15,15,20,20,42,41,35,35,18,75,62,62,62,62,55,44,66,42,42,26,17,20,35,30,53,30,78,71,78,78,21,28,28,9,32,32,32,42,52,67,54,54,73],"gold":258,"neow_bonus":"","is_daily":false,"chose_seed":false,"campfire_upgraded":0,"win_rate":0.0,"timestamp":1611023818,"path_taken":["M","?","M","$","M","M","?","$","T","E","?","R","E","M","R","BOSS","M","?","$","?","M","E","R","E","T","E","M","?","M","E","R","BOSS","M","?","M","M","M","$","E","R","T","?","M","E","M","E","R","BOSS"],"items_purchased_type":["Card","Card","Card","Card","Card","Relic","Relic","Relic","Card","Card","Card","Relic","Relic"],"build_version":"2020-12-22","purchased_purges":1,"victory":true,"max_hp_per_floor":[75,75,75,75,75,75,75,75,75,75,75,75,75,75,75,75,75,75,75,75,75,75,75,75,75,75,75,75,78,78,78,78,78,78,78,78,78,78,78,78,78,78,78,78,78,78,78,78,78,78],"card_choices":[{"not_picked":["Rip and Tear","Auto Shields"],"picked":"Stack","floor":1.0},{"not_picked":["Barrage","Conserve Battery"],"picked":"Double Energy","floor":3.0},{"not_picked":["Turbo","White Noise"],"picked":"Gash","floor":5.0},{"not_picked":["Stack","Sweeping Beam"],"picked":"Chill","floor":6.0},{"not_picked":["Barrage","Stack","hubris:PowerSurge"],"picked":"SKIP","floor":7.0},{"not_picked":["Stack","Steam Power"],"picked":"Genetic Algorithm","floor":10.0},{"not_picked":["Reprogram","Steam Power","Leap"],"picked":"SKIP","floor":13.0},{"not_picked":["Darkness","Redo"],"picked":"Chill","floor":14.0},{"not_picked":["hubris:DoWhile","Meteor Strike"],"picked":"Core Surge","floor":16.0},{"not_picked":["Beam Cell","FTL"],"picked":"Self Repair","floor":18.0},{"not_picked":["Compile Driver","Double Energy+1","Ball Lightning"],"picked":"SKIP","floor":22.0},{"not_picked":["Compile Driver","Beam Cell"],"picked":"Skim","floor":23.0},{"not_picked":["Self Repair","Conserve Battery+1"],"picked":"Capacitor","floor":24.0},{"not_picked":["hubris:Prefetch","Static Discharge"],"picked":"Hologram","floor":25.0},{"not_picked":["Rip and Tear+1","Leap"],"picked":"BootSequence+1","floor":27.0},{"not_picked":["Coolheaded","White Noise"],"picked":"Turbo","floor":28.0},{"not_picked":["Lockon","Force Field"],"picked":"Cold Snap+1","floor":30.0},{"not_picked":["Reprogram","Steam"],"picked":"Gash","floor":31.0},{"not_picked":["Steam","Compile Driver"],"picked":"Cold Snap","floor":32.0},{"not_picked":["Machine Learning","Reboot"],"picked":"Echo Form","floor":33},{"not_picked":[],"picked":"Defragment","floor":35},{"not_picked":[],"picked":"Skim+1","floor":37},{"not_picked":["Darkness"],"picked":"SKIP","floor":38},{"not_picked":["Rebound"],"picked":"SKIP","floor":39},{"not_picked":["Echo Form"],"picked":"SKIP","floor":41},{"not_picked":["Streamline+1"],"picked":"SKIP","floor":45},{"not_picked":[],"picked":"Loop+1","floor":46},{"not_picked":["Rebound+1"],"picked":"SKIP","floor":47},{"not_picked":["All For One"],"picked":"SKIP","floor":48}],"player_experience":150833,"relics_obtained":[{"floor":9.0,"key":"Smiling Mask"},{"floor":10.0,"key":"hubris:Reverence"},{"floor":13.0,"key":"Juzu Bracelet"},{"floor":17.0,"key":"Dream Catcher"},{"floor":17.0,"key":"hubris:SoftwareUpdate"},{"floor":17.0,"key":"hubris:BundleOfHerbs"},{"floor":23.0,"key":"Bird Faced Urn"},{"floor":25.0,"key":"hubris:DuctTape"},{"floor":26.0,"key":"Anchor"},{"floor":27.0,"key":"hubris:CuriousFeather"},{"floor":31.0,"key":"Torii"},{"floor":36,"key":"CaptainsWheel"},{"floor":41,"key":"DataDisk"},{"floor":46,"key":"Kunai"},{"floor":48,"key":"hubris:SlimyHat"},{"floor":49,"key":"Blood Vial"}],"event_choices":[{"damage_healed":0.0,"max_hp_gain":0.0,"max_hp_loss":0.0,"gold_gain":0.0,"event_name":"Accursed Blacksmith","player_choice":"Forge","floor":2.0,"gold_loss":0.0,"damage_taken":0.0,"cards_upgraded":["Apotheosis"]},{"damage_healed":0.0,"max_hp_gain":0.0,"max_hp_loss":0.0,"gold_gain":0.0,"event_name":"Vampires","player_choice":"Ignored","floor":21.0,"gold_loss":0.0,"damage_taken":0.0},{"damage_healed":0,"gold_gain":0,"player_choice":"Fight","damage_taken":0,"max_hp_gain":0,"max_hp_loss":0,"event_name":"MindBloom","floor":36,"gold_loss":0}],"is_beta":false,"boss_relics":[{"not_picked":["hubris:HollowSoul","Tiny House"],"picked":"Calling Bell"},{"not_picked":["Sozu","SlaversCollar"],"picked":"Busted Crown"}],"items_purged_floors":[4],"is_endless":false,"potions_floor_spawned":[1,5,7,10,18,28,30,35,36,39,46],"ascension_level":4}}