{"host":"ss2ocoam53r2lno0","time":1611065075,"event":{"mods":["Act Like it!","BaseMod","ChefMod","Clockwork Mod","Colored Powertips","Curses Come First","Displayed Cursed Tome","Downfall","Evolution","Googly Eyes","Hallownest","Highlight Path","Minty Spire (QoL Compilation)","Poor People Problems","Rare Cards Sparkle","Robot Space Explorer","Shade Mod","Shop Mod","Spicy Shops","StSLib","The Marked"],"gold_per_floor":[116,132,145,115,133,133,144,144,167,4,4,4,4,18,18,96,96,112,146,159,109,124,124,151,151,151,26,56,67,67,67,67,142,192,208,208,208,233,233,246,246,246,246,273,46,61,95,95,95],"floor_reached":48,"language":"ENG","playtime":2988,"items_purged":["Clockwork:Strike","Clockwork:Strike","Clockwork:Shield"],"score":959,"play_id":"9c596ead-9f88-4430-8e33-654db7a7ea15","local_time":"20210119150435","is_ascension_mode":true,"campfire_choices":[{"data":"Clockwork:SnapKeep","floor":6.0,"key":"SMITH"},{"floor":8.0,"key":"REST"},{"data":"Clockwork:Tinker","floor":11.0,"key":"SMITH"},{"floor":13.0,"key":"REST"},{"floor":15.0,"key":"REST"},{"floor":23.0,"key":"REST"},{"floor":25.0,"key":"REST"},{"floor":30.0,"key":"REST"},{"floor":32.0,"key":"REST"},{"data":"Clockwork:Shield","floor":41.0,"key":"SMITH"}],"circlet_count":0,"master_deck":["AscendersBane","Clockwork:SnapKeep+1","Clockwork:Shield+1","Clockwork:Shield","Clockwork:Shield","Clockwork:Tinker+1","Clockwork:WarmUp+1","Clockwork:PerfectForm","Clockwork:SnapKeep+1","Clockwork:OccamsRazor"],"relics":["Clockwork:MomentumEngine","EVO:Axolotl","MawBank","sneckomod:SneckoTalon","Clockwork:CopperScales","Red Mask","Guardian:PocketSentry","Bottled Flame","Mercury Hourglass","Tiny House","Bird Faced Urn","Ornamental Fan","Bottled Tornado","DollysMirror","PreservedInsect"],"acts_visited":["Exordium","TheCity","TheBeyond"],"potions_floor_usage":[],"damage_taken":[{"damage":17.0,"enemies":"Cultist","floor":1.0,"turns":7.0},{"damage":5.0,"enemies":"Jaw Worm","floor":2.0,"turns":7.0},{"damage":0.0,"enemies":"2 Louse","floor":3.0,"turns":7.0},{"damage":0.0,"enemies":"Looter","floor":4.0,"turns":4.0},{"damage":20.0,"enemies":"Lots of Slimes","floor":5.0,"turns":11.0},{"damage":9.0,"enemies":"Large Slime","floor":7.0,"turns":12.0},{"damage":8.0,"enemies":"Exordium Thugs","floor":14.0,"turns":9.0},{"damage":10.0,"enemies":"The Guardian","floor":16.0,"turns":18.0},{"damage":0.0,"enemies":"Shell Parasite","floor":18.0,"turns":11.0},{"damage":70.0,"enemies":"Masked Bandits","floor":19.0,"turns":7.0},{"damage":0.0,"enemies":"Chosen","floor":20.0,"turns":3.0},{"damage":12.0,"enemies":"Snake Plant","floor":22.0,"turns":6.0},{"damage":3.0,"enemies":"Book of Stabbing","floor":24.0,"turns":5.0},{"damage":24.0,"enemies":"Slavers","floor":28.0,"turns":7.0},{"damage":0.0,"enemies":"Centurion and Healer","floor":29.0,"turns":8.0},{"damage":0.0,"enemies":"Collector","floor":33.0,"turns":13.0},{"damage":12.0,"enemies":"3 Darklings","floor":35.0,"turns":5.0},{"damage":2.0,"enemies":"Mind Bloom Boss Battle","floor":38.0,"turns":5.0},{"damage":10.0,"enemies":"Orb Walker","floor":40.0,"turns":4.0},{"damage":28.0,"enemies":"Nemesis","floor":44.0,"turns":7.0},{"damage":5,"enemies":"Sphere and 2 Shapes","floor":46,"turns":3},{"damage":16,"enemies":"Reptomancer","floor":47,"turns":7},{"damage":39,"enemies":"4 Shapes","floor":48,"turns":3}],"seed_played":"-830336493993985786","potions_obtained":[{"floor":2.0,"key":"Fire Potion"},{"floor":3.0,"key":"Weak Potion"},{"floor":7.0,"key":"Energy Potion"},{"floor":16.0,"key":"sneckomod:MuddlingPotion"},{"floor":18.0,"key":"DuplicationPotion"},{"floor":20.0,"key":"DuplicationPotion"},{"floor":28.0,"key":"SkillPotion"},{"floor":33.0,"key":"Swift Potion"},{"floor":34.0,"key":"DuplicationPotion"},{"floor":35.0,"key":"Fruit Juice"},{"floor":44.0,"key":"EssenceOfSteel"},{"floor":47,"key":"DuplicationPotion"}],"is_trial":false,"path_per_floor":["M","M","M","M","M","R","M","R","T","$","R","$","R","M","R","B",null,"M","?","M","?","M","R","E","R","T","$","E","M","R","$","R","B",null,"M","?","$","?","?","M","R","?","T","E","$","M","E","M"],"character_chosen":"CLOCKWORK","items_purchased":["DollysMirror","Clockwork:OccamsRazor"],"campfire_rested":7,"item_purchase_floors":[45,45],"current_hp_per_floor":[60,55,55,55,35,35,26,51,51,51,51,51,76,68,85,75,83,83,13,13,13,1,26,23,48,48,48,24,24,49,49,74,74,87,80,80,80,78,78,70,70,70,70,44,44,43,31,0,0],"gold":95,"neow_bonus":"REMOVE_CARD","is_daily":false,"chose_seed":false,"campfire_upgraded":3,"win_rate":0.0,"timestamp":1611065075,"path_taken":["M","?","?","M","?","R","M","R","T","$","R","?","R","M","R","BOSS","M","?","M","?","M","R","E","R","T","$","E","?","R","?","R","BOSS","M","?","$","?","?","?","R","?","T","E","?","M","E","?"],"items_purchased_type":["Relic","Card"],"build_version":"2020-12-22","purchased_purges":3,"victory":false,"max_hp_per_floor":[85,85,85,85,85,85,85,85,85,85,85,85,85,85,85,85,85,85,85,85,85,85,85,85,85,85,85,85,85,85,85,85,85,90,95,95,95,95,95,95,95,95,95,95,95,95,95,95,95],"card_choices":[{"not_picked":["Clockwork:ForgeStrike","Clockwork:CraftVarja","Clockwork:SystemScan"],"picked":"SKIP","floor":1.0},{"not_picked":["Clockwork:ChargingBlade","Clockwork:ReserveSystems","Clockwork:CogShield"],"picked":"SKIP","floor":2.0},{"not_picked":["Clockwork:SystemHardening","Clockwork:Pluck"],"picked":"Clockwork:CraftMomentumEngine","floor":3.0},{"not_picked":["Clockwork:Minimalism","Clockwork:AssemblyLine","Clockwork:RevUp"],"picked":"SKIP","floor":4.0},{"not_picked":["Clockwork:Minimalism","Clockwork:TiltAWhirl","Clockwork:ReserveSystems"],"picked":"SKIP","floor":5.0},{"not_picked":["Clockwork:WindupStrike","Clockwork:ChargingBlade","Clockwork:SystemHardening"],"picked":"SKIP","floor":7.0},{"not_picked":["Clockwork:PerfectedShield","Clockwork:AdaptiveCannon","Clockwork:RitualDaggerMk0"],"picked":"SKIP","floor":14.0},{"not_picked":["Clockwork:SystemScan","Clockwork:AssemblyLine"],"picked":"Clockwork:CraftCopperScales","floor":18.0},{"not_picked":["Clockwork:RitualDaggerMk0","Clockwork:ChargingBlade+1","Clockwork:ReserveSystems"],"picked":"SKIP","floor":20.0},{"not_picked":["Clockwork:Scour","Clockwork:ChargingBlade","Clockwork:SystemScan"],"picked":"SKIP","floor":22.0},{"not_picked":["Clockwork:Minimalism","Clockwork:TestingEnvironment","Clockwork:RampUp"],"picked":"SKIP","floor":24.0},{"not_picked":["Clockwork:MechanicalBulk","Clockwork:Redundancy","Clockwork:RevUp"],"picked":"SKIP","floor":28.0},{"not_picked":["Clockwork:ReserveSystems","Clockwork:CogShield","Clockwork:SystemScan"],"picked":"SKIP","floor":29.0},{"not_picked":["Clockwork:Halt","Clockwork:Inspiration"],"picked":"Clockwork:PerfectForm","floor":33.0},{"not_picked":["Clockwork:ForgeStrike+1","Clockwork:Roundhouse","Clockwork:ChargingShield"],"picked":"SKIP","floor":35.0},{"not_picked":["Clockwork:CogToss","Clockwork:AdaptiveCannon","Clockwork:ReserveSystems"],"picked":"SKIP","floor":40.0},{"not_picked":["Clockwork:ReserveSystems","Clockwork:Roundhouse","Clockwork:CraftSomewhatSmoothStone"],"picked":"SKIP","floor":44.0},{"not_picked":["Clockwork:Roundhouse","Clockwork:Enhance+1","Clockwork:CraftBloodPhial"],"picked":"SKIP","floor":46},{"not_picked":["Clockwork:TestingEnvironment","Clockwork:Efficiency","Clockwork:Redundancy"],"picked":"SKIP","floor":47}],"player_experience":794250,"relics_obtained":[{"floor":9.0,"key":"MawBank"},{"floor":19.0,"key":"Red Mask"},{"floor":24.0,"key":"Guardian:PocketSentry"},{"floor":26.0,"key":"Bottled Flame"},{"floor":28.0,"key":"Mercury Hourglass"},{"floor":38.0,"key":"Bird Faced Urn"},{"floor":43.0,"key":"Ornamental Fan"},{"floor":44.0,"key":"Bottled Tornado"},{"floor":47,"key":"PreservedInsect"}],"event_choices":[{"damage_healed":0.0,"max_hp_gain":0.0,"max_hp_loss":0.0,"gold_gain":0.0,"event_name":"Masked Bandits","player_choice":"Fought Bandits","floor":19.0,"gold_loss":0.0,"damage_taken":0.0},{"damage_healed":0.0,"max_hp_gain":0.0,"max_hp_loss":0.0,"gold_gain":0.0,"event_name":"The Joust","player_choice":"Bet on Murderer","floor":21.0,"gold_loss":50.0,"damage_taken":0.0},{"damage_healed":0.0,"max_hp_gain":0.0,"max_hp_loss":0.0,"gold_gain":0.0,"event_name":"MindBloom","player_choice":"Fight","floor":38.0,"gold_loss":0.0,"damage_taken":0.0},{"damage_healed":0.0,"max_hp_gain":0.0,"max_hp_loss":0.0,"gold_gain":0.0,"event_name":"Purifier","player_choice":"Ignored","floor":39.0,"gold_loss":0.0,"damage_taken":0.0},{"damage_healed":0.0,"max_hp_gain":0.0,"max_hp_loss":0.0,"gold_gain":0.0,"event_name":"Match and Keep!","player_choice":"0 cards matched","floor":42.0,"gold_loss":0.0,"damage_taken":0.0,"cards_obtained":[]}],"is_beta":false,"boss_relics":[{"not_picked":["Busted Crown","Velvet Choker"],"picked":"sneckomod:SneckoTalon"},{"not_picked":["Pandora\u0027s Box","Clockwork:PerpetualMotionMachine"],"picked":"Tiny House"}],"items_purged_floors":[10,10,27],"is_endless":false,"potions_floor_spawned":[2,3,7,16,18,20,28,33,35,44,47],"killed_by":"4 Shapes","ascension_level":13}}