{"host":"9h1qbmp5h1ch7u4r","time":1611093549,"event":{"mods":["Act Like it!","BaseMod","Hallownest","Minty Spire (QoL Compilation)","StSLib","The Bug Knight"],"gold_per_floor":[18,36,46,61,61,61,90,90,90,110,143,143,143,157,157,252,252,262,182,194,194,104,104,132,132,157,82,111,111,140,140,140,237,237,257,269,269,269,283,312,312,12,12,25,36,36,36,68,68,68,68,68,68,98,98,98],"floor_reached":55,"language":"ENG","playtime":11107,"items_purged":[],"score":946,"play_id":"d1ff6500-c069-466d-a6b7-5c8e9791e84d","local_time":"20210119165909","is_ascension_mode":true,"campfire_choices":[{"data":"HollowMod:MothsMistake","floor":6.0,"key":"SMITH"},{"data":"HollowMod:MonarchWings","floor":13.0,"key":"SMITH"},{"data":"HollowMod:SoulMaster","floor":15.0,"key":"SMITH"},{"floor":23.0,"key":"RECALL"},{"floor":25.0,"key":"REST"},{"floor":29.0,"key":"REST"},{"floor":32.0,"key":"REST"},{"floor":41.0,"key":"REST"},{"floor":49.0,"key":"REST"},{"floor":52.0,"key":"REST"}],"circlet_count":0,"master_deck":["HollowMod:NailStrikeStart","HollowMod:NailStrikeStart","HollowMod:NailStrikeStart","HollowMod:NailStrikeStart","HollowMod:QuickDashStart","HollowMod:QuickDashStart","HollowMod:QuickDashStart","HollowMod:QuickDashStart","HollowMod:FocusHealStart","HollowMod:PogoStrike","HollowMod:CloakDash+1","HollowMod:PerfectDash","HollowMod:MothsMistake+1","HollowMod:SoulMaster+1","Master of Strategy","HollowMod:MonarchWings+1","HollowMod:VengefulSpirit+1","HollowMod:DashSlash+1","HollowMod:SoulMaster","HollowMod:BaldurShell","Hallownest:skillCityofTearsMap+1","HollowMod:HowlingWraiths+1","HollowMod:RecoilStrike+1","HollowMod:CrystalDash+1","HollowMod:DesolateDive+1","HollowMod:HerrahsAnger+1","HollowMod:CornifersMapStart+1","HollowMod:SiblingsSouls+1","HollowMod:CornifersMapStart+1","HollowMod:NewLastStag+1","HollowMod:MonomonsArchive+1","HollowMod:MidwifesHunger+1","HollowMod:HuntersJournal+1"],"relics":["HollowMod:VesselMask","FossilizedHelix","Meat on the Bone","Molten Egg 2","White Beast Statue","Hallownest:DreamNailRelic","Fusion Hammer","Hallownest:StagBellRelic1","War Paint","Toxic Egg 2","Toy Ornithopter","SlaversCollar","Hallownest:BeastSealRelic","Thread and Needle","HollowMod:LumaflyLanternRelic","TungstenRod","Art of War"],"acts_visited":["Exordium","Hallownest:Greenpath","Hallownest:CityofTears","TheEnding"],"potions_floor_usage":[55,55],"damage_taken":[{"damage":0.0,"enemies":"Hallownest:monsterHuskGuard","floor":1.0,"turns":4.0},{"damage":0.0,"enemies":"Hallownest:2_Tiktiks_and_1_Crawlid","floor":2.0,"turns":4.0},{"damage":0.0,"enemies":"Hallownest:2_Baldur","floor":3.0,"turns":3.0},{"damage":0.0,"enemies":"Hallownest:monsterAspidMother","floor":4.0,"turns":7.0},{"damage":12.0,"enemies":"Hallownest:eliteVengeflyKing","floor":7.0,"turns":9.0},{"damage":10.0,"enemies":"Hallownest:2_Tiktiks_1_Baldur_1_Crawlid","floor":10.0,"turns":6.0},{"damage":10.0,"enemies":"Hallownest:eliteCrystalGuardian","floor":11.0,"turns":7.0},{"damage":13.0,"enemies":"Hallownest:Guard_and_Warrior","floor":14.0,"turns":6.0},{"damage":15.0,"enemies":"Hallownest:BossFalseKnight","floor":16.0,"turns":8.0},{"damage":0.0,"enemies":"Hallownest:Guard_and_Sentry","floor":18.0,"turns":5.0},{"damage":2.0,"enemies":"Hallownest:2_Mistakes","floor":20.0,"turns":7.0},{"damage":0.0,"enemies":"Hallownest:2_Mistakes","floor":21.0,"turns":5.0},{"damage":15.0,"enemies":"Hallownest:eliteSoulWarrior","floor":24.0,"turns":7.0},{"damage":0.0,"enemies":"Hallownest:Nosk","floor":28.0,"turns":9.0},{"damage":1.0,"enemies":"Hallownest:eliteSoulWarrior","floor":30.0,"turns":8.0},{"damage":5.0,"enemies":"Hallownest:BossSoulMaster","floor":33.0,"turns":13.0},{"damage":3.0,"enemies":"Hallownest:Shield_Heavy","floor":35.0,"turns":7.0},{"damage":24.0,"enemies":"Hallownest:2_Littles","floor":36.0,"turns":9.0},{"damage":52.0,"enemies":"Hallownest:Xero_Hu_Marmu","floor":39.0,"turns":11.0},{"damage":31.0,"enemies":"Hallownest:eliteHiveKnight","floor":40.0,"turns":9.0},{"damage":0.0,"enemies":"Hallownest:2_Soldiers_and_1_Guardian","floor":44.0,"turns":7.0},{"damage":3.0,"enemies":"Hallownest:2_Wing_and_1_Kings","floor":45.0,"turns":7.0},{"damage":0.0,"enemies":"Hallownest:StalkingDevout","floor":48.0,"turns":7.0},{"damage":0.0,"enemies":"Hallownest:Radiance","floor":50.0,"turns":16.0},{"damage":38,"enemies":"Shield and Spear","floor":54,"turns":9},{"damage":85,"enemies":"The Heart","floor":55,"turns":12}],"seed_played":"-2248944815563413924","potions_obtained":[{"floor":2.0,"key":"FearPotion"},{"floor":3.0,"key":"GamblersBrew"},{"floor":7.0,"key":"SteroidPotion"},{"floor":10.0,"key":"SteroidPotion"},{"floor":14.0,"key":"Explosive Potion"},{"floor":16.0,"key":"SneckoOil"},{"floor":18.0,"key":"BlessingOfTheForge"},{"floor":20.0,"key":"Dexterity Potion"},{"floor":24.0,"key":"Dexterity Potion"},{"floor":28.0,"key":"Regen Potion"},{"floor":33.0,"key":"SpeedPotion"},{"floor":35.0,"key":"PowerPotion"},{"floor":39.0,"key":"SneckoOil"},{"floor":48.0,"key":"FairyPotion"},{"floor":54,"key":"Fire Potion"}],"is_trial":false,"path_per_floor":["M","M","M","M","$","R","E","?","T","M","E","?","R","M","R","B",null,"M","?","M","?","?","R","E","R","T","$","E","R","E","?","R","B",null,"M","M","?","?","M","E","R","?","T","M","M","$","?","E","R","B",null,"R","$","E","B"],"character_chosen":"THE_BUGKNIGHT","items_purchased":["HollowMod:RecoilStrike+1"],"campfire_rested":6,"item_purchase_floors":[27],"current_hp_per_floor":[75,75,75,75,75,75,69,69,69,65,55,55,55,52,52,43,75,75,75,75,75,75,75,65,75,75,75,75,75,75,75,75,75,75,75,57,57,57,49,40,62,62,62,74,75,75,70,70,70,70,70,70,70,38,0,0],"gold":98,"neow_bonus":"ONE_RARE_RELIC","is_daily":false,"chose_seed":false,"campfire_upgraded":3,"win_rate":0.0,"timestamp":1611093549,"path_taken":["M","M","M","M","$","R","E","?","T","M","E","?","R","M","R","BOSS","M","?","M","?","?","R","E","R","T","?","E","R","E","?","R","BOSS","M","M","?","?","M","E","R","?","T","M","M","?","?","E","R","BOSS","R","$","E","BOSS"],"items_purchased_type":["Card"],"build_version":"2020-12-22","purchased_purges":0,"victory":false,"max_hp_per_floor":[75,75,75,75,75,75,75,75,75,75,75,75,75,75,75,75,75,75,75,75,75,75,75,75,75,75,75,75,75,75,75,75,75,75,75,75,75,75,75,75,75,75,75,75,75,75,70,70,70,70,70,70,70,70,70,70],"card_choices":[{"not_picked":["HollowMod:InfectionAssault","HollowMod:VengefulSpirit"],"picked":"HollowMod:CloakDash","floor":1.0},{"not_picked":["HollowMod:SiblingsSouls","HollowMod:LuriensSpire"],"picked":"HollowMod:PerfectDash","floor":2.0},{"not_picked":["HollowMod:VengefulVoid","HollowMod:DoubleDash"],"picked":"HollowMod:MothsMistake","floor":3.0},{"not_picked":["HollowMod:SoulVessel","HollowMod:TaintedHusks","HollowMod:GoodIntentions"],"picked":"SKIP","floor":4.0},{"not_picked":["HollowMod:CycloneSlash","HollowMod:GreatSlash"],"picked":"HollowMod:SoulMaster","floor":7.0},{"not_picked":["Madness","Impatience"],"picked":"Master of Strategy","floor":8.0},{"not_picked":["HollowMod:DescendingDark","HollowMod:SoulSplash"],"picked":"HollowMod:MonarchWings","floor":8.0},{"not_picked":["HollowMod:BlackTendrils+1","HollowMod:QuirrelsAssistance+1"],"picked":"HollowMod:VengefulSpirit+1","floor":10.0},{"not_picked":["HollowMod:SoulVessel","HollowMod:DreamGate"],"picked":"HollowMod:DashSlash+1","floor":11.0},{"not_picked":["HollowMod:WraithStrike+1","HollowMod:SiblingsSouls","HollowMod:SharpenedShadows"],"picked":"SKIP","floor":14.0},{"not_picked":["HollowMod:AwokenDreamNail+1","HollowMod:SlysStrikes"],"picked":"HollowMod:SoulMaster","floor":16.0},{"not_picked":["HollowMod:InfectedCysts+1","HollowMod:ShapeofUnn"],"picked":"HollowMod:BaldurShell","floor":18.0},{"not_picked":["HollowMod:DescendingDark+1","HollowMod:VengefulVoid+1"],"picked":"HollowMod:HowlingWraiths+1","floor":20.0},{"not_picked":["HollowMod:VengefulVoid+1","HollowMod:DescendingDark+1","HollowMod:SharpenedShadows"],"picked":"SKIP","floor":24.0},{"not_picked":["HollowMod:VengefulVoid+1","HollowMod:DescendingDark+1","HollowMod:SharpenedShadows"],"picked":"SKIP","floor":24.0},{"not_picked":["HollowMod:SharpenedNail+1","HollowMod:InfectedCysts+1"],"picked":"HollowMod:CrystalDash+1","floor":28.0},{"not_picked":["HollowMod:DreamGate+1","HollowMod:HuntersJournal+1"],"picked":"HollowMod:DesolateDive+1","floor":30.0},{"not_picked":["HollowMod:Weaversong","HollowMod:ElderbugsWisdom"],"picked":"HollowMod:HerrahsAnger+1","floor":33.0},{"not_picked":["HollowMod:SharpenedNail+1","HollowMod:CycloneSlash+1","HollowMod:InfectedCysts+1"],"picked":"SKIP","floor":35.0},{"not_picked":["HollowMod:TaintedHusks+1","HollowMod:ShadowDash+1"],"picked":"HollowMod:CornifersMapStart+1","floor":36.0},{"not_picked":["HollowMod:HeavyBlow+1","HollowMod:ShadowDash+1"],"picked":"HollowMod:SiblingsSouls+1","floor":39.0},{"not_picked":["HollowMod:PureNailStrike+1","HollowMod:WraithStrike+1"],"picked":"HollowMod:CornifersMapStart+1","floor":40.0},{"not_picked":["HollowMod:DescendingDark+1","HollowMod:CloakDash+1"],"picked":"HollowMod:MonomonsArchive+1","floor":44.0},{"not_picked":["HollowMod:CrystalDash+1","HollowMod:BrokenVessel"],"picked":"HollowMod:MidwifesHunger+1","floor":45.0},{"not_picked":["HollowMod:TaintedHusks+1","HollowMod:HeavyBlow+1"],"picked":"HollowMod:HuntersJournal+1","floor":48.0},{"not_picked":["HollowMod:InfectedCysts+1","HollowMod:DescendingDark+1","HollowMod:Grubsong+1"],"picked":"SKIP","floor":54}],"player_experience":912921,"relics_obtained":[{"floor":7.0,"key":"Meat on the Bone"},{"floor":9.0,"key":"Molten Egg 2"},{"floor":11.0,"key":"White Beast Statue"},{"floor":24.0,"key":"War Paint"},{"floor":28.0,"key":"Toxic Egg 2"},{"floor":30.0,"key":"Toy Ornithopter"},{"floor":40.0,"key":"Thread and Needle"},{"floor":43.0,"key":"HollowMod:LumaflyLanternRelic"},{"floor":48.0,"key":"TungstenRod"},{"floor":54,"key":"Art of War"}],"event_choices":[],"is_beta":false,"boss_relics":[{"not_picked":["Astrolabe","Philosopher\u0027s Stone"],"picked":"Fusion Hammer"},{"not_picked":["Snecko Eye","Pandora\u0027s Box"],"picked":"SlaversCollar"}],"items_purged_floors":[],"is_endless":false,"potions_floor_spawned":[2,3,7,10,14,16,18,20,21,24,28,30,33,35,36,39,40,44,45,48,54],"killed_by":"The Heart","ascension_level":3}}