{"host":"6wux4armhsntp4yb","time":1611016110,"event":{"mods":["BaseMod","Colored Map","DeckTracker","Minty Spire (QoL Compilation)","Relic Stats"],"gold_per_floor":[113,125,400,419,120,155,155,9,9,9,26,42,42,59,59,136,136,153,168,168,168,168,168,200,200,227,227,238,261,5,34,34,109,109,122,137,0,55,69,69,89,89,89,89,105,105,130,30,30,30,30,30,30,30,62,62,62],"floor_reached":56,"language":"JPN","playtime":3739,"items_purged":["Regret","Slice"],"score":1776,"play_id":"bd21e47a-98ee-4414-95ec-ea33edfd6adb","local_time":"20210119092830","is_ascension_mode":true,"campfire_choices":[{"data":"Neutralize","floor":7.0,"key":"SMITH"},{"data":"Bullet Time","floor":10.0,"key":"SMITH"},{"data":"Catalyst","floor":13.0,"key":"SMITH"},{"data":"Acrobatics","floor":15.0,"key":"SMITH"},{"data":"Dash","floor":23.0,"key":"SMITH"},{"data":"Predator","floor":25.0,"key":"SMITH"},{"data":"Calculated Gamble","floor":27.0,"key":"SMITH"},{"data":"Bouncing Flask","floor":32.0,"key":"SMITH"},{"data":"Strike_G","floor":40.0,"key":"PURGE"},{"data":"Strike_G","floor":42.0,"key":"PURGE"},{"data":"Strike_G","floor":46.0,"key":"PURGE"},{"floor":49.0,"key":"RECALL"},{"data":"Defend_G","floor":53.0,"key":"PURGE"}],"circlet_count":0,"master_deck":["AscendersBane","Defend_G","Defend_G","Defend_G","Defend_G+1","Survivor","Neutralize+1","Deadly Poison","Flechettes","Infinite Blades","Bullet Time+1","Catalyst+1","Acrobatics+1","Reflex","Terror","Backflip","Tools of the Trade","Calculated Gamble+1","Dash+1","Blade Dance+1","Predator+1","Bouncing Flask+1","Apotheosis","Eviscerate+1","Wraith Form v2","Riddle With Holes","PiercingWail+1","Leg Sweep","Underhanded Strike","Footwork","Noxious Fumes","Finisher+1"],"relics":["Ring of the Snake","NeowsBlessing","Snake Skull","Vajra","Shuriken","Snecko Eye","Lantern","Mango","Bag of Preparation","War Paint","Bottled Lightning","WristBlade","Red Mask","Peace Pipe","Pocketwatch","Nunchaku","Mummified Hand"],"acts_visited":["Exordium","TheCity","TheBeyond","TheEnding"],"potions_floor_usage":[56],"damage_taken":[{"damage":0.0,"enemies":"Cultist","floor":1.0,"turns":1.0},{"damage":0.0,"enemies":"Jaw Worm","floor":2.0,"turns":1.0},{"damage":0.0,"enemies":"Small Slimes","floor":4.0,"turns":1.0},{"damage":35.0,"enemies":"Lagavulin","floor":6.0,"turns":7.0},{"damage":0.0,"enemies":"2 Fungi Beasts","floor":11.0,"turns":2.0},{"damage":0.0,"enemies":"Blue Slaver","floor":12.0,"turns":4.0},{"damage":10.0,"enemies":"Large Slime","floor":14.0,"turns":3.0},{"damage":12.0,"enemies":"Slime Boss","floor":16.0,"turns":9.0},{"damage":7.0,"enemies":"Spheric Guardian","floor":18.0,"turns":5.0},{"damage":6.0,"enemies":"Shell Parasite","floor":19.0,"turns":4.0},{"damage":13.0,"enemies":"Gremlin Leader","floor":24.0,"turns":5.0},{"damage":9.0,"enemies":"Snake Plant","floor":28.0,"turns":3.0},{"damage":24.0,"enemies":"Slavers","floor":31.0,"turns":4.0},{"damage":2.0,"enemies":"Champ","floor":33.0,"turns":4.0},{"damage":3.0,"enemies":"3 Darklings","floor":35.0,"turns":4.0},{"damage":0.0,"enemies":"Orb Walker","floor":36.0,"turns":2.0},{"damage":2.0,"enemies":"2 Orb Walkers","floor":38.0,"turns":3.0},{"damage":1.0,"enemies":"Maw","floor":39.0,"turns":4.0},{"damage":0.0,"enemies":"Spire Growth","floor":41.0,"turns":2.0},{"damage":2.0,"enemies":"3 Darklings","floor":45.0,"turns":4.0},{"damage":1.0,"enemies":"Nemesis","floor":47.0,"turns":5.0},{"damage":34.0,"enemies":"Awakened One","floor":50.0,"turns":8.0},{"damage":6.0,"enemies":"Time Eater","floor":51.0,"turns":5.0},{"damage":19.0,"enemies":"Shield and Spear","floor":55.0,"turns":5.0},{"damage":52,"enemies":"The Heart","floor":56,"turns":2}],"seed_played":"3328292764612979847","potions_obtained":[{"floor":2.0,"key":"LiquidMemories"},{"floor":6.0,"key":"AttackPotion"},{"floor":12.0,"key":"SpeedPotion"},{"floor":16.0,"key":"Ancient Potion"},{"floor":24.0,"key":"Block Potion"},{"floor":28.0,"key":"ColorlessPotion"},{"floor":38.0,"key":"SpeedPotion"},{"floor":41.0,"key":"Dexterity Potion"}],"is_trial":false,"path_per_floor":["M","M","?","M","$","E","R","$","T","R","M","M","R","M","R","B",null,"M","M","?","?","T","R","E","R","T","R","M","T","$","E","R","B",null,"M","M","?","?","M","R","M","R","T","T","M","R","E","$","R","B","B",null,"R","$","E","B"],"character_chosen":"THE_SILENT","items_purchased":["PowerPotion","Snake Skull","Catalyst","Acrobatics","Apotheosis","Block Potion"],"campfire_rested":0,"item_purchase_floors":[5,5,8,8,30,30],"current_hp_per_floor":[59,59,59,59,59,24,24,24,24,24,24,24,24,14,14,2,50,43,37,37,37,37,37,38,38,38,38,29,29,29,5,5,3,61,58,58,58,56,55,55,55,55,55,55,53,53,52,52,52,18,12,63,63,63,44,0,0],"gold":62,"neow_bonus":"THREE_ENEMY_KILL","is_daily":false,"chose_seed":false,"campfire_upgraded":8,"win_rate":0.0,"timestamp":1611016110,"path_taken":["M","?","?","M","$","E","R","$","T","R","M","M","R","M","R","BOSS","M","M","?","?","?","R","E","R","T","R","?","?","$","E","R","BOSS","M","M","?","?","M","R","M","R","T","?","M","R","E","$","R","BOSS","BOSS","R","$","E","BOSS"],"items_purchased_type":["Potion","Relic","Card","Card","Card","Potion"],"build_version":"2020-12-22","purchased_purges":2,"victory":false,"max_hp_per_floor":[66,66,66,66,66,66,66,66,66,66,66,66,66,66,66,66,66,66,66,66,66,66,66,80,80,80,80,80,80,80,80,80,80,80,80,80,80,80,80,80,80,80,80,80,80,80,80,80,80,80,80,80,80,80,80,80,80],"relic_stats":{"Peace Pipe":5,"Nunchaku":[6],"counters":[25,97],"Shuriken":[39],"Mummified Hand":[3],"Snecko Eye":[161,169,173,178],"Snake Skull":[84],"Bag of Preparation":[14],"War Paint":["Defend_G","Blade Dance"],"obtain_stats":[{"Lantern":22,"NeowsBlessing":0,"Vajra":6,"Mango":24,"Snake Skull":5,"Bag of Preparation":26,"War Paint":29,"Peace Pipe":38,"Nunchaku":47,"WristBlade":34,"Shuriken":9,"Mummified Hand":55,"Snecko Eye":17,"Red Mask":37,"Bottled Lightning":31,"Ring of the Snake":0,"Pocketwatch":44},{"Lantern":10,"NeowsBlessing":0,"Vajra":4,"Mango":11,"Snake Skull":3,"Bag of Preparation":11,"War Paint":12,"Peace Pipe":17,"Nunchaku":21,"WristBlade":14,"Shuriken":4,"Mummified Hand":24,"Snecko Eye":8,"Red Mask":16,"Bottled Lightning":13,"Ring of the Snake":0,"Pocketwatch":19},{"Lantern":37,"NeowsBlessing":0,"Vajra":10,"Mango":42,"Snake Skull":3,"Bag of Preparation":42,"War Paint":45,"Peace Pipe":62,"Nunchaku":77,"WristBlade":53,"Shuriken":10,"Mummified Hand":95,"Snecko Eye":28,"Red Mask":59,"Bottled Lightning":49,"Ring of the Snake":0,"Pocketwatch":68}],"Ring of the Snake":[50],"Pocketwatch":[13]},"card_choices":[{"not_picked":["Cloak And Dagger","Acrobatics"],"picked":"Deadly Poison","floor":1.0},{"not_picked":["Quick Slash","Dodge and Roll"],"picked":"Flechettes","floor":2.0},{"not_picked":["Flechettes","Sucker Punch"],"picked":"Infinite Blades","floor":4.0},{"not_picked":["Acrobatics","Flying Knee"],"picked":"Bullet Time","floor":6.0},{"not_picked":["PiercingWail","Outmaneuver"],"picked":"Reflex","floor":11.0},{"not_picked":["Backstab","Riddle With Holes"],"picked":"Terror","floor":12.0},{"not_picked":["Bane","Dagger Throw"],"picked":"Backflip","floor":14.0},{"not_picked":["Unload","A Thousand Cuts"],"picked":"Tools of the Trade","floor":16.0},{"not_picked":["Backflip","Poisoned Stab"],"picked":"Calculated Gamble","floor":18.0},{"not_picked":["Deflect+1","Sucker Punch"],"picked":"Dash","floor":19.0},{"not_picked":["Dagger Spray","Endless Agony"],"picked":"Predator","floor":24.0},{"not_picked":["Deflect","Doppelganger"],"picked":"Bouncing Flask","floor":28.0},{"not_picked":["Blade Dance+1","Dodge and Roll"],"picked":"Eviscerate+1","floor":31.0},{"not_picked":["Doppelganger","Die Die Die"],"picked":"Wraith Form v2","floor":33.0},{"not_picked":["Skewer","Backstab+1"],"picked":"Riddle With Holes","floor":35.0},{"not_picked":["Dagger Spray","Blade Dance"],"picked":"PiercingWail+1","floor":36.0},{"not_picked":["Deadly Poison","PiercingWail+1"],"picked":"Leg Sweep","floor":38.0},{"not_picked":["Calculated Gamble","Backflip"],"picked":"Underhanded Strike","floor":39.0},{"not_picked":["Reflex+1","Quick Slash"],"picked":"Footwork","floor":41.0},{"not_picked":["Outmaneuver","Quick Slash","Masterful Stab"],"picked":"SKIP","floor":45.0},{"not_picked":["Masterful Stab","Dagger Spray"],"picked":"Noxious Fumes","floor":47.0},{"not_picked":["Blade Dance","Eviscerate+1"],"picked":"Finisher+1","floor":55.0}],"player_experience":5804549,"relics_obtained":[{"floor":6.0,"key":"Vajra"},{"floor":9.0,"key":"Shuriken"},{"floor":22.0,"key":"Lantern"},{"floor":24.0,"key":"Mango"},{"floor":26.0,"key":"Bag of Preparation"},{"floor":29.0,"key":"War Paint"},{"floor":31.0,"key":"Bottled Lightning"},{"floor":38.0,"key":"Peace Pipe"},{"floor":44.0,"key":"Pocketwatch"},{"floor":47.0,"key":"Nunchaku"},{"floor":55.0,"key":"Mummified Hand"}],"event_choices":[{"damage_healed":0.0,"max_hp_gain":0.0,"max_hp_loss":0.0,"gold_gain":275.0,"event_name":"Golden Shrine","player_choice":"Desecrate","floor":3.0,"gold_loss":0.0,"damage_taken":0.0,"cards_obtained":["Regret"]},{"damage_healed":0.0,"max_hp_gain":0.0,"max_hp_loss":0.0,"gold_gain":0.0,"cards_transformed":["Strike_G","Strike_G"],"event_name":"Drug Dealer","player_choice":"Became Test Subject","floor":20.0,"gold_loss":0.0,"damage_taken":0.0,"cards_obtained":["Blade Dance","Slice"]},{"damage_healed":0.0,"max_hp_gain":0.0,"max_hp_loss":0.0,"gold_gain":0.0,"event_name":"Ghosts","player_choice":"Ignored","floor":21.0,"gold_loss":0.0,"damage_taken":0.0},{"damage_healed":0.0,"max_hp_gain":0.0,"max_hp_loss":0.0,"gold_gain":0.0,"event_name":"Tomb of Lord Red Mask","player_choice":"Paid","floor":37.0,"gold_loss":137.0,"damage_taken":0.0,"relics_obtained":["Red Mask"]},{"damage_healed":0.0,"max_hp_gain":0.0,"max_hp_loss":0.0,"gold_gain":0.0,"event_name":"Mysterious Sphere","player_choice":"Fight","floor":38.0,"gold_loss":0.0,"damage_taken":0.0}],"is_beta":false,"boss_relics":[{"not_picked":["Empty Cage","SlaversCollar"],"picked":"Snecko Eye"},{"not_picked":["Runic Pyramid","Runic Dome"],"picked":"WristBlade"}],"items_purged_floors":[5,48],"is_endless":false,"potions_floor_spawned":[2,6,12,16,24,28,38,41,45],"killed_by":"The Heart","ascension_level":20}}