{"host":"gbjphby09ecsfbbs","time":1611087793,"event":{"mods":["AchievementEnabler","BaseMod","Downfall","GifTheSpireLib","Minty Spire (QoL Compilation)","StSLib","The Animator","The Bug Knight","The Cursed","The Saiyan","The Servant 0.9.4","Yuri Mod"],"gold_per_floor":[112,126,174,174,194,226,244,244,296,307,335,349,377,393,393,498,498,516,531,546,546,569,569,597,597,621,621,633,651,675,685,685,685,685],"floor_reached":33,"language":"ENG","playtime":2725,"items_purged":[],"score":316,"play_id":"a92d453b-d2da-4d8e-84a8-323b33a03280","local_time":"20210119122313","is_ascension_mode":false,"campfire_choices":[{"floor":8,"key":"REST"},{"floor":15,"key":"REST"},{"floor":23,"key":"RECALL"},{"floor":25,"key":"REST"},{"floor":32,"key":"REST"}],"circlet_count":0,"master_deck":["yuri:yuriStrike","yuri:yuriStrike","yuri:yuriStrike","yuri:yuriStrike","yuri:yuriStrike","yuri:yuriDefend","yuri:yuriDefend","yuri:yuriDefend","yuri:yuriDefend","yuri:yuriDefend","yuri:Oolong","yuri:yuriStab","yuri:WickedSlash","yuri:BrokenCode","Decay","yuri:GlitchedStrike","yuri:ReloadGame+1","yuri:Stalk","yuri:TPose","yuri:Stalk","yuri:Stare","yuri:WickedSlash","yuri:AdaptiveAI","yuri:ConsumeGlitch","yuri:NerfBat+1","downfall:Bewildered","yuri:MPose+1","yuri:RepairCode","yuri:DebugCard","yuri:RepairCode+1"],"relics":["yuri:yuriKnife","Orichalcum","Toy Ornithopter","Bag of Preparation","Blood Vial","Philosopher\u0027s Stone","sneckomod:BabySnecko","Bronze Scales","Gremlin Horn","MealTicket","PreservedInsect"],"acts_visited":["Exordium","TheCity"],"potions_floor_usage":[14,16,16,31,33,33],"damage_taken":[{"damage":5,"enemies":"Cultist","floor":1,"turns":4},{"damage":8,"enemies":"Jaw Worm","floor":2,"turns":3},{"damage":2,"enemies":"Small Slimes","floor":5,"turns":2},{"damage":33,"enemies":"Gremlin Nob","floor":6,"turns":4},{"damage":6,"enemies":"Exordium Thugs","floor":7,"turns":4},{"damage":3,"enemies":"Blue Slaver","floor":10,"turns":3},{"damage":40,"enemies":"HollowMod:MossKnight","floor":11,"turns":8},{"damage":2,"enemies":"Gremlin Gang","floor":12,"turns":3},{"damage":35,"enemies":"Gremlin Nob","floor":13,"turns":4},{"damage":0,"enemies":"Exordium Thugs","floor":14,"turns":1},{"damage":45,"enemies":"The Guardian","floor":16,"turns":8},{"damage":11,"enemies":"Chosen","floor":18,"turns":3},{"damage":27,"enemies":"2 Thieves","floor":19,"turns":4},{"damage":14,"enemies":"Snake Plant","floor":20,"turns":7},{"damage":41,"enemies":"HollowMod:Nosk","floor":24,"turns":7},{"damage":12,"enemies":"Cultist and Chosen","floor":28,"turns":4},{"damage":17,"enemies":"Centurion and Healer","floor":29,"turns":6},{"damage":22,"enemies":"Snake Plant","floor":31,"turns":3},{"damage":75,"enemies":"Collector","floor":33,"turns":7}],"seed_played":"-8005448308962786380","potions_obtained":[{"floor":6,"key":"sneckomod:MuddlingPotion"},{"floor":7,"key":"Explosive Potion"},{"floor":10,"key":"SteroidPotion"},{"floor":16,"key":"Block Potion"},{"floor":19,"key":"champ:CounterPotion"},{"floor":24,"key":"sneckomod:MuddlingPotion"},{"floor":28,"key":"BlessingOfTheForge"}],"is_trial":false,"path_per_floor":["M","M","T","?","M","E","M","R","T","M","E","M","E","M","R","B",null,"M","M","M","?","T","R","E","R","T","?","M","M","T","M","R","B"],"character_chosen":"YURI","items_purchased":[],"campfire_rested":4,"item_purchase_floors":[],"current_hp_per_floor":[83,79,79,79,77,48,46,72,72,73,37,39,8,19,45,16,88,80,55,50,50,50,50,18,47,47,47,37,29,29,21,51,0,0],"gold":685,"neow_bonus":"TEN_PERCENT_HP_BONUS","is_daily":false,"chose_seed":false,"campfire_upgraded":0,"win_rate":0.0,"timestamp":1611087793,"path_taken":["M","M","?","?","?","E","M","R","T","M","E","M","E","M","R","BOSS","M","M","M","?","?","R","E","R","T","?","M","?","?","M","R","BOSS"],"items_purchased_type":[],"build_version":"2020-12-22","purchased_purges":0,"victory":false,"max_hp_per_floor":[88,88,88,88,88,88,88,88,88,88,88,88,88,88,88,88,88,91,91,94,94,94,94,97,97,97,97,97,100,100,103,103,104,104],"card_choices":[{"not_picked":["yuri:Skip","yuri:yuriQuickStrike"],"picked":"yuri:WickedSlash","floor":1},{"not_picked":["yuri:UntestedCode","yuri:Spin"],"picked":"yuri:BrokenCode","floor":2},{"not_picked":["yuri:InsanityDefense","yuri:DebugCard"],"picked":"yuri:GlitchedStrike","floor":5},{"not_picked":["yuri:BookBlue","yuri:BrokenCode"],"picked":"yuri:ReloadGame","floor":6},{"not_picked":["yuri:yuriHeavyStrike","yuri:DisableStrike"],"picked":"yuri:Stalk","floor":7},{"not_picked":["yuri:BrokenCode","yuri:yuriHeavyStrike"],"picked":"yuri:TPose","floor":10},{"not_picked":["yuri:DejaVu","yuri:yuriQuickStrike"],"picked":"yuri:Stalk","floor":11},{"not_picked":["yuri:MPose","yuri:HeavierStrike"],"picked":"yuri:Stare","floor":12},{"not_picked":["yuri:UnstableStrike","yuri:Stalk"],"picked":"yuri:WickedSlash","floor":13},{"not_picked":["yuri:MultiDip","yuri:UntestedCode"],"picked":"yuri:AdaptiveAI","floor":14},{"not_picked":["yuri:GlitchRemove","yuri:DragonForm"],"picked":"yuri:ConsumeGlitch","floor":16},{"not_picked":["yuri:StealPen","yuri:MPose"],"picked":"yuri:NerfBat+1","floor":18},{"not_picked":["yuri:BookPurple+1","yuri:ReloadGame+1","yuri:Stare"],"picked":"SKIP","floor":19},{"not_picked":["yuri:BookPurple+1","yuri:ThrowingKnives","yuri:WickedSlash"],"picked":"SKIP","floor":20},{"not_picked":["yuri:Skip","yuri:HeavierStrike"],"picked":"yuri:MPose+1","floor":24},{"not_picked":["yuri:GlitchedStrike","yuri:yuriHeavyStrike+1"],"picked":"yuri:RepairCode","floor":28},{"not_picked":["yuri:Stare","yuri:WickedSlash+1"],"picked":"yuri:DebugCard","floor":29},{"not_picked":["yuri:HeavierStrike+1","yuri:BookBlue"],"picked":"yuri:RepairCode+1","floor":31}],"player_experience":71844,"relics_obtained":[{"floor":6,"key":"Orichalcum"},{"floor":9,"key":"Toy Ornithopter"},{"floor":11,"key":"Bag of Preparation"},{"floor":13,"key":"Blood Vial"},{"floor":22,"key":"Bronze Scales"},{"floor":24,"key":"Gremlin Horn"},{"floor":26,"key":"MealTicket"},{"floor":30,"key":"PreservedInsect"}],"event_choices":[{"damage_healed":0,"gold_gain":0,"player_choice":"Cursed","damage_taken":0,"max_hp_gain":0,"max_hp_loss":0,"event_name":"Wheel of Change","floor":4,"gold_loss":0,"cards_obtained":["Decay"]},{"damage_healed":0,"gold_gain":0,"player_choice":"Forge","damage_taken":0,"max_hp_gain":0,"max_hp_loss":0,"event_name":"Accursed Blacksmith","floor":27,"gold_loss":0,"cards_upgraded":["yuri:ReloadGame"]}],"is_beta":false,"boss_relics":[{"not_picked":["SacredBark","Ectoplasm"],"picked":"Philosopher\u0027s Stone"}],"items_purged_floors":[],"is_endless":false,"potions_floor_spawned":[6,7,10,16,19,24,28],"killed_by":"Collector","ascension_level":0}}