{"host":"khoqlcjhibhbufti","time":1611017851,"event":{"mods":["Act Like it!","Astrologer","Bard","BaseMod","Beaked The Cultist","Better Third Choice","Colored Map","Colored Powertips","Conspire","Downfall","Hallownest","Hermit","Jorbs\u0027s Wanderer Trilogy","Marisa????????","Minty Spire (QoL Compilation)","Permanent Neow","Spicy Shops","StSLib","The Animator","The Bug Knight","The Disciple","The Mystic","The Runesmith","The Wild Card"],"gold_per_floor":[99,116,133,179,279,91,91,124,24,39,58,58,89,102,115,216,216,216,236,247,0,15,35,62,91,14,14,25,50,50,65,81,177,177,77,91,118,118,118,138,138,151,180,80,114,114,141,65,82,82,82,115,115,115,115,115],"floor_reached":57,"language":"ENG","playtime":3669,"items_purged":["Regret","bronze:Defend","bronze:Strike"],"score":2189,"play_id":"6d1522b7-8a67-41d6-896c-c29408fe6437","local_time":"20210118165731","is_ascension_mode":false,"campfire_choices":[{"floor":1,"key":"RECALL"},{"data":"bronze:Replicate","floor":9,"key":"SMITH"},{"data":"bronze:Goto","floor":12,"key":"SMITH"},{"data":"bronze:HardenedForm","floor":18,"key":"SMITH"},{"data":"bronze:Return","floor":27,"key":"SMITH"},{"data":"bronze:Iterate","floor":30,"key":"SMITH"},{"data":"bronze:Deprecate","floor":35,"key":"SMITH"},{"data":"bronze:Invalidate","floor":44,"key":"SMITH"},{"data":"bronze:Defend","floor":54,"key":"SMITH"}],"circlet_count":0,"master_deck":["bronze:Strike+1","bronze:Defend","bronze:Defend+1","bronze:Replicate+1","bronze:Goto+1","bronze:ChosenStrike+1","bronze:Return+1","bronze:Invalidate+1","bronze:HardenedForm+1","bronze:Deprecate+1","bronze:Format+1","bronze:Iterate+1","bronze:Turbo+1","bronze:FineTuning+1","bronze:GetLatest+1"],"relics":["bronze:BronzeCore","Mummified Hand","downfall:GremlinWheel","Shuriken","Bag of Marbles","Whetstone","downfall:HeartBlessingRed","Orichalcum","conspire:RunicOctahedron","Toxic Egg 2","Vajra","Happy Flower","Omamori","HornCleat","Runic Dome","downfall:HeartBlessingGreen","bronze:BottledCode","StoneCalendar","Mango","downfall:HeartBlessingBlue","conspire:DeflatedDodgeball","Toy Ornithopter","Frozen Eye","Blue Candle"],"acts_visited":["Exordium","TheCity","TheBeyond","TheEnding"],"potions_floor_usage":[4,13,15,25,55,55,55],"damage_taken":[{"damage":0,"enemies":"Cultist","floor":2,"turns":3},{"damage":7,"enemies":"2 Louse","floor":3,"turns":2},{"damage":23,"enemies":"conspire:MimicChest","floor":4,"turns":6},{"damage":34,"enemies":"conspire:MimicChest","floor":5,"turns":5},{"damage":0,"enemies":"downfall:FleeingMerchant","floor":6,"turns":4},{"damage":8,"enemies":"Gremlin Nob","floor":8,"turns":3},{"damage":1,"enemies":"Jaw Worm","floor":10,"turns":2},{"damage":3,"enemies":"Lots of Slimes","floor":11,"turns":2},{"damage":0,"enemies":"3 Sentries","floor":13,"turns":3},{"damage":0,"enemies":"Gremlin Gang","floor":14,"turns":2},{"damage":0,"enemies":"Exordium Wildlife","floor":15,"turns":2},{"damage":33,"enemies":"DF_ARCHETYPE_STREAMLINE","floor":16,"turns":5},{"damage":4,"enemies":"Shell Parasite","floor":19,"turns":2},{"damage":0,"enemies":"Snake Plant","floor":20,"turns":2},{"damage":0,"enemies":"downfall:FleeingMerchant","floor":21,"turns":3},{"damage":2,"enemies":"conspire:HollyBat","floor":22,"turns":3},{"damage":0,"enemies":"Centurion and Healer","floor":23,"turns":2},{"damage":0,"enemies":"HollowMod:Nosk","floor":25,"turns":4},{"damage":0,"enemies":"Snecko","floor":28,"turns":2},{"damage":0,"enemies":"conspire:SneckoGhost","floor":29,"turns":3},{"damage":0,"enemies":"Snake Plant","floor":31,"turns":1},{"damage":0,"enemies":"3 Cultists","floor":32,"turns":2},{"damage":0,"enemies":"WA_ARCHETYPE_CALM","floor":33,"turns":2},{"damage":0,"enemies":"Orb Walker","floor":36,"turns":1},{"damage":0,"enemies":"3 Darklings","floor":40,"turns":2},{"damage":0,"enemies":"Maw","floor":42,"turns":2},{"damage":3,"enemies":"Giant Head","floor":43,"turns":2},{"damage":6,"enemies":"HollowMod:StalkingDevout","floor":45,"turns":3},{"damage":0,"enemies":"Transient","floor":49,"turns":4},{"damage":21,"enemies":"SI_POISON_ARCHETYPE","floor":50,"turns":3},{"damage":0,"enemies":"downfall:CharBossMerchant","floor":52,"turns":3},{"damage":4,"enemies":"downfall:NeowBoss","floor":55,"turns":6},{"damage":76,"enemies":"downfall:NeowBossFinal","floor":56,"turns":7}],"seed_played":"-4838512162621671866","potions_obtained":[{"floor":2,"key":"Fire Potion"},{"floor":10,"key":"SkillPotion"},{"floor":11,"key":"BlessingOfTheForge"},{"floor":13,"key":"Fire Potion"},{"floor":15,"key":"EssenceOfSteel"},{"floor":16,"key":"SmokeBomb"},{"floor":19,"key":"hexamod:SoulburnPotion"},{"floor":22,"key":"Regen Potion"},{"floor":25,"key":"Fruit Juice"},{"floor":32,"key":"Strength Potion"},{"floor":42,"key":"PowerPotion"}],"is_trial":false,"path_per_floor":["R","M","M","?","?","$","T","E","R","M","M","R","E","M","M","B",null,"R","M","M","$","M","M","T","E","$","R","M","E","R","M","M","B",null,"R","M","?","?","$","M","T","M","E","R","E","?","T","$","M","B",null,"E","$","R","B","B",null],"character_chosen":"THE_AUTOMATON","items_purchased":["Shuriken","Toxic Egg 2","bronze:Format+1","bronze:Iterate","Omamori","Frozen Eye"],"campfire_rested":0,"item_purchase_floors":[6,21,21,21,26,48],"current_hp_per_floor":[63,63,56,33,9,9,9,1,1,30,27,27,27,34,41,15,63,63,59,63,63,61,61,61,68,68,68,68,68,68,68,68,68,68,68,68,68,58,58,58,58,58,72,82,76,76,76,76,82,65,82,82,82,82,79,3],"gold":115,"neow_bonus":"REMOVE_TWO","is_daily":false,"chose_seed":false,"campfire_upgraded":8,"win_rate":0.0,"timestamp":1611017851,"path_taken":["R","M","M","?","?","$","T","E","R","M","M","R","E","?","M","BOSS","R","M","?","$","M","M","T","E","$","R","M","E","R","M","M","BOSS","R","M","?","?","?","?","T","M","E","R","E","?","?","?","M","BOSS","E","$","R","BOSS","BOSS"],"items_purchased_type":["Relic","Relic","Card","Card","Relic","Relic"],"build_version":"2020-12-22","purchased_purges":3,"victory":true,"max_hp_per_floor":[63,63,63,63,63,63,63,63,63,63,63,63,63,63,63,63,63,63,63,63,63,63,63,63,68,68,68,68,68,68,68,68,68,68,68,68,68,58,58,58,58,58,72,82,82,82,82,82,82,82,82,82,82,82,82,82],"card_choices":[{"not_picked":["bronze:MaxOutput","bronze:WhirlingStrike","bronze:FineTuning"],"picked":"SKIP","floor":2},{"not_picked":["bronze:DelayedGuard","bronze:Turbo","bronze:WhirlingStrike"],"picked":"SKIP","floor":3},{"not_picked":["bronze:WildBeam","bronze:Shield"],"picked":"bronze:ChosenStrike","floor":4},{"not_picked":["bronze:BugBarrage","bronze:Branch","bronze:BitShift"],"picked":"SKIP","floor":6},{"not_picked":["bronze:Deprecate","bronze:Invalidate","bronze:ItsAFeature"],"picked":"SKIP","floor":8},{"not_picked":["bronze:Allocate","bronze:Boost"],"picked":"bronze:Return","floor":10},{"not_picked":["bronze:Fortify","bronze:CleanCode","bronze:Branch"],"picked":"SKIP","floor":11},{"not_picked":["bronze:Repulsor","bronze:Deprecate"],"picked":"bronze:Repair","floor":13},{"not_picked":["bronze:Overheat","bronze:Shield"],"picked":"bronze:Invalidate","floor":14},{"not_picked":["bronze:BugBarrage","bronze:DelayedSlice","bronze:OilSpill"],"picked":"SKIP","floor":15},{"not_picked":["bronze:SpaghettiCode","bronze:Virus"],"picked":"bronze:HardenedForm","floor":16},{"not_picked":["bronze:Safeguard","bronze:CutThrough"],"picked":"bronze:Deprecate","floor":19},{"not_picked":["bronze:Allocate+1","bronze:CloningBeam","bronze:Fortify"],"picked":"SKIP","floor":20},{"not_picked":["bronze:CutThrough","bronze:Shield","bronze:Turbo"],"picked":"SKIP","floor":21},{"not_picked":["bronze:ChildClass+1","bronze:Frontload+1","bronze:NullPointer+1"],"picked":"SKIP","floor":22},{"not_picked":["bronze:OilSpill+1","bronze:Backtrace"],"picked":"bronze:SpaghettiCode+1","floor":23},{"not_picked":["bronze:BurnOut","bronze:CutThrough","bronze:NullPointer+1"],"picked":"SKIP","floor":25},{"not_picked":["bronze:NullPointer","bronze:Overheat","bronze:Backtrace"],"picked":"SKIP","floor":28},{"not_picked":["bronze:Allocate+1","bronze:Break"],"picked":"bronze:Turbo+1","floor":29},{"not_picked":["bronze:Deprecate+1","bronze:DelayedGuard+1","bronze:BitShift+1"],"picked":"SKIP","floor":31},{"not_picked":["bronze:CutThrough+1","bronze:Shield+1","bronze:Frontload+1"],"picked":"SKIP","floor":32},{"not_picked":["bronze:Invalidate+1","bronze:DelayedSlice+1","bronze:Deprecate+1"],"picked":"SKIP","floor":36},{"not_picked":["bronze:Backtrace","bronze:BugBarrage+1"],"picked":"bronze:FineTuning+1","floor":40},{"not_picked":["bronze:FineTuning+1","bronze:DarkDash","bronze:Overheat"],"picked":"SKIP","floor":42},{"not_picked":["bronze:ItsAFeature+1","bronze:Iterate","bronze:CutThrough"],"picked":"SKIP","floor":43},{"not_picked":["bronze:BitShift+1","bronze:BugBarrage+1","bronze:DelayedGuard+1"],"picked":"SKIP","floor":45},{"not_picked":["bronze:BitShift+1","bronze:BugBarrage+1","bronze:DelayedGuard+1"],"picked":"SKIP","floor":45},{"not_picked":["bronze:Deprecate+1","bronze:BitShift+1","bronze:Frontload+1"],"picked":"SKIP","floor":49},{"not_picked":["bronze:NullPointer","bronze:Allocate+1"],"picked":"bronze:GetLatest+1","floor":52}],"player_experience":170995,"relics_obtained":[{"floor":4,"key":"Mummified Hand"},{"floor":5,"key":"downfall:GremlinWheel"},{"floor":7,"key":"Bag of Marbles"},{"floor":8,"key":"Whetstone"},{"floor":13,"key":"Orichalcum"},{"floor":24,"key":"Vajra"},{"floor":25,"key":"Happy Flower"},{"floor":29,"key":"HornCleat"},{"floor":41,"key":"StoneCalendar"},{"floor":43,"key":"Mango"},{"floor":45,"key":"conspire:DeflatedDodgeball"},{"floor":47,"key":"Toy Ornithopter"},{"floor":52,"key":"Blue Candle"}],"event_choices":[{"cards_removed":["bronze:Strike"],"damage_healed":0,"gold_gain":0,"player_choice":"Card Removal","damage_taken":0,"max_hp_gain":0,"max_hp_loss":0,"event_name":"Wheel of Change","floor":9,"gold_loss":0},{"damage_healed":0,"gold_gain":0,"player_choice":"Leave","damage_taken":0,"max_hp_gain":0,"max_hp_loss":0,"event_name":"conspire:Investor","floor":46,"gold_loss":0}],"is_beta":false,"boss_relics":[{"not_picked":["Tiny House","beaked:MawFillet"],"picked":"conspire:RunicOctahedron"},{"not_picked":["Busted Crown","Cursed Key"],"picked":"Runic Dome"}],"items_purged_floors":[6,6,21],"is_endless":false,"potions_floor_spawned":[2,10,11,13,15,16,19,22,25,32,40,42,45],"ascension_level":0}}