{"host":"cxvb37eaaiijvrl4","time":1611050943,"event":{"mods":["ATMod(阿瑾Mod)","BaseMod","Better Third Choice","Minty Spire (QoL Compilation)","MostiFishMod","Quick Restart","Rare Cards Sparkle","Shop Mod","Spicy Shops","StSLib","TestMod","Uncapped","残留之物"],"gold_per_floor":[118,518,280,296,315,350,381,381,381,395,410,443,478,506,506,578,578,598,598,609,628,647,678,705,739,765,778,678,688,563,598,598,675,675,692,706,716,732,582,616,241,273,273,287,62,78,113,144,144,144,144,144,144,144,177,177],"floor_reached":57,"language":"ZHS","playtime":1157,"items_purged":["Dark Embrace","Power Through+1","AT_ShrugMaster+1","Feel No Pain+1","Dark Embrace+1","Sword Boomerang+1","Shrug It Off+1"],"score":4263,"play_id":"b802a1af-ab71-4f68-996b-ba8282399993","local_time":"20210119020903","daily_mods":["SealedDeck","Heirloom","Flight"],"is_ascension_mode":true,"campfire_choices":[{"data":"Dark Embrace","floor":8.0,"key":"SMITH"},{"data":"MostiFishMod:404NotFound","floor":15.0,"key":"SMITH"},{"data":"Body Slam","floor":32,"key":"SMITH"},{"floor":49,"key":"RECALL"},{"data":"MostiFishMod:UltimateDefense+30","floor":53,"key":"SMITH"}],"circlet_count":0,"master_deck":["AscendersBane","Disarm+1","Seeing Red+1","Evolve+1","Entrench+1","MostiFishMod:UltimateDefense+33","MostiFishMod:404NotFound+1","Barricade+1","Body Slam+1"],"relics":["Burning Blood","DaveBox","AT_ATBox","DSteel32","testmod-Register","testmod-BouquetWithThorns","SynthV:TestCard","Civilization","AT_SilvercatRing","Eternal Feather","Red Skull","testmod-Déjàvu","AT_ForceNature","Transparent","testmod-InjuryResistance","testmod-CyclicPeriapt","CeramicFish","Vajra","Blood Vial","Coffee Dripper","Letter Opener","Bag of Marbles","Nunchaku","testmod-OneHitWonder","testmod-LifeArmor","Pen Nib"],"acts_visited":["Exordium","TheCity","TheBeyond","TheEnding"],"potions_floor_usage":[],"damage_taken":[{"damage":5.0,"enemies":"Small Slimes","floor":1.0,"turns":4.0},{"damage":0.0,"enemies":"Jaw Worm","floor":4.0,"turns":6.0},{"damage":0.0,"enemies":"Cultist","floor":5.0,"turns":4.0},{"damage":0.0,"enemies":"Lagavulin","floor":6.0,"turns":5.0},{"damage":7.0,"enemies":"Gremlin Nob","floor":7.0,"turns":3.0},{"damage":0.0,"enemies":"2 Fungi Beasts","floor":10.0,"turns":3.0},{"damage":0.0,"enemies":"Gremlin Gang","floor":11.0,"turns":3.0},{"damage":0.0,"enemies":"Lagavulin","floor":12.0,"turns":4.0},{"damage":0.0,"enemies":"Gremlin Nob","floor":13.0,"turns":3.0},{"damage":0.0,"enemies":"3 Sentries","floor":14.0,"turns":4.0},{"damage":0.0,"enemies":"The Guardian","floor":16.0,"turns":2.0},{"damage":5.0,"enemies":"Shell Parasite","floor":18.0,"turns":1.0},{"damage":6.0,"enemies":"2 Thieves","floor":20.0,"turns":1.0},{"damage":6.0,"enemies":"Cultist and Chosen","floor":21.0,"turns":1.0},{"damage":6.0,"enemies":"Snake Plant","floor":22.0,"turns":1.0},{"damage":12.0,"enemies":"Book of Stabbing","floor":23.0,"turns":2.0},{"damage":7.0,"enemies":"Gremlin Leader","floor":24.0,"turns":1.0},{"damage":11.0,"enemies":"Slavers","floor":25.0,"turns":2.0},{"damage":6.0,"enemies":"Snecko","floor":27.0,"turns":4.0},{"damage":7,"enemies":"Cultist and Chosen","floor":29,"turns":1},{"damage":7,"enemies":"Book of Stabbing","floor":31,"turns":1},{"damage":5,"enemies":"Champ","floor":33,"turns":1},{"damage":3,"enemies":"3 Shapes","floor":35,"turns":1},{"damage":1,"enemies":"3 Darklings","floor":36,"turns":1},{"damage":0,"enemies":"Spire Growth","floor":37,"turns":1},{"damage":9,"enemies":"Sphere and 2 Shapes","floor":38,"turns":1},{"damage":8,"enemies":"Nemesis","floor":40,"turns":1},{"damage":6,"enemies":"Reptomancer","floor":42,"turns":1},{"damage":5,"enemies":"3 Darklings","floor":44,"turns":1},{"damage":3,"enemies":"4 Shapes","floor":46,"turns":1},{"damage":1,"enemies":"Nemesis","floor":47,"turns":1},{"damage":0,"enemies":"Giant Head","floor":48,"turns":1},{"damage":21,"enemies":"Awakened One","floor":50,"turns":2},{"damage":8,"enemies":"Donu and Deca","floor":51,"turns":1},{"damage":6,"enemies":"Shield and Spear","floor":55,"turns":1},{"damage":9,"enemies":"The Heart","floor":56,"turns":3}],"seed_played":"-870431830035562942","potions_obtained":[{"floor":1.0,"key":"HeartOfIron"},{"floor":10.0,"key":"SteroidPotion"},{"floor":16.0,"key":"HeartOfIron"},{"floor":25.0,"key":"Swift Potion"}],"is_trial":true,"path_per_floor":["M","?","$","M","M","E","E","R","T","M","M","E","E","E","R","B",null,"M","?","M","M","M","E","E","E","T","M","$","M","$","E","R","B",null,"M","M","M","M","$","E","$","E","T","M","$","M","E","E","R","B","B",null,"R","$","E","B",null],"character_chosen":"IRONCLAD","items_purchased":["Civilization"],"campfire_rested":0,"item_purchase_floors":[3],"current_hp_per_floor":[69,69,69,76,78,81,84,85,85,90,95,100,105,110,110,115,115,120,120,125,130,135,140,145,150,150,155,155,160,160,165,165,170,170,175,180,185,190,190,195,195,200,200,205,205,210,215,220,220,225,230,230,230,230,235,240],"gold":177,"neow_bonus":"","is_daily":false,"chose_seed":false,"campfire_upgraded":4,"win_rate":0.0,"timestamp":1611050943,"path_taken":["M","?","$","M","M","E","E","R","T","M","M","E","E","E","R","BOSS","M","?","M","M","M","E","E","E","T","M","$","M","$","E","R","BOSS","M","M","M","M","$","E","$","E","T","M","$","M","E","E","R","BOSS","BOSS","R","$","E","BOSS"],"items_purchased_type":["Relic"],"build_version":"2020-12-22","purchased_purges":7,"victory":true,"max_hp_per_floor":[75,75,75,76,78,81,85,85,85,90,95,100,105,110,110,115,115,120,120,125,130,135,140,145,150,150,155,155,160,160,165,165,170,170,175,180,185,190,190,195,195,200,200,205,205,210,215,220,220,225,230,230,230,230,235,240],"card_choices":[{"not_picked":["Clash","Cleave","Dual Wield"],"picked":"SKIP","floor":1.0},{"not_picked":["Pommel Strike","Sword Boomerang","Iron Wave","Entrench","Hemokinesis"],"picked":"SKIP","floor":4.0},{"not_picked":["Sword Boomerang","Warcry","Heavy Blade","True Grit","MostiFishMod:#F4004"],"picked":"SKIP","floor":5.0},{"not_picked":["Dual Wield","Burning Pact","Shrug It Off","Battle Trance","Hemokinesis"],"picked":"SKIP","floor":6.0},{"not_picked":["Sword Boomerang","Twin Strike","AT_BodySlamDance","Whirlwind"],"picked":"MostiFishMod:UltimateDefense","floor":7.0},{"not_picked":["Headbutt","Metallicize","Flex","Heavy Blade","Armaments"],"picked":"SKIP","floor":10.0},{"not_picked":["AT_DiedThrough","Searing Blow","MostiFishMod:WingOfPhoenix","Intimidate","Dropkick"],"picked":"SKIP","floor":11.0},{"not_picked":["Armaments","AT_IchimonjiDouble","Sword Boomerang","Anger"],"picked":"Feel No Pain","floor":12.0},{"not_picked":["Heavy Blade","Wild Strike","MostiFishMod:Mania","Rage","MostiFishMod:BrandingRite"],"picked":"SKIP","floor":13.0},{"not_picked":["Thunderclap","Clash","Bloodletting","Disarm"],"picked":"MostiFishMod:404NotFound","floor":14.0},{"not_picked":["MostiFishMod:FireWorks","Immolate","Demon Form","Fiend Fire"],"picked":"Barricade","floor":16.0},{"not_picked":["Thunderclap","Cleave","Havoc","Twin Strike","Warcry"],"picked":"SKIP","floor":18.0},{"not_picked":["AT_BodySlamDance","Clash","Flex+1","Iron Wave","Dark Embrace"],"picked":"SKIP","floor":20.0},{"not_picked":["Wild Strike","Headbutt","AT_DrawKnifeCut","Clothesline","Perfected Strike"],"picked":"SKIP","floor":21.0},{"not_picked":["Fiend Fire","Thunderclap","Metallicize+1","Havoc","Clash"],"picked":"SKIP","floor":22.0},{"not_picked":["Blood for Blood","Carnage","Headbutt+1","Sentinel","Dual Wield"],"picked":"SKIP","floor":23.0},{"not_picked":["Evolve","Feel No Pain","Metallicize+1","Anger","Rampage"],"picked":"SKIP","floor":24.0},{"not_picked":["Dark Embrace","Cleave","Shrug It Off","Heavy Blade","Feed"],"picked":"SKIP","floor":25.0},{"not_picked":["Metallicize+1","Flex","Heavy Blade","Seeing Red","Sword Boomerang+1"],"picked":"SKIP","floor":27.0},{"not_picked":["Battle Trance","Evolve","Wild Strike","Shrug It Off","Inflame"],"picked":"SKIP","floor":29},{"not_picked":["Hemokinesis","Pommel Strike","Rupture+1","Shockwave"],"picked":"Body Slam","floor":31},{"not_picked":["Havoc","Clash","AT_DrawKnifeCut+1","AT_DiedThrough","Perfected Strike"],"picked":"SKIP","floor":35},{"not_picked":["Warcry+1","Shrug It Off","Body Slam","Perfected Strike","Heavy Blade"],"picked":"SKIP","floor":36},{"not_picked":["AT_DrawKnifeCut+1","AT_DiedThrough+1","Offering","Wild Strike+1","Dark Embrace"],"picked":"SKIP","floor":37},{"not_picked":["Blood for Blood","Warcry","Anger","Battle Trance","Headbutt"],"picked":"SKIP","floor":38},{"not_picked":["AT_GerminateFire","Flex","True Grit","Body Slam","AT_CaressingTears+1"],"picked":"SKIP","floor":40},{"not_picked":["Burning Pact","Shockwave","Cleave","AT_BodySlamDance","Iron Wave"],"picked":"SKIP","floor":42},{"not_picked":["Thunderclap","Metallicize","Battle Trance","AT_IchimonjiDouble","Second Wind"],"picked":"SKIP","floor":44},{"not_picked":["Carnage","Seeing Red","Combust","Dark Embrace","Sword Boomerang"],"picked":"SKIP","floor":46},{"not_picked":["Feel No Pain+1","Headbutt","Thunderclap","Dark Embrace","Metallicize"],"picked":"SKIP","floor":47},{"not_picked":["Evolve+1","Burning Pact+1","Ghostly Armor","Headbutt","MostiFishMod:UltimateDefense"],"picked":"SKIP","floor":48},{"not_picked":["AT_CaressingTears","Second Wind","Wild Strike","Hemokinesis","Flex"],"picked":"SKIP","floor":55}],"player_experience":694949,"relics_obtained":[{"floor":1.0,"key":"SynthV:TestCard"},{"floor":6.0,"key":"AT_SilvercatRing"},{"floor":7.0,"key":"Eternal Feather"},{"floor":12.0,"key":"Red Skull"},{"floor":13.0,"key":"testmod-Déjàvu"},{"floor":14.0,"key":"AT_ForceNature"},{"floor":23.0,"key":"testmod-InjuryResistance"},{"floor":24.0,"key":"testmod-CyclicPeriapt"},{"floor":25.0,"key":"CeramicFish"},{"floor":26.0,"key":"Vajra"},{"floor":31,"key":"Blood Vial"},{"floor":40,"key":"Letter Opener"},{"floor":42,"key":"Bag of Marbles"},{"floor":43,"key":"Nunchaku"},{"floor":47,"key":"testmod-OneHitWonder"},{"floor":48,"key":"testmod-LifeArmor"},{"floor":55,"key":"Pen Nib"}],"event_choices":[{"damage_healed":0.0,"max_hp_gain":0.0,"max_hp_loss":0.0,"gold_gain":400.0,"event_name":"恩洛斯的盘子","player_choice":"Sell","floor":2.0,"relics_lost":["testmod-TestBox"],"gold_loss":0.0,"damage_taken":0.0},{"damage_healed":0.0,"max_hp_gain":0.0,"max_hp_loss":0.0,"gold_gain":0.0,"event_name":"Vampires","player_choice":"Ignored","floor":19.0,"gold_loss":0.0,"damage_taken":0.0}],"is_beta":false,"boss_relics":[{"not_picked":["testmod-Temperance","testmod-BloodSacrificeSpiritualization"],"picked":"Transparent"},{"not_picked":["testmod-TimeTraveler","Snecko Eye"],"picked":"Coffee Dripper"}],"items_purged_floors":[3,28,30,39,41,41,45],"is_endless":false,"potions_floor_spawned":[1,6,10,13,16,18,20,22,25,27,37,38,42,44,47],"ascension_level":20}}