{"host":"hqxy2g3i5ker09hc","time":1611093852,"event":{"mods":["2.2 Compatiblity","AlwaysNeverKeys","Aspiration","BaseMod","Beaked The Cultist","Better Match","Better Note","Better Sensory Stone","Better Silent Start","Better Third Choice","Better-Laid Plans","CCEM","CatGirl Mod","Chen","Conspire","Fireblade Mod","GifTheSpireLib","Gold Saver","Hubris","Ironclad Rager","Minty Spire (QoL Compilation)","MostiFishMod","Permanent Neow","Quarter Circle Forward PUNCH!","Quick Restart","Replay The Spire","Shop Mod","Small Relic Pack","Spikes Relics","StSLib","Stuff the Spire","The Animator","The Bug Knight","The Forsaken","The Wild Card","vexMod"],"gold_per_floor":[612,612,111,130,130,162,182,182,182,182,201,214,0,-30,-30,47,47,37,37,37,37,37,37,64,64,64,57,68,80,80,112,112,207,207,220,214,42,42,62,62,76,94,94,94,94,114,0,13,13,-12,-12,-12,-12,20,-30],"floor_reached":56,"language":"ENG","playtime":5304,"items_purged":["Defend_R+1"],"score":1313,"play_id":"569d536a-214f-4096-b29a-febf363d2d26","local_time":"20210119230412","is_ascension_mode":true,"campfire_choices":[{"data":"hubris:ReadiedAction","floor":8.0,"key":"SMITH"},{"data":"BarbarianYell","floor":10.0,"key":"SMITH"},{"floor":15.0,"key":"DIG"},{"data":"Shrug It Off","floor":23.0,"key":"SMITH"},{"data":"Armaments","floor":25.0,"key":"SMITH"},{"data":"Shrug It Off","floor":30.0,"key":"SMITH"},{"data":"MostiFishMod:NewArrival","floor":32.0,"key":"SMITH"},{"data":"MostiFishMod:FlyOverUtopia","floor":40,"key":"SMITH"},{"data":"MostiFishMod:UltimateDefense","floor":44,"key":"SMITH"},{"data":"Warcry","floor":49,"key":"SMITH"},{"data":"Enlightenment","floor":52,"key":"SMITH"}],"circlet_count":0,"master_deck":["Strike_R+1","Strike_R+1","Strike_R+1","Strike_R+1","Strike_R+1","Defend_R+1","Defend_R+1","Defend_R+1","Bash","Shrug It Off+1","BarbarianYell+1","Shrug It Off+1","Shrug It Off","Headbutt","MostiFishMod:UltimateDefense+1","ReplayUltimateDefense+1","hubris:ReadiedAction+1","MostiFishMod:StoryBook+1","Headbutt","MostiFishMod:Galeforce+1","Armaments+1","Enlightenment+1","MostiFishMod:FlyOverUtopia+1","Perfected Strike+1","Warcry+1","conspire:ExplosiveBarrier+1","Warcry+1","Flex","MostiFishMod:NewArrival+1","Pommel Strike+1","Clash+1","MostiFishMod:ButterFly","Body Slam+1","Flex+1","ReplayTheSpireMod:Limb From Limb+1","Warcry+1","Body Slam+1"],"relics":["Burning Blood","DaveBox","aspiration:DSix","SynthV:TestCard","Strange Spoon","Pantograph","hubris:Towel","CCEMRelics:FestiveHat","SpikesRelics:DaevaFist","ChewingGum","aspiration:Stabinomicon","hubris:MysteriousPyramids","hubris:PeanutButter","aspiration:SecretTechniqueScroll","Toxic Egg 2","Red Mask","hubris:CuriousFeather"],"acts_visited":["Exordium","TheCity","TheBeyond","TheEnding"],"potions_floor_usage":[42,55],"damage_taken":[{"damage":7.0,"enemies":"2 Louse","floor":1.0,"turns":2.0},{"damage":1.0,"enemies":"Cultist","floor":4.0,"turns":5.0},{"damage":13.0,"enemies":"3 Sentries","floor":6.0,"turns":9.0},{"damage":0.0,"enemies":"Jaw Worm","floor":7.0,"turns":5.0},{"damage":5.0,"enemies":"2 Fungi Beasts","floor":11.0,"turns":5.0},{"damage":4.0,"enemies":"Gremlin Gang","floor":12.0,"turns":4.0},{"damage":0.0,"enemies":"3 Louse","floor":14.0,"turns":4.0},{"damage":11.0,"enemies":"Fading Forest","floor":16.0,"turns":11.0},{"damage":12.0,"enemies":"2 Thieves","floor":18.0,"turns":4.0},{"damage":0.0,"enemies":"hubris:Merchant","floor":21.0,"turns":1.0},{"damage":22.0,"enemies":"Book of Stabbing","floor":24.0,"turns":6.0},{"damage":0.0,"enemies":"3 Byrds","floor":27.0,"turns":4.0},{"damage":0.0,"enemies":"Centurion and Healer","floor":28.0,"turns":5.0},{"damage":4.0,"enemies":"Sentry and Sphere","floor":29.0,"turns":5.0},{"damage":7.0,"enemies":"HollowMod:Nosk","floor":31.0,"turns":7.0},{"damage":0.0,"enemies":"Champ","floor":33.0,"turns":6.0},{"damage":0.0,"enemies":"Orb Walker","floor":35.0,"turns":2.0},{"damage":0.0,"enemies":"3 Shapes","floor":36.0,"turns":2.0},{"damage":5,"enemies":"Spire Growth","floor":39,"turns":3},{"damage":2,"enemies":"Maw","floor":41,"turns":5},{"damage":4,"enemies":"Writhing Mass","floor":42,"turns":4},{"damage":0,"enemies":"Spire Growth","floor":46,"turns":2},{"damage":0,"enemies":"Writhing Mass","floor":48,"turns":4},{"damage":0,"enemies":"Time Eater","floor":50,"turns":5},{"damage":15,"enemies":"Shield and Spear","floor":54,"turns":4},{"damage":17,"enemies":"The Heart","floor":55,"turns":8}],"seed_played":"-1268279566513221089","potions_obtained":[{"floor":1.0,"key":"SpeedPotion"},{"floor":6.0,"key":"Explosive Potion"},{"floor":12.0,"key":"BloodPotion"},{"floor":24.0,"key":"SteroidPotion"},{"floor":36.0,"key":"Weak Potion"},{"floor":38,"key":"Death Potion"},{"floor":42,"key":"Strength Potion"},{"floor":46,"key":"Adrenaline Potion"}],"is_trial":false,"path_per_floor":["M","?","$","M","?","E","M","R","T","R","M","M","?","M","R","B",null,"M","?","?","$","$","R","E","R","T","M","M","M","R","E","R","B",null,"M","M","$","?","M","R","M","M","T","R","$","M","?","M","R","B",null,"R","$","E","B",null],"character_chosen":"IRONCLAD","items_purchased":["Strange Spoon","Pantograph","BarbarianYell","Shrug It Off","MostiFishMod:ButterFly"],"campfire_rested":0,"item_purchase_floors":[3,3,3,3,37],"current_hp_per_floor":[79,80,80,80,80,73,79,79,79,79,80,80,86,86,86,86,86,80,80,80,86,86,86,70,70,70,76,82,84,84,83,83,86,86,86,86,86,86,86,86,86,86,86,86,86,86,86,86,86,86,86,86,86,77,78],"gold":-30,"neow_bonus":"DSIX","is_daily":false,"chose_seed":false,"campfire_upgraded":10,"win_rate":0.0,"timestamp":1611093852,"path_taken":["M","?","$","?","?","E","M","R","T","R","M","M","?","M","R","BOSS","M","?","?","?","$","R","E","R","T","?","M","M","R","E","R","BOSS","M","?","$","?","M","R","M","M","T","R","$","M","?","M","R","BOSS","R","$","E","BOSS"],"items_purchased_type":["Relic","Relic","Card","Card","Card"],"build_version":"2020-12-22","purchased_purges":1,"victory":true,"max_hp_per_floor":[80,80,80,80,80,80,80,80,80,80,80,80,86,86,86,86,86,86,86,86,86,86,86,86,86,86,86,86,86,86,86,86,86,86,86,86,86,86,86,86,86,86,86,86,86,86,86,86,86,86,86,86,86,86,86],"card_choices":[{"not_picked":["Invigoration","Infernal Blade"],"picked":"Shrug It Off","floor":1.0},{"not_picked":["Reckless Charge","Iron Wave","Entrench","Abandon"],"picked":"Headbutt","floor":4.0},{"not_picked":["StuffTheSpire:Slingshot","hubris:ReadiedAction","Iron Wave","Thunderclap"],"picked":"MostiFishMod:UltimateDefense","floor":6.0},{"not_picked":["Violence+1","Discovery+1","Deep Breath+1","ReplayTheSpireMod:Brewmster+1"],"picked":"ReplayUltimateDefense+1","floor":7.0},{"not_picked":["True Grit","Rupture","Headbutt","Clash"],"picked":"hubris:ReadiedAction","floor":7.0},{"not_picked":["ReplayTheSpireMod:Private Reserves+1","Replay:BasicMightCard+1","MostiFishMod:SupremeArchaeology+1","Sharp Hide+1"],"picked":"MostiFishMod:StoryBook+1","floor":11.0},{"not_picked":["ReplayTheSpireMod:Corrosion Curse","ReplayTheSpireMod:Strike From Hell","Shrug It Off","Second Wind"],"picked":"Headbutt","floor":11.0},{"not_picked":["StuffTheSpire:PlasmaPulse+1","Sadistic Nature+1","Panacea+1","StuffTheSpire:FreeRealEstate+1"],"picked":"MostiFishMod:Galeforce+1","floor":12.0},{"not_picked":["Sword Boomerang","Clash","ReplayTheSpireMod:Corrosion Curse","Reaper"],"picked":"Armaments","floor":12.0},{"not_picked":["Run Through","hubris:ReadiedAction","Replay:Undeath\u0027s Touch","Sword Boomerang","Heavy Blade"],"picked":"SKIP","floor":14.0},{"not_picked":["Impervious","Hemogenesis","Demonic Infusion","Reaper"],"picked":"MostiFishMod:FlyOverUtopia","floor":16.0},{"not_picked":["Armaments","ReplayTheSpireMod:Strike From Hell+1","StuffTheSpire:BloodClot","Flex"],"picked":"Perfected Strike+1","floor":18.0},{"not_picked":["Replay:Undeath\u0027s Touch+1","Thunderclap","Blood for Blood","conspire:Charge+1"],"picked":"Warcry","floor":24.0},{"not_picked":["Demon Form","Havoc","Warcry","Body Slam"],"picked":"conspire:ExplosiveBarrier+1","floor":27.0},{"not_picked":["ReplayTheSpireMod:Strike From Hell","hubris:ReadiedAction","Headbutt","Sword Boomerang"],"picked":"Warcry+1","floor":28.0},{"not_picked":["StuffTheSpire:Incineration","Wild Strike","Iron Wave+1","ReplayTheSpireMod:Strike From Hell+1"],"picked":"Flex","floor":29.0},{"not_picked":["Massacre+1","Pommel Strike+1","BarbarianYell","Thunderclap"],"picked":"MostiFishMod:NewArrival","floor":31.0},{"not_picked":["Heavy Blade+1","Cleave+1","Fire Breathing","hubris:ReadiedAction+1"],"picked":"Pommel Strike+1","floor":35.0},{"not_picked":["Abandon","Burning Pact","ReplayTheSpireMod:Stacked","Iron Wave+1"],"picked":"Clash+1","floor":36.0},{"not_picked":["MostiFishMod:#F4004+1","Heavy Blade","Shrug It Off","Perfected Strike","StuffTheSpire:Resist"],"picked":"SKIP","floor":39},{"not_picked":["Warcry","Impervious","Armaments","Heavy Blade+1"],"picked":"Body Slam+1","floor":41},{"not_picked":["Absolvement+1","Perfected Strike","conspire:ExplosiveBarrier+1","Feel No Pain+1"],"picked":"Flex+1","floor":42},{"not_picked":["Intimidate+1","Defy Death+1","StuffTheSpire:Incineration+1","StuffTheSpire:Slingshot"],"picked":"ReplayTheSpireMod:Limb From Limb+1","floor":46},{"not_picked":["Flex+1","MostiFishMod:RainCloud","Feel No Pain","BarbarianYell+1"],"picked":"Warcry+1","floor":48},{"not_picked":["hubris:ReadiedAction+1","Anger+1","Replay:Undeath\u0027s Touch+1","Perfected Strike"],"picked":"Body Slam+1","floor":54}],"player_experience":651700,"relics_obtained":[{"floor":1.0,"key":"SynthV:TestCard"},{"floor":6.0,"key":"CCEMRelics:FestiveHat"},{"floor":15.0,"key":"SpikesRelics:DaevaFist"},{"floor":24.0,"key":"aspiration:Stabinomicon"},{"floor":26.0,"key":"hubris:MysteriousPyramids"},{"floor":31.0,"key":"hubris:PeanutButter"},{"floor":43,"key":"Toxic Egg 2"},{"floor":54,"key":"hubris:CuriousFeather"}],"event_choices":[{"damage_healed":0.0,"max_hp_gain":0.0,"max_hp_loss":0.0,"gold_gain":0.0,"event_name":"betterThird:BetterSerpent","player_choice":"RENOUNCE","floor":13.0,"gold_loss":214.0,"damage_taken":214.0,"cards_obtained":["Enlightenment"]},{"damage_healed":0.0,"max_hp_gain":0.0,"max_hp_loss":0.0,"gold_gain":0.0,"event_name":"betterNote:BetterNote","player_choice":"Ignored","floor":19.0,"gold_loss":0.0,"damage_taken":0.0,"cards_obtained":["Defend_G"]},{"damage_healed":0.0,"max_hp_gain":0.0,"max_hp_loss":9.0,"gold_gain":0.0,"event_name":"betterThird:BetterWriting","player_choice":"Simplicity","floor":20.0,"gold_loss":0.0,"damage_taken":0.0},{"damage_healed":0,"gold_gain":0,"player_choice":"Paid","damage_taken":0,"relics_obtained":["Red Mask"],"max_hp_gain":0,"max_hp_loss":0,"event_name":"Tomb of Lord Red Mask","floor":47,"gold_loss":114}],"is_beta":false,"boss_relics":[{"not_picked":["conspire:RunicOctahedron","ReplayTheSpireMod:DimensionalGlitch"],"picked":"ChewingGum"},{"not_picked":["SynthV:MejaisSoulstealer","Fusion Hammer"],"picked":"aspiration:SecretTechniqueScroll"}],"items_purged_floors":[37],"is_endless":false,"potions_floor_spawned":[1,6,12,24,28,36,42,46],"ascension_level":1}}