{"host":"gj3450u0c4def4mj","time":1611062324,"event":{"mods":["2.2 Compatiblity","BaseMod","Downfall","Minty Spire (QoL Compilation)","StSLib"],"gold_per_floor":[199,212,222,19,194,294,348,375,390,390,109,125,125,141,156,251,251,251,271,39,109,129,140,164,214,214,228,228,255,255,289,308,413,413,413,433,448,307,357,370,370,370,136,136,150,150,96,146,161,161],"floor_reached":51,"language":"ENG","playtime":5701,"items_purged":["Doubt","sneckomod:UnknownBoss"],"score":864,"play_id":"aed6a578-c235-4bfd-952a-e1645db7f209","local_time":"20210119081844","is_ascension_mode":false,"campfire_choices":[{"floor":30,"key":"REST"},{"floor":46,"key":"REST"}],"circlet_count":0,"master_deck":["sneckomod:Defend","sneckomod:TailWhip","sneckomod:SnekBite","Guardian:SphericShield","sneckomod:UnknownStrike+1","sneckomod:UnknownUncommonAttack","sneckomod:CheapStock","sneckomod:UnknownCommonAttack","sneckomod:UnknownRarePower","sneckomod:QuickBite","sneckomod:UnknownCommonSkill","sneckomod:Unknown1Cost","sneckomod:SerpentMind","sneckomod:Nope","Feed","sneckomod:QuickMove","sneckomod:TrashToTreasure","Guardian:SphericShield","sneckomod:QuickBite+1","Demon Form","sneckomod:Unknown1Cost","sneckomod:SoulExchange+1","sneckomod:UnknownCommonAttack+1","sneckomod:ImprovisedGuard+1","Guardian:VentSteam","sneckomod:Unknown1Cost","sneckomod:UnknownUncommonSkill","sneckomod:UnknownBlock","sneckomod:UnknownStrike","sneckomod:CheapStock+1","sneckomod:SerpentIdol","sneckomod:MasterEye","Guardian:FuturePlans","sneckomod:QuickBite+1","Guardian:SpikerProtocol","sneckomod:QuickMove+1","Body Slam","Feel No Pain","sneckomod:UnknownUncommonSkill+1","sneckomod:UnknownCommonSkill+1","sneckomod:MasterEye+1","sneckomod:UnknownUncommonPower","sneckomod:SoulRoll+1","Guardian:ExploitGems","sneckomod:UnknownRareSkill","sneckomod:QuickBite","sneckomod:UnknownCommonSkill","sneckomod:UnknownCommonAttack","Corruption","Bash","sneckomod:UnknownCommonAttack+1","sneckomod:Restock","sneckomod:UnknownUncommonPower","sneckomod:SlitherStrike","sneckomod:SnakeSap","sneckomod:UnknownCommonSkill","sneckomod:ImprovisedGuard"],"relics":["sneckomod:SneckoSoul","Orrery","downfall:CloakOfManyFaces","CultistMask","FaceOfCleric","NlothsMask","GremlinMask","SsserpentHead","Akabeko","DollysMirror","Astrolabe","Membership Card","Regal Pillow","Art of War","Mango","Sozu","Whetstone","Dead Branch","Frozen Eye","Bottled Flame","sneckomod:ConfusingCodex"],"acts_visited":["Exordium","TheCity","TheBeyond"],"potions_floor_usage":[33,33],"damage_taken":[{"damage":0.0,"enemies":"Small Slimes","floor":2.0,"turns":5.0},{"damage":0.0,"enemies":"2 Louse","floor":3.0,"turns":3.0},{"damage":0.0,"enemies":"downfall:FleeingMerchant","floor":4.0,"turns":4.0},{"damage":16.0,"enemies":"downfall:FaceTrader","floor":6.0,"turns":10.0},{"damage":1.0,"enemies":"Lagavulin","floor":8.0,"turns":7.0},{"damage":4.0,"enemies":"Cultist","floor":9.0,"turns":3.0},{"damage":7.0,"enemies":"downfall:FleeingMerchant","floor":11.0,"turns":4.0},{"damage":1.0,"enemies":"2 Fungi Beasts","floor":12.0,"turns":2.0},{"damage":22.0,"enemies":"Exordium Thugs","floor":14.0,"turns":13.0},{"damage":7.0,"enemies":"Blue Slaver","floor":15.0,"turns":3.0},{"damage":20.0,"enemies":"IC_STATUS_ARCHETYPE","floor":16.0,"turns":8.0},{"damage":7,"enemies":"3 Byrds","floor":19,"turns":6},{"damage":0,"enemies":"downfall:FleeingMerchant","floor":20,"turns":4},{"damage":3,"enemies":"Chosen","floor":21,"turns":7},{"damage":8,"enemies":"Sentry and Sphere","floor":22,"turns":5},{"damage":22,"enemies":"Centurion and Healer","floor":23,"turns":6},{"damage":1,"enemies":"Snecko","floor":27,"turns":7},{"damage":31,"enemies":"Slavers","floor":29,"turns":8},{"damage":14,"enemies":"Book of Stabbing","floor":31,"turns":7},{"damage":15,"enemies":"Shelled Parasite and Fungi","floor":32,"turns":5},{"damage":20,"enemies":"SI_MIRROR_ARCHETYPE","floor":33,"turns":11},{"damage":20,"enemies":"3 Darklings","floor":36,"turns":8},{"damage":0,"enemies":"Orb Walker","floor":37,"turns":4},{"damage":12,"enemies":"downfall:FleeingMerchant","floor":38,"turns":4},{"damage":28,"enemies":"3 Darklings","floor":40,"turns":5},{"damage":22,"enemies":"downfall:FleeingMerchant","floor":43,"turns":4},{"damage":9,"enemies":"Maw","floor":45,"turns":4},{"damage":4,"enemies":"downfall:FleeingMerchant","floor":47,"turns":4},{"damage":14,"enemies":"4 Shapes","floor":49,"turns":4},{"damage":40,"enemies":"DF_ARCHETYPE_ORBS","floor":50,"turns":3}],"seed_played":"940385097079017690","potions_obtained":[{"floor":12.0,"key":"Guardian:BlockOnCardUsePotion"},{"floor":15.0,"key":"DuplicationPotion"},{"floor":16.0,"key":"SkillPotion"},{"floor":21,"key":"ColorlessPotion"}],"is_trial":false,"path_per_floor":["R","M","M","$","?","?","T","E","M","R","$","M","R","M","M","B",null,"R","M","$","M","M","M","T","?","R","M","R","E","R","E","M","B",null,"R","M","M","$","?","M","T","R","$","R","M","R","$","?","M","B",null],"character_chosen":"THE_SNECKO","items_purchased":["sneckomod:CheapStock","Orrery","sneckomod:TrashToTreasure","DollysMirror","sneckomod:QuickBite","Membership Card","sneckomod:UnknownBlock","sneckomod:UnknownUncommonPower","sneckomod:Unknown3Cost","Dead Branch","sneckomod:QuickBite","sneckomod:UnknownCommonSkill","sneckomod:UnknownCommonAttack","Frozen Eye","sneckomod:UnknownUncommonPower","Bottled Flame","sneckomod:SlitherStrike","sneckomod:SnakeSap","sneckomod:UnknownCommonSkill","sneckomod:ImprovisedGuard","sneckomod:ConfusingCodex"],"campfire_rested":2,"item_purchase_floors":[4,4,11,11,11,20,20,38,38,43,43,43,43,47,47,47,47,47,47,47,47],"current_hp_per_floor":[90,90,90,90,90,74,74,74,71,71,65,65,65,47,44,28,106,106,103,104,102,105,87,87,87,87,87,87,60,112,113,99,80,142,142,123,124,113,113,86,86,86,65,65,57,116,113,130,117,78],"gold":161,"neow_bonus":"HUNDRED_GOLD","is_daily":false,"chose_seed":false,"campfire_upgraded":0,"win_rate":0.0,"timestamp":1611062324,"path_taken":["R","M","M","$","?","?","T","E","M","R","$","M","R","M","M","BOSS","R","M","$","?","M","M","T","?","R","M","R","E","R","E","M","BOSS","R","M","M","$","?","M","T","R","$","R","M","R","?","?","M","BOSS"],"items_purchased_type":["Card","Relic","Card","Relic","Card","Relic","Card","Card","Card","Relic","Card","Card","Card","Relic","Card","Relic","Card","Card","Card","Card","Relic"],"build_version":"2020-12-22","purchased_purges":2,"victory":true,"max_hp_per_floor":[90,90,90,90,90,90,90,91,92,92,93,94,94,98,102,106,106,106,110,111,112,116,120,120,120,120,121,121,125,125,140,141,142,142,142,143,144,145,145,146,146,146,147,147,148,148,149,130,131,132],"card_choices":[{"not_picked":["sneckomod:ImprovisedAttack","sneckomod:SoulRoll"],"picked":"sneckomod:UnknownVulnerable","floor":2.0},{"not_picked":["sneckomod:UnknownX","sneckomod:DiceBlock"],"picked":"sneckomod:UnknownStrike","floor":3.0},{"not_picked":["sneckomod:SlitherStrike","sneckomod:Nope"],"picked":"sneckomod:UnknownUncommonAttack","floor":4.0},{"not_picked":["sneckomod:IronFang","sneckomod:ImprovisedAttack"],"picked":"sneckomod:UnknownBlock","floor":4.0},{"not_picked":["sneckomod:Nope","sneckomod:UnknownCommonSkill"],"picked":"sneckomod:UnknownCommonAttack","floor":4.0},{"not_picked":["sneckomod:Unknown1Cost","sneckomod:ImprovisedGuard"],"picked":"sneckomod:UnknownRarePower","floor":4.0},{"not_picked":["sneckomod:DiceCrush","sneckomod:WideSting"],"picked":"sneckomod:QuickBite","floor":4.0},{"not_picked":["sneckomod:DefensiveFlair","sneckomod:SoulRoll"],"picked":"sneckomod:UnknownCommonSkill","floor":4.0},{"not_picked":["sneckomod:IronFang","sneckomod:DefensiveFlair"],"picked":"sneckomod:Unknown1Cost","floor":6.0},{"not_picked":["sneckomod:SoulRoll","sneckomod:DefensiveFlair"],"picked":"sneckomod:SerpentMind","floor":8.0},{"not_picked":["Guardian:Gem_Lightblue","Guardian:Gem_Green"],"picked":"Guardian:Gem_Cyan","floor":9.0},{"not_picked":["sneckomod:SoulRoll","sneckomod:DiceCrush"],"picked":"sneckomod:Nope","floor":9.0},{"not_picked":["sneckomod:DiceCrush","sneckomod:UnknownCommonAttack"],"picked":"sneckomod:QuickMove","floor":11.0},{"not_picked":["sneckomod:UnknownUncommonSkill","sneckomod:IronFang"],"picked":"sneckomod:Unknown3Cost","floor":12.0},{"not_picked":["sneckomod:UnknownX","sneckomod:SoulDraw"],"picked":"sneckomod:UnknownUncommonPower","floor":14.0},{"not_picked":["sneckomod:UnendingSupply","sneckomod:UnknownCommonAttack"],"picked":"sneckomod:Unknown1Cost","floor":15.0},{"not_picked":["sneckomod:DangerNoodle","sneckomod:SerpentMind"],"picked":"sneckomod:UnknownBoss","floor":16.0},{"not_picked":["sneckomod:DiceCrush","sneckomod:WideSting"],"picked":"sneckomod:Unknown1Cost","floor":19},{"not_picked":["sneckomod:SoulCleanse","sneckomod:DiceCrush"],"picked":"sneckomod:UnknownUncommonSkill","floor":20},{"not_picked":["sneckomod:DiceCrush","sneckomod:Unknown1Cost+1"],"picked":"sneckomod:UnknownUncommonPower","floor":21},{"not_picked":["Guardian:Gem_Red","Guardian:Gem_Green"],"picked":"Guardian:Gem_Cyan","floor":22},{"not_picked":["sneckomod:IronFang+1","sneckomod:QuickBite+1"],"picked":"sneckomod:UnknownStrike","floor":22},{"not_picked":["sneckomod:DangerNoodle","sneckomod:RainOfDice+1"],"picked":"sneckomod:CheapStock+1","floor":23},{"not_picked":["sneckomod:WideSting","sneckomod:UnknownCommonSkill"],"picked":"sneckomod:QuickBite+1","floor":27},{"not_picked":["sneckomod:DefensiveFlair","sneckomod:SnekBeam"],"picked":"sneckomod:UnknownCommonAttack","floor":29},{"not_picked":["sneckomod:UnknownX","sneckomod:Restock"],"picked":"sneckomod:UnknownVulnerable+1","floor":31},{"not_picked":["sneckomod:Unknown1Cost+1","sneckomod:UnknownVulnerable"],"picked":"sneckomod:QuickMove+1","floor":32},{"not_picked":["sneckomod:UnknownRareAttack","sneckomod:Cheat"],"picked":"sneckomod:UnknownRareSkill","floor":33},{"not_picked":["Guardian:Gem_Lightblue","Guardian:Gem_Green"],"picked":"Guardian:Gem_Cyan","floor":36},{"not_picked":["sneckomod:UnknownCommonSkill+1","sneckomod:TrashToTreasure"],"picked":"sneckomod:UnknownUncommonSkill+1","floor":36},{"not_picked":["sneckomod:Unknown1Cost","sneckomod:SoulDraw"],"picked":"sneckomod:UnknownCommonSkill+1","floor":37},{"not_picked":["sneckomod:UnknownDraw+1","sneckomod:SoulCleanse+1"],"picked":"sneckomod:MasterEye+1","floor":38},{"not_picked":["Guardian:Gem_Lightblue","Guardian:Gem_Red"],"picked":"Guardian:Gem_Green","floor":40},{"not_picked":["sneckomod:UnknownBlock","sneckomod:UnknownCommonAttack+1"],"picked":"sneckomod:SoulRoll+1","floor":40},{"not_picked":["sneckomod:UnknownX","sneckomod:IronFang"],"picked":"sneckomod:UnknownRareSkill","floor":43},{"not_picked":["sneckomod:SoulCleanse","sneckomod:ImprovisedGuard"],"picked":"sneckomod:UnknownCommonAttack+1","floor":45},{"not_picked":["sneckomod:QuickMove+1","sneckomod:SoulDraw+1"],"picked":"sneckomod:Restock","floor":47},{"not_picked":["sneckomod:RainOfDice+1","sneckomod:UnknownBlock","sneckomod:UnknownCommonAttack"],"picked":"SKIP","floor":49}],"player_experience":42366,"relics_obtained":[{"floor":6.0,"key":"downfall:CloakOfManyFaces"},{"floor":8.0,"key":"Akabeko"},{"floor":24,"key":"Regal Pillow"},{"floor":29,"key":"Art of War"},{"floor":31,"key":"Mango"},{"floor":41,"key":"Whetstone"}],"event_choices":[{"damage_healed":0,"gold_gain":0,"cards_transformed":["sneckomod:Defend","sneckomod:Defend"],"player_choice":"Became Test Subject","damage_taken":0,"max_hp_gain":0,"max_hp_loss":0,"event_name":"Drug Dealer","floor":25,"gold_loss":0,"cards_obtained":["sneckomod:SerpentIdol","sneckomod:MasterEye"]},{"damage_healed":0,"gold_gain":0,"player_choice":"Got Potions","damage_taken":0,"max_hp_gain":0,"max_hp_loss":0,"event_name":"Lab","floor":39,"gold_loss":0}],"is_beta":false,"boss_relics":[{"not_picked":["Cursed Key","Coffee Dripper"],"picked":"Astrolabe"},{"not_picked":["Empty Cage","Runic Pyramid"],"picked":"Sozu"}],"items_purged_floors":[20,38],"is_endless":false,"potions_floor_spawned":[9,12,15,16,21,22,27,29,31,36,45,49],"ascension_level":0}}