{"host":"l60rmjjsfi0fipmi","time":1611095107,"event":{"mods":["BaseMod","Colored Map","DeckTracker","Highlight Path","Minty Spire (QoL Compilation)","StSLib","The Cursed","The Servant 0.9.4"],"gold_per_floor":[116,135,135,153,153,24,24,43,43,58,58,89,106,119,119,216,216,232,132,207,220,233,233,233,248,248,282,299,299,312,187,187,187,187],"floor_reached":33,"language":"ENG","playtime":2204,"items_purged":["Strike_P","Strike_P","Defend_P"],"score":312,"play_id":"d80c55f0-5d53-4747-b893-fc507852f490","local_time":"20210119172507","is_ascension_mode":true,"campfire_choices":[{"data":"BattleHymn","floor":7,"key":"SMITH"},{"data":"SashWhip","floor":11,"key":"SMITH"},{"floor":15,"key":"REST"},{"data":"LikeWater","floor":23,"key":"SMITH"},{"floor":29,"key":"REST"},{"floor":32,"key":"REST"}],"circlet_count":0,"master_deck":["Strike_P","Strike_P","Defend_P","Defend_P","Defend_P","Eruption","Vigilance","SashWhip+1","FollowUp","BattleHymn+1","ClearTheMind","Consecrate","DeceiveReality","JustLucky","FollowUp","LikeWater+1","DeusExMachina","SandsOfTime+1","ThirdEye","Wireheading","TalkToTheHand","Crescendo"],"relics":["PureWater","NeowsBlessing","CloakClasp","Torii","Oddly Smooth Stone","SacredBark","Ancient Tea Set","Blood Vial"],"acts_visited":["Exordium","TheCity"],"potions_floor_usage":[14,16,25,27,27,33],"damage_taken":[{"damage":0,"enemies":"Small Slimes","floor":1,"turns":1},{"damage":0,"enemies":"Cultist","floor":2,"turns":1},{"damage":0,"enemies":"2 Louse","floor":4,"turns":1},{"damage":14,"enemies":"Lots of Slimes","floor":8,"turns":5},{"damage":15,"enemies":"3 Louse","floor":10,"turns":3},{"damage":15,"enemies":"Gremlin Nob","floor":12,"turns":4},{"damage":8,"enemies":"Looter","floor":13,"turns":3},{"damage":0,"enemies":"Blue Slaver","floor":14,"turns":3},{"damage":2,"enemies":"Hexaghost","floor":16,"turns":9},{"damage":0,"enemies":"Shell Parasite","floor":18,"turns":6},{"damage":2,"enemies":"3 Byrds","floor":21,"turns":6},{"damage":1,"enemies":"Centurion and Healer","floor":22,"turns":5},{"damage":1,"enemies":"Cultist and Chosen","floor":25,"turns":4},{"damage":39,"enemies":"Slavers","floor":27,"turns":6},{"damage":11,"enemies":"3 Cultists","floor":28,"turns":5},{"damage":16,"enemies":"Snake Plant","floor":30,"turns":3},{"damage":69,"enemies":"Automaton","floor":33,"turns":6}],"seed_played":"6267705359780494827","potions_obtained":[{"floor":1,"key":"SkillPotion"},{"floor":2,"key":"BlessingOfTheForge"},{"floor":5,"key":"Fruit Juice"},{"floor":5,"key":"PowerPotion"},{"floor":14,"key":"DuplicationPotion"},{"floor":16,"key":"Fire Potion"},{"floor":27,"key":"Ancient Potion"}],"is_trial":false,"path_per_floor":["M","M","?","M","?","$","R","M","T","M","R","E","M","M","R","B",null,"M","$","?","M","M","R","?","M","T","E","M","R","M","$","R","B"],"character_chosen":"WATCHER","items_purchased":["ClearTheMind"],"campfire_rested":3,"item_purchase_floors":[6],"current_hp_per_floor":[72,72,72,72,72,72,72,58,58,43,43,28,20,25,48,46,77,77,77,70,68,67,67,67,66,66,27,18,41,27,27,50,0,0],"gold":187,"neow_bonus":"THREE_ENEMY_KILL","is_daily":false,"chose_seed":false,"campfire_upgraded":3,"win_rate":0.0,"timestamp":1611095107,"path_taken":["M","M","?","?","?","$","R","M","T","M","R","E","?","M","R","BOSS","M","$","?","M","?","R","?","M","T","E","M","R","M","$","R","BOSS"],"items_purchased_type":["Card"],"build_version":"2020-12-22","purchased_purges":3,"victory":false,"max_hp_per_floor":[72,72,72,72,72,72,72,72,72,72,72,72,72,77,77,77,77,77,77,77,77,77,77,77,77,77,77,77,77,77,77,77,77,77],"card_choices":[{"not_picked":["Perseverance","PathToVictory"],"picked":"SashWhip","floor":1},{"not_picked":["Fasting2","CrushJoints"],"picked":"FollowUp","floor":2},{"not_picked":["JustLucky","Vengeance"],"picked":"BattleHymn","floor":4},{"not_picked":["WaveOfTheHand","CrushJoints"],"picked":"Consecrate","floor":8},{"not_picked":["EmptyBody","ForeignInfluence"],"picked":"DeceiveReality","floor":10},{"not_picked":["PathToVictory","SashWhip"],"picked":"JustLucky","floor":12},{"not_picked":["EmptyBody","Omniscience"],"picked":"FollowUp","floor":13},{"not_picked":["EmptyMind","ReachHeaven"],"picked":"LikeWater","floor":14},{"not_picked":["Blasphemy","Devotion"],"picked":"DeusExMachina","floor":16},{"not_picked":["FollowUp+1","Indignation+1"],"picked":"SandsOfTime+1","floor":18},{"not_picked":["ClearTheMind","Halt"],"picked":"ThirdEye","floor":21},{"not_picked":["JustLucky","Prostrate+1"],"picked":"Wireheading","floor":22},{"not_picked":["CrushJoints","LikeWater"],"picked":"TalkToTheHand","floor":25},{"not_picked":["Protect+1","Conclude"],"picked":"Crescendo","floor":27},{"not_picked":["Evaluate+1","WaveOfTheHand","FollowUp"],"picked":"SKIP","floor":28},{"not_picked":["FollowUp+1","CutThroughFate","ThirdEye"],"picked":"SKIP","floor":30}],"player_experience":497528,"relics_obtained":[{"floor":9,"key":"Torii"},{"floor":12,"key":"Oddly Smooth Stone"},{"floor":26,"key":"Ancient Tea Set"},{"floor":27,"key":"Blood Vial"}],"event_choices":[{"damage_healed":0,"gold_gain":0,"player_choice":"Gave Potion","damage_taken":0,"relics_obtained":["CloakClasp"],"max_hp_gain":0,"max_hp_loss":0,"event_name":"WeMeetAgain","floor":3,"gold_loss":0},{"damage_healed":0,"gold_gain":0,"player_choice":"Got Potions","damage_taken":0,"max_hp_gain":0,"max_hp_loss":0,"event_name":"Lab","floor":5,"gold_loss":0},{"damage_healed":0,"gold_gain":75,"player_choice":"Touch","damage_taken":7,"max_hp_gain":0,"max_hp_loss":0,"event_name":"FaceTrader","floor":20,"gold_loss":0},{"damage_healed":0,"gold_gain":0,"player_choice":"Ignored","damage_taken":0,"max_hp_gain":0,"max_hp_loss":0,"event_name":"Ghosts","floor":24,"gold_loss":0}],"is_beta":false,"boss_relics":[{"not_picked":["Sozu","Cursed Key"],"picked":"SacredBark"}],"items_purged_floors":[6,19,31],"is_endless":false,"potions_floor_spawned":[1,2,10,13,14,16,18,27],"killed_by":"Automaton","ascension_level":3}}