{"host":"a7ive3y9k7sy3f3w","time":1611050007,"event":{"mods":["2.2 Compatiblity","AchievementEnabler","BaseMod","Colored Map","DeckTracker","Highlight Path","Minty Spire (QoL Compilation)","Random Character Button","Rare Cards Sparkle"],"gold_per_floor":[112,37,57,132,132,132,152,166,166,186,186,186,202,219,219,314,314,333,36,111,131,131],"floor_reached":21,"language":"POL","playtime":1194,"items_purged":["Shame","Pain"],"score":173,"play_id":"413f4090-b106-479b-88f5-1d3f8f05cfe6","local_time":"20210119105327","is_ascension_mode":false,"campfire_choices":[{"floor":6,"key":"REST"},{"floor":15,"key":"REST"}],"circlet_count":0,"master_deck":["Strike_R","Strike_R","Strike_R","Defend_R","Defend_R","Defend_R","Bash","Secret Weapon","Anger","Thunderclap","Feel No Pain","Perfected Strike","Spot Weakness","Thunderclap","Heavy Blade","Exhume","Fiend Fire+1","Dropkick+1","Fire Breathing+1","Body Slam","Twin Strike"],"relics":["Burning Blood","Smiling Mask","HornCleat","WarpedTongs","Astrolabe","Mummified Hand"],"acts_visited":["Exordium","TheCity"],"potions_floor_usage":[16,16,16],"damage_taken":[{"damage":12,"enemies":"Jaw Worm","floor":1,"turns":5},{"damage":5,"enemies":"2 Louse","floor":3,"turns":3},{"damage":0,"enemies":"Small Slimes","floor":7,"turns":4},{"damage":1,"enemies":"2 Fungi Beasts","floor":8,"turns":4},{"damage":23,"enemies":"Exordium Thugs","floor":10,"turns":6},{"damage":20,"enemies":"Gremlin Gang","floor":13,"turns":3},{"damage":14,"enemies":"Large Slime","floor":14,"turns":5},{"damage":30,"enemies":"Hexaghost","floor":16,"turns":8},{"damage":22,"enemies":"2 Thieves","floor":18,"turns":4},{"damage":37,"enemies":"3 Byrds","floor":21,"turns":6}],"seed_played":"-8139586459142470046","potions_obtained":[{"floor":1,"key":"LiquidBronze"},{"floor":10,"key":"SpeedPotion"},{"floor":14,"key":"DistilledChaos"},{"floor":21,"key":"Explosive Potion"}],"is_trial":false,"path_per_floor":["M","$","M","?","?","R","M","M","T","M","?","?","M","M","R","B",null,"M","$","?","M"],"character_chosen":"IRONCLAD","items_purchased":["Mummified Hand"],"campfire_rested":2,"item_purchase_floors":[19],"current_hp_per_floor":[74,74,75,64,52,76,80,80,80,63,63,63,49,41,65,41,80,64,64,56,25,25],"gold":131,"neow_bonus":"RANDOM_COLORLESS_2","is_daily":false,"chose_seed":false,"campfire_upgraded":0,"win_rate":0.0,"timestamp":1611050007,"path_taken":["M","$","M","?","?","R","M","M","T","M","?","?","M","M","R","BOSS","M","$","?","M"],"items_purchased_type":["Relic"],"build_version":"2020-12-22","purchased_purges":2,"victory":false,"max_hp_per_floor":[80,80,80,80,80,80,80,80,80,80,80,80,80,80,80,80,80,80,80,80,80,80],"card_choices":[{"not_picked":["Thinking Ahead","Mayhem"],"picked":"Secret Weapon","floor":0},{"not_picked":["Warcry","Dual Wield"],"picked":"Anger","floor":1},{"not_picked":["Twin Strike","Power Through"],"picked":"Thunderclap","floor":3},{"not_picked":["Flex","Thunderclap"],"picked":"Feel No Pain","floor":7},{"not_picked":["Clash","Body Slam"],"picked":"Perfected Strike","floor":8},{"not_picked":["Anger","Hemokinesis"],"picked":"Spot Weakness","floor":10},{"not_picked":["Flex","Juggernaut"],"picked":"Thunderclap","floor":13},{"not_picked":["Fire Breathing","Clash"],"picked":"Heavy Blade","floor":14},{"not_picked":["Barricade","Corruption"],"picked":"Exhume","floor":16},{"not_picked":["Dropkick","Flex"],"picked":"Body Slam","floor":18},{"not_picked":["Pommel Strike","True Grit"],"picked":"Twin Strike","floor":21}],"player_experience":47600,"relics_obtained":[{"floor":9,"key":"HornCleat"}],"event_choices":[{"damage_healed":0,"gold_gain":75,"player_choice":"Gather Gold","damage_taken":11,"max_hp_gain":0,"max_hp_loss":0,"event_name":"World of Goop","floor":4,"gold_loss":0},{"damage_healed":0,"gold_gain":0,"player_choice":"Success","damage_taken":12,"relics_obtained":["Smiling Mask"],"max_hp_gain":0,"max_hp_loss":0,"event_name":"Scrap Ooze","floor":5,"gold_loss":0},{"damage_healed":0,"gold_gain":0,"player_choice":"Ignored","damage_taken":0,"max_hp_gain":0,"max_hp_loss":0,"event_name":"Golden Idol","floor":11,"gold_loss":0},{"damage_healed":0,"gold_gain":0,"player_choice":"Rummage","damage_taken":0,"relics_obtained":["WarpedTongs"],"max_hp_gain":0,"max_hp_loss":0,"event_name":"Accursed Blacksmith","floor":12,"gold_loss":0,"cards_obtained":["Pain"]},{"damage_healed":0,"gold_gain":75,"player_choice":"Touch","damage_taken":8,"max_hp_gain":0,"max_hp_loss":0,"event_name":"FaceTrader","floor":20,"gold_loss":0}],"is_beta":false,"boss_relics":[{"not_picked":["Coffee Dripper","SacredBark"],"picked":"Astrolabe"}],"items_purged_floors":[2,19],"is_endless":false,"potions_floor_spawned":[1,10,14,21],"killed_by":"3 Byrds","ascension_level":0}}