{"host":"k5wd0jv1m6dz3iwi","time":1611040787,"event":{"mods":["BaseMod","Better Vampires","Challenge The Spire","Custom Start","Highlight Path","Minty Spire (QoL Compilation)","Rare Cards Sparkle","Relic Stats","Slay the Relics Exporter","StSLib","everything is the same but u backflip on backflip"],"gold_per_floor":[112,124,124,10,23,23,54,54,81,81,81],"floor_reached":10,"language":"ENG","playtime":333,"items_purged":["Regret"],"score":116,"play_id":"4dd7ee13-77d3-457a-92f9-134b500e70b6","local_time":"20210119071947","is_ascension_mode":true,"campfire_choices":[{"data":"Eviscerate","floor":6,"key":"SMITH"},{"data":"Distraction","floor":8,"key":"SMITH"}],"circlet_count":0,"master_deck":["AscendersBane","Strike_G","Strike_G","Strike_G","Strike_G","Strike_G","Defend_G","Defend_G","Defend_G","Defend_G","Defend_G","Survivor","Neutralize","Distraction+1","Dagger Throw","Eviscerate+1","Catalyst","Dagger Throw","Deadly Poison"],"relics":["Ring of the Snake","Juzu Bracelet","Mercury Hourglass","MealTicket"],"acts_visited":["Exordium"],"potions_floor_usage":[7],"damage_taken":[{"damage":8,"enemies":"Jaw Worm","floor":1,"turns":6},{"damage":0,"enemies":"2 Louse","floor":2,"turns":4},{"damage":0,"enemies":"Small Slimes","floor":5,"turns":4},{"damage":29,"enemies":"Gremlin Nob","floor":7,"turns":5},{"damage":27,"enemies":"Lagavulin","floor":10,"turns":3}],"seed_played":"3235516142707914433","potions_obtained":[{"floor":5,"key":"BlessingOfTheForge"}],"is_trial":false,"path_per_floor":["M","M","?","$","M","R","E","R","T","E"],"character_chosen":"THE_SILENT","items_purchased":["Catalyst"],"campfire_rested":0,"item_purchase_floors":[4],"current_hp_per_floor":[51,51,51,51,51,51,22,22,22,0,0],"gold":81,"neow_bonus":"THREE_CARDS","is_daily":false,"chose_seed":false,"campfire_upgraded":2,"win_rate":0.0,"timestamp":1611040787,"path_taken":["M","M","?","$","M","R","E","R","T","E"],"items_purchased_type":["Card"],"build_version":"2020-12-22","purchased_purges":1,"victory":false,"max_hp_per_floor":[66,66,66,66,66,66,66,66,66,66,66],"relic_stats":{"counters":[5,22],"MealTicket":0,"Juzu Bracelet":0,"obtain_stats":[{"MealTicket":9,"Juzu Bracelet":3,"Ring of the Snake":0,"Mercury Hourglass":7},{"MealTicket":4,"Juzu Bracelet":2,"Ring of the Snake":0,"Mercury Hourglass":4},{"MealTicket":19,"Juzu Bracelet":10,"Ring of the Snake":0,"Mercury Hourglass":19}],"Ring of the Snake":[10],"Mercury Hourglass":[6]},"card_choices":[{"not_picked":["Outmaneuver","Dodge and Roll"],"picked":"Distraction","floor":0},{"not_picked":["Caltrops","Flying Knee"],"picked":"Dagger Throw","floor":1},{"not_picked":["Dodge and Roll","Backflip"],"picked":"Eviscerate","floor":2},{"not_picked":["Underhanded Strike","Heel Hook"],"picked":"Dagger Throw","floor":5},{"not_picked":["Dagger Spray","Setup"],"picked":"Deadly Poison","floor":7}],"player_experience":1256088,"relics_obtained":[{"floor":7,"key":"Mercury Hourglass"},{"floor":9,"key":"MealTicket"}],"event_choices":[{"damage_healed":0,"gold_gain":0,"player_choice":"Box","damage_taken":0,"relics_obtained":["Juzu Bracelet"],"max_hp_gain":0,"max_hp_loss":0,"event_name":"Big Fish","floor":3,"gold_loss":0,"cards_obtained":["Regret"]}],"is_beta":false,"boss_relics":[],"items_purged_floors":[4],"is_endless":false,"potions_floor_spawned":[5],"killed_by":"Lagavulin","ascension_level":15}}