{"host":"wj6vwlg8bkoql3lv","time":1611057149,"event":{"mods":["BaseMod","Colored Map","Friendly Minions","Hermit","Hubris","Infinite Spire","Jorbs\u0027s Wanderer Trilogy","Marisa????????","Minty Spire (QoL Compilation)","Replay The Spire","Shade Mod","StSLib","The Blue Laboratory","The Bug Knight","The Cursed","The Disciple","The Gatherer","The Hierophant","The Jungle","The Marked","The Mystic","The Runesmith","The Senshi","The Servant 0.9.4"],"gold_per_floor":[109,125,75,87,107,107,136,156,180,231,231,246,264,274,274,370,370,380,380,380,390,21,50,50,64,64,64,64,64,64,84,119,139,139,243,243,257,257,276,67,85,85,119,119,144,194,194,194,224,76,76,76],"floor_reached":53,"language":"ENG","playtime":6644,"items_purged":["TheCursedMod:Strike_TheCursed","TheCursedMod:Strike_TheCursed","TheCursedMod:Strike_TheCursed"],"score":757,"play_id":"99dc6736-f5e6-4950-b11c-0b6a2a9d2a2e","local_time":"20210119115229","is_ascension_mode":false,"campfire_choices":[{"data":"TheCursedMod:CircleOfFlame","floor":6.0,"key":"SMITH"},{"floor":15.0,"key":"REST"},{"data":"TheCursedMod:AbyssShockwave","floor":24.0,"key":"SMITH"},{"data":"TheCursedMod:SpitefulPray","floor":30.0,"key":"SMITH"},{"floor":34,"key":"REST"},{"data":"TheCursedMod:CircleOfCorruption","floor":34,"key":"SMITH"},{"floor":42,"key":"REST"},{"data":"TheCursedMod:CursedShiv","floor":42,"key":"SMITH"},{"data":"Pot Of Greed","floor":44,"key":"SMITH"},{"data":"Pot Of Greed","floor":48,"key":"SMITH"},{"floor":51,"key":"REST"},{"data":"Pot Of Greed","floor":51,"key":"SMITH"}],"circlet_count":0,"master_deck":["TheCursedMod:Defend_TheCursed+1","TheCursedMod:Defend_TheCursed","TheCursedMod:Defend_TheCursed","TheCursedMod:Defend_TheCursed","TheCursedMod:CursedWand","TheCursedMod:CleanUpWorkshop+1","TheCursedMod:Dregs","TheCursedMod:CursedBlade","TheCursedMod:CursedShiv+1","TheCursedMod:AbyssShockwave+1","TheCursedMod:CircleOfFlame+1","TheCursedMod:CursedMace","TheCursedMod:ReleasedStrength","TheCursedMod:WearCloak+1","TheCursedMod:CursedAmulet","TheCursedMod:BlessingInDisguise","TheCursedMod:DarkBarrier+1","TheCursedMod:CursedSpellbook","TheCursedMod:WearCloak","TheCursedMod:SpitefulPray+1","TheCursedMod:CursedArmor","CurseOfTheBell","TheCursedMod:CircleOfCorruption+1","Pot Of Greed+1","Pot Of Greed+1","Pot Of Greed+1","TheCursedMod:Grudge+1","TheCursedMod:SpitefulStrike","TheCursedMod:VoidForm","TheCursedMod:FleshFromBone+1","TheCursedMod:AshesToAshes","TheCursedMod:ManaBullet","Hallucinations","TheCursedMod:SoulCrush","Bandage Up","TheCursedMod:CursedAmulet+1","Pot Of Greed","TheCursedMod:CursedBlade"],"relics":["TheCursedMod:BlackMagic101","NeowsBlessing","ReplayTheSpireMod:Lightbulb","Regal Pillow","Velvet Choker","hubris:Towel","hubris:EmptyBottle","Replay:Baseball","infinitespire:Magic Flask","hubris:DeckOfHolding","Calling Bell","hubris:ToyBattleship","Replay:Bottled Snecko","Ginger","Grinning Jar","TheCursedMod:FourLeafCloverCharm","ClockworkSouvenir","ReplayTheSpireMod:CursedCoin","War Paint","TheCursedMod:Tack","Incense Burner","Replay:Wax Seal"],"acts_visited":["Exordium","TheCity","TheBeyond"],"potions_floor_usage":[35,41,41,41,41,52,52,52],"damage_taken":[{"damage":0.0,"enemies":"Cultist","floor":1.0,"turns":1.0},{"damage":0.0,"enemies":"Jaw Worm","floor":2.0,"turns":1.0},{"damage":0.0,"enemies":"2 Louse","floor":4.0,"turns":1.0},{"damage":5.0,"enemies":"Exordium Wildlife","floor":5.0,"turns":4.0},{"damage":18.0,"enemies":"Lagavulin","floor":7.0,"turns":5.0},{"damage":0.0,"enemies":"Blue Slaver","floor":8.0,"turns":3.0},{"damage":0.0,"enemies":"Lots of Slimes","floor":12.0,"turns":1.0},{"damage":4.0,"enemies":"2 Fungi Beasts","floor":13.0,"turns":3.0},{"damage":6.0,"enemies":"Exordium Wildlife","floor":14.0,"turns":2.0},{"damage":66.0,"enemies":"Fading Forest","floor":16.0,"turns":11.0},{"damage":6.0,"enemies":"Shell Parasite","floor":18.0,"turns":6.0},{"damage":10.0,"enemies":"Spheric Guardian","floor":21.0,"turns":3.0},{"damage":5.0,"enemies":"Replay:Snechameleon","floor":23.0,"turns":8.0},{"damage":0.0,"enemies":"3 Cultists","floor":25.0,"turns":3.0},{"damage":0.0,"enemies":"Chosen and Byrds","floor":31.0,"turns":3.0},{"damage":9.0,"enemies":"Book of Stabbing","floor":32.0,"turns":5.0},{"damage":0.0,"enemies":"Centurion and Healer","floor":33.0,"turns":5.0},{"damage":32,"enemies":"hubris:MusketHawk","floor":35,"turns":8},{"damage":14,"enemies":"3 Shapes","floor":37,"turns":4},{"damage":10,"enemies":"3 Darklings","floor":39,"turns":6},{"damage":11,"enemies":"Maw","floor":41,"turns":8},{"damage":5,"enemies":"Giant Head","floor":43,"turns":7},{"damage":18,"enemies":"Mind Bloom Boss Battle","floor":46,"turns":6},{"damage":7,"enemies":"Reptomancer","floor":49,"turns":6},{"damage":76,"enemies":"Awakened One","floor":52,"turns":11}],"seed_played":"3316823052631755142","potions_obtained":[{"floor":2.0,"key":"blueLaboratory:FrostheartPotion"},{"floor":4.0,"key":"blueLaboratory:EnragingPotion"},{"floor":12.0,"key":"blueLaboratory:FruitPreserves"},{"floor":14.0,"key":"blueLaboratory:FruitPunch"},{"floor":16.0,"key":"blueLaboratory:Moonshine"},{"floor":18.0,"key":"Reflective Coating"},{"floor":23.0,"key":"blueLaboratory:AbyssPotion"},{"floor":32.0,"key":"Swift Potion"},{"floor":37,"key":"blueLaboratory:BottleOfRum"},{"floor":46,"key":"Fire Potion"}],"is_trial":false,"path_per_floor":["M","M","?","M","M","R","E","M","T","?","?","M","M","M","R","B",null,"M","?","?","M","$","E","R","M","PTL","PTL","T","AVR","R","M","E","M","R","B",null,"M","AVR","M","$","M","R","E","R","T","?","?","R","E","$","R","B",null],"character_chosen":"THE_CURSED","items_purchased":["TheCursedMod:SpitefulPray","hubris:EmptyBottle","Replay:Baseball","TheCursedMod:AshesToAshes","TheCursedMod:ManaBullet","ReplayTheSpireMod:CursedCoin","TheCursedMod:SoulCrush","Bandage Up","TheCursedMod:CursedBlade"],"campfire_rested":4,"item_purchase_floors":[22,22,22,40,40,40,40,40,50],"current_hp_per_floor":[75,75,75,75,70,70,52,52,52,52,52,52,48,42,75,31,77,71,71,71,61,61,56,56,56,56,56,56,56,56,56,47,47,77,45,77,63,63,53,53,46,77,76,76,76,58,58,58,51,51,77,28],"gold":76,"neow_bonus":"THREE_ENEMY_KILL","is_daily":false,"chose_seed":false,"campfire_upgraded":8,"win_rate":0.0,"timestamp":1611057149,"path_taken":["M","M","?","M","M","R","E","M","T","?","?","M","M","?","R","BOSS","M","?","?","M","$","E","R","M","PTL","PTL","T","AVR","R","M","E","M","R","BOSS","M","AVR","M","?","M","R","E","R","T","?","?","R","E","?","R","BOSS"],"items_purchased_type":["Card","Relic","Relic","Card","Card","Relic","Card","Card","Card"],"build_version":"2020-12-22","purchased_purges":3,"victory":true,"max_hp_per_floor":[75,75,75,75,75,75,75,75,75,75,75,75,75,75,75,77,77,77,77,77,77,77,77,77,77,77,77,77,77,77,77,77,77,77,77,77,77,77,77,77,77,77,77,77,77,77,77,77,77,77,77,77],"card_choices":[{"not_picked":["TheCursedMod:ReleasedKnowledge","TheCursedMod:EmpowerCircles"],"picked":"TheCursedMod:CursedBlade","floor":1.0},{"not_picked":["TheCursedMod:StingEye","TheCursedMod:SpitefulStrike"],"picked":"TheCursedMod:CursedShiv","floor":2.0},{"not_picked":["TheCursedMod:RapidMovement","TheCursedMod:Hemoplague"],"picked":"TheCursedMod:AbyssShockwave","floor":4.0},{"not_picked":["TheCursedMod:Wield","TheCursedMod:WearCloak"],"picked":"TheCursedMod:CircleOfFlame","floor":5.0},{"not_picked":["TheCursedMod:CursedRelics","TheCursedMod:CursedAmulet"],"picked":"TheCursedMod:CursedMace","floor":7.0},{"not_picked":["TheCursedMod:CursedBlade","TheCursedMod:CircleOfWindfury"],"picked":"TheCursedMod:ReleasedStrength","floor":8.0},{"not_picked":["TheCursedMod:DoubleShield","TheCursedMod:StingEye"],"picked":"TheCursedMod:WearCloak","floor":12.0},{"not_picked":["TheCursedMod:RapidMovement","TheCursedMod:Torture"],"picked":"TheCursedMod:CursedAmulet","floor":13.0},{"not_picked":["TheCursedMod:PrepareRite","TheCursedMod:TacticalStrike"],"picked":"TheCursedMod:BlessingInDisguise","floor":14.0},{"not_picked":["TheCursedMod:NeowsMight","TheCursedMod:CursedRelics"],"picked":"TheCursedMod:DarkBarrier","floor":16.0},{"not_picked":["TheCursedMod:Stretching+1","TheCursedMod:RavingStaff"],"picked":"TheCursedMod:CursedSpellbook","floor":18.0},{"not_picked":["TheCursedMod:SmokeScreen","TheCursedMod:CursedBlade+1"],"picked":"TheCursedMod:WearCloak","floor":21.0},{"not_picked":["TheCursedMod:Hemoplague","TheCursedMod:Mangle+1"],"picked":"TheCursedMod:CursedArmor","floor":23.0},{"not_picked":["TheCursedMod:Hemoplague","TheCursedMod:StingEye+1","TheCursedMod:ParallelWorld"],"picked":"SKIP","floor":25.0},{"not_picked":["TheCursedMod:SmokeScreen+1","TheCursedMod:CircleOfWindfury"],"picked":"TheCursedMod:CircleOfCorruption","floor":31.0},{"not_picked":["TheCursedMod:TacticalStrike","TheCursedMod:AntiAging"],"picked":"TheCursedMod:Grudge+1","floor":32.0},{"not_picked":["TheCursedMod:TacticalStrike","TheCursedMod:SurpriseAttack"],"picked":"TheCursedMod:SpitefulStrike","floor":33.0},{"not_picked":["TheCursedMod:DarkBarrier","TheCursedMod:DemonSword"],"picked":"TheCursedMod:VoidForm","floor":35},{"not_picked":["TheCursedMod:Evocation+1","TheCursedMod:RavingStaff+1"],"picked":"TheCursedMod:FleshFromBone+1","floor":37},{"not_picked":["TheCursedMod:CursedMace+1","TheCursedMod:CursedAmulet+1","TheCursedMod:ReleasedKnowledge+1"],"picked":"SKIP","floor":39},{"not_picked":["TheCursedMod:TacticalStrike","TheCursedMod:ReleasedStrength+1","TheCursedMod:AntiAging"],"picked":"SKIP","floor":41},{"not_picked":["TheCursedMod:Wield+1","TheCursedMod:WearCloak+1","TheCursedMod:CircleOfCorruption+1"],"picked":"SKIP","floor":43},{"not_picked":["TheCursedMod:Wield+1","TheCursedMod:WearCloak+1","TheCursedMod:CircleOfCorruption+1"],"picked":"SKIP","floor":43},{"not_picked":["TheCursedMod:SoulCrush+1","TheCursedMod:CircleOfAmplification"],"picked":"TheCursedMod:CursedAmulet+1","floor":46},{"not_picked":["TheCursedMod:HellsGateOpen+1","TheCursedMod:Mangle","TheCursedMod:Torture"],"picked":"SKIP","floor":49}],"player_experience":73378,"relics_obtained":[{"floor":7.0,"key":"ReplayTheSpireMod:Lightbulb"},{"floor":9.0,"key":"Regal Pillow"},{"floor":23.0,"key":"infinitespire:Magic Flask"},{"floor":28.0,"key":"hubris:DeckOfHolding"},{"floor":29.0,"key":"hubris:ToyBattleship"},{"floor":29.0,"key":"Replay:Bottled Snecko"},{"floor":29.0,"key":"Ginger"},{"floor":32.0,"key":"Grinning Jar"},{"floor":43,"key":"War Paint"},{"floor":45,"key":"TheCursedMod:Tack"},{"floor":46,"key":"Incense Burner"},{"floor":49,"key":"Replay:Wax Seal"}],"event_choices":[{"cards_removed":["TheCursedMod:Strike_TheCursed"],"damage_healed":0.0,"max_hp_gain":0.0,"max_hp_loss":0.0,"gold_gain":0.0,"event_name":"The Cleric","player_choice":"Card Removal","floor":3.0,"gold_loss":50.0,"damage_taken":0.0},{"damage_healed":0.0,"max_hp_gain":0.0,"max_hp_loss":0.0,"gold_gain":51.0,"event_name":"Golden Wing","player_choice":"Gained Gold","floor":10.0,"gold_loss":0.0,"damage_taken":0.0},{"damage_healed":0.0,"max_hp_gain":0.0,"max_hp_loss":0.0,"gold_gain":0.0,"event_name":"Accursed Blacksmith","player_choice":"Forge","floor":20.0,"gold_loss":0.0,"damage_taken":0.0,"cards_upgraded":["TheCursedMod:DarkBarrier"]},{"damage_healed":0,"gold_gain":0,"player_choice":"Fight","damage_taken":0,"max_hp_gain":0,"max_hp_loss":0,"event_name":"MindBloom","floor":46,"gold_loss":0}],"is_beta":false,"boss_relics":[{"not_picked":["hubris:Backtick","Replay:Drink Me"],"picked":"Velvet Choker"},{"not_picked":["ReplayTheSpireMod:SealedPack","Tiny House"],"picked":"TheCursedMod:FourLeafCloverCharm"}],"items_purged_floors":[38,40,50],"is_endless":false,"potions_floor_spawned":[2,4,12,14,16,18,23,32,37,46],"ascension_level":0}}