{"host":"9l1knhxfturzliqa","time":1611040135,"event":{"mods":["BaseMod","Colored Map","Colored Powertips","DeckTracker","Highlight Path","Keyboard Shortcuts","Minty Spire (QoL Compilation)","Random Character Button"],"gold_per_floor":[363,378,395,410,20,20,31,31,83,96,96,96,96],"floor_reached":12,"language":"KOR","playtime":780,"items_purged":["Strike_G"],"score":140,"play_id":"41a32e57-fc07-422e-b02d-84c7ac554477","local_time":"20210119160855","is_ascension_mode":true,"campfire_choices":[{"data":"Adrenaline","floor":6.0,"key":"SMITH"},{"data":"Adrenaline","floor":8.0,"key":"SMITH"}],"circlet_count":0,"master_deck":["AscendersBane","Strike_G","Strike_G","Strike_G","Strike_G","Defend_G","Defend_G","Defend_G","Defend_G","Survivor","Neutralize","Backflip","Flechettes","PiercingWail","Prepared","Adrenaline+1","Adrenaline+1","PiercingWail","Leg Sweep","Dagger Throw","Footwork"],"relics":["Ring of the Snake","DollysMirror","Nunchaku"],"acts_visited":["Exordium"],"potions_floor_usage":[12],"damage_taken":[{"damage":0.0,"enemies":"2 Louse","floor":1.0,"turns":5.0},{"damage":0.0,"enemies":"Small Slimes","floor":2.0,"turns":4.0},{"damage":0.0,"enemies":"Cultist","floor":3.0,"turns":3.0},{"damage":2.0,"enemies":"Gremlin Gang","floor":4.0,"turns":9.0},{"damage":0.0,"enemies":"Large Slime","floor":7.0,"turns":12.0},{"damage":0.0,"enemies":"Looter","floor":10.0,"turns":3.0},{"damage":54,"enemies":"Lagavulin","floor":12,"turns":8}],"seed_played":"922048714640435004","potions_obtained":[{"floor":1.0,"key":"SneckoOil"},{"floor":2.0,"key":"Block Potion"},{"floor":4.0,"key":"Dexterity Potion"}],"is_trial":false,"path_per_floor":["M","M","M","M","$","R","M","R","T","M","?","E"],"character_chosen":"THE_SILENT","items_purchased":["Adrenaline","DollysMirror","PiercingWail"],"campfire_rested":0,"item_purchase_floors":[5,5,5],"current_hp_per_floor":[44,44,44,42,42,42,42,42,42,42,42,0,0],"gold":96,"neow_bonus":"TWO_FIFTY_GOLD","is_daily":false,"chose_seed":false,"campfire_upgraded":2,"win_rate":0.0,"timestamp":1611040135,"path_taken":["M","M","M","M","$","R","M","R","T","M","?","E"],"items_purchased_type":["Card","Relic","Card"],"build_version":"2020-12-22","purchased_purges":1,"victory":false,"max_hp_per_floor":[66,66,66,66,66,66,66,66,66,66,66,66,66],"card_choices":[{"not_picked":["Terror","Tactician"],"picked":"Backflip","floor":1.0},{"not_picked":["Dagger Spray","Bane"],"picked":"Flechettes","floor":2.0},{"not_picked":["All Out Attack","Dagger Spray"],"picked":"PiercingWail","floor":3.0},{"not_picked":["Finisher","Skewer"],"picked":"Prepared","floor":4.0},{"not_picked":["Deflect","Caltrops"],"picked":"Leg Sweep","floor":7.0},{"not_picked":["Sucker Punch","Bane"],"picked":"Dagger Throw","floor":10.0}],"player_experience":491702,"relics_obtained":[{"floor":9.0,"key":"Nunchaku"}],"event_choices":[{"damage_healed":0.0,"max_hp_gain":0.0,"max_hp_loss":0.0,"gold_gain":0.0,"cards_transformed":["Defend_G"],"event_name":"Living Wall","player_choice":"Change","floor":11.0,"gold_loss":0.0,"damage_taken":0.0,"cards_obtained":["Footwork"]}],"is_beta":false,"boss_relics":[],"items_purged_floors":[5],"is_endless":false,"potions_floor_spawned":[1,2,4],"killed_by":"Lagavulin","ascension_level":19}}