{"host":"oi6p1guiqfwwvxym","time":1611033238,"event":{"mods":["BaseMod","Colored Map","Minty Spire (QoL Compilation)"],"gold_per_floor":[116,128,141,141,160,160,187,187,235,235,261,261,292,292,292,292,292],"floor_reached":16,"language":"ENG","playtime":576,"items_purged":[],"score":218,"play_id":"548ada99-3917-4904-9725-47022bc307a1","local_time":"20210118211358","is_ascension_mode":true,"campfire_choices":[{"floor":6,"key":"REST"},{"floor":8,"key":"REST"},{"data":"Rampage","floor":10,"key":"SMITH"},{"data":"Inflame","floor":15,"key":"SMITH"}],"circlet_count":0,"master_deck":["AscendersBane","Strike_R","Strike_R","Strike_R","Strike_R","Defend_R","Defend_R","Defend_R+1","Bash","Anger+1","Rampage+1","Infernal Blade","Metallicize","Inflame+1"],"relics":["Empty Cage","The Courier","Omamori","Dream Catcher","Meat on the Bone"],"acts_visited":["Exordium"],"potions_floor_usage":[5,11,13],"damage_taken":[{"damage":5,"enemies":"2 Louse","floor":1,"turns":3},{"damage":7,"enemies":"Jaw Worm","floor":2,"turns":3},{"damage":7,"enemies":"Small Slimes","floor":3,"turns":3},{"damage":0,"enemies":"Red Slaver","floor":5,"turns":3},{"damage":29,"enemies":"3 Sentries","floor":7,"turns":8},{"damage":15,"enemies":"Gremlin Nob","floor":11,"turns":3},{"damage":17,"enemies":"Lagavulin","floor":13,"turns":4},{"damage":53,"enemies":"The Guardian","floor":16,"turns":9}],"seed_played":"9108110811573585975","potions_obtained":[{"floor":2,"key":"Swift Potion"},{"floor":7,"key":"Explosive Potion"},{"floor":11,"key":"DuplicationPotion"}],"is_trial":false,"path_per_floor":["M","M","M","?","M","R","E","R","T","R","E","?","E","?","R","B"],"character_chosen":"IRONCLAD","items_purchased":[],"campfire_rested":2,"item_purchase_floors":[],"current_hp_per_floor":[63,56,49,26,26,48,19,41,41,41,26,51,34,52,52,0,0],"gold":292,"neow_bonus":"BOSS_RELIC","is_daily":false,"chose_seed":false,"campfire_upgraded":2,"win_rate":0.0,"timestamp":1611033238,"path_taken":["M","M","M","?","M","R","E","R","T","R","E","?","E","?","R","BOSS"],"items_purchased_type":[],"build_version":"2020-12-22","purchased_purges":0,"victory":false,"max_hp_per_floor":[75,75,75,75,75,75,75,75,75,75,75,75,75,75,75,75,75],"card_choices":[{"not_picked":["Perfected Strike","Havoc"],"picked":"Anger","floor":1},{"not_picked":["Metallicize","Dual Wield"],"picked":"Rampage","floor":2},{"not_picked":["Wild Strike","Seeing Red"],"picked":"Infernal Blade","floor":3},{"not_picked":["Havoc","Body Slam","Flex"],"picked":"SKIP","floor":5},{"not_picked":["Double Tap","Sever Soul"],"picked":"Metallicize","floor":7},{"not_picked":["Clothesline","Power Through"],"picked":"Inflame","floor":11},{"not_picked":["Armaments","Dual Wield","Double Tap"],"picked":"SKIP","floor":13}],"player_experience":371923,"relics_obtained":[{"floor":7,"key":"The Courier"},{"floor":9,"key":"Omamori"},{"floor":11,"key":"Dream Catcher"},{"floor":13,"key":"Meat on the Bone"}],"event_choices":[{"damage_healed":0,"gold_gain":0,"player_choice":"Entered Light","damage_taken":23,"max_hp_gain":0,"max_hp_loss":0,"event_name":"Shining Light","floor":4,"gold_loss":0,"cards_upgraded":["Defend_R","Anger"]},{"damage_healed":25,"gold_gain":0,"player_choice":"Banana","damage_taken":0,"max_hp_gain":0,"max_hp_loss":0,"event_name":"Big Fish","floor":12,"gold_loss":0},{"damage_healed":18,"gold_gain":0,"player_choice":"Healed and dodged fight","damage_taken":0,"max_hp_gain":0,"max_hp_loss":0,"event_name":"Mushrooms","floor":14,"gold_loss":0,"cards_obtained":["Parasite"]}],"is_beta":false,"boss_relics":[],"items_purged_floors":[],"is_endless":false,"potions_floor_spawned":[2,7,11],"killed_by":"The Guardian","ascension_level":17}}