{"host":"7tqog9fnhs0gxmti","time":1611053749,"event":{"mods":["AchievementEnabler","Act Like it!","Astrologer","BaseMod","Colored Map","Colored Powertips","Hermit","Highlight Path","Minty Spire (QoL Compilation)","StSLib","The Construct","everything is the same but u backflip on backflip"],"gold_per_floor":[109,109,83,95,113,113,113],"floor_reached":6,"language":"ENG","playtime":211,"items_purged":[],"score":36,"play_id":"f96fc2c6-1458-46e4-9baa-b318dcd3f495","local_time":"20210119185549","is_ascension_mode":false,"campfire_choices":[],"circlet_count":0,"master_deck":["construct:Strike_Gold","construct:Strike_Gold","construct:Strike_Gold","construct:Strike_Gold","construct:Strike_Gold","construct:Defend_Gold","construct:Defend_Gold","construct:Defend_Gold","construct:Defend_Gold","construct:Defend_Gold","construct:AttackMode","construct:DefenseMode","construct:Autoturret","construct:Autoturret","construct:PointDefense"],"relics":["construct:ClockworkPhoenix","NeowsBlessing"],"acts_visited":["Exordium"],"potions_floor_usage":[],"damage_taken":[{"damage":0,"enemies":"Small Slimes","floor":1,"turns":2},{"damage":0,"enemies":"Cultist","floor":4,"turns":1},{"damage":0,"enemies":"Jaw Worm","floor":5,"turns":1},{"damage":93,"enemies":"3 Sentries","floor":6,"turns":14}],"seed_played":"-7407812403292162470","potions_obtained":[],"is_trial":false,"path_per_floor":["M","?","$","M","M","E"],"character_chosen":"THE_CONSTRUCT_MOD","items_purchased":["construct:Autoturret"],"campfire_rested":0,"item_purchase_floors":[3],"current_hp_per_floor":[85,85,85,85,85,0,0],"gold":113,"neow_bonus":"THREE_ENEMY_KILL","is_daily":false,"chose_seed":false,"campfire_upgraded":0,"win_rate":0.0,"timestamp":1611053749,"path_taken":["M","?","?","M","M","E"],"items_purchased_type":["Card"],"build_version":"2020-12-22","purchased_purges":0,"victory":false,"max_hp_per_floor":[85,85,85,85,85,85,85],"card_choices":[{"not_picked":["construct:Backfire","construct:HardReboot","construct:Boost"],"picked":"SKIP","floor":1},{"not_picked":["construct:Accumulate","construct:FierceBash"],"picked":"construct:Autoturret","floor":4},{"not_picked":["construct:VentSteam","construct:FocusedBeam"],"picked":"construct:PointDefense","floor":5}],"player_experience":771757,"relics_obtained":[],"event_choices":[{"damage_healed":0,"gold_gain":0,"player_choice":"Bought 0 Potions","damage_taken":0,"max_hp_gain":0,"max_hp_loss":0,"event_name":"The Woman in Blue","floor":2,"gold_loss":0}],"is_beta":false,"boss_relics":[],"items_purged_floors":[],"is_endless":false,"potions_floor_spawned":[],"killed_by":"3 Sentries","ascension_level":0}}