{"host":"pletss163z7s8pvv","time":1611035008,"event":{"mods":["AchievementEnabler","BaseMod","Better Altar","CapriCore","Colored Map","Colored Powertips","Conspire","Energized Spire","GifTheSpireLib","Hermit","Ironclad Rager","Jedi Mod","Minty Spire (QoL Compilation)","Spicy Shops","StS++","StSLib","The Alterego","The Bladedancer","The Cursed","The Disciple","The Immortal","The Marked","The Servant 0.9.4"],"gold_per_floor":[120,137,48,66,83,83,96,113,138,35,49,60,37,37,37,37,37],"floor_reached":16,"language":"ENG","playtime":567,"items_purged":[],"score":121,"play_id":"00c0e9ac-8f05-4d5b-96de-944f8bd32889","local_time":"20210118234328","is_ascension_mode":false,"campfire_choices":[{"floor":6,"key":"RECALL"},{"floor":15,"key":"REST"}],"circlet_count":0,"master_deck":["alterego_mod:Strike","alterego_mod:Strike","alterego_mod:Strike","alterego_mod:Defend","alterego_mod:Defend","alterego_mod:Defend","alterego_mod:Defend","alterego_mod:Impale","alterego_mod:BigMeatyClaws","alterego_mod:BrynhildrsRune","alterego_mod:SakuraFive","alterego_mod:1TonWallop","alterego_mod:BiFurious","alterego_mod:BeGentle","alterego_mod:SakuraFive","alterego_mod:Vow","alterego_mod:Valentines","alterego_mod:Valkyrie","alterego_mod:TrashNCrash","alterego_mod:BreastValley","alterego_mod:BreastValley","alterego_mod:GoddessCore","alterego_mod:1TonWallop","alterego_mod:GoddessCore"],"relics":["alterego_mod:MasochisticConstitution"],"acts_visited":["Exordium"],"potions_floor_usage":[16,16,16,16,16],"damage_taken":[{"damage":6,"enemies":"2 Louse","floor":1,"turns":3},{"damage":6,"enemies":"conspire:RoseBush","floor":2,"turns":4},{"damage":11,"enemies":"Jaw Worm","floor":4,"turns":3},{"damage":12,"enemies":"Blue Slaver","floor":5,"turns":4},{"damage":15,"enemies":"Exordium Wildlife","floor":7,"turns":2},{"damage":8,"enemies":"Large Slime","floor":8,"turns":6},{"damage":19,"enemies":"Blue Slaver","floor":11,"turns":3},{"damage":24,"enemies":"Looter","floor":12,"turns":3},{"damage":51,"enemies":"Hexaghost","floor":16,"turns":9}],"seed_played":"9079291358130185407","potions_obtained":[{"floor":2,"key":"SpeedPotion"},{"floor":4,"key":"Dexterity Potion"},{"floor":7,"key":"Weak Potion"},{"floor":11,"key":"StSpp:ScatteredPotion"},{"floor":12,"key":"PowerPotion"}],"is_trial":false,"path_per_floor":["M","M","$","M","M","R","M","M","T","$","M","M","$","?","R","B"],"character_chosen":"The_Alterego","items_purchased":["alterego_mod:BiFurious","alterego_mod:BeGentle","alterego_mod:TrashNCrash","alterego_mod:BreastValley","alterego_mod:1TonWallop"],"campfire_rested":1,"item_purchase_floors":[3,3,10,10,13],"current_hp_per_floor":[78,79,79,69,58,58,44,58,58,58,47,24,24,24,49,0,0],"gold":37,"neow_bonus":"TEN_PERCENT_HP_BONUS","is_daily":false,"chose_seed":false,"campfire_upgraded":0,"win_rate":0.0,"timestamp":1611035008,"path_taken":["M","M","$","M","M","R","M","M","T","$","M","M","$","?","R","BOSS"],"items_purchased_type":["Card","Card","Card","Card","Card"],"build_version":"2020-12-22","purchased_purges":0,"victory":false,"max_hp_per_floor":[78,79,79,80,81,81,82,83,83,83,84,85,85,85,85,85,85],"card_choices":[{"not_picked":["alterego_mod:Complex","alterego_mod:RocketPunch"],"picked":"alterego_mod:SakuraFive","floor":1},{"not_picked":["alterego_mod:Punishment","alterego_mod:Bounce"],"picked":"alterego_mod:1TonWallop","floor":2},{"not_picked":["alterego_mod:Clap","alterego_mod:TrashNCrash"],"picked":"alterego_mod:SakuraFive","floor":4},{"not_picked":["alterego_mod:Skirt","alterego_mod:Birthday"],"picked":"alterego_mod:Vow","floor":5},{"not_picked":["alterego_mod:Complex","alterego_mod:Rip"],"picked":"alterego_mod:Valentines","floor":7},{"not_picked":["alterego_mod:Belts","alterego_mod:Skirt"],"picked":"alterego_mod:Valkyrie","floor":8},{"not_picked":["alterego_mod:BoobPocket","alterego_mod:DustData"],"picked":"alterego_mod:BreastValley","floor":11},{"not_picked":["alterego_mod:DiscoLights","alterego_mod:1TonWallop"],"picked":"alterego_mod:GoddessCore","floor":12}],"player_experience":433570,"relics_obtained":[],"event_choices":[{"damage_healed":0,"gold_gain":0,"cards_transformed":["alterego_mod:Strike"],"player_choice":"Transformed","damage_taken":0,"max_hp_gain":0,"max_hp_loss":0,"event_name":"Transmorgrifier","floor":14,"gold_loss":0,"cards_obtained":["alterego_mod:GoddessCore"]}],"is_beta":false,"boss_relics":[],"items_purged_floors":[],"is_endless":false,"potions_floor_spawned":[2,4,7,11,12],"killed_by":"Hexaghost","ascension_level":0}}