{"host":"i2ir6b55gxkcwpt4","time":1611077353,"event":{"mods":["BaseMod","Colored Map","Colored Powertips","Downfall","Minty Spire (QoL Compilation)","StSLib"],"gold_per_floor":[99,119,136,146,165,190,190,204,204,217,45,45,77,88,102,201,201,101,111,111,111,130,130,180,212,230,255,255,255,255,255],"floor_reached":29,"language":"ZHS","playtime":2827,"items_purged":[],"score":302,"play_id":"cc008a52-ba7e-41d1-a0d0-c4ed7f809706","local_time":"20210120012913","is_ascension_mode":false,"campfire_choices":[{"data":"Slimebound:Split","floor":1,"key":"SMITH"},{"floor":12,"key":"REST"},{"data":"Slimebound:MassFeed","floor":18,"key":"SMITH"}],"circlet_count":0,"master_deck":["Slimebound:Tackle","Slimebound:Split+1","Slimebound:DisruptingSlam","Slimebound:HauntingLick","Slimebound:Schlurp","Slimebound:GoopTackle","Slimebound:SplitMire","Slimebound:ProtectTheBoss","Slimebound:GrowthPunch","Slimebound:Nibble","Slimebound:Equalize","Slimebound:PrepareCrush","Slimebound:Prepare","Slimebound:FinishingTackle","Slimebound:MassFeed+1","Slimebound:FlameTackle","Slimebound:DouseInSlime","Slimebound:ComboTackle","Slimebound:DuplicatedForm","Slimebound:AcidTongue","Slimebound:Replication","Slimebound:Grow","Slimebound:MegaLick","Slimebound:RejuvenatingLick","Slimebound:SlimeSpikes+1","Slimebound:SamplingLick","Slimebound:SlimeBrawl","Slimebound:Tackle+1","Slimebound:Tackle+1","Slimebound:Tackle+1"],"relics":["Slimebound:AbsorbEndCombat","Art of War","The Courier","WingedGreaves","Boot","Bottled Flame","Pandora\u0027s Box","downfall:HeartBlessingGreen","Smiling Mask","Strawberry","Pear","Tiny Chest"],"acts_visited":["Exordium","TheCity"],"potions_floor_usage":[6,6,13,15,22,27,29],"damage_taken":[{"damage":5,"enemies":"Cultist","floor":2,"turns":4},{"damage":3,"enemies":"Jaw Worm","floor":3,"turns":3},{"damage":0,"enemies":"2 Louse","floor":4,"turns":3},{"damage":14,"enemies":"Exordium Thugs","floor":5,"turns":4},{"damage":32,"enemies":"Lagavulin","floor":6,"turns":4},{"damage":5,"enemies":"2 Fungi Beasts","floor":8,"turns":3},{"damage":6,"enemies":"Exordium Wildlife","floor":10,"turns":2},{"damage":10,"enemies":"downfall:FleeingMerchant","floor":11,"turns":4},{"damage":12,"enemies":"Gremlin Nob","floor":13,"turns":3},{"damage":0,"enemies":"Large Slime","floor":14,"turns":2},{"damage":0,"enemies":"Gremlin Gang","floor":15,"turns":2},{"damage":55,"enemies":"WA_ARCHETYPE_RETAIN","floor":16,"turns":8},{"damage":3,"enemies":"Chosen","floor":19,"turns":3},{"damage":11,"enemies":"3 Byrds","floor":22,"turns":4},{"damage":59,"enemies":"Book of Stabbing","floor":25,"turns":5},{"damage":28,"enemies":"Snecko","floor":26,"turns":3},{"damage":18,"enemies":"Gremlin Leader","floor":27,"turns":6},{"damage":31,"enemies":"Book of Stabbing","floor":29,"turns":4}],"seed_played":"-6421723673466123210","potions_obtained":[{"floor":2,"key":"bronze:BurnAndBuffPotion"},{"floor":3,"key":"Fire Potion"},{"floor":5,"key":"GamblersBrew"},{"floor":8,"key":"DuplicationPotion"},{"floor":14,"key":"Explosive Potion"},{"floor":26,"key":"Explosive Potion"},{"floor":27,"key":"Energy Potion"}],"is_trial":false,"path_per_floor":["R","M","M","M","M","E","T","M","?","M","$","R","E","M","M","B",null,"R","M","?","?","M","?","T","E","M","E","?","E"],"character_chosen":"SLIMEBOUND","items_purchased":["Boot","Slimebound:Equalize"],"campfire_rested":1,"item_purchase_floors":[11,11],"current_hp_per_floor":[71,70,71,71,61,35,35,34,27,25,21,42,40,44,46,3,71,71,71,71,71,68,68,75,38,33,27,27,0,0,0],"gold":255,"neow_bonus":"TEN_PERCENT_HP_BONUS","is_daily":false,"chose_seed":false,"campfire_upgraded":2,"win_rate":0.0,"timestamp":1611077353,"path_taken":["R","M","M","?","M","E","T","M","?","M","$","R","E","M","M","BOSS","R","M","?","?","M","?","T","E","?","E","?","E"],"items_purchased_type":["Relic","Card"],"build_version":"2020-12-22","purchased_purges":0,"victory":false,"max_hp_per_floor":[71,71,71,71,71,71,71,71,71,71,71,71,71,71,71,71,71,71,71,71,71,75,75,82,92,92,92,92,92,92,92],"card_choices":[{"not_picked":["Slimebound:LeechingTouch","Slimebound:Prepare"],"picked":"Slimebound:DisruptingSlam","floor":2},{"not_picked":["Slimebound:SplitMire","Slimebound:Schlurp"],"picked":"Slimebound:HauntingLick","floor":3},{"not_picked":["Slimebound:ForwardTackle","Slimebound:SplitBruiser"],"picked":"Slimebound:Schlurp","floor":4},{"not_picked":["Slimebound:SplitBruiser","Slimebound:FlameTackle"],"picked":"Slimebound:GoopTackle","floor":5},{"not_picked":["Slimebound:LeechingTouch","Slimebound:WasteNot"],"picked":"Slimebound:SplitMire","floor":6},{"not_picked":["Slimebound:LeechingTouch","Slimebound:GoopTackle"],"picked":"Slimebound:ProtectTheBoss","floor":8},{"not_picked":["Slimebound:HauntingLick","Slimebound:SplitAcid"],"picked":"Slimebound:GrowthPunch","floor":10},{"not_picked":["Slimebound:Equalize","Slimebound:LeechEnergy"],"picked":"Slimebound:Nibble","floor":11},{"not_picked":["Slimebound:TongueLash","Slimebound:SlimeSpikes"],"picked":"Slimebound:PrepareCrush","floor":13},{"not_picked":["Slimebound:LeechingTouch","Slimebound:RejuvenatingLick"],"picked":"Slimebound:Prepare","floor":14},{"not_picked":["Slimebound:Prepare","Slimebound:LeechingTouch"],"picked":"Slimebound:FinishingTackle","floor":15},{"not_picked":["Slimebound:Teamwork","Slimebound:WasteNot"],"picked":"Slimebound:MassFeed","floor":16},{"not_picked":["Slimebound:ViciousTackle","Slimebound:LivingWall"],"picked":"Slimebound:MegaLick","floor":19},{"not_picked":["Slimebound:FinishingTackle","Slimebound:AcidTongue"],"picked":"Slimebound:RejuvenatingLick","floor":22},{"not_picked":["Slimebound:GrowthPunch","Slimebound:HauntingLick+1"],"picked":"Slimebound:SlimeSpikes+1","floor":25},{"not_picked":["Slimebound:RollThrough","Slimebound:GoopTackle"],"picked":"Slimebound:SamplingLick","floor":26},{"not_picked":["Slimebound:ProtectTheBoss","Slimebound:MassFeed"],"picked":"Slimebound:SlimeBrawl","floor":27}],"player_experience":62052,"relics_obtained":[{"floor":6,"key":"Art of War"},{"floor":7,"key":"The Courier"},{"floor":13,"key":"Bottled Flame"},{"floor":24,"key":"Strawberry"},{"floor":25,"key":"Pear"},{"floor":27,"key":"Tiny Chest"}],"event_choices":[{"damage_healed":0,"gold_gain":0,"player_choice":"Success","damage_taken":7,"relics_obtained":["WingedGreaves"],"max_hp_gain":0,"max_hp_loss":0,"event_name":"Scrap Ooze","floor":9,"gold_loss":0},{"damage_healed":0,"gold_gain":0,"player_choice":"Stole Relic","damage_taken":0,"relics_obtained":["Smiling Mask"],"max_hp_gain":0,"max_hp_loss":0,"event_name":"Addict","floor":20,"gold_loss":0,"cards_obtained":["Pride"]},{"cards_removed":["Slimebound:CorrosiveSpit"],"damage_healed":0,"gold_gain":0,"player_choice":"Offered Basic","damage_taken":0,"max_hp_gain":0,"max_hp_loss":0,"event_name":"Bonfire Elementals","floor":23,"gold_loss":0}],"is_beta":false,"boss_relics":[{"not_picked":["Empty Cage","Coffee Dripper"],"picked":"Pandora\u0027s Box"}],"items_purged_floors":[],"is_endless":false,"potions_floor_spawned":[2,3,5,8,14,26,27],"killed_by":"Book of Stabbing","ascension_level":0}}