{"host":"sc0o2qwpf9j16a4i","time":1611058790,"event":{"mods":["AchievementEnabler","BaseMod","BetterRewards","Block Reminder","Colored Map","Colored Powertips","Custom Start","Highlight Path","Minty Spire (QoL Compilation)","Relic Stats"],"gold_per_floor":[109,109,121,132,132,132,166,189,228,240,263,275,317,341,353,438,450,474,411,423,455,478,490,502,514,604,643,39,71,71,87,87,87,87],"floor_reached":33,"language":"ENG","playtime":1141,"items_purged":["Strike_G"],"score":640,"play_id":"d292c3d6-554a-4441-9a96-c67859900d50","local_time":"20210119141950","is_ascension_mode":true,"campfire_choices":[{"data":"Deadly Poison","floor":6.0,"key":"SMITH"},{"floor":10.0,"key":"REST"},{"data":"Malaise","floor":15.0,"key":"SMITH"},{"floor":23,"key":"REST"},{"data":"Night Terror","floor":25,"key":"SMITH"},{"floor":30,"key":"REST"},{"data":"Calculated Gamble","floor":32,"key":"SMITH"}],"circlet_count":0,"master_deck":["AscendersBane","Strike_G+1","Defend_G","Defend_G","Defend_G","Defend_G","Survivor","Neutralize","Masterful Stab","Terror+1","Dagger Throw+1","Calculated Gamble+1","Deadly Poison+1","Predator","Escape Plan","Flying Knee","Malaise+1","Night Terror+1","After Image","Expertise+1","Setup+1","Flying Knee+1","Dagger Spray","Acrobatics","Deflect","Blade Dance","Well Laid Plans","Corpse Explosion","Blade Dance"],"relics":["Ring of the Snake","MawBank","Regal Pillow","Whetstone","Astrolabe","Shuriken","Boot","Eternal Feather","Bottled Lightning"],"acts_visited":["Exordium","TheCity"],"potions_floor_usage":[22,29,29,31],"damage_taken":[{"damage":0.0,"enemies":"Cultist","floor":1.0,"turns":3.0},{"damage":4.0,"enemies":"2 Louse","floor":3.0,"turns":3.0},{"damage":0.0,"enemies":"Small Slimes","floor":4.0,"turns":2.0},{"damage":5.0,"enemies":"Lagavulin","floor":7.0,"turns":4.0},{"damage":4.0,"enemies":"Exordium Wildlife","floor":8.0,"turns":2.0},{"damage":0.0,"enemies":"Large Slime","floor":11.0,"turns":3.0},{"damage":0.0,"enemies":"Gremlin Nob","floor":13.0,"turns":2.0},{"damage":13.0,"enemies":"Exordium Thugs","floor":14.0,"turns":3.0},{"damage":6.0,"enemies":"The Guardian","floor":16.0,"turns":11.0},{"damage":8.0,"enemies":"Chosen","floor":18.0,"turns":5.0},{"damage":11.0,"enemies":"Spheric Guardian","floor":21.0,"turns":8.0},{"damage":8,"enemies":"Snecko","floor":22,"turns":7},{"damage":41,"enemies":"Gremlin Leader","floor":27,"turns":8},{"damage":7,"enemies":"Book of Stabbing","floor":29,"turns":6},{"damage":6,"enemies":"Centurion and Healer","floor":31,"turns":4},{"damage":78,"enemies":"Collector","floor":33,"turns":7}],"seed_played":"8707053922408630571","potions_obtained":[{"floor":4.0,"key":"Block Potion"},{"floor":7.0,"key":"SkillPotion"},{"floor":11.0,"key":"Ancient Potion"},{"floor":18.0,"key":"SpeedPotion"},{"floor":29,"key":"SkillPotion"}],"is_trial":false,"path_per_floor":["M","?","M","M","?","R","E","M","T","R","M","?","E","M","R","B",null,"M","?","?","M","M","R","?","R","T","E","$","E","R","M","R","B"],"character_chosen":"THE_SILENT","items_purchased":["Masterful Stab","Terror","Dagger Throw","Eternal Feather","Blade Dance","Well Laid Plans","DuplicationPotion","CunningPotion"],"campfire_rested":3,"item_purchase_floors":[0,0,0,28,28,28,28,28],"current_hp_per_floor":[59,59,55,55,55,55,50,46,46,66,66,71,71,58,58,52,66,58,58,38,27,19,56,56,56,56,15,15,8,60,54,69,0,0],"gold":87,"neow_bonus":"","is_daily":false,"chose_seed":false,"campfire_upgraded":4,"win_rate":0.0,"timestamp":1611058790,"path_taken":["M","?","M","M","?","R","E","M","T","R","M","?","E","?","R","BOSS","M","?","?","M","?","R","?","R","T","E","$","E","R","M","R","BOSS"],"items_purchased_type":["Card","Card","Card","Relic","Card","Card","Potion","Potion"],"build_version":"2020-12-22","purchased_purges":1,"victory":false,"max_hp_per_floor":[66,66,66,66,66,66,66,66,66,66,66,71,71,71,71,71,71,71,71,76,76,76,76,76,76,76,76,76,76,76,76,76,76,76],"relic_stats":{"Regal Pillow":31,"counters":[50,284],"Shuriken":[10],"Astrolabe":["Expertise","Setup","Flying Knee"],"Eternal Feather":30,"Whetstone":["Feed","Thunderclap","Strike_G","Dagger Throw"],"MawBank":252,"Boot":[10],"obtain_stats":[{"TwistedFunnel":0,"Regal Pillow":9,"Gremlin Horn":12,"Mango":28,"Bag of Preparation":11,"Whetstone":13,"Boot":20,"Sling":0,"Ninja Scroll":14,"Tiny Chest":30,"MealTicket":0,"WingedGreaves":7,"Ring of the Snake":0,"NeowsBlessing":0,"Happy Flower":26,"Golden Idol":13,"Blue Candle":9,"Astrolabe":17,"Velvet Choker":17,"Eternal Feather":28,"Omamori":11,"Letter Opener":7,"War Paint":6,"MawBank":7,"Akabeko":4,"WarpedTongs":29,"Du-Vu Doll":12,"Shuriken":9,"Bloody Idol":22,"Bronze Scales":9,"Turnip":9,"Bottled Lightning":29,"Toy Ornithopter":24},{"TwistedFunnel":20,"Regal Pillow":39,"Gremlin Horn":17,"Mango":10,"Bag of Preparation":5,"Whetstone":41,"Boot":8,"Sling":13,"Ninja Scroll":19,"Tiny Chest":11,"MealTicket":13,"WingedGreaves":4,"Ring of the Snake":0,"NeowsBlessing":0,"Happy Flower":9,"Golden Idol":5,"Blue Candle":15,"Astrolabe":43,"Velvet Choker":6,"Eternal Feather":47,"Omamori":32,"Letter Opener":24,"War Paint":15,"MawBank":38,"Akabeko":22,"WarpedTongs":10,"Du-Vu Doll":33,"Shuriken":32,"Bloody Idol":8,"Bronze Scales":25,"Turnip":4,"Bottled Lightning":48,"Toy Ornithopter":9},{"TwistedFunnel":130,"Regal Pillow":220,"Gremlin Horn":111,"Mango":53,"Bag of Preparation":18,"Whetstone":225,"Boot":40,"Sling":86,"Ninja Scroll":121,"Tiny Chest":62,"MealTicket":86,"WingedGreaves":11,"Ring of the Snake":0,"NeowsBlessing":0,"Happy Flower":47,"Golden Idol":18,"Blue Candle":97,"Astrolabe":239,"Velvet Choker":28,"Eternal Feather":267,"Omamori":199,"Letter Opener":149,"War Paint":97,"MawBank":218,"Akabeko":142,"WarpedTongs":53,"Du-Vu Doll":204,"Shuriken":199,"Bloody Idol":40,"Bronze Scales":153,"Turnip":11,"Bottled Lightning":273,"Toy Ornithopter":47}],"Ring of the Snake":[100]},"card_choices":[{"not_picked":["Slice","Deflect"],"picked":"Calculated Gamble","floor":1.0},{"not_picked":["Underhanded Strike","Deflect"],"picked":"Deadly Poison","floor":3.0},{"not_picked":["Sucker Punch","Outmaneuver"],"picked":"Predator","floor":4.0},{"not_picked":["Infinite Blades","Deflect"],"picked":"Escape Plan","floor":7.0},{"not_picked":["Choke","Backflip"],"picked":"Flying Knee","floor":8.0},{"not_picked":["Acrobatics","Dagger Spray"],"picked":"Malaise","floor":11.0},{"not_picked":["Dodge and Roll","Distraction"],"picked":"Night Terror","floor":13.0},{"not_picked":["Choke","Terror","Eviscerate"],"picked":"SKIP","floor":14.0},{"not_picked":["Doppelganger","Phantasmal Killer"],"picked":"After Image","floor":16.0},{"not_picked":["Dagger Throw","Cloak And Dagger"],"picked":"Dagger Spray","floor":18.0},{"not_picked":["Expertise","Deadly Poison","Riddle With Holes"],"picked":"SKIP","floor":21.0},{"not_picked":["Bane","Outmaneuver"],"picked":"Acrobatics","floor":22},{"not_picked":["Acrobatics","Outmaneuver"],"picked":"Deflect","floor":27},{"not_picked":["Cloak And Dagger","Choke"],"picked":"Corpse Explosion","floor":29},{"not_picked":["Bane","Cloak And Dagger"],"picked":"Blade Dance","floor":31}],"player_experience":742367,"relics_obtained":[{"floor":7.0,"key":"MawBank"},{"floor":9.0,"key":"Regal Pillow"},{"floor":13.0,"key":"Whetstone"},{"floor":26,"key":"Shuriken"},{"floor":27,"key":"Boot"},{"floor":29,"key":"Bottled Lightning"}],"event_choices":[{"damage_healed":0.0,"max_hp_gain":0.0,"max_hp_loss":0.0,"gold_gain":0.0,"event_name":"Liars Game","player_choice":"Ignored","floor":2.0,"gold_loss":0.0,"damage_taken":0.0},{"damage_healed":0.0,"max_hp_gain":0.0,"max_hp_loss":0.0,"gold_gain":0.0,"event_name":"Living Wall","player_choice":"Grow","floor":5.0,"gold_loss":0.0,"damage_taken":0.0,"cards_upgraded":["Terror"]},{"damage_healed":0.0,"max_hp_gain":5.0,"max_hp_loss":0.0,"gold_gain":0.0,"event_name":"Big Fish","player_choice":"Donut","floor":12.0,"gold_loss":0.0,"damage_taken":0.0},{"cards_removed":["Strike_G"],"damage_healed":0.0,"max_hp_gain":0.0,"max_hp_loss":0.0,"gold_gain":0.0,"event_name":"Beggar","player_choice":"Gave Gold","floor":19.0,"gold_loss":75.0,"damage_taken":0.0},{"damage_healed":0.0,"max_hp_gain":5.0,"max_hp_loss":0.0,"gold_gain":0.0,"event_name":"Forgotten Altar","player_choice":"Shed Blood","floor":20.0,"gold_loss":0.0,"damage_taken":25.0},{"damage_healed":0,"gold_gain":0,"player_choice":"0 cards matched","damage_taken":0,"max_hp_gain":0,"max_hp_loss":0,"event_name":"Match and Keep!","floor":24,"gold_loss":0,"cards_obtained":[]}],"is_beta":false,"boss_relics":[{"not_picked":["WristBlade","HoveringKite"],"picked":"Astrolabe"}],"items_purged_floors":[28],"is_endless":false,"potions_floor_spawned":[4,7,11,18,29],"killed_by":"Collector","ascension_level":20}}