{"host":"4gr5irrdjh39ysed","time":1611098290,"event":{"mods":["AchievementEnabler","BaseMod","Colored Map","Downfall","Hermit","Minty Spire (QoL Compilation)","Random Character Button","StSLib","The Construct","The Cursed","The Disciple","The Hierophant","The Mystic","The Necromancer","The Runesmith"],"gold_per_floor":[218,218,234,251,5,36,36,61,61,79,79,89,89,164,164,264,264,274,274,291,326,326,326,341,341,366,366,381,407,419,434,434,539,539,556,601,601,611,833,833,859,859,859,879,47,64,64,81,81,81,81,81,5,38,38],"floor_reached":56,"language":"ENG","playtime":2874,"items_purged":["Defend_P","Vengeance+1"],"score":1393,"play_id":"1a6e4aaa-0171-4dce-8063-f3ed59518c11","local_time":"20210119161810","is_ascension_mode":true,"campfire_choices":[{"floor":7,"key":"RECALL"},{"data":"Brilliance","floor":11,"key":"SMITH"},{"data":"Master of Strategy","floor":13,"key":"SMITH"},{"data":"Eruption","floor":15,"key":"SMITH"},{"data":"RitualDagger","floor":23,"key":"SMITH"},{"data":"CarveReality","floor":25,"key":"SMITH"},{"data":"Consecrate","floor":27,"key":"SMITH"},{"data":"LessonLearned","floor":32,"key":"SMITH"},{"data":"Consecrate","floor":40,"key":"SMITH"},{"data":"JustLucky","floor":42,"key":"SMITH"},{"data":"ReachHeaven","floor":49,"key":"SMITH"},{"data":"Dramatic Entrance","floor":52,"key":"SMITH"}],"circlet_count":0,"master_deck":["Eruption+1","FlyingSleeves","Brilliance+1","Consecrate+1","Master of Strategy+1","Collect+1","Prostrate+1","Collect+1","Crescendo+1","ConjureBlade+1","Vengeance+1","Consecrate+1","CarveReality+1","ForeignInfluence+1","Halt+1","JustLucky+1","Prostrate+1","RitualDagger+1","Prostrate+1","PathToVictory+1","Indignation+1","FollowUp+1","LessonLearned+1","Vault+1","Indignation+1","Worship+1","Omniscience+1","ReachHeaven+1","Dramatic Entrance+1","Tantrum","Master of Strategy+1","FollowUp","Consecrate+1","Ragnarok+1"],"relics":["PureWater","Pen Nib","Toxic Egg 2","Singing Bowl","Pandora\u0027s Box","Red Mask","War Paint","Orichalcum","construct:ClawGrip","WingedGreaves","Dead Branch","Shuriken","TheAbacus","Nunchaku"],"acts_visited":["Exordium","TheCity","TheBeyond","TheEnding"],"potions_floor_usage":[21,28,30,33,36,50,55],"damage_taken":[{"damage":0,"enemies":"Cultist","floor":1,"turns":2},{"damage":5,"enemies":"Small Slimes","floor":3,"turns":2},{"damage":24,"enemies":"Jaw Worm","floor":4,"turns":2},{"damage":56,"enemies":"Gremlin Nob","floor":6,"turns":4},{"damage":40,"enemies":"3 Sentries","floor":8,"turns":4},{"damage":0,"enemies":"Large Slime","floor":10,"turns":3},{"damage":14,"enemies":"3 Louse","floor":12,"turns":2},{"damage":101,"enemies":"The Guardian","floor":16,"turns":6},{"damage":0,"enemies":"Spheric Guardian","floor":18,"turns":2},{"damage":4,"enemies":"3 Byrds","floor":20,"turns":3},{"damage":0,"enemies":"Masked Bandits","floor":21,"turns":2},{"damage":18,"enemies":"Snake Plant","floor":24,"turns":2},{"damage":7,"enemies":"Centurion and Healer","floor":28,"turns":2},{"damage":60,"enemies":"Gremlin Leader","floor":29,"turns":3},{"damage":14,"enemies":"Cultist and Chosen","floor":30,"turns":2},{"damage":12,"enemies":"3 Cultists","floor":31,"turns":3},{"damage":138,"enemies":"Champ","floor":33,"turns":7},{"damage":19,"enemies":"3 Darklings","floor":35,"turns":4},{"damage":6,"enemies":"2 Orb Walkers","floor":36,"turns":3},{"damage":22,"enemies":"3 Shapes","floor":38,"turns":2},{"damage":44,"enemies":"Nemesis","floor":41,"turns":3},{"damage":6,"enemies":"Spire Growth","floor":44,"turns":2},{"damage":4,"enemies":"4 Shapes","floor":46,"turns":2},{"damage":0,"enemies":"Sphere and 2 Shapes","floor":48,"turns":2},{"damage":53,"enemies":"Donu and Deca","floor":50,"turns":5},{"damage":105,"enemies":"Shield and Spear","floor":54,"turns":4},{"damage":166,"enemies":"The Heart","floor":55,"turns":5}],"seed_played":"9045287190191251994","potions_obtained":[{"floor":10,"key":"ColorlessPotion"},{"floor":12,"key":"LiquidBronze"},{"floor":20,"key":"GamblersBrew"},{"floor":29,"key":"PowerPotion"},{"floor":30,"key":"Fire Potion"},{"floor":31,"key":"Block Potion"},{"floor":33,"key":"DuplicationPotion"},{"floor":48,"key":"DuplicationPotion"}],"is_trial":false,"path_per_floor":["M","?","M","M","$","E","R","E","T","M","R","M","R","?","R","B",null,"M","?","M","?","?","R","M","R","T","R","M","E","M","M","R","B",null,"M","?","?","M","?","R","E","R","T","M","$","M","$","M","R","B",null,"R","$","E","B",null],"character_chosen":"WATCHER","items_purchased":["Master of Strategy","Dramatic Entrance","Tantrum","Master of Strategy+1","Shuriken","TheAbacus","Ragnarok"],"campfire_rested":0,"item_purchase_floors":[5,45,45,45,45,45,53],"current_hp_per_floor":[2072,2072,2067,2043,2043,1987,1987,1947,1947,1947,1947,1933,1933,1922,1922,1821,2072,2072,2066,2062,2062,1549,1549,1531,1531,1531,1531,1524,1464,1450,1440,1440,1302,2079,2060,2056,2056,2034,2034,2034,1990,1990,1990,1984,1984,1980,1980,1980,1980,1927,2081,2081,2081,1978,1812],"gold":38,"neow_bonus":"HUNDRED_GOLD","is_daily":false,"chose_seed":false,"campfire_upgraded":11,"win_rate":0.0,"timestamp":1611098290,"path_taken":["M","?","?","M","$","E","R","E","T","M","R","M","R","?","R","BOSS","M","?","M","?","?","R","M","R","T","R","M","E","M","M","R","BOSS","M","?","?","M","?","R","E","R","T","M","$","M","?","M","R","BOSS","R","$","E","BOSS"],"items_purchased_type":["Card","Card","Card","Card","Relic","Relic","Card"],"build_version":"2020-12-22","purchased_purges":2,"victory":true,"max_hp_per_floor":[2072,2072,2072,2072,2072,2072,2072,2072,2072,2072,2072,2072,2072,2072,2072,2072,2072,2072,2072,2072,2072,2077,2077,2077,2077,2077,2077,2077,2077,2077,2079,2079,2079,2079,2079,2081,2081,2081,2081,2081,2081,2081,2081,2081,2081,2081,2081,2081,2081,2081,2081,2081,2081,2083,2083],"card_choices":[{"not_picked":["Evaluate","Crescendo"],"picked":"FlyingSleeves","floor":1},{"not_picked":["CrushJoints","PathToVictory"],"picked":"Brilliance","floor":3},{"not_picked":["SashWhip","Pray"],"picked":"Consecrate","floor":4},{"not_picked":["CrushJoints","Crescendo"],"picked":"Collect","floor":6},{"not_picked":["Nirvana","BattleHymn"],"picked":"Prostrate+1","floor":8},{"not_picked":["Weave","TalkToTheHand"],"picked":"Collect+1","floor":10},{"not_picked":["FlurryOfBlows","Wireheading"],"picked":"Crescendo+1","floor":12},{"not_picked":["MasterReality","Brilliance"],"picked":"ConjureBlade+1","floor":16},{"not_picked":["Crescendo+1","Adaptation"],"picked":"Prostrate+1","floor":18},{"not_picked":["Adaptation","BowlingBash+1"],"picked":"Prostrate+1","floor":20},{"not_picked":["FlurryOfBlows","Protect+1"],"picked":"Vengeance+1","floor":21},{"not_picked":["Prostrate+1","ClearTheMind+1"],"picked":"PathToVictory+1","floor":24},{"not_picked":["Crescendo+1","ThirdEye+1"],"picked":"Indignation+1","floor":28},{"not_picked":["Study","Halt+1"],"picked":"FollowUp","floor":29},{"not_picked":["Wallop+1","SashWhip"],"picked":"LessonLearned","floor":30},{"not_picked":["PathToVictory+1","EmptyMind+1","BattleHymn"],"picked":"Singing Bowl","floor":31},{"not_picked":["Brilliance","LessonLearned"],"picked":"Vault+1","floor":33},{"not_picked":["EmptyBody+1","Consecrate"],"picked":"Indignation+1","floor":35},{"not_picked":["FlyingSleeves","Crescendo+1","EmptyBody+1"],"picked":"Singing Bowl","floor":36},{"not_picked":["CutThroughFate","BattleHymn"],"picked":"Worship+1","floor":38},{"not_picked":["Protect+1","ThirdEye+1"],"picked":"Omniscience+1","floor":41},{"not_picked":["JustLucky+1","Crescendo+1"],"picked":"ReachHeaven","floor":44},{"not_picked":["JustLucky","Halt+1"],"picked":"FollowUp","floor":46},{"not_picked":["FearNoEvil","WheelKick+1"],"picked":"Consecrate+1","floor":48},{"not_picked":["Study+1","Adaptation","Protect+1"],"picked":"Singing Bowl","floor":54}],"player_experience":240010,"relics_obtained":[{"floor":6,"key":"Pen Nib"},{"floor":8,"key":"Toxic Egg 2"},{"floor":9,"key":"Singing Bowl"},{"floor":21,"key":"Red Mask"},{"floor":26,"key":"War Paint"},{"floor":29,"key":"Orichalcum"},{"floor":36,"key":"WingedGreaves"},{"floor":41,"key":"Dead Branch"},{"floor":54,"key":"Nunchaku"}],"event_choices":[{"cards_removed":["Vigilance"],"damage_healed":0,"gold_gain":0,"player_choice":"Offered Basic","damage_taken":0,"max_hp_gain":0,"max_hp_loss":0,"event_name":"Bonfire Elementals","floor":2,"gold_loss":0},{"damage_healed":0,"gold_gain":75,"player_choice":"Gather Gold","damage_taken":11,"max_hp_gain":0,"max_hp_loss":0,"event_name":"World of Goop","floor":14,"gold_loss":0},{"damage_healed":0,"gold_gain":0,"player_choice":"Joined the Cult","damage_taken":6,"max_hp_gain":0,"max_hp_loss":0,"event_name":"Nest","floor":19,"gold_loss":0,"cards_obtained":["RitualDagger"]},{"damage_healed":0,"gold_gain":0,"player_choice":"Fought Bandits","damage_taken":0,"max_hp_gain":0,"max_hp_loss":0,"event_name":"Masked Bandits","floor":21,"gold_loss":0},{"damage_healed":0,"gold_gain":0,"player_choice":"Shed Blood","damage_taken":518,"max_hp_gain":5,"max_hp_loss":0,"event_name":"Forgotten Altar","floor":22,"gold_loss":0},{"damage_healed":0,"gold_gain":0,"player_choice":"Fight","damage_taken":0,"max_hp_gain":0,"max_hp_loss":0,"event_name":"Mysterious Sphere","floor":36,"gold_loss":0},{"cards_removed":["Adaptation"],"damage_healed":0,"gold_gain":0,"player_choice":"Removed Power","damage_taken":0,"max_hp_gain":0,"max_hp_loss":0,"event_name":"Falling","floor":37,"gold_loss":0},{"damage_healed":0,"gold_gain":222,"player_choice":"Wore Mask","damage_taken":0,"max_hp_gain":0,"max_hp_loss":0,"event_name":"Tomb of Lord Red Mask","floor":39,"gold_loss":0}],"is_beta":false,"boss_relics":[{"not_picked":["Empty Cage","Snecko Eye"],"picked":"Pandora\u0027s Box"},{"not_picked":["SlaversCollar","Tiny House"],"picked":"construct:ClawGrip"}],"items_purged_floors":[5,45],"is_endless":false,"potions_floor_spawned":[10,12,20,29,30,31,33,35,48],"ascension_level":3}}