{"host":"e8rlfedn69rz2s07","time":1611089752,"event":{"mods":["Act Like it!","BaseMod","Conspire","Hubris","Infinite Spire","Minty Spire (QoL Compilation)","Permanent Neow","Relic Stats","Replay The Spire","Shop Mod","StSLib","The Jungle"],"gold_per_floor":[110,155,175,186,201,5,5,18,18,44,44,70,90,107,107,212,212,224,224,242,242,256,256,206,206,257,289,289,302,302,302],"floor_reached":30,"language":"ENG","playtime":1339,"items_purged":["FollowUp"],"score":355,"play_id":"0facf72f-69f6-407a-b6d5-a3504b15c773","local_time":"20210119225552","is_ascension_mode":true,"campfire_choices":[{"floor":7.0,"key":"REST"},{"data":"Replay:AllIn","floor":15.0,"key":"SMITH"},{"data":"Wallop","floor":23.0,"key":"SMITH"},{"data":"Blasphemy","floor":25.0,"key":"SMITH"}],"circlet_count":0,"master_deck":["Eruption","Vigilance","BowlingBash","Vengeance","EmptyFist","FlurryOfBlows","Replay:AllIn+1","ClearTheMind+1","Wallop","Tantrum","Adaptation","FlurryOfBlows","Blasphemy+1","Judgement","Vengeance","Wallop+1","Study","Replay:Vibes","FollowUp","Nirvana","FlurryOfBlows","FlurryOfBlows+1","EmptyBody","Shame","Evaluate+1","Pain","hubris:NaturalOne","TalkToTheHand"],"relics":["Cursed Key","Singing Bowl","hubris:MedicalManual","Turnip","Pandora\u0027s Box","Replay:Lucky Slots","hubris:Icosahedron","Smiling Mask","WarpedTongs"],"acts_visited":["Exordium","TheCity"],"potions_floor_usage":[29],"damage_taken":[{"damage":0.0,"enemies":"Small Slimes","floor":1.0,"turns":3.0},{"damage":18.0,"enemies":"conspire:MimicChest","floor":2.0,"turns":7.0},{"damage":2.0,"enemies":"Jaw Worm","floor":3.0,"turns":3.0},{"damage":4.0,"enemies":"2 Louse","floor":4.0,"turns":3.0},{"damage":13.0,"enemies":"Large Slime","floor":5.0,"turns":3.0},{"damage":0.0,"enemies":"Red Slaver","floor":8.0,"turns":1.0},{"damage":5.0,"enemies":"3 Sentries","floor":10.0,"turns":3.0},{"damage":0.0,"enemies":"Lagavulin","floor":12.0,"turns":3.0},{"damage":9.0,"enemies":"3 Louse","floor":13.0,"turns":3.0},{"damage":5.0,"enemies":"Gremlin Gang","floor":14.0,"turns":3.0},{"damage":16.0,"enemies":"Hexaghost","floor":16.0,"turns":9.0},{"damage":9.0,"enemies":"3 Byrds","floor":18.0,"turns":3.0},{"damage":0.0,"enemies":"Spheric Guardian","floor":20.0,"turns":2.0},{"damage":9.0,"enemies":"Cultist and Chosen","floor":22.0,"turns":4.0},{"damage":37.0,"enemies":"conspire:SneckoGhost","floor":27.0,"turns":4.0},{"damage":12,"enemies":"3 Cultists","floor":29,"turns":3},{"damage":9,"enemies":"Snake Plant","floor":30,"turns":2}],"seed_played":"4403853897350130972","potions_obtained":[{"floor":2.0,"key":"Elixir"},{"floor":5.0,"key":"PowerPotion"},{"floor":8.0,"key":"Adrenaline Potion"},{"floor":12.0,"key":"BlessingOfTheForge"},{"floor":16.0,"key":"Energy Potion"},{"floor":18.0,"key":"Fire Potion"}],"is_trial":false,"path_per_floor":["M","?","M","M","M","$","R","M","T","E","?","E","M","M","R","B",null,"M","AVR","M","?","M","R","$","R","T","E","?","M","M"],"character_chosen":"WATCHER","items_purchased":["Replay:AllIn","ClearTheMind+1","EmptyBody"],"campfire_rested":1,"item_purchase_floors":[6,6,24],"current_hp_per_floor":[72,54,52,48,35,35,56,56,56,51,51,51,42,39,39,23,74,65,65,67,67,58,58,58,58,58,21,21,9,0,0],"gold":302,"neow_bonus":"BOSS_RELIC","is_daily":false,"chose_seed":false,"campfire_upgraded":3,"win_rate":0.0,"timestamp":1611089752,"path_taken":["M","?","M","M","M","$","R","M","T","E","?","E","M","M","R","BOSS","M","AVR","M","?","M","R","$","R","T","E","?","?","M"],"items_purchased_type":["Card","Card","Card"],"build_version":"2020-12-22","purchased_purges":1,"victory":false,"max_hp_per_floor":[72,72,72,72,72,72,72,72,72,72,72,72,72,74,74,74,74,74,74,76,76,76,76,76,76,76,76,76,76,76,76],"relic_stats":{"Singing Bowl":4,"counters":[17,59],"Pandora\u0027s Box":["Judgement","Vengeance","Wallop","Study","FollowUp","Replay:Vibes","FollowUp","Nirvana"],"Turnip":[3],"Cursed Key":1,"Smiling Mask":0,"obtain_stats":[{"hubris:Icosahedron":21,"Singing Bowl":2,"Pandora\u0027s Box":17,"hubris:MedicalManual":10,"Turnip":12,"Replay:Lucky Slots":19,"PureWater":0,"Cursed Key":0,"Smiling Mask":27,"WarpedTongs":28},{"hubris:Icosahedron":13,"Singing Bowl":2,"Pandora\u0027s Box":11,"hubris:MedicalManual":7,"Turnip":8,"Replay:Lucky Slots":12,"PureWater":0,"Cursed Key":0,"Smiling Mask":15,"WarpedTongs":15},{"hubris:Icosahedron":46,"Singing Bowl":10,"Pandora\u0027s Box":41,"hubris:MedicalManual":23,"Turnip":26,"Replay:Lucky Slots":44,"PureWater":0,"Cursed Key":0,"Smiling Mask":54,"WarpedTongs":54}],"WarpedTongs":[5]},"card_choices":[{"not_picked":["Halt","Wireheading","Prostrate"],"picked":"SKIP","floor":1.0},{"not_picked":["ForeignInfluence","Nirvana"],"picked":"BowlingBash","floor":2.0},{"not_picked":["FollowUp","WindmillStrike"],"picked":"Vengeance","floor":3.0},{"not_picked":["Collect","Replay:AtTheReady"],"picked":"EmptyFist","floor":4.0},{"not_picked":["ThirdEye","Protect"],"picked":"FlurryOfBlows","floor":5.0},{"not_picked":["Crescendo","Worship"],"picked":"Wallop","floor":8.0},{"not_picked":["CutThroughFate","Halt"],"picked":"Tantrum","floor":10.0},{"not_picked":["SandsOfTime","Consecrate"],"picked":"Adaptation","floor":12.0},{"not_picked":["ConjureBlade","Replay:Battleflow"],"picked":"FlurryOfBlows","floor":13.0},{"not_picked":["FlyingSleeves","PathToVictory","Consecrate"],"picked":"Singing Bowl","floor":14.0},{"not_picked":["DevaForm","Replay:LoomingThreat"],"picked":"Blasphemy","floor":16.0},{"not_picked":["PathToVictory+1","LikeWater"],"picked":"FlurryOfBlows","floor":18.0},{"not_picked":["PathToVictory","EmptyFist","Replay:BluntJabs"],"picked":"Singing Bowl","floor":20.0},{"not_picked":["Consecrate","Replay:Anticipation"],"picked":"FlurryOfBlows+1","floor":22.0},{"not_picked":["PathToVictory+1","Replay:AtTheReady"],"picked":"Evaluate+1","floor":27},{"not_picked":["Replay:Cycle","Indignation"],"picked":"TalkToTheHand","floor":29}],"player_experience":980875,"relics_obtained":[{"floor":2.0,"key":"Singing Bowl"},{"floor":10.0,"key":"hubris:MedicalManual"},{"floor":12.0,"key":"Turnip"},{"floor":27,"key":"Smiling Mask"}],"event_choices":[{"damage_healed":0.0,"max_hp_gain":0.0,"max_hp_loss":0.0,"gold_gain":0.0,"event_name":"conspire:Investor","player_choice":"Leave","floor":11.0,"gold_loss":0.0,"damage_taken":0.0},{"damage_healed":0,"gold_gain":0,"player_choice":"Rummage","damage_taken":0,"relics_obtained":["WarpedTongs"],"max_hp_gain":0,"max_hp_loss":0,"event_name":"Accursed Blacksmith","floor":28,"gold_loss":0,"cards_obtained":["Pain"]}],"is_beta":false,"boss_relics":[{"not_picked":["Coffee Dripper","Calling Bell"],"picked":"Pandora\u0027s Box"}],"items_purged_floors":[19],"is_endless":false,"potions_floor_spawned":[2,5,8,12,13,16,18,20,22],"killed_by":"Snake Plant","ascension_level":3}}