{"host":"iphsb0ccnjx0pfn6","time":1611043404,"event":{"mods":["2.2 Compatiblity","AchievementEnabler","BaseMod","Colored Map","DeckTracker","Keyboard Shortcuts","Minty Spire (QoL Compilation)","Permanent Neow","Quick Restart","Relic Stats","StSLib","SuperFastMode","Uncapped","everything is the same but u backflip on backflip"],"gold_per_floor":[115,132,132,132,142,142,176,60,86,86,86],"floor_reached":10,"language":"KOR","playtime":219,"items_purged":["Strike_G"],"score":132,"play_id":"9ef1f546-23ff-483d-86e3-e8fc780bf54d","local_time":"20210119170324","is_ascension_mode":true,"campfire_choices":[{"data":"Prepared","floor":6,"key":"SMITH"}],"circlet_count":0,"master_deck":["AscendersBane","Strike_G","Strike_G","Strike_G","Strike_G","Defend_G","Defend_G","Defend_G","Defend_G","Defend_G","Survivor","Neutralize","Skewer","Deadly Poison","Prepared+1","Bouncing Flask","Footwork"],"relics":["Coffee Dripper","Anchor","Girya","CeramicFish"],"acts_visited":["Exordium"],"potions_floor_usage":[7,10],"damage_taken":[{"damage":0,"enemies":"Jaw Worm","floor":1,"turns":6},{"damage":6,"enemies":"2 Louse","floor":2,"turns":4},{"damage":3,"enemies":"Cultist","floor":5,"turns":4},{"damage":35,"enemies":"3 Sentries","floor":7,"turns":11},{"damage":17,"enemies":"Gremlin Nob","floor":10,"turns":3}],"seed_played":"1706068808851213764","potions_obtained":[{"floor":1,"key":"ColorlessPotion"},{"floor":2,"key":"Regen Potion"}],"is_trial":false,"path_per_floor":["M","M","?","?","M","R","E","$","T","E"],"character_chosen":"THE_SILENT","items_purchased":["Footwork"],"campfire_rested":0,"item_purchase_floors":[8],"current_hp_per_floor":[59,53,48,39,36,36,16,16,16,0,0],"gold":86,"neow_bonus":"BOSS_RELIC","is_daily":false,"chose_seed":false,"campfire_upgraded":1,"win_rate":0.0,"timestamp":1611043404,"path_taken":["M","M","?","?","M","R","E","$","T","E"],"items_purchased_type":["Card"],"build_version":"2020-12-22","purchased_purges":1,"victory":false,"max_hp_per_floor":[66,66,66,66,66,66,66,66,66,66,66],"relic_stats":{"counters":[5,28],"CeramicFish":0,"obtain_stats":[{"Girya":7,"Anchor":3,"CeramicFish":9,"Coffee Dripper":0,"Ring of the Snake":0},{"Girya":4,"Anchor":2,"CeramicFish":4,"Coffee Dripper":0,"Ring of the Snake":0},{"Girya":25,"Anchor":10,"CeramicFish":25,"Coffee Dripper":0,"Ring of the Snake":0}]},"card_choices":[{"not_picked":["Noxious Fumes","Dodge and Roll"],"picked":"Skewer","floor":1},{"not_picked":["Dagger Throw","Acrobatics"],"picked":"Deadly Poison","floor":2},{"not_picked":["Quick Slash","Deadly Poison"],"picked":"Prepared","floor":5},{"not_picked":["Cloak And Dagger","Flechettes"],"picked":"Bouncing Flask","floor":7}],"player_experience":1264939,"relics_obtained":[{"floor":7,"key":"Girya"},{"floor":9,"key":"CeramicFish"}],"event_choices":[{"damage_healed":0,"gold_gain":0,"player_choice":"Success","damage_taken":5,"relics_obtained":["Anchor"],"max_hp_gain":0,"max_hp_loss":0,"event_name":"Scrap Ooze","floor":3,"gold_loss":0},{"damage_healed":0,"gold_gain":0,"player_choice":"Damaged","damage_taken":9,"max_hp_gain":0,"max_hp_loss":0,"event_name":"Wheel of Change","floor":4,"gold_loss":0}],"is_beta":false,"boss_relics":[],"items_purged_floors":[8],"is_endless":false,"potions_floor_spawned":[1,2],"killed_by":"Gremlin Nob","ascension_level":20}}