{"host":"6cobn2zu43e930v9","time":1611052665,"event":{"mods":["BaseMod","Colored Map","Hubris","Marisa（F雨　魔理沙）","Minty Spire (QoL Compilation)","MostiFishMod","Remilia（蕾米莉亚）","Replay The Spire","RumiaBox-露米娅的神秘盒子","Shop Mod","StSLib","SuperFastMode","TestMod","Waifu the Spire","[IsaacMod]以撒尖塔"],"gold_per_floor":[118,138,63,86,261,296,296,328,382,382,382],"floor_reached":10,"language":"ZHS","playtime":224,"items_purged":["Strike_R"],"score":156,"play_id":"e848a807-7d9f-4e4f-bd23-30fd02348052","local_time":"20210119183745","daily_mods":["Heirloom","Flight","DeadlyEvents"],"is_ascension_mode":true,"campfire_choices":[{"data":"Pummel","floor":7,"key":"SMITH"}],"circlet_count":0,"master_deck":["Strike_R","Strike_R","Strike_R+1","Strike_R","Defend_R","Defend_R","Defend_R+1","Defend_R","Bash","Pummel+1","Doubt","Whirlwind"],"relics":["Burning Blood","DaveBox","testmod-TestBox","HushsDoor","RhineSuit","testmod-Hope","Damocles","testmod-EqualTreatment","Simple Rune","SynthV:TestCard","Dream Catcher","Boot","TheBean","testmod-Nyarlathotep","Smiling Mask","testmod-TurbochargingSystem","Omamori"],"acts_visited":["Exordium"],"potions_floor_usage":[8],"damage_taken":[{"damage":0,"enemies":"Cultist","floor":1,"turns":2},{"damage":0,"enemies":"Small Slimes","floor":2,"turns":1},{"damage":0,"enemies":"3 Sentries","floor":6,"turns":3},{"damage":18,"enemies":"Lagavulin","floor":8,"turns":4},{"damage":9,"enemies":"Replay:BlueRogue","floor":10,"turns":1}],"seed_played":"-3818768569824539924","potions_obtained":[{"floor":2,"key":"Fire Potion"}],"is_trial":true,"path_per_floor":["M","M","$","T","?","E","R","E","T","E"],"character_chosen":"IRONCLAD","items_purchased":[],"campfire_rested":0,"item_purchase_floors":[],"current_hp_per_floor":[80,80,80,80,80,80,80,68,68,0,0],"gold":382,"neow_bonus":"","is_daily":false,"chose_seed":false,"campfire_upgraded":1,"win_rate":0.0,"timestamp":1611052665,"path_taken":["M","M","$","?","?","E","R","E","T","E"],"items_purchased_type":[],"build_version":"2020-12-22","purchased_purges":1,"victory":false,"max_hp_per_floor":[80,80,80,80,80,80,80,80,80,80,80],"card_choices":[{"not_picked":["Pommel Strike","Inflame"],"picked":"Pummel","floor":1},{"not_picked":["Warcry","Reckless Charge","Replay:Undeath\u0027s Touch","Cleave","Headbutt"],"picked":"SKIP","floor":2},{"not_picked":["Anger","Metallicize","Fire Breathing","Warcry","Cleave"],"picked":"SKIP","floor":6},{"not_picked":["Combust","Flex","Second Wind","Fiend Fire"],"picked":"Whirlwind","floor":8}],"player_experience":341690,"relics_obtained":[{"floor":1,"key":"Simple Rune"},{"floor":1,"key":"SynthV:TestCard"},{"floor":2,"key":"Dream Catcher"},{"floor":4,"key":"Boot"},{"floor":6,"key":"TheBean"},{"floor":6,"key":"testmod-Nyarlathotep"},{"floor":8,"key":"Smiling Mask"},{"floor":8,"key":"testmod-TurbochargingSystem"},{"floor":9,"key":"Omamori"}],"event_choices":[{"damage_healed":0,"gold_gain":175,"player_choice":"AGREE","damage_taken":0,"max_hp_gain":0,"max_hp_loss":0,"event_name":"Liars Game","floor":5,"gold_loss":0,"cards_obtained":["Doubt"]}],"is_beta":false,"boss_relics":[],"items_purged_floors":[3],"is_endless":true,"potions_floor_spawned":[2],"killed_by":"Replay:BlueRogue","ascension_level":1}}