{"host":"9j9ju8r45kuhshxi","time":1611021653,"event":{"mods":["BaseMod","Colored Map","Colored Powertips","Highlight Path","Minty Spire (QoL Compilation)","Replay The Spire","Ryuuou龙王","StSLib","[功能]功能增强和修复MOD"],"gold_per_floor":[10,28,999,999,999,999,999,999,999,999,999,999,999,999,999,999,999,999,999,999,999,999,999,999,999,999,999,999,999,999,999,999,999,999,999,999,999,999,999,999,999,999,999,999,999,999,999,999,999,999,999,999,999,999,999],"floor_reached":56,"language":"ZHS","playtime":2650,"items_purged":["Strike_G","Strike_G","Strike_G","Defend_G","Defend_G","Strike_G","Defend_G","Survivor","Defend_G","Strike_G","Underhanded Strike","HandOfGreedExtend+1","Prepared","Poisoned Stab+1","Dagger Spray+1","Writhe","Tactician+1","Prepared+1","Heel Hook+1","Flash of Steel","The Bomb+1"],"score":2304,"play_id":"7757d69a-e713-49de-b721-e4e430542985","local_time":"20210119100053","is_ascension_mode":true,"campfire_choices":[{"floor":8,"key":"RECALL"},{"data":"Deadly Poison","floor":10,"key":"SMITH"},{"data":"Catalyst","floor":15,"key":"SMITH"},{"data":"Prepared","floor":28,"key":"SMITH"},{"data":"Draining Mist","floor":32,"key":"SMITH"},{"data":"Catalyst","floor":41,"key":"SMITH"},{"data":"Ryuuou:NotRegret","floor":44,"key":"SMITH"},{"data":"Jack Of All Trades","floor":49,"key":"SMITH"},{"data":"The Bomb","floor":52,"key":"SMITH"}],"circlet_count":0,"master_deck":["Neutralize+1","Backstab+1","Terror+1","Deadly Poison+1","Poisoned Stab+1","After Image+1","Violence+1","Backflip+1","Corpse Explosion+1","Acrobatics+1","Catalyst+1","Atom Bomb+1","Choke+1","Quick Slash+1","Replay:Poison Smokescreen+1","Slice+1","Backflip+1","Dagger Throw+1","Draining Mist+1","Noxious Fumes+1","ReplayTheSpireMod:Exploit Weakness+1","Bane+1","Replay:Bag of Tricks+1","Dagger Throw+1","Catalyst+1","Ryuuou:NotRegret+1","Jack Of All Trades+1","Toxin Wave","Poisoned Stab"],"relics":["Ring of the Snake","Byrd Skull","Vajra","ClockworkSouvenir","Pen Nib","ReplayTheSpireMod:TigerMarble","Orichalcum","Whetstone","PreservedInsect","Ring of Chaos","Orrery","Bottled Lightning","Snack Pack","OrangePellets","Juzu Bracelet","Basket Of Snakes","Art of War","Dream Catcher","Happy Flower","ReplayTheSpireMod:Ninjato","Bag of Preparation","Pandora\u0027s Box","Mark of the Bloom","TwistedFunnel","Potion Belt","Replay:Baseball","White Beast Statue","Toy Ornithopter","Turnip","Onion Ring","Centennial Puzzle","Cauldron","Lizard Tail","Mirror","Oddly Smooth Stone"],"acts_visited":["Exordium","TheCity","TheBeyond","TheEnding"],"potions_floor_usage":[2,6,11,11,33,53,55,55,55,55,55,55,55,55,55,55],"damage_taken":[{"damage":0,"enemies":"Cultist","floor":1,"turns":4},{"damage":0,"enemies":"Small Slimes","floor":2,"turns":1},{"damage":0,"enemies":"2 Louse","floor":5,"turns":2},{"damage":17,"enemies":"3 Sentries","floor":6,"turns":5},{"damage":0,"enemies":"Lagavulin","floor":11,"turns":2},{"damage":0,"enemies":"Lots of Slimes","floor":12,"turns":1},{"damage":0,"enemies":"Looter","floor":13,"turns":1},{"damage":0,"enemies":"3 Sentries","floor":14,"turns":1},{"damage":0,"enemies":"Fading Forest","floor":16,"turns":2},{"damage":0,"enemies":"Shell Parasite","floor":18,"turns":1},{"damage":0,"enemies":"3 Byrds","floor":22,"turns":1},{"damage":0,"enemies":"Book of Stabbing","floor":23,"turns":1},{"damage":0,"enemies":"Gremlin Leader","floor":25,"turns":1},{"damage":0,"enemies":"Book of Stabbing","floor":27,"turns":2},{"damage":0,"enemies":"Centurion and Healer","floor":29,"turns":1},{"damage":0,"enemies":"Snake Plant","floor":30,"turns":1},{"damage":0,"enemies":"Slavers","floor":31,"turns":1},{"damage":0,"enemies":"Champ","floor":33,"turns":2},{"damage":0,"enemies":"3 Darklings","floor":35,"turns":1},{"damage":0,"enemies":"Giant Head","floor":40,"turns":1},{"damage":0,"enemies":"Reptomancer","floor":48,"turns":1},{"damage":0,"enemies":"Time Eater","floor":50,"turns":1},{"damage":0,"enemies":"Shield and Spear","floor":54,"turns":1},{"damage":4,"enemies":"The Heart","floor":55,"turns":2}],"seed_played":"576201800652270936","potions_obtained":[{"floor":1,"key":"Energy Potion"},{"floor":1,"key":"Toxic Potion"},{"floor":1,"key":"GamblersBrew"},{"floor":2,"key":"AttackPotion"},{"floor":2,"key":"Dexterity Potion"},{"floor":11,"key":"Venom Potion"},{"floor":11,"key":"AttackPotion"},{"floor":11,"key":"ColorlessPotion"},{"floor":13,"key":"Venom Potion"},{"floor":33,"key":"Energy Potion"},{"floor":39,"key":"GhostInAJar"},{"floor":39,"key":"SkillPotion"},{"floor":53,"key":"Fruit Juice"},{"floor":53,"key":"Swift Potion"},{"floor":53,"key":"EntropicBrew"},{"floor":54,"key":"SneckoOil"}],"is_trial":false,"path_per_floor":["M","M","?","$","M","E","?","R","T","R","E","M","M","E","R","B",null,"M","$","$","?","M","E","?","E","T","E","R","M","M","E","R","B",null,"M","?","?","$","?","E","R","?","T","R","?","T","T","E","R","B",null,"R","$","E","B",null],"character_chosen":"THE_SILENT","items_purchased":["ClockworkSouvenir","Pen Nib","ReplayTheSpireMod:TigerMarble","Poisoned Stab","After Image","Violence","Underhanded Strike","Poison Potion","HandOfGreedExtend","Orrery","Bottled Lightning","Snack Pack","Draining Mist","Noxious Fumes","Swift Potion","OrangePellets","Juzu Bracelet","Basket Of Snakes","TwistedFunnel","Potion Belt","Replay:Baseball","Catalyst","Cauldron","Lizard Tail","Mirror","Toxin Wave"],"campfire_rested":0,"item_purchase_floors":[4,4,4,4,4,4,4,4,4,19,19,19,19,19,19,20,20,20,38,38,38,38,53,53,53,53],"current_hp_per_floor":[63,63,46,46,46,999,999,999,999,999,999,999,999,999,999,999,999,999,999,999,999,999,999,999,999,999,999,999,999,999,999,999,999,999,999,999,999,999,999,999,999,999,999,999,999,999,999,999,999,999,999,999,999,999,999],"gold":999,"neow_bonus":"ONE_RARE_RELIC","is_daily":false,"chose_seed":false,"campfire_upgraded":8,"win_rate":0.0,"timestamp":1611021653,"path_taken":["M","?","?","$","M","E","?","R","T","R","E","M","M","E","R","BOSS","M","?","$","?","M","E","?","E","T","E","R","M","M","E","R","BOSS","M","?","?","$","?","E","R","?","T","R","?","?","?","E","R","BOSS","R","$","E","BOSS"],"items_purchased_type":["Relic","Relic","Relic","Card","Card","Card","Card","Potion","Card","Relic","Relic","Relic","Card","Card","Potion","Relic","Relic","Relic","Relic","Relic","Relic","Card","Relic","Relic","Relic","Card"],"build_version":"2020-12-22","purchased_purges":21,"victory":true,"max_hp_per_floor":[70,70,70,70,70,70,70,70,70,70,70,70,70,70,70,70,70,70,70,70,70,70,70,70,70,70,70,70,70,70,70,70,70,70,70,70,70,70,70,70,70,70,70,70,70,70,70,70,70,70,70,70,75,75,75],"card_choices":[{"not_picked":["Cloak And Dagger","Finisher"],"picked":"Backstab","floor":1},{"not_picked":["Blur","Fluid Movement"],"picked":"Terror","floor":2},{"not_picked":["Dagger Spray","Concentrate"],"picked":"Prepared","floor":3},{"not_picked":["PiercingWail","Blur"],"picked":"Deadly Poison","floor":3},{"not_picked":["Blade Dance","Cloak And Dagger"],"picked":"Backflip","floor":5},{"not_picked":["Deflect","Acrobatics"],"picked":"Corpse Explosion","floor":6},{"not_picked":["ReplayTheSpireMod:Exploit Weakness","Quick Slash"],"picked":"Tactician","floor":11},{"not_picked":["Underhanded Strike","Cloak And Dagger"],"picked":"Acrobatics","floor":12},{"not_picked":["Caltrops","Quick Slash"],"picked":"Catalyst","floor":13},{"not_picked":["Outmaneuver","Masterful Stab"],"picked":"Prepared","floor":14},{"not_picked":["Grand Finale","Poison Darts"],"picked":"Atom Bomb","floor":16},{"not_picked":["Outmaneuver+1","Deflect"],"picked":"Choke+1","floor":18},{"not_picked":["Prepared","ReplayTheSpireMod:From All Sides"],"picked":"Quick Slash","floor":19},{"not_picked":["Dagger Throw","PiercingWail"],"picked":"Replay:Poison Smokescreen+1","floor":19},{"not_picked":["Predator+1","Distraction"],"picked":"Slice","floor":19},{"not_picked":["Underhanded Strike","Adrenaline"],"picked":"Backflip","floor":19},{"not_picked":["Night Terror","Flying Knee"],"picked":"Dagger Throw+1","floor":19},{"not_picked":["ReplayTheSpireMod:Exploit Weakness","Tactician+1"],"picked":"Dagger Spray+1","floor":22},{"not_picked":["Blur+1","Deflect"],"picked":"ReplayTheSpireMod:Exploit Weakness+1","floor":23},{"not_picked":["Dagger Spray","Leg Sweep"],"picked":"Heel Hook+1","floor":25},{"not_picked":["Terror","Doppelganger","Masterful Stab"],"picked":"SKIP","floor":27},{"not_picked":["Dagger Throw","Choke"],"picked":"Bane","floor":29},{"not_picked":["Choke+1","Dagger Spray+1","ReplayTheSpireMod:Shiv Toss"],"picked":"SKIP","floor":30},{"not_picked":["Dagger Spray","Leg Sweep","Cloak And Dagger+1"],"picked":"SKIP","floor":31},{"not_picked":["Phantasmal Killer","A Thousand Cuts"],"picked":"Replay:Bag of Tricks","floor":33},{"not_picked":["Slice","Sucker Punch"],"picked":"Dagger Throw+1","floor":35},{"not_picked":["Dagger Spray","Cloak And Dagger","Setup+1"],"picked":"SKIP","floor":40},{"not_picked":["ReplayTheSpireMod:Uncanny Aura","Mayhem"],"picked":"The Bomb","floor":45},{"not_picked":["ReplayTheSpireMod:Private Reserves","Forethought"],"picked":"Jack Of All Trades","floor":45},{"not_picked":["Panache","Bandage Up"],"picked":"Flash of Steel","floor":45},{"not_picked":["Blade Dance+1","Outmaneuver","Concentrate+1"],"picked":"SKIP","floor":48},{"not_picked":["Predator","Bane"],"picked":"Poisoned Stab","floor":54}],"player_experience":162255,"relics_obtained":[{"floor":3,"key":"Vajra"},{"floor":6,"key":"Orichalcum"},{"floor":11,"key":"Whetstone"},{"floor":14,"key":"PreservedInsect"},{"floor":23,"key":"Art of War"},{"floor":25,"key":"Dream Catcher"},{"floor":26,"key":"Happy Flower"},{"floor":27,"key":"ReplayTheSpireMod:Ninjato"},{"floor":31,"key":"Bag of Preparation"},{"floor":40,"key":"White Beast Statue"},{"floor":43,"key":"Toy Ornithopter"},{"floor":46,"key":"Turnip"},{"floor":47,"key":"Onion Ring"},{"floor":48,"key":"Centennial Puzzle"},{"floor":54,"key":"Oddly Smooth Stone"}],"event_choices":[{"cards_removed":["Defend_G"],"damage_healed":0,"gold_gain":0,"player_choice":"Purged","damage_taken":0,"max_hp_gain":0,"max_hp_loss":0,"event_name":"Purifier","floor":7,"gold_loss":0},{"damage_healed":0,"gold_gain":0,"player_choice":"Ignored","damage_taken":0,"max_hp_gain":0,"max_hp_loss":0,"event_name":"Ghosts","floor":21,"gold_loss":0},{"damage_healed":18,"gold_gain":0,"player_choice":"Writhe","damage_taken":0,"max_hp_gain":0,"max_hp_loss":0,"event_name":"Winding Halls","floor":36,"gold_loss":0,"cards_obtained":["Writhe"]},{"damage_healed":0,"gold_gain":0,"player_choice":"Upgrade","damage_taken":0,"relics_obtained":["Mark of the Bloom"],"max_hp_gain":0,"max_hp_loss":0,"event_name":"MindBloom","floor":37,"gold_loss":0,"cards_upgraded":["Backstab","Terror","Poisoned Stab","Poisoned Stab","After Image","Violence","Backflip","Corpse Explosion","Tactician","Acrobatics","Atom Bomb","Quick Slash","Slice","Backflip","Noxious Fumes","Bane","Replay:Bag of Tricks"]},{"damage_healed":0,"gold_gain":0,"player_choice":"Got Potions","damage_taken":0,"max_hp_gain":0,"max_hp_loss":0,"event_name":"Lab","floor":39,"gold_loss":0},{"damage_healed":0,"gold_gain":0,"player_choice":"Memory 3","damage_taken":10,"max_hp_gain":0,"max_hp_loss":0,"event_name":"SensoryStone","floor":45,"gold_loss":0}],"is_beta":false,"boss_relics":[{"not_picked":["HoveringKite","Replay:Ancient Bell"],"picked":"Ring of Chaos"},{"not_picked":["Replay:Bronze Core","Calling Bell"],"picked":"Pandora\u0027s Box"}],"items_purged_floors":[4,4,4,4,4,4,4,4,4,19,19,19,19,38,38,38,38,38,38,53,53],"is_endless":false,"potions_floor_spawned":[1,1,1,2,2,11,11,11,13,13,14,14,22,22,23,23,23,25,27,27,27,29,30,30,31,31,33,35,40,40,48,48,48,48,54,54,54,54],"ascension_level":6}}