{"host":"ye2yc4zsa4mr9ewr","time":1611025841,"event":{"mods":["BaseMod","Downfall","Minty Spire (QoL Compilation)","Relic Stats","StSLib"],"gold_per_floor":[99,116,127,143,158,191,191,223,240,30,30,41,41,52,66,171,171,171,181,200,200,300,100,100,85,85,85,117,117,134,169,180,278,278,178,191,31,31,49,64,64,154,167,167,167,97,97,115,135,135,135,170,23,23,23,23,23],"floor_reached":56,"language":"ENG","playtime":1980,"items_purged":["bronze:Strike","bronze:Defend"],"score":726,"play_id":"57038257-6673-4cac-aa31-7b11b2574aeb","local_time":"20210118211041","is_ascension_mode":false,"campfire_choices":[{"data":"bronze:Replicate","floor":1.0,"key":"SMITH"},{"data":"bronze:WildBeam","floor":13.0,"key":"SMITH"},{"floor":18,"key":"RECALL"},{"data":"bronze:BugBarrage","floor":23,"key":"SMITH"},{"data":"bronze:Optimize","floor":26,"key":"SMITH"},{"data":"bronze:Virus","floor":29,"key":"SMITH"},{"data":"bronze:BurnOut","floor":35,"key":"SMITH"},{"data":"bronze:Shield","floor":44,"key":"SMITH"},{"data":"bronze:ClassDefault","floor":47,"key":"SMITH"},{"data":"bronze:Verify","floor":54,"key":"SMITH"}],"circlet_count":0,"master_deck":["bronze:Defend","bronze:Replicate+1","bronze:Goto","bronze:Frontload","bronze:FineTuning","bronze:Repair","bronze:Repair","bronze:ChosenStrike","bronze:Repulsor","bronze:ItsAFeature","bronze:DigitalCarnage","bronze:CloningBeam","bronze:WildBeam+1","bronze:WhirlingStrike","bronze:BurnOut+1","bronze:BugBarrage+1","bronze:Shield+1","bronze:DecaBeam","bronze:Optimize+1","bronze:Virus+1","bronze:WildBeam+1","bronze:Allocate","bronze:DelayedGuard","bronze:HardenedForm+1","bronze:CutThrough+1","bronze:Shield+1","bronze:Fortify","bronze:BuggyMess+1","expansioncontent:Chronoboost","expansioncontent:Hexaburn","bronze:Deprecate+1","bronze:ClassDefault+1","bronze:Verify+1","bronze:Boost+1"],"relics":["bronze:BronzeCore","Ice Cream","Meat on the Bone","Cursed Key","downfall:HeartBlessingRed","downfall:HeartBlessingBlue","Happy Flower","Astrolabe","downfall:HeartBlessingGreen","Pen Nib","Vajra","Lantern","Oddly Smooth Stone"],"acts_visited":["Exordium","TheCity","TheBeyond","TheEnding"],"potions_floor_usage":[28,31,37,56,56],"damage_taken":[{"damage":2.0,"enemies":"Cultist","floor":2.0,"turns":5.0},{"damage":0.0,"enemies":"Small Slimes","floor":3.0,"turns":3.0},{"damage":0.0,"enemies":"2 Louse","floor":4.0,"turns":3.0},{"damage":4.0,"enemies":"2 Fungi Beasts","floor":5.0,"turns":7.0},{"damage":19.0,"enemies":"3 Sentries","floor":6.0,"turns":13.0},{"damage":56.0,"enemies":"Gremlin Nob","floor":8.0,"turns":7.0},{"damage":0.0,"enemies":"Exordium Wildlife","floor":9.0,"turns":7.0},{"damage":0.0,"enemies":"downfall:FleeingMerchant","floor":10.0,"turns":4.0},{"damage":15.0,"enemies":"Exordium Thugs","floor":12.0,"turns":4.0},{"damage":16,"enemies":"Large Slime","floor":14,"turns":4},{"damage":7,"enemies":"3 Louse","floor":15,"turns":5},{"damage":57,"enemies":"WA_ARCHETYPE_RETAIN","floor":16,"turns":9},{"damage":8,"enemies":"Spheric Guardian","floor":19,"turns":4},{"damage":12,"enemies":"Shell Parasite","floor":20,"turns":6},{"damage":0,"enemies":"Shell Parasite","floor":22,"turns":4},{"damage":0,"enemies":"downfall:FleeingMerchant","floor":25,"turns":4},{"damage":14,"enemies":"Slavers","floor":28,"turns":5},{"damage":0,"enemies":"Cultist and Chosen","floor":30,"turns":4},{"damage":30,"enemies":"Book of Stabbing","floor":31,"turns":5},{"damage":24,"enemies":"Shelled Parasite and Fungi","floor":32,"turns":4},{"damage":28,"enemies":"IC_MUSHROOM_ARCHETYPE","floor":33,"turns":11},{"damage":41,"enemies":"3 Darklings","floor":36,"turns":4},{"damage":0,"enemies":"downfall:FleeingMerchant","floor":37,"turns":4},{"damage":9,"enemies":"3 Shapes","floor":39,"turns":5},{"damage":0,"enemies":"Maw","floor":40,"turns":6},{"damage":0,"enemies":"downfall:FleeingMerchant","floor":42,"turns":2},{"damage":20,"enemies":"Jaw Worm Horde","floor":43,"turns":6},{"damage":26,"enemies":"4 Shapes","floor":48,"turns":4},{"damage":29,"enemies":"Maw","floor":49,"turns":7},{"damage":40,"enemies":"DF_ARCHETYPE_ORBS","floor":50,"turns":11},{"damage":25,"enemies":"downfall:CharBossMerchant","floor":52,"turns":7},{"damage":23,"enemies":"downfall:NeowBoss","floor":55,"turns":13},{"damage":104,"enemies":"downfall:NeowBossFinal","floor":56,"turns":11}],"seed_played":"3577303899264399317","potions_obtained":[{"floor":5.0,"key":"BlessingOfTheForge"},{"floor":6.0,"key":"SteroidPotion"},{"floor":8.0,"key":"hexamod:SoulburnPotion"},{"floor":12.0,"key":"hexamod:SoulburnPotion"},{"floor":15,"key":"Guardian:BlockOnCardUsePotion"},{"floor":16,"key":"PowerPotion"},{"floor":28,"key":"CultistPotion"},{"floor":32,"key":"FairyPotion"},{"floor":39,"key":"SpeedPotion"}],"is_trial":false,"path_per_floor":["R","M","M","M","M","E","T","E","M","$","?","M","R","M","M","B",null,"R","M","M","?","?","R","T","$","R","?","E","R","M","E","M","B",null,"R","M","?","?","M","M","T","$","M","R","?","$","R","M","M","B",null,"E","$","R","B","B"],"character_chosen":"THE_AUTOMATON","items_purchased":["bronze:ItsAFeature","bronze:DigitalCarnage","Pen Nib","Vajra","bronze:ClassDefault","Oddly Smooth Stone"],"campfire_rested":0,"item_purchase_floors":[10,10,37,42,46,53],"current_hp_per_floor":[77,75,75,75,73,58,58,10,37,44,44,48,48,44,52,22,77,77,69,65,65,72,82,82,82,82,82,86,86,86,76,52,53,87,87,57,64,59,71,87,87,87,81,81,81,81,81,69,54,40,87,69,69,69,60,0,0],"gold":23,"neow_bonus":"TEN_PERCENT_HP_BONUS","is_daily":false,"chose_seed":false,"campfire_upgraded":9,"win_rate":0.0,"timestamp":1611025841,"path_taken":["R","M","M","M","M","E","T","E","?","$","?","?","R","?","M","BOSS","R","M","M","?","?","R","T","$","R","?","E","R","M","E","M","BOSS","R","M","?","?","?","M","T","$","M","R","?","?","R","M","M","BOSS","E","$","R","BOSS","BOSS"],"items_purchased_type":["Card","Card","Relic","Relic","Card","Relic"],"build_version":"2020-12-22","purchased_purges":2,"victory":false,"max_hp_per_floor":[77,77,77,77,77,77,77,77,77,77,77,77,77,77,77,77,77,77,77,77,77,77,87,87,87,87,87,87,87,87,87,87,87,87,87,87,87,87,87,87,87,87,87,87,87,87,87,87,87,87,87,87,87,87,87,87,87],"relic_stats":{"Happy Flower":[34],"counters":[33,198],"Astrolabe":["bronze:HardenedForm","bronze:CutThrough","bronze:Shield"],"Pen Nib":[15],"Cursed Key":0,"obtain_stats":[{"Ice Cream":6,"Lantern":52,"bronze:BronzeCore":0,"downfall:HeartBlessingRed":23,"Happy Flower":28,"Astrolabe":34,"Vajra":42,"Oddly Smooth Stone":53,"downfall:HeartBlessingGreen":35,"Pen Nib":37,"Cursed Key":17,"downfall:HeartBlessingBlue":23,"Meat on the Bone":8},{"Ice Cream":5,"Lantern":31,"bronze:BronzeCore":0,"downfall:HeartBlessingRed":15,"Happy Flower":17,"Astrolabe":21,"Vajra":26,"Oddly Smooth Stone":31,"downfall:HeartBlessingGreen":21,"Pen Nib":23,"Cursed Key":12,"downfall:HeartBlessingBlue":15,"Meat on the Bone":6},{"Ice Cream":31,"Lantern":174,"bronze:BronzeCore":0,"downfall:HeartBlessingRed":85,"Happy Flower":94,"Astrolabe":118,"Vajra":139,"Oddly Smooth Stone":174,"downfall:HeartBlessingGreen":118,"Pen Nib":126,"Cursed Key":71,"downfall:HeartBlessingBlue":85,"Meat on the Bone":38}],"Meat on the Bone":72},"card_choices":[{"not_picked":["bronze:Shield","bronze:FineTuning"],"picked":"bronze:Frontload","floor":2.0},{"not_picked":["bronze:GetLatest","bronze:Allocate"],"picked":"bronze:FineTuning","floor":3.0},{"not_picked":["bronze:CutThrough","bronze:DelayedSlice"],"picked":"bronze:Repair","floor":4.0},{"not_picked":["bronze:GetLatest","bronze:CutThrough","bronze:NullPointer"],"picked":"SKIP","floor":5.0},{"not_picked":["bronze:ShipIt","bronze:Backtrace","bronze:Invalidate"],"picked":"SKIP","floor":6.0},{"not_picked":["bronze:FineTuning","bronze:DelayedGuard"],"picked":"bronze:Repair","floor":8.0},{"not_picked":["bronze:Fortify","bronze:Boost"],"picked":"bronze:ChosenStrike","floor":9.0},{"not_picked":["bronze:Iterate","bronze:Allocate"],"picked":"bronze:Repulsor","floor":10.0},{"not_picked":["bronze:Invalidate","bronze:Branch"],"picked":"bronze:WildBeam","floor":12.0},{"not_picked":["bronze:Overload","bronze:ForceShield","bronze:CutThrough"],"picked":"SKIP","floor":14},{"not_picked":["bronze:ForLoop","bronze:Deprecate"],"picked":"bronze:WhirlingStrike","floor":15},{"not_picked":["bronze:ThunderWave","bronze:ShipIt"],"picked":"bronze:BurnOut","floor":16},{"not_picked":["bronze:DelayedSlice","bronze:WhirlingStrike"],"picked":"bronze:BugBarrage","floor":19},{"not_picked":["bronze:AlphaBuild","bronze:Turbo"],"picked":"bronze:Shield","floor":20},{"not_picked":[],"picked":"bronze:DecaBeam","floor":22},{"not_picked":["bronze:CutThrough","bronze:BitShift+1"],"picked":"bronze:Optimize","floor":22},{"not_picked":["bronze:Turbo","bronze:CloningBeam","bronze:FineTuning"],"picked":"SKIP","floor":25},{"not_picked":["bronze:OilSpill","bronze:FineTuning"],"picked":"bronze:Virus","floor":28},{"not_picked":["bronze:BitShift","bronze:DigitalCarnage"],"picked":"bronze:WildBeam+1","floor":30},{"not_picked":["bronze:BitShift","bronze:NullPointer","bronze:Allocate"],"picked":"SKIP","floor":31},{"not_picked":["bronze:BitShift","bronze:NullPointer"],"picked":"bronze:Allocate","floor":31},{"not_picked":["bronze:WildBeam+1","bronze:FineTuning+1"],"picked":"bronze:DelayedGuard","floor":32},{"not_picked":["bronze:Branch+1","bronze:FineTuning+1"],"picked":"bronze:Fortify","floor":36},{"not_picked":["bronze:BronzeOrb","bronze:CloningBeam+1"],"picked":"bronze:BuggyMess+1","floor":37},{"not_picked":["expansioncontent:PrepareCrush","expansioncontent:LastStand"],"picked":"expansioncontent:Chronoboost","floor":38},{"not_picked":["expansioncontent:PrepareCrush","expansioncontent:PolyBeam"],"picked":"expansioncontent:Hexaburn","floor":38},{"not_picked":["bronze:Invalidate+1","bronze:FineTuning+1","bronze:NullPointer+1"],"picked":"SKIP","floor":39},{"not_picked":["bronze:Overheat","bronze:Safeguard+1"],"picked":"bronze:Deprecate+1","floor":40},{"not_picked":["bronze:BronzeArmor","bronze:WhirlingStrike","bronze:DelayedSlice+1"],"picked":"SKIP","floor":42},{"not_picked":["bronze:DelayedGuard","bronze:WhirlingStrike","bronze:Frontload"],"picked":"SKIP","floor":43},{"not_picked":["bronze:Shield+1","bronze:DelayedSlice+1","bronze:ChildClass"],"picked":"SKIP","floor":48},{"not_picked":["bronze:Branch","bronze:Iterate"],"picked":"bronze:Verify","floor":49},{"not_picked":["bronze:Mutator","bronze:Allocate"],"picked":"bronze:Boost+1","floor":52}],"player_experience":910460,"relics_obtained":[{"floor":6.0,"key":"Ice Cream"},{"floor":8.0,"key":"Meat on the Bone"},{"floor":28,"key":"Happy Flower"},{"floor":52,"key":"Lantern"}],"event_choices":[{"damage_healed":0,"gold_gain":0,"player_choice":"Ignored","damage_taken":0,"max_hp_gain":0,"max_hp_loss":0,"event_name":"Vampires","floor":27,"gold_loss":0},{"damage_healed":0,"gold_gain":0,"player_choice":"Ignored","damage_taken":0,"max_hp_gain":0,"max_hp_loss":0,"event_name":"NoteForYourself","floor":45,"gold_loss":0}],"is_beta":false,"boss_relics":[{"not_picked":["Calling Bell","SlaversCollar"],"picked":"Cursed Key"},{"not_picked":["Fusion Hammer","Snecko Eye"],"picked":"Astrolabe"}],"items_purged_floors":[10,42],"is_endless":false,"potions_floor_spawned":[5,6,8,12,15,16,19,28,30,32,36,39,43,52],"killed_by":"downfall:NeowBossFinal","ascension_level":0}}