{"host":"8i58hvcssdezoe94","time":1611033323,"event":{"mods":["Act Like it!","BaseMod","Colored Map","Conspire","Downfall","Gensokyo","KinomotoSakuraMod(木之本樱)","Marisa（F雨　魔理沙）","Minty Spire (QoL Compilation)","Quick Restart","Remilia（蕾米莉亚）","StSLib","The Animator","The Bug Knight","The Construct","The Cursed","The Hierophant","The Jungle","The Servant 0.9.4"],"gold_per_floor":[116,130,130,130,21,51,367,367,390,425,445,465,491,346,346,346,346],"floor_reached":16,"language":"ZHS","playtime":765,"items_purged":[],"score":110,"play_id":"f85e4806-1c28-4235-b647-1f68ada62ca9","local_time":"20210119131523","is_ascension_mode":false,"campfire_choices":[{"floor":8,"key":"REST"},{"floor":15,"key":"REST"}],"circlet_count":0,"master_deck":["Strike_B","Strike_B+1","Strike_B","Strike_B+1","Defend_B","Defend_B","Defend_B","Defend_B","Zap","Dualcast","Capacitor","Leap","Gensokyo:CrescentMoonSlash","Static Discharge","Undo","Amplify","Rip and Tear","Capacitor+1","Coolheaded","Hologram"],"relics":["Cracked Core","NeowsBlessing","Whetstone","Frozen Egg 2","Bottled Lightning","Dream Catcher","PreservedInsect"],"acts_visited":["Gensokyo:Gensokyo"],"potions_floor_usage":[],"damage_taken":[{"damage":0,"enemies":"Gensokyo:Python","floor":1,"turns":1},{"damage":0,"enemies":"Gensokyo:2_Kodama","floor":2,"turns":1},{"damage":4,"enemies":"Gensokyo:Mamizou","floor":6,"turns":4},{"damage":20,"enemies":"Gensokyo:Gryphon","floor":7,"turns":5},{"damage":29,"enemies":"Gensokyo:Cirno","floor":10,"turns":9},{"damage":8,"enemies":"Gensokyo:CorruptedTreant","floor":11,"turns":3},{"damage":23,"enemies":"Gensokyo:Gryphon_and_Rabbit","floor":12,"turns":5},{"damage":26,"enemies":"Gensokyo:Kokoro","floor":16,"turns":8}],"seed_played":"1178226397976671269","potions_obtained":[{"floor":1,"key":"EssenceOfSteel"},{"floor":2,"key":"PowerPotion"},{"floor":10,"key":"Dexterity Potion"}],"is_trial":false,"path_per_floor":["M","M","?","?","COS","E","M","R","T","E","M","M","T","$","R","B"],"character_chosen":"DEFECT","items_purchased":["PreservedInsect"],"campfire_rested":2,"item_purchase_floors":[14],"current_hp_per_floor":[75,75,64,64,64,60,40,62,62,33,25,2,2,2,24,0,0],"gold":346,"neow_bonus":"THREE_ENEMY_KILL","is_daily":false,"chose_seed":false,"campfire_upgraded":0,"win_rate":0.0,"timestamp":1611033323,"path_taken":["M","M","?","?","COS","E","M","R","T","E","M","M","?","?","R","BOSS"],"items_purchased_type":["Relic"],"build_version":"2020-12-22","purchased_purges":0,"victory":false,"max_hp_per_floor":[75,75,75,75,75,75,75,75,75,75,75,75,75,75,75,75,75],"card_choices":[{"not_picked":["Defragment","Scrape"],"picked":"Capacitor","floor":1},{"not_picked":["Fusion","Chill"],"picked":"Leap","floor":2},{"not_picked":["FTL","Steam"],"picked":"Static Discharge","floor":6},{"not_picked":["Rebound","Static Discharge"],"picked":"Undo","floor":7},{"not_picked":["Reboot","Echo Form"],"picked":"Amplify","floor":10},{"not_picked":["Coolheaded","Force Field"],"picked":"Rip and Tear","floor":10},{"not_picked":["Consume","Chill"],"picked":"Capacitor+1","floor":11},{"not_picked":["Reprogram","Consume"],"picked":"Coolheaded","floor":12},{"not_picked":["Thunder Strike","Beam Cell"],"picked":"Hologram","floor":15}],"player_experience":42140,"relics_obtained":[{"floor":6,"key":"Whetstone"},{"floor":10,"key":"Bottled Lightning"},{"floor":13,"key":"Dream Catcher"}],"event_choices":[],"is_beta":false,"boss_relics":[],"items_purged_floors":[],"is_endless":false,"potions_floor_spawned":[1,2,10,11],"killed_by":"Gensokyo:Kokoro","ascension_level":0}}