{"host":"3a6zts0hl88brd09","time":1611019354,"event":{"mods":["BaseMod","Bestiary","Colored Map","Curses Come First","Downfall","Minty Spire (QoL Compilation)","StSLib"],"gold_per_floor":[99,10,110,122,138,46,46,57,73,73,100,85,110,130,146,250,250,50,50,35,55,40,40,40,75,75,75,103,114,129,148,161,260,260,160,177,177,192,192,205,205,28,57,57,68,68,91,136,166,178,178,178],"floor_reached":50,"language":"ENG","playtime":5627,"items_purged":["Guardian:Defend_Guardian"],"score":642,"play_id":"5389e00a-e7ee-4faa-93c4-78fd338549db","local_time":"20210119012234","is_ascension_mode":false,"campfire_choices":[{"floor":1.0,"key":"RECALL"},{"data":"Guardian:FloatingOrbs","floor":10.0,"key":"SMITH"},{"data":"Guardian:ConstructionForm","floor":18.0,"key":"SMITH"},{"floor":27,"key":"REST"},{"data":"Guardian:DonusPower","floor":35,"key":"SMITH"},{"floor":44,"key":"REST"},{"data":"expansioncontent:DashGenerateEvil","floor":46,"key":"SMITH"}],"circlet_count":0,"master_deck":["Guardian:Strike_Guardian","Guardian:Strike_Guardian","Guardian:Strike_Guardian","Guardian:Strike_Guardian","Guardian:CurlUp","Guardian:TwinSlam","Guardian:VentSteam","Guardian:EvasiveProtocol","Guardian:ArmoredProtocol","Guardian:FloatingOrbs+1","Guardian:Suspension","Guardian:Emergency","Guardian:Incinerate","Guardian:ConstructionForm+1","Guardian:Preprogram","Guardian:DonusPower+1","Guardian:ChargeCore","RitualDagger","Guardian:Gem_Cyan","Guardian:FloatingOrbs","Guardian:ShieldCharger+1","Guardian:Suspension+1","Guardian:Reroute","Guardian:ChargeCore","Guardian:Gem_White","Guardian:TemporalShield+1","Guardian:Gem_Lightblue","Guardian:SpikerProtocol+1","Guardian:TimeCapacitor+1","expansioncontent:DashGenerateEvil+1","Guardian:Repulse+1","Guardian:BronzeOrb+1","Guardian:BronzeArmor+1"],"relics":["Guardian:ModeShifter","Oddly Smooth Stone","Potion Belt","Empty Cage","downfall:HeartBlessingRed","downfall:HeartBlessingGreen","Toxic Egg 2","Guardian:SackOfGems","Bottled Flame","Anchor","SlaversCollar","downfall:HeartBlessingBlue","Darkstone Periapt","Ginger","Smiling Mask","MawBank","Meat on the Bone"],"acts_visited":["Exordium","TheCity","TheBeyond"],"potions_floor_usage":[31,33,40,42,45,48,50,50,50,50],"damage_taken":[{"damage":0.0,"enemies":"downfall:FleeingMerchant","floor":2.0,"turns":4.0},{"damage":1.0,"enemies":"Cultist","floor":4.0,"turns":4.0},{"damage":6.0,"enemies":"Jaw Worm","floor":5.0,"turns":5.0},{"damage":0.0,"enemies":"downfall:FleeingMerchant","floor":6.0,"turns":4.0},{"damage":4.0,"enemies":"Small Slimes","floor":8.0,"turns":6.0},{"damage":6.0,"enemies":"Blue Slaver","floor":9.0,"turns":5.0},{"damage":3.0,"enemies":"Lagavulin","floor":11.0,"turns":8.0},{"damage":0.0,"enemies":"downfall:FleeingMerchant","floor":12.0,"turns":4.0},{"damage":4.0,"enemies":"Lots of Slimes","floor":14.0,"turns":4.0},{"damage":1.0,"enemies":"Exordium Wildlife","floor":15.0,"turns":4.0},{"damage":46.0,"enemies":"WA_ARCHETYPE_RETAIN","floor":16.0,"turns":12.0},{"damage":7.0,"enemies":"downfall:FleeingMerchant","floor":20.0,"turns":4.0},{"damage":3.0,"enemies":"Chosen","floor":21.0,"turns":6.0},{"damage":12.0,"enemies":"downfall:FleeingMerchant","floor":22.0,"turns":4.0},{"damage":16.0,"enemies":"Slavers","floor":25.0,"turns":7.0},{"damage":18,"enemies":"Book of Stabbing","floor":28,"turns":7},{"damage":0,"enemies":"Shell Parasite","floor":29,"turns":5},{"damage":5,"enemies":"Shelled Parasite and Fungi","floor":30,"turns":6},{"damage":0,"enemies":"Snake Plant","floor":31,"turns":5},{"damage":5,"enemies":"3 Cultists","floor":32,"turns":5},{"damage":32,"enemies":"IC_MUSHROOM_ARCHETYPE","floor":33,"turns":7},{"damage":0,"enemies":"Orb Walker","floor":36,"turns":3},{"damage":27,"enemies":"3 Darklings","floor":38,"turns":5},{"damage":0,"enemies":"Maw","floor":40,"turns":7},{"damage":13,"enemies":"downfall:FleeingMerchant","floor":42,"turns":3},{"damage":0,"enemies":"Giant Head","floor":43,"turns":7},{"damage":4,"enemies":"Jaw Worm Horde","floor":45,"turns":6},{"damage":37,"enemies":"Reptomancer","floor":48,"turns":8},{"damage":10,"enemies":"Sphere and 2 Shapes","floor":49,"turns":6},{"damage":76,"enemies":"SI_POISON_ARCHETYPE","floor":50,"turns":6}],"seed_played":"4063923637325441756","potions_obtained":[{"floor":4.0,"key":"Guardian:DefensiveModePotion"},{"floor":8.0,"key":"Guardian:BlockOnCardUsePotion"},{"floor":9.0,"key":"Guardian:AcceleratePotion"},{"floor":14.0,"key":"Fire Potion"},{"floor":15.0,"key":"Guardian:StasisDiscoveryPotion"},{"floor":28,"key":"champ:CounterPotion"},{"floor":30,"key":"Swift Potion"},{"floor":31,"key":"SteroidPotion"},{"floor":33,"key":"SmokeBomb"},{"floor":38,"key":"CultistPotion"},{"floor":43,"key":"PowerPotion"},{"floor":45,"key":"Regen Potion"},{"floor":49,"key":"Block Potion"}],"is_trial":false,"path_per_floor":["R","$","?","M","M","$","T","M","M","R","E","$","T","M","M","B",null,"R","?","$","M","$","?","T","E","T","R","E","M","M","M","M","B",null,"R","M","?","M","?","M","T","$","E","R","M","R","?","E","M","B"],"character_chosen":"GUARDIAN","items_purchased":["Guardian:EvasiveProtocol","Guardian:FloatingOrbs","expansioncontent:DashGenerateEvil","Ginger"],"campfire_rested":2,"item_purchase_floors":[2,6,42,42],"current_hp_per_floor":[88,88,88,87,81,81,81,77,71,71,68,68,68,64,63,17,88,88,88,81,78,66,60,60,44,44,70,52,52,47,47,42,10,88,98,98,98,71,71,71,71,58,58,87,83,83,83,58,60,0,0,0],"gold":178,"neow_bonus":"TEN_PERCENT_HP_BONUS","is_daily":false,"chose_seed":false,"campfire_upgraded":4,"win_rate":0.0,"timestamp":1611019354,"path_taken":["R","?","?","?","?","?","T","M","M","R","E","$","?","M","M","BOSS","R","?","?","M","$","?","T","E","?","R","E","?","M","?","M","BOSS","R","M","?","M","?","?","T","?","E","R","M","R","?","E","M","BOSS"],"items_purchased_type":["Card","Card","Card","Relic"],"build_version":"2020-12-22","purchased_purges":1,"victory":false,"max_hp_per_floor":[88,88,88,88,88,88,88,88,88,88,88,88,88,88,88,88,88,88,88,88,88,88,88,88,88,88,88,88,88,88,88,88,88,88,98,98,98,98,98,98,98,98,98,98,98,98,98,98,98,98,98,98],"card_choices":[{"not_picked":["Guardian:PrismaticBarrier","Guardian:RollAttack"],"picked":"Guardian:VentSteam","floor":2.0},{"not_picked":["Guardian:GuardianWhirl","Guardian:BodySlam"],"picked":"Guardian:Gem_Cyan","floor":4.0},{"not_picked":["Guardian:Gem_Green","Guardian:Emergency"],"picked":"Guardian:ArmoredProtocol","floor":5.0},{"not_picked":["Guardian:PrismaticBarrier","Guardian:TemporalStrike"],"picked":"Guardian:Gem_Yellow","floor":6.0},{"not_picked":["Guardian:Gem_Green","Guardian:CrystalBeam"],"picked":"Guardian:Gem_Crimson","floor":8.0},{"not_picked":["Guardian:Gem_Fragmented","Guardian:ArmoredProtocol"],"picked":"Guardian:Suspension","floor":9.0},{"not_picked":["Guardian:FastForward","Guardian:Incinerate"],"picked":"Guardian:Emergency","floor":11.0},{"not_picked":["Guardian:FastForward","Guardian:PrimingBeam"],"picked":"Guardian:Gem_Lightblue","floor":12.0},{"not_picked":["Guardian:VentSteam","Guardian:Recover"],"picked":"Guardian:Gem_Red","floor":14.0},{"not_picked":["Guardian:Recover","Guardian:Gem_Yellow"],"picked":"Guardian:Incinerate","floor":15.0},{"not_picked":["Guardian:FastForward","Guardian:HyperBeam_Guardian"],"picked":"Guardian:ConstructionForm","floor":16.0},{"not_picked":["Guardian:Incinerate","Guardian:TimeCapacitor"],"picked":"Guardian:Preprogram","floor":20.0},{"not_picked":["Guardian:RefractedBeam+1","Guardian:Reroute"],"picked":"Guardian:DonusPower","floor":21.0},{"not_picked":["Guardian:Repulse","Guardian:Gem_Yellow"],"picked":"Guardian:ChargeCore","floor":22.0},{"not_picked":["Guardian:Planning+1","Guardian:Gem_Lightblue"],"picked":"Guardian:FloatingOrbs","floor":25.0},{"not_picked":["Guardian:HyperBeam_Guardian","Guardian:Gem_Cyan"],"picked":"Guardian:ShieldCharger+1","floor":28},{"not_picked":["Guardian:Gem_Green","Guardian:Gem_Crimson"],"picked":"Guardian:Suspension+1","floor":29},{"not_picked":["Guardian:TemporalStrike+1","Guardian:Gem_Fragmented"],"picked":"Guardian:Reroute","floor":30},{"not_picked":["Guardian:CrystalBeam+1","Guardian:Gem_Cyan","Guardian:PiercingHide+1"],"picked":"SKIP","floor":31},{"not_picked":["Guardian:ConstructionForm","Guardian:Gem_Blue"],"picked":"Guardian:ChargeCore","floor":32},{"not_picked":["Guardian:ExploitGems+1","Guardian:TimeSifter"],"picked":"Guardian:Gem_Orange","floor":33},{"not_picked":["Guardian:Harden+1","Guardian:Gem_Blue"],"picked":"Guardian:Gem_White","floor":36},{"not_picked":["Guardian:Gem_Yellow","Guardian:VentSteam+1"],"picked":"Guardian:TemporalShield+1","floor":38},{"not_picked":["Guardian:Gem_White","Guardian:PiercingHide+1"],"picked":"Guardian:SpikerProtocol+1","floor":40},{"not_picked":["Guardian:PiercingHide+1","Guardian:Emergency+1"],"picked":"Guardian:TimeCapacitor+1","floor":42},{"not_picked":["Guardian:FastForward+1","Guardian:Gem_Lightblue"],"picked":"Guardian:Repulse+1","floor":43},{"not_picked":["Guardian:TemporalShield+1","Guardian:ShieldSpikes+1"],"picked":"Guardian:BronzeOrb+1","floor":45},{"not_picked":["Guardian:VentSteam+1","Guardian:DonusPower+1","Guardian:Repulse+1"],"picked":"SKIP","floor":48},{"not_picked":["Guardian:TemporalStrike","Guardian:CrystalBeam"],"picked":"Guardian:BronzeArmor+1","floor":49}],"player_experience":420464,"relics_obtained":[{"floor":11.0,"key":"Oddly Smooth Stone"},{"floor":13.0,"key":"Potion Belt"},{"floor":24.0,"key":"Toxic Egg 2"},{"floor":25.0,"key":"Guardian:SackOfGems"},{"floor":26,"key":"Bottled Flame"},{"floor":28,"key":"Anchor"},{"floor":41,"key":"Darkstone Periapt"},{"floor":43,"key":"Smiling Mask"},{"floor":47,"key":"MawBank"},{"floor":48,"key":"Meat on the Bone"}],"event_choices":[{"damage_healed":0.0,"max_hp_gain":0.0,"max_hp_loss":0.0,"gold_gain":0.0,"event_name":"Ghosts","player_choice":"Ignored","floor":19.0,"gold_loss":0.0,"damage_taken":0.0}],"is_beta":false,"boss_relics":[{"not_picked":["Tiny House","Velvet Choker"],"picked":"Empty Cage"},{"not_picked":["Cursed Key","Guardian:StasisSlotReductionRelic"],"picked":"SlaversCollar"}],"items_purged_floors":[42],"is_endless":false,"potions_floor_spawned":[4,8,9,14,15,28,30,31,33,38,43,45,49],"killed_by":"SI_POISON_ARCHETYPE","ascension_level":0}}