{"host":"u9xtr94typ21duox","time":1611021126,"event":{"mods":["BaseMod","Key Reminder","KinomotoSakuraMod(ƒæ÷Æ±æ”£)","LagranYue(¿≠∏Ò¿ °§‘¬)","Marisa£®ÏF”Í°°ƒß¿Ì…≥£©","Minty Spire (QoL Compilation)","Reimu£®≤©¿ˆ¡È√Œ£©","Replay The Spire","StSLib","Td1madao Mod","The Administrix","The Bladedancer","The Bug Knight","The Construct","The Cursed","The Gatherer","The Runesmith","The Servant 0.9.4","WarShipGirlsR/’ΩΩ¢…Ÿ≈ÆR mod","Youmu£®ªÍ∆«—˝√Œ£©","vexMod"],"gold_per_floor":[116,116,129,54,54,87,87,122,122,83,99,109,127,127,87,216,216,236,236,254,254,254,270,148,182,182,182,207,226,226,259,259,378,378,397,416,416,431,306,341,341,341,341,380,399,422,19,58,58,58,58,58,7,51,51,51],"floor_reached":55,"language":"ZHS","playtime":3780,"items_purged":["Pain","Strike_R","Defend_R"],"score":1018,"play_id":"06a68b6f-1ffe-4d1e-940d-fa311a18d76c","local_time":"20210119095206","is_ascension_mode":true,"campfire_choices":[{"data":"Armaments","floor":7,"key":"SMITH"},{"data":"Hemogenesis","floor":27,"key":"SMITH"},{"data":"Metallicize","floor":30,"key":"SMITH"},{"floor":32,"key":"RECALL"},{"data":"Hemogenesis","floor":41,"key":"SMITH"},{"data":"Bash","floor":49,"key":"SMITH"},{"data":"Bloodletting","floor":52,"key":"SMITH"}],"circlet_count":0,"master_deck":["Strike_R","Strike_R","Defend_R","Defend_R","Bash+1","Armaments+1","Hemokinesis","Bloodletting+1","Shrug It Off","Hemogenesis+1","Blood for Blood","Metallicize+1","Hemogenesis+1","Pommel Strike+1","Life Link+1","ReplayTheSpireMod:Muscle Training+1"],"relics":["Burning Blood","LagranYue:RandomDrawCardRelic","NeowsBlessing","WarpedTongs","Replay:Ringing Soul","RuthlessExorcism:ReiMu","Pear","Golden Idol","PaintedHorse:ReiMu","Electric Blood","ReplayTheSpireMod:Lightbulb","Paper Frog","HollowMod:LifeEnderRelic","construct:ClawGrip","Bag of Preparation","Darkstone Periapt","Replay:Bottled Flurry","LagranYue:MagicReflectiveArmorRelic","InkBottle","Bottled Tornado","CrazyTorch:ReiMu"],"acts_visited":["Exordium","TheCity","TheBeyond","TheEnding"],"potions_floor_usage":[25,55,55,55],"damage_taken":[{"damage":0,"enemies":"Small Slimes","floor":1,"turns":1},{"damage":0,"enemies":"Cultist","floor":3,"turns":1},{"damage":0,"enemies":"3 Sentries","floor":6,"turns":2},{"damage":14,"enemies":"Lagavulin","floor":8,"turns":10},{"damage":0,"enemies":"2 Louse","floor":11,"turns":2},{"damage":5,"enemies":"Exordium Thugs","floor":12,"turns":3},{"damage":16,"enemies":"Gremlin Gang","floor":13,"turns":4},{"damage":49,"enemies":"Hexaghost","floor":16,"turns":11},{"damage":26,"enemies":"Chosen","floor":18,"turns":6},{"damage":22,"enemies":"Snecko","floor":20,"turns":5},{"damage":23,"enemies":"Sentry and Sphere","floor":23,"turns":6},{"damage":40,"enemies":"Book of Stabbing","floor":25,"turns":9},{"damage":16,"enemies":"Chosen and Byrds","floor":28,"turns":4},{"damage":16,"enemies":"Snecko","floor":29,"turns":4},{"damage":25,"enemies":"Slavers","floor":31,"turns":5},{"damage":82,"enemies":"Collector","floor":33,"turns":9},{"damage":15,"enemies":"3 Shapes","floor":35,"turns":4},{"damage":13,"enemies":"Orb Walker","floor":36,"turns":3},{"damage":28,"enemies":"Spire Growth","floor":38,"turns":4},{"damage":37,"enemies":"R_Hoarder","floor":40,"turns":5},{"damage":22,"enemies":"Reptomancer","floor":44,"turns":3},{"damage":16,"enemies":"Jaw Worm Horde","floor":45,"turns":3},{"damage":31,"enemies":"4 Shapes","floor":46,"turns":2},{"damage":21,"enemies":"Giant Head","floor":48,"turns":4},{"damage":76,"enemies":"Time Eater","floor":50,"turns":7},{"damage":52,"enemies":"Shield and Spear","floor":54,"turns":4},{"damage":135,"enemies":"The Heart","floor":55,"turns":5}],"seed_played":"368659886600775012","potions_obtained":[{"floor":11,"key":"Block Potion"},{"floor":12,"key":"LiquidBronze"},{"floor":13,"key":"BlessingOfTheForge"},{"floor":25,"key":"Explosive Potion"},{"floor":36,"key":"Death Potion"},{"floor":44,"key":"Flashbang"}],"is_trial":false,"path_per_floor":["M","?","M","$","?","E","R","E","T","$","M","M","M","?","R","B",null,"M","?","M","?","?","M","$","E","T","R","M","M","R","E","R","B",null,"M","M","?","M","$","E","R","?","T","E","M","M","$","E","R","B",null,"R","$","E","B"],"character_chosen":"IRONCLAD","items_purchased":["Bloodletting","Shrug It Off","LagranYue:MagicReflectiveArmorRelic","InkBottle","Dexterity Potion"],"campfire_rested":0,"item_purchase_floors":[10,24,47,47,53],"current_hp_per_floor":[80,80,80,80,80,80,80,75,85,88,94,98,88,64,64,24,102,97,97,103,106,106,108,111,98,98,98,108,111,111,104,104,105,114,117,118,130,130,130,110,110,110,110,130,133,133,133,133,133,133,133,133,133,133,0,0],"gold":51,"neow_bonus":"THREE_ENEMY_KILL","is_daily":false,"chose_seed":false,"campfire_upgraded":6,"win_rate":0.0,"timestamp":1611021126,"path_taken":["M","?","?","$","?","E","R","E","T","?","?","M","M","?","R","BOSS","M","?","M","?","?","M","$","E","T","R","?","M","R","E","R","BOSS","M","M","?","M","?","E","R","?","T","E","M","?","$","E","R","BOSS","R","$","E","BOSS"],"items_purchased_type":["Card","Card","Relic","Relic","Potion"],"build_version":"2020-12-22","purchased_purges":3,"victory":false,"max_hp_per_floor":[80,80,80,80,80,80,80,83,93,96,96,99,99,99,99,102,102,102,102,105,108,108,108,111,111,111,111,111,111,111,111,111,114,114,117,120,130,130,130,130,130,130,130,130,133,133,133,133,133,133,133,133,133,133,133,133],"card_choices":[{"not_picked":["Pommel Strike","Havoc"],"picked":"Armaments","floor":1},{"not_picked":["Anger","Replay:Undeath\u0027s Touch","Headbutt"],"picked":"SKIP","floor":3},{"not_picked":["Wild Strike","True Grit","Warcry"],"picked":"SKIP","floor":6},{"not_picked":["ReplayTheSpireMod:Limb From Limb","Carnage"],"picked":"Hemokinesis","floor":8},{"not_picked":["Armaments","Anger","True Grit"],"picked":"SKIP","floor":11},{"not_picked":["ReplayTheSpireMod:Stacked","ReplayTheSpireMod:Strike From Hell"],"picked":"Shrug It Off","floor":12},{"not_picked":["Metallicize","Iron Wave","Abandon"],"picked":"SKIP","floor":13},{"not_picked":["Feed","Immolate"],"picked":"Hemogenesis","floor":16},{"not_picked":["Sword Boomerang","Second Wind","Body Slam+1"],"picked":"SKIP","floor":18},{"not_picked":["Heavy Blade","Dropkick"],"picked":"Blood for Blood","floor":20},{"not_picked":["ReplayTheSpireMod:Stacked","Run Through+1","ReplayReversal"],"picked":"SKIP","floor":23},{"not_picked":["Limit Break","Perfected Strike+1","Replay:Undeath\u0027s Touch"],"picked":"SKIP","floor":25},{"not_picked":["Pommel Strike","Metallicize","ReplayTheSpireMod:Corrosion Curse"],"picked":"SKIP","floor":28},{"not_picked":["ReplayTheSpireMod:Corrosion Curse","Infernal Blade","Flex"],"picked":"SKIP","floor":29},{"not_picked":["Cleave+1","Clash","Headbutt"],"picked":"SKIP","floor":31},{"not_picked":["Fiend Fire","Reaper"],"picked":"Hemogenesis","floor":33},{"not_picked":["Rage","ReplayTheSpireMod:Strike From Hell+1"],"picked":"Pommel Strike+1","floor":35},{"not_picked":["Twin Strike+1","Bloodletting"],"picked":"Life Link+1","floor":36},{"not_picked":["Pummel","Twin Strike","Heavy Blade"],"picked":"SKIP","floor":38},{"not_picked":["Cleave+1","Perfected Strike","Replay:Undeath\u0027s Touch+1"],"picked":"SKIP","floor":40},{"not_picked":["Perfected Strike+1","True Grit+1","Clothesline+1"],"picked":"SKIP","floor":44},{"not_picked":["Barricade","Reckless Charge+1"],"picked":"ReplayTheSpireMod:Muscle Training+1","floor":45},{"not_picked":["Cleave","Power Through","Whirlwind"],"picked":"SKIP","floor":46},{"not_picked":["Replay:Undeath\u0027s Touch","Metallicize","Bludgeon"],"picked":"SKIP","floor":48},{"not_picked":["Wild Strike","Entrench","Body Slam+1"],"picked":"SKIP","floor":54}],"player_experience":314818,"relics_obtained":[{"floor":6,"key":"Replay:Ringing Soul"},{"floor":8,"key":"RuthlessExorcism:ReiMu"},{"floor":9,"key":"Pear"},{"floor":25,"key":"ReplayTheSpireMod:Lightbulb"},{"floor":26,"key":"Paper Frog"},{"floor":31,"key":"HollowMod:LifeEnderRelic"},{"floor":40,"key":"Bag of Preparation"},{"floor":44,"key":"Replay:Bottled Flurry"},{"floor":48,"key":"Bottled Tornado"},{"floor":54,"key":"CrazyTorch:ReiMu"}],"event_choices":[{"damage_healed":0,"gold_gain":0,"player_choice":"Rummage","damage_taken":0,"relics_obtained":["WarpedTongs"],"max_hp_gain":0,"max_hp_loss":0,"event_name":"Accursed Blacksmith","floor":2,"gold_loss":0,"cards_obtained":["Pain"]},{"cards_removed":["Strike_R"],"damage_healed":0,"gold_gain":0,"player_choice":"Purged","damage_taken":0,"max_hp_gain":0,"max_hp_loss":0,"event_name":"Purifier","floor":5,"gold_loss":0},{"damage_healed":0,"gold_gain":0,"player_choice":"Take Damage","damage_taken":24,"relics_obtained":["Golden Idol"],"max_hp_gain":0,"max_hp_loss":0,"event_name":"Golden Idol","floor":14,"gold_loss":0},{"damage_healed":0,"gold_gain":0,"player_choice":"»˚«Æ","damage_taken":0,"relics_obtained":["PaintedHorse:ReiMu"],"max_hp_gain":0,"max_hp_loss":0,"event_name":"yidonshenshe","floor":15,"gold_loss":40},{"damage_healed":0,"gold_gain":0,"player_choice":"Ignored","damage_taken":0,"max_hp_gain":0,"max_hp_loss":0,"event_name":"Ghosts","floor":19,"gold_loss":0},{"damage_healed":0,"gold_gain":0,"cards_transformed":["Strike_R","Defend_R"],"player_choice":"Became Test Subject","damage_taken":0,"max_hp_gain":0,"max_hp_loss":0,"event_name":"Drug Dealer","floor":21,"gold_loss":0,"cards_obtained":["Metallicize","Impervious"]},{"damage_healed":0,"gold_gain":0,"player_choice":"Ignored","damage_taken":0,"max_hp_gain":0,"max_hp_loss":0,"event_name":"N\u0027loth","floor":22,"gold_loss":0},{"cards_removed":["Impervious"],"damage_healed":2,"gold_gain":0,"player_choice":"Offered Rare","damage_taken":0,"max_hp_gain":10,"max_hp_loss":0,"event_name":"Bonfire Elementals","floor":37,"gold_loss":0},{"cards_removed":["Shrug It Off"],"damage_healed":0,"gold_gain":0,"player_choice":"Gave Card","damage_taken":0,"relics_obtained":["Darkstone Periapt"],"max_hp_gain":0,"max_hp_loss":0,"event_name":"WeMeetAgain","floor":42,"gold_loss":0}],"is_beta":false,"boss_relics":[{"not_picked":["Runic Pyramid","vexMod:DeviousBotling"],"picked":"Electric Blood"},{"not_picked":["Runic Dome","Cursed Key"],"picked":"construct:ClawGrip"}],"items_purged_floors":[4,24,39],"is_endless":false,"potions_floor_spawned":[11,12,13,25,29,33,36,38,44,45,54],"killed_by":"The Heart","ascension_level":2}}