{"host":"z4nt7tdd4gjrinn7","time":1611019199,"event":{"mods":["100% Spire Juice","BaseMod","Minty Spire (QoL Compilation)","StSLib"],"gold_per_floor":[109,109,109,33,54,54,84,104,104,104,124,163,190,258,258,381,381,395,9,29,29,48,48,67,67,93,93,108,132,132,96,96,219,219,233,233,246,267,267,267,120,120,120,120,20,20,51,114,114,114,114],"floor_reached":50,"language":"ENG","playtime":3337,"items_purged":[],"score":541,"play_id":"f96d74d0-935c-4af7-bd42-b686b9d1bb1e","local_time":"20210118201959","is_ascension_mode":false,"campfire_choices":[{"floor":6,"key":"REST"},{"data":"All Out Attack","floor":10,"key":"SMITH"},{"floor":15,"key":"REST"},{"floor":23,"key":"REST"},{"floor":32,"key":"REST"},{"floor":40,"key":"REST"},{"data":"Mind Blast","floor":42,"key":"SMITH"},{"data":"Phantasmal Killer","floor":44,"key":"SMITH"},{"data":"Infinite Blades","floor":46,"key":"SMITH"},{"floor":49,"key":"REST"}],"circlet_count":0,"master_deck":["Strike_G","Strike_G","Strike_G","Strike_G","Strike_G","Defend_G","Defend_G","Defend_G","Defend_G","Survivor","Poisoned Stab+1","Adrenaline","All Out Attack+1","All Out Attack","Phantasmal Killer+1","Deadly Poison","After Image","Masterful Stab+1","Envenom+1","Poisoned Stab+1","Bane+1","Deflect","Flying Knee","Blur","Blur","Distraction","Bouncing Flask","Malaise","Underhanded Strike+1","Dodge and Roll+1","PiercingWail+1","Mind Blast+1","PiercingWail","Infinite Blades+1","Bouncing Flask+1"],"relics":["Ring of the Snake","Golden Idol","Odd Mushroom","Boot","Lizard Tail","Oddly Smooth Stone","Astrolabe","Eternal Feather","Ancient Tea Set","Nunchaku","MutagenicStrength","SacredBark","Bronze Scales","Singing Bowl","FossilizedHelix","Mango"],"acts_visited":["Exordium","TheCity","TheBeyond"],"potions_floor_usage":[7,16,16,16,22,28,28,35,38,47,47,48,50],"damage_taken":[{"damage":0,"enemies":"Small Slimes","floor":1,"turns":4},{"damage":0,"enemies":"2 Louse","floor":5,"turns":2},{"damage":0,"enemies":"The Mushroom Lair","floor":7,"turns":3},{"damage":0,"enemies":"Jaw Worm","floor":8,"turns":2},{"damage":0,"enemies":"Lots of Slimes","floor":11,"turns":1},{"damage":31,"enemies":"Lagavulin","floor":12,"turns":4},{"damage":28,"enemies":"Hexaghost","floor":16,"turns":9},{"damage":6,"enemies":"Shell Parasite","floor":18,"turns":4},{"damage":4,"enemies":"Chosen","floor":20,"turns":3},{"damage":37,"enemies":"Centurion and Healer","floor":22,"turns":5},{"damage":17,"enemies":"Shelled Parasite and Fungi","floor":24,"turns":3},{"damage":10,"enemies":"3 Cultists","floor":28,"turns":4},{"damage":17,"enemies":"Snake Plant","floor":29,"turns":4},{"damage":111,"enemies":"Automaton","floor":33,"turns":11},{"damage":12,"enemies":"3 Darklings","floor":35,"turns":4},{"damage":3,"enemies":"3 Shapes","floor":37,"turns":3},{"damage":23,"enemies":"Jaw Worm Horde","floor":38,"turns":4},{"damage":12,"enemies":"Giant Head","floor":47,"turns":7},{"damage":18,"enemies":"Mind Bloom Boss Battle","floor":48,"turns":6},{"damage":97,"enemies":"Awakened One","floor":50,"turns":15}],"seed_played":"-7958066492374657461","potions_obtained":[{"floor":0,"key":"Poison Potion"},{"floor":0,"key":"Fire Potion"},{"floor":0,"key":"SpeedPotion"},{"floor":7,"key":"FearPotion"},{"floor":16,"key":"DuplicationPotion"},{"floor":20,"key":"CunningPotion"},{"floor":22,"key":"FearPotion"},{"floor":33,"key":"AttackPotion"},{"floor":36,"key":"LiquidMemories"},{"floor":36,"key":"SmokeBomb"},{"floor":36,"key":"DistilledChaos"},{"floor":37,"key":"ColorlessPotion"},{"floor":47,"key":"EssenceOfSteel"},{"floor":48,"key":"Dexterity Potion"}],"is_trial":false,"path_per_floor":["M","?","?","$","M","R","?","M","T","R","M","E","T","?","R","B",null,"M","$","M","?","M","R","M","?","T","?","M","M","?","$","R","B",null,"M","?","M","M","?","R","$","R","T","R","$","R","E","?","R","B"],"character_chosen":"THE_SILENT","items_purchased":["Adrenaline","Eternal Feather","Ancient Tea Set","Bouncing Flask","Bronze Scales","PiercingWail","Infinite Blades"],"campfire_rested":6,"item_purchase_floors":[4,19,19,31,41,45,45],"current_hp_per_floor":[70,53,53,53,53,70,70,70,70,70,70,39,39,39,60,32,70,64,64,60,60,23,56,39,62,62,62,52,35,35,35,70,5,70,58,58,55,32,32,70,70,70,70,70,70,70,60,56,86,0,0],"gold":114,"neow_bonus":"THREE_SMALL_POTIONS","is_daily":false,"chose_seed":false,"campfire_upgraded":4,"win_rate":0.0,"timestamp":1611019199,"path_taken":["M","?","?","$","M","R","?","M","T","R","M","E","?","?","R","BOSS","M","$","M","?","?","R","M","?","T","?","M","M","?","$","R","BOSS","M","?","?","M","?","R","?","R","T","R","$","R","E","?","R","BOSS"],"items_purchased_type":["Card","Relic","Relic","Card","Relic","Card","Card"],"build_version":"2020-12-22","purchased_purges":0,"victory":false,"max_hp_per_floor":[70,70,70,70,70,70,70,70,70,70,70,70,70,70,70,70,70,70,70,70,70,70,70,70,70,70,70,70,70,70,70,70,70,70,70,70,70,70,70,70,70,70,70,70,70,70,72,86,86,86,86],"card_choices":[{"not_picked":["Underhanded Strike","Dash"],"picked":"Poisoned Stab","floor":1},{"not_picked":["Expertise","Sucker Punch"],"picked":"All Out Attack","floor":5},{"not_picked":["Slice","Dodge and Roll"],"picked":"All Out Attack","floor":7},{"not_picked":["Outmaneuver","Deadly Poison"],"picked":"Phantasmal Killer","floor":8},{"not_picked":["Prepared","Quick Slash"],"picked":"Deadly Poison","floor":11},{"not_picked":["Acrobatics","Eviscerate"],"picked":"Distraction","floor":12},{"not_picked":["Night Terror","Tools of the Trade"],"picked":"After Image","floor":16},{"not_picked":["Deflect","Prepared"],"picked":"Bane+1","floor":18},{"not_picked":["Flechettes","Dagger Throw"],"picked":"Deflect","floor":20},{"not_picked":["Dagger Spray","Dagger Throw"],"picked":"Flying Knee","floor":22},{"not_picked":["Backflip","Prepared"],"picked":"Blur","floor":24},{"not_picked":["Dagger Spray","Footwork"],"picked":"Blur","floor":28},{"not_picked":["Acrobatics","Glass Knife"],"picked":"Distraction","floor":29},{"not_picked":["Glass Knife","Wraith Form v2"],"picked":"Malaise","floor":33},{"not_picked":["Quick Slash","Backflip+1"],"picked":"Underhanded Strike+1","floor":35},{"not_picked":["Backflip","Envenom"],"picked":"Dodge and Roll+1","floor":37},{"not_picked":["Caltrops","Dodge and Roll"],"picked":"PiercingWail+1","floor":38},{"not_picked":["Violence","Enlightenment"],"picked":"Mind Blast","floor":39},{"not_picked":["Bouncing Flask","Backflip+1","Eviscerate+1"],"picked":"Singing Bowl","floor":47},{"not_picked":["Quick Slash","Prepared"],"picked":"Bouncing Flask+1","floor":48}],"player_experience":101757,"relics_obtained":[{"floor":7,"key":"Odd Mushroom"},{"floor":9,"key":"Boot"},{"floor":12,"key":"Lizard Tail"},{"floor":13,"key":"Oddly Smooth Stone"},{"floor":26,"key":"Nunchaku"},{"floor":43,"key":"Singing Bowl"},{"floor":47,"key":"FossilizedHelix"},{"floor":48,"key":"Mango"}],"event_choices":[{"damage_healed":0,"gold_gain":0,"player_choice":"Take Damage","damage_taken":17,"relics_obtained":["Golden Idol"],"max_hp_gain":0,"max_hp_loss":0,"event_name":"Golden Idol","floor":2,"gold_loss":0},{"damage_healed":0,"gold_gain":0,"player_choice":"Grow","damage_taken":0,"max_hp_gain":0,"max_hp_loss":0,"event_name":"Living Wall","floor":3,"gold_loss":0,"cards_upgraded":["Poisoned Stab"]},{"damage_healed":0,"gold_gain":0,"player_choice":"Fought Mushrooms","damage_taken":0,"max_hp_gain":0,"max_hp_loss":0,"event_name":"Mushrooms","floor":7,"gold_loss":0},{"damage_healed":0,"gold_gain":68,"player_choice":"Gained Gold","damage_taken":0,"max_hp_gain":0,"max_hp_loss":0,"event_name":"Golden Wing","floor":14,"gold_loss":0},{"damage_healed":0,"gold_gain":0,"player_choice":"Ignored","damage_taken":0,"max_hp_gain":0,"max_hp_loss":0,"event_name":"NoteForYourself","floor":21,"gold_loss":0},{"damage_healed":23,"gold_gain":0,"player_choice":"Heal","damage_taken":0,"max_hp_gain":0,"max_hp_loss":0,"event_name":"The Library","floor":25,"gold_loss":0},{"damage_healed":0,"gold_gain":0,"player_choice":"Inject Mutagens","damage_taken":0,"relics_obtained":["MutagenicStrength"],"max_hp_gain":0,"max_hp_loss":0,"event_name":"Drug Dealer","floor":27,"gold_loss":0},{"damage_healed":0,"gold_gain":0,"player_choice":"Ignored","damage_taken":0,"max_hp_gain":0,"max_hp_loss":0,"event_name":"Ghosts","floor":30,"gold_loss":0},{"damage_healed":0,"gold_gain":0,"player_choice":"Got Potions","damage_taken":0,"max_hp_gain":0,"max_hp_loss":0,"event_name":"Lab","floor":36,"gold_loss":0},{"damage_healed":0,"gold_gain":0,"player_choice":"Memory 1","damage_taken":0,"max_hp_gain":0,"max_hp_loss":0,"event_name":"SensoryStone","floor":39,"gold_loss":0},{"damage_healed":0,"gold_gain":0,"player_choice":"Fight","damage_taken":0,"max_hp_gain":0,"max_hp_loss":0,"event_name":"MindBloom","floor":48,"gold_loss":0}],"is_beta":false,"boss_relics":[{"not_picked":["Runic Dome","Empty Cage"],"picked":"Astrolabe"},{"not_picked":["Fusion Hammer","Runic Pyramid"],"picked":"SacredBark"}],"items_purged_floors":[],"is_endless":false,"potions_floor_spawned":[1,7,8,16,20,22,33,37,47,48],"killed_by":"Awakened One","ascension_level":0}}