{"host":"tq99ucv8ezzqzioe","time":1611093639,"event":{"mods":["BaseMod","Colored Map","Downfall","Highlight Path","Minty Spire (QoL Compilation)","StSLib"],"gold_per_floor":[99,111,121,133,3,3,3,3,3,3],"floor_reached":8,"language":"ENG","playtime":777,"items_purged":["bronze:Strike"],"score":46,"play_id":"53163115-508e-423c-8f2f-4d85256c67ea","local_time":"20210119170039","is_ascension_mode":false,"campfire_choices":[{"floor":1,"key":"RECALL"}],"circlet_count":0,"master_deck":["bronze:Strike","bronze:Defend","bronze:Defend","bronze:Defend","bronze:Defend","bronze:Replicate","bronze:Goto","downfall:Haunted","bronze:FineTuning","bronze:Mutator","bronze:BugBarrage","bronze:BugBarrage","bronze:BitShift","bronze:Boost","bronze:Flail","bronze:Spike","bronze:DazingPulse","bronze:Explode","bronze:Optimize"],"relics":["bronze:BronzeCore"],"acts_visited":["Exordium"],"potions_floor_usage":[8,8],"damage_taken":[{"damage":3,"enemies":"Cultist","floor":2,"turns":5},{"damage":5,"enemies":"Small Slimes","floor":3,"turns":4},{"damage":1,"enemies":"2 Louse","floor":4,"turns":2},{"damage":0,"enemies":"downfall:FleeingMerchant","floor":5,"turns":4},{"damage":45,"enemies":"downfall:FleeingMerchant","floor":6,"turns":5},{"damage":22,"enemies":"Lagavulin","floor":8,"turns":6}],"seed_played":"-8638689469453913497","potions_obtained":[{"floor":4,"key":"LiquidMemories"},{"floor":6,"key":"ColorlessPotion"}],"is_trial":false,"path_per_floor":["R","M","M","M","$","?","T","E"],"character_chosen":"THE_AUTOMATON","items_purchased":["bronze:Flail"],"campfire_rested":0,"item_purchase_floors":[5],"current_hp_per_floor":[70,67,62,61,61,16,16,0,0,0],"gold":3,"neow_bonus":"TRANSFORM_TWO_CARDS","is_daily":false,"chose_seed":false,"campfire_upgraded":0,"win_rate":0.0,"timestamp":1611093639,"path_taken":["R","M","M","M","?","?","T","E"],"items_purchased_type":["Card"],"build_version":"2020-12-22","purchased_purges":1,"victory":false,"max_hp_per_floor":[70,70,70,70,70,70,70,70,70,70],"card_choices":[{"not_picked":["bronze:Invalidate","bronze:DelayedGuard"],"picked":"bronze:BugBarrage","floor":2},{"not_picked":["bronze:BitShift","bronze:Allocate"],"picked":"bronze:BugBarrage","floor":3},{"not_picked":["bronze:Turbo","bronze:Repulsor"],"picked":"bronze:BitShift","floor":4},{"not_picked":["bronze:NullPointer","bronze:OilSpill"],"picked":"bronze:Boost","floor":5},{"not_picked":[],"picked":"bronze:Spike","floor":6},{"not_picked":[],"picked":"bronze:DazingPulse","floor":6},{"not_picked":[],"picked":"bronze:Explode","floor":6},{"not_picked":["bronze:Turbo","bronze:ForLoop"],"picked":"bronze:Optimize","floor":6}],"player_experience":711328,"relics_obtained":[],"event_choices":[],"is_beta":false,"boss_relics":[],"items_purged_floors":[5],"is_endless":false,"potions_floor_spawned":[4,6],"killed_by":"Lagavulin","ascension_level":0}}