{"host":"y9jgkjnf95sujozk","time":1611066857,"event":{"mods":["2.2 Compatiblity","AchievementEnabler","Act Like it!","BaseMod","BetterRewards","Block Reminder","Colored Map","Colored Powertips","Decade(王小明)","Downfall","Friendly Minions","Gensokyo","GifTheSpireLib","Hallownest","Hermit","Highlight Path","HololiveMod","Hubris","Infinite Spire","Jorbs\u0027s Wanderer Trilogy","Koishi","Marisa（霧雨　魔理沙）","Minty Spire (QoL Compilation)","Quick Restart","Random Character Button","Rare Cards Sparkle","Reimu（博??梦）","Remilia（蕾米莉?）","Shop Mod","StSLib","SuperFastMode","The Animator","The Bug Knight","The Cursed","The Disciple","The Hierophant","The Jungle","The Senshi","The Servant 0.9.4","[IsaacMod]以撒尖塔"],"gold_per_floor":[117,129,129,147,10,10,10,10,10,10,22,22,37,37,37,37,37],"floor_reached":16,"language":"ENG","playtime":1331,"items_purged":[],"score":90,"play_id":"4a375487-88b3-4e30-a098-11ab009605c6","local_time":"20210119153417","is_ascension_mode":false,"campfire_choices":[{"floor":8,"key":"REST"},{"data":"theSenshi:MoonsReflection","floor":10,"key":"SMITH"},{"floor":12,"key":"REST"},{"floor":15,"key":"REST"}],"circlet_count":0,"master_deck":["theSenshi:SailorKick","theSenshi:SailorKick","theSenshi:SailorKick","theSenshi:SailorBlock","theSenshi:SailorBlock","theSenshi:RoseThrow","theSenshi:MoonPrismPowerMakeUp","EpicFetus","theSenshi:MoonPrincessHalation","theSenshi:SupersonicWaves","theSenshi:SupersonicWaves","theSenshi:DramaticEntrance","theSenshi:SteeledNerves","theSenshi:MoonsReflection+1","Injury","theSenshi:MoonsReflection","theSenshi:SailorMarsAssists"],"relics":["theSenshi:TransformationBroochRelic","HushsDoor","PokeGo","Void","Gensokyo:MaskOfHope","Letter Opener","SteamSale","HowToJump","TuHaoJin"],"acts_visited":["Exordium"],"potions_floor_usage":[16,16],"damage_taken":[{"damage":0,"enemies":"Gensokyo:3_Fairies","floor":1,"turns":5},{"damage":3,"enemies":"Gensokyo:Python","floor":2,"turns":5},{"damage":6,"enemies":"Gensokyo:2_Kodama","floor":4,"turns":3},{"damage":9,"enemies":"Gensokyo:VengefulSpirit","floor":11,"turns":4},{"damage":6,"enemies":"Gensokyo:3_Kodama","floor":13,"turns":4},{"damage":0,"enemies":"Gensokyo:Yukari","floor":16,"turns":1}],"seed_played":"-3468526507832013157","potions_obtained":[{"floor":4,"key":"AttackPotion"},{"floor":11,"key":"BlessingOfTheForge"}],"is_trial":false,"path_per_floor":["M","M","?","M","COS","?","$","R","T","R","M","R","M","?","R","B"],"character_chosen":"THE_SENSHI","items_purchased":[],"campfire_rested":3,"item_purchase_floors":[],"current_hp_per_floor":[75,72,72,66,66,66,66,75,75,75,66,75,69,69,75,75,75],"gold":37,"neow_bonus":"","is_daily":false,"chose_seed":false,"campfire_upgraded":1,"win_rate":0.0,"timestamp":1611066857,"path_taken":["M","M","?","?","COS","?","$","R","T","R","M","R","M","?","R","BOSS"],"items_purchased_type":[],"build_version":"2020-12-22","purchased_purges":0,"victory":false,"max_hp_per_floor":[75,75,75,75,75,75,75,75,75,75,75,75,75,75,75,75,75],"card_choices":[{"not_picked":[],"picked":"EpicFetus","floor":0},{"not_picked":["theSenshi:SchoolBag","theSenshi:TuxedoSmokingBomber"],"picked":"theSenshi:DramaticEntrance","floor":1},{"not_picked":["theSenshi:MoonCrisisMakeUp","theSenshi:MoonPunch"],"picked":"theSenshi:SteeledNerves","floor":2},{"not_picked":["theSenshi:MoonPunch","theSenshi:MoonTiaraMagic"],"picked":"theSenshi:MoonsReflection","floor":4},{"not_picked":["theSenshi:NeptunesGrace","theSenshi:SailorUranusAssists"],"picked":"theSenshi:MoonsReflection","floor":11},{"not_picked":["theSenshi:MoonSpiralHeartAttack","theSenshi:TuxedoSmokingBomber"],"picked":"theSenshi:SailorMarsAssists","floor":13}],"player_experience":153806,"relics_obtained":[{"floor":9,"key":"TuHaoJin"}],"event_choices":[],"is_beta":false,"boss_relics":[],"items_purged_floors":[],"is_endless":false,"potions_floor_spawned":[4,11],"killed_by":"Gensokyo:Yukari","ascension_level":0}}