{"host":"v80ofxwcajbovgdl","time":1611075173,"event":{"mods":["BaseMod","BetterRewards","Colored Powertips","Highlight Path","Minty Spire (QoL Compilation)","Rare Cards Sparkle"],"gold_per_floor":[113,127,147,159,16,50,61,73,122,122,148,148,164,164,164,262,262,282,282,282,299,9,44,44,61,61,61,10,42,42,42,42,42,42],"floor_reached":33,"language":"ZHS","playtime":2698,"items_purged":["Strike_G"],"score":310,"play_id":"9973e7e5-e2dc-433f-ba4e-df13af9e3fb2","local_time":"20210120005253","is_ascension_mode":true,"campfire_choices":[{"floor":10.0,"key":"REST"},{"data":"Catalyst","floor":12.0,"key":"SMITH"},{"floor":15.0,"key":"REST"},{"floor":24.0,"key":"REST"},{"data":"Noxious Fumes","floor":27.0,"key":"SMITH"},{"floor":32.0,"key":"REST"}],"circlet_count":0,"master_deck":["Strike_G","Strike_G","Strike_G","Defend_G","Defend_G","Defend_G","Defend_G","Defend_G","Survivor","Neutralize","Choke","Cloak And Dagger","Dash","Catalyst+1","Poisoned Stab","Deflect","Bouncing Flask","Blade Dance","Envenom","Finisher+1","Terror","Noxious Fumes+1","PiercingWail","Crippling Poison","Decay"],"relics":["Ring of the Snake","Bronze Scales","Pantograph","Centennial Puzzle","Strawberry","Black Star","Enchiridion","InkBottle","Orichalcum","Juzu Bracelet","Lantern","Peace Pipe","Vajra","Nunchaku"],"acts_visited":["Exordium","TheCity"],"potions_floor_usage":[],"damage_taken":[{"damage":0.0,"enemies":"2 Louse","floor":1.0,"turns":3.0},{"damage":0.0,"enemies":"Jaw Worm","floor":2.0,"turns":6.0},{"damage":0.0,"enemies":"Small Slimes","floor":3.0,"turns":3.0},{"damage":4.0,"enemies":"Exordium Wildlife","floor":4.0,"turns":8.0},{"damage":43.0,"enemies":"Gremlin Nob","floor":6.0,"turns":5.0},{"damage":0.0,"enemies":"3 Louse","floor":7.0,"turns":3.0},{"damage":5.0,"enemies":"Exordium Thugs","floor":8.0,"turns":4.0},{"damage":8.0,"enemies":"Lagavulin","floor":11.0,"turns":5.0},{"damage":2.0,"enemies":"Blue Slaver","floor":13.0,"turns":2.0},{"damage":37.0,"enemies":"Hexaghost","floor":16.0,"turns":6.0},{"damage":2.0,"enemies":"3 Byrds","floor":18.0,"turns":4.0},{"damage":0.0,"enemies":"Chosen","floor":21.0,"turns":3.0},{"damage":32.0,"enemies":"Book of Stabbing","floor":23.0,"turns":6.0},{"damage":11.0,"enemies":"Snake Plant","floor":25.0,"turns":4.0},{"damage":33.0,"enemies":"Slavers","floor":29.0,"turns":6.0},{"damage":79,"enemies":"Collector","floor":33,"turns":7}],"seed_played":"2299931219062581604","potions_obtained":[{"floor":3.0,"key":"Fruit Juice"},{"floor":4.0,"key":"BlessingOfTheForge"},{"floor":7.0,"key":"FearPotion"},{"floor":11.0,"key":"FearPotion"},{"floor":18.0,"key":"Swift Potion"},{"floor":21.0,"key":"ColorlessPotion"},{"floor":25.0,"key":"GhostInAJar"}],"is_trial":false,"path_per_floor":["M","M","M","M","$","E","M","M","T","R","E","R","M","?","R","B",null,"M","?","?","M","$","E","R","M","T","R","$","E","?","?","R","B"],"character_chosen":"THE_SILENT","items_purchased":["Bronze Scales","Noxious Fumes","Orichalcum","Weak Potion"],"campfire_rested":4,"item_purchase_floors":[5,22,22,28],"current_hp_per_floor":[70,70,75,71,71,28,28,23,23,45,44,44,42,42,66,45,82,80,64,64,64,64,32,56,45,45,45,45,12,12,12,36,0,0],"gold":42,"neow_bonus":"TRANSFORM_CARD","is_daily":false,"chose_seed":false,"campfire_upgraded":2,"win_rate":0.0,"timestamp":1611075173,"path_taken":["M","M","M","M","$","E","M","M","T","R","E","R","M","?","R","BOSS","M","?","?","M","$","E","R","M","T","R","$","E","?","?","R","BOSS"],"items_purchased_type":["Relic","Card","Relic","Potion"],"build_version":"2020-12-22","purchased_purges":1,"victory":false,"max_hp_per_floor":[70,70,75,75,75,75,75,75,75,75,82,82,82,82,82,82,82,82,82,82,82,82,82,82,82,82,82,82,82,82,82,82,82,82],"card_choices":[{"not_picked":["Outmaneuver","Slice"],"picked":"Cloak And Dagger","floor":1.0},{"not_picked":["Accuracy","Riddle With Holes"],"picked":"Dash","floor":2.0},{"not_picked":["Leg Sweep","All Out Attack"],"picked":"Catalyst","floor":3.0},{"not_picked":["Sucker Punch","Accuracy"],"picked":"Poisoned Stab","floor":4.0},{"not_picked":["Dagger Throw","Choke"],"picked":"Deflect","floor":6.0},{"not_picked":["Calculated Gamble","Caltrops","Prepared"],"picked":"SKIP","floor":7.0},{"not_picked":["Poisoned Stab","Deflect"],"picked":"Bouncing Flask","floor":8.0},{"not_picked":["Cloak And Dagger","Heel Hook"],"picked":"Blade Dance","floor":11.0},{"not_picked":["Corpse Explosion","Acrobatics","Distraction"],"picked":"SKIP","floor":13.0},{"not_picked":["Storm of Steel","Burst"],"picked":"Envenom","floor":16.0},{"not_picked":["Underhanded Strike+1","Blade Dance"],"picked":"Finisher+1","floor":18.0},{"not_picked":["Well Laid Plans+1","Heel Hook"],"picked":"Terror","floor":21.0},{"not_picked":["Caltrops","Cloak And Dagger","Flying Knee"],"picked":"SKIP","floor":23.0},{"not_picked":["Underhanded Strike","Well Laid Plans"],"picked":"PiercingWail","floor":25.0},{"not_picked":["Sucker Punch+1","Well Laid Plans"],"picked":"Crippling Poison","floor":29.0}],"player_experience":105336,"relics_obtained":[{"floor":6.0,"key":"Pantograph"},{"floor":9.0,"key":"Centennial Puzzle"},{"floor":11.0,"key":"Strawberry"},{"floor":19.0,"key":"Enchiridion"},{"floor":23.0,"key":"Juzu Bracelet"},{"floor":23.0,"key":"Lantern"},{"floor":26.0,"key":"Peace Pipe"},{"floor":29.0,"key":"Vajra"},{"floor":29.0,"key":"Nunchaku"}],"event_choices":[{"damage_healed":0.0,"max_hp_gain":0.0,"max_hp_loss":0.0,"gold_gain":0.0,"event_name":"Shining Light","player_choice":"Ignored","floor":14.0,"gold_loss":0.0,"damage_taken":0.0},{"damage_healed":0.0,"max_hp_gain":0.0,"max_hp_loss":0.0,"gold_gain":0.0,"event_name":"Cursed Tome","player_choice":"Obtained Book","floor":19.0,"gold_loss":0.0,"damage_taken":16.0},{"damage_healed":0.0,"max_hp_gain":0.0,"max_hp_loss":0.0,"gold_gain":0.0,"event_name":"The Mausoleum","player_choice":"Opened","floor":20.0,"gold_loss":0.0,"damage_taken":0.0,"relics_obtained":["InkBottle"]},{"damage_healed":0.0,"max_hp_gain":0.0,"max_hp_loss":0.0,"gold_gain":0.0,"event_name":"Forgotten Altar","player_choice":"Smashed Altar","floor":30.0,"gold_loss":0.0,"damage_taken":0.0,"cards_obtained":["Decay"]},{"damage_healed":0.0,"max_hp_gain":0.0,"max_hp_loss":0.0,"gold_gain":0.0,"event_name":"Ghosts","player_choice":"Ignored","floor":31.0,"gold_loss":0.0,"damage_taken":0.0}],"is_beta":false,"boss_relics":[{"not_picked":["Snecko Eye","Coffee Dripper"],"picked":"Black Star"}],"items_purged_floors":[22],"is_endless":false,"potions_floor_spawned":[3,4,7,11,18,21,25],"killed_by":"Collector","ascension_level":1}}