{"host":"n605f8gctjc87d7h","time":1611088763,"event":{"mods":["Aspiration","Bard","BaseMod","Better Match","Better Note","Better Skull","Better Third Choice","Conspire","Halation","Hermit","Infinite Spire","Minty Spire (QoL Compilation)","Replay The Spire","Retaliation","Shade Mod","Spicy Shops","StSLib","The IronCluck"],"gold_per_floor":[117,132,147,77,97,97,129,145,145,155,155,180,180,201,201,201,201],"floor_reached":16,"language":"ENG","playtime":771,"items_purged":[],"score":185,"play_id":"469d1e59-540c-43d4-97d0-bc4c59d41f3b","local_time":"20210119123923","is_ascension_mode":true,"campfire_choices":[{"floor":6,"key":"REST"},{"floor":11,"key":"REST"},{"floor":13,"key":"REST"},{"floor":15,"key":"REST"}],"circlet_count":0,"master_deck":["AscendersBane","Strike_B","Strike_B","Strike_B","Strike_B","Defend_B","Defend_B","Defend_B","Defend_B","Zap","Dualcast","Gash","Loop","FTL","Scrape","Core Surge","ReplayTheSpireMod:Calculation Training","Stack","Beam Cell","ReplayTheSpireMod:System Scan","Go for the Eyes"],"relics":["Cracked Core","Prayer Wheel","Calipers","Shuriken","infinitespire:FocusingShard","Odd Mushroom"],"acts_visited":["Exordium"],"potions_floor_usage":[5,7,7,14],"damage_taken":[{"damage":13,"enemies":"infinitespire:Voidling","floor":1,"turns":5},{"damage":2,"enemies":"Jaw Worm","floor":2,"turns":3},{"damage":9,"enemies":"2 Louse","floor":3,"turns":3},{"damage":8,"enemies":"Looter","floor":5,"turns":3},{"damage":38,"enemies":"Replay:BlueRogue","floor":7,"turns":8},{"damage":11,"enemies":"Blue Slaver","floor":8,"turns":3},{"damage":7,"enemies":"2 Fungi Beasts","floor":10,"turns":3},{"damage":15,"enemies":"3 Sentries","floor":12,"turns":7},{"damage":26,"enemies":"The Mushroom Lair","floor":14,"turns":4},{"damage":33,"enemies":"Slime Boss","floor":16,"turns":3}],"seed_played":"-7414582627575124182","potions_obtained":[{"floor":1,"key":"Dexterity Potion"},{"floor":2,"key":"Dexterity Potion"},{"floor":5,"key":"LiquidMemories"},{"floor":12,"key":"PowerPotion"}],"is_trial":false,"path_per_floor":["M","M","M","$","M","R","E","M","T","M","R","E","R","?","R","B"],"character_chosen":"DEFECT","items_purchased":["Scrape"],"campfire_rested":4,"item_purchase_floors":[4],"current_hp_per_floor":[55,53,44,44,36,58,20,9,9,2,24,9,31,5,27,0,0],"gold":201,"neow_bonus":"ONE_RANDOM_RARE_CARD","is_daily":false,"chose_seed":false,"campfire_upgraded":0,"win_rate":0.0,"timestamp":1611088763,"path_taken":["M","M","?","$","M","R","E","M","T","M","R","E","R","?","R","BOSS"],"items_purchased_type":["Card"],"build_version":"2020-12-22","purchased_purges":0,"victory":false,"max_hp_per_floor":[75,75,75,75,75,75,75,75,75,75,75,75,75,75,75,75,75],"card_choices":[{"not_picked":["Capacitor","Stack"],"picked":"Gash","floor":1},{"not_picked":["Undo","Steam"],"picked":"Loop","floor":2},{"not_picked":["ReplayTheSpireMod:Dual Polarity","Panic Button"],"picked":"FTL","floor":3},{"not_picked":["Steam","Storm"],"picked":"Core Surge","floor":5},{"not_picked":["Turbo","FTL"],"picked":"ReplayTheSpireMod:Calculation Training","floor":7},{"not_picked":["Tempest","FIFO Queue"],"picked":"Stack","floor":8},{"not_picked":["Ball Lightning","Conserve Battery","Stack"],"picked":"SKIP","floor":8},{"not_picked":["Stack","Redo"],"picked":"Beam Cell","floor":10},{"not_picked":["ReplaySort","Redo","Force Field"],"picked":"SKIP","floor":10},{"not_picked":["aspiration:Polymerization","Barrage"],"picked":"ReplayTheSpireMod:System Scan","floor":12},{"not_picked":["Barrage","Creative AI"],"picked":"Go for the Eyes","floor":14}],"player_experience":611633,"relics_obtained":[{"floor":7,"key":"Calipers"},{"floor":9,"key":"Shuriken"},{"floor":12,"key":"infinitespire:FocusingShard"},{"floor":14,"key":"Odd Mushroom"}],"event_choices":[{"damage_healed":0,"gold_gain":0,"player_choice":"Fought Mushrooms","damage_taken":0,"max_hp_gain":0,"max_hp_loss":0,"event_name":"Mushrooms","floor":14,"gold_loss":0}],"is_beta":false,"boss_relics":[],"items_purged_floors":[],"is_endless":false,"potions_floor_spawned":[1,2,5,12],"killed_by":"Slime Boss","ascension_level":13}}