{"host":"vrsxkkch9ccrec7k","time":1611088168,"event":{"mods":["Act Like it!","BaseMod","Bestiary","Better Altar","Better Match","Better Note","Better Sensory Stone","Better Skull","Better Third Choice","Better Vampires","Downfall","Minty Spire (QoL Compilation)","Permanent Neow","Relic Stats","Spicy Shops","StSLib"],"gold_per_floor":[99,115,115,115,126,126,152,152,165,200,200,219,283,312,330,431,431,431,431,445,445,67,99,99,116,148,348,42,42,42,55,68,165,165,165,179,104,120,135,135,135,152,169,183,194,222,222,123,137,137],"floor_reached":51,"language":"ENG","playtime":5334,"items_purged":["Slimebound:Strike_Slimebound","Slimebound:Tackle","Slimebound:Strike_Slimebound"],"score":1015,"play_id":"a4aa595a-212f-463f-bb73-8bdfc0690e1b","local_time":"20210119152928","is_ascension_mode":true,"campfire_choices":[{"data":"Slimebound:CorrosiveSpit","floor":1,"key":"SMITH"},{"data":"Slimebound:HauntingLick","floor":6,"key":"SMITH"},{"data":"Slimebound:LevelUp","floor":11,"key":"SMITH"},{"data":"Slimebound:Teamwork","floor":18,"key":"SMITH"},{"data":"Master of Strategy","floor":30,"key":"SMITH"},{"floor":35,"key":"RECALL"},{"data":"expansioncontent:DashGenerateEvil","floor":40,"key":"SMITH"},{"data":"Slimebound:TagTeam","floor":47,"key":"SMITH"}],"circlet_count":0,"master_deck":["Slimebound:Defend_Slimebound","Slimebound:Defend_Slimebound","Slimebound:Defend_Slimebound","Slimebound:Defend_Slimebound","Slimebound:Split+1","Slimebound:CorrosiveSpit+1","Slimebound:HauntingLick+1","Slimebound:Schlurp","Slimebound:GrowthPunch","Slimebound:LevelUp+1","Slimebound:LeechingTouch","Slimebound:ProtectTheBoss+1","Slimebound:SpikyOuterGoop+1","Slimebound:FirmFortitude","Slimebound:Teamwork+1","Slimebound:LevelUp+1","Slimebound:Prepare+1","Slimebound:SplitLeeching+1","Slimebound:PressTheAttack","Slimebound:Gluttony+1","Master of Strategy+1","Slimebound:DisruptingSlam","Slimebound:SpikyOuterGoop+1","Slimebound:RejuvenatingLick+1","downfall:Haunted","expansioncontent:DashGenerateEvil+1","Slimebound:TagTeam+1","Slimebound:LeadByExample+1","Slimebound:Recycling+1","Slimebound:Repurpose+1","Slimebound:Recollect+1","Slimebound:SlimeBarrage+1","Slimebound:SpikyOuterGoop+1","Slimebound:SplitAcid+1","Slimebound:LeadByExample+1","Slimebound:SplitBruiser+1","Slimebound:LevelUp+1"],"relics":["Slimebound:AbsorbEndCombatUpgraded","Guardian:PocketSentry","Regal Pillow","Centennial Puzzle","Frozen Egg 2","Kunai","SlaversCollar","Slimebound:MaxSlimesRelic","Bottled Lightning","MealTicket","Mummified Hand","CaptainsWheel","Orrery","Chemical X"],"acts_visited":["Exordium","TheCity","TheBeyond"],"potions_floor_usage":[16,23,39],"damage_taken":[{"damage":1,"enemies":"Cultist","floor":2,"turns":3},{"damage":0,"enemies":"Jaw Worm","floor":5,"turns":3},{"damage":0,"enemies":"Small Slimes","floor":9,"turns":2},{"damage":8,"enemies":"3 Sentries","floor":10,"turns":6},{"damage":0,"enemies":"Large Slime","floor":12,"turns":3},{"damage":13,"enemies":"3 Sentries","floor":13,"turns":5},{"damage":0,"enemies":"Lagavulin","floor":14,"turns":6},{"damage":0,"enemies":"3 Louse","floor":15,"turns":3},{"damage":17,"enemies":"SI_SHIV_ARCHETYPE","floor":16,"turns":8},{"damage":0,"enemies":"Chosen","floor":19,"turns":1},{"damage":4,"enemies":"Centurion and Healer","floor":20,"turns":6},{"damage":0,"enemies":"downfall:FleeingMerchant","floor":22,"turns":4},{"damage":0,"enemies":"Book of Stabbing","floor":23,"turns":4},{"damage":0,"enemies":"Shelled Parasite and Fungi","floor":25,"turns":7},{"damage":3,"enemies":"Gremlin Leader","floor":26,"turns":5},{"damage":0,"enemies":"downfall:FleeingMerchant","floor":28,"turns":4},{"damage":0,"enemies":"Snecko","floor":31,"turns":5},{"damage":8,"enemies":"Snake Plant","floor":32,"turns":3},{"damage":0,"enemies":"WA_ARCHETYPE_CALM","floor":33,"turns":5},{"damage":2,"enemies":"3 Darklings","floor":36,"turns":4},{"damage":0,"enemies":"Orb Walker","floor":38,"turns":3},{"damage":0,"enemies":"Transient","floor":39,"turns":5},{"damage":0,"enemies":"3 Darklings","floor":42,"turns":3},{"damage":23,"enemies":"Jaw Worm Horde","floor":43,"turns":3},{"damage":0,"enemies":"4 Shapes","floor":44,"turns":4},{"damage":0,"enemies":"3 Darklings","floor":45,"turns":5},{"damage":0,"enemies":"Nemesis","floor":46,"turns":5},{"damage":0,"enemies":"downfall:FleeingMerchant","floor":48,"turns":3},{"damage":0,"enemies":"Writhing Mass","floor":49,"turns":4},{"damage":5,"enemies":"DF_ARCHETYPE_ORBS","floor":50,"turns":6}],"seed_played":"2060244862143331770","potions_obtained":[{"floor":2,"key":"BlessingOfTheForge"},{"floor":12,"key":"SpeedPotion"},{"floor":13,"key":"SkillPotion"},{"floor":20,"key":"sneckomod:MuddlingPotion"},{"floor":23,"key":"SkillPotion"},{"floor":25,"key":"Slimebound:ThreeZeroPotion"},{"floor":29,"key":"Regen Potion"},{"floor":33,"key":"Explosive Potion"},{"floor":38,"key":"DistilledChaos"},{"floor":42,"key":"Energy Potion"},{"floor":43,"key":"BlessingOfTheForge"}],"is_trial":false,"path_per_floor":["R","M","?","?","M","R","T","?","M","E","R","M","?","E","M","B",null,"R","M","M","?","$","E","T","M","E","?","$","?","R","M","M","B",null,"R","M","?","M","M","R","T","M","M","M","M","E","R","$","M","B",null],"character_chosen":"SLIMEBOUND","items_purchased":["Slimebound:PressTheAttack","Slimebound:Gluttony+1","Master of Strategy","expansioncontent:DashGenerateEvil","Orrery","Chemical X","Slimebound:LevelUp+1"],"campfire_rested":0,"item_purchase_floors":[22,22,22,28,48,48,48],"current_hp_per_floor":[65,65,65,47,51,51,51,51,53,51,51,55,48,54,60,50,65,65,65,65,65,65,65,65,65,65,65,65,65,65,65,57,65,65,65,65,65,65,65,65,65,65,51,60,65,65,65,65,65,60],"gold":137,"neow_bonus":"UPGRADE_CARD","is_daily":false,"chose_seed":false,"campfire_upgraded":7,"win_rate":0.0,"timestamp":1611088168,"path_taken":["R","M","?","?","M","R","T","?","M","E","R","M","?","E","M","BOSS","R","M","M","?","$","E","T","M","E","?","$","?","R","?","M","BOSS","R","M","?","M","M","R","T","M","M","M","M","E","R","$","M","BOSS"],"items_purchased_type":["Card","Card","Card","Card","Relic","Relic","Card"],"build_version":"2020-12-22","purchased_purges":3,"victory":true,"max_hp_per_floor":[65,65,65,65,65,65,65,65,65,65,65,65,65,65,65,65,65,65,65,65,65,65,65,65,65,65,65,65,65,65,65,65,65,65,65,65,65,65,65,65,65,65,65,65,65,65,65,65,65,65],"relic_stats":{"Regal Pillow":0,"Centennial Puzzle":[24],"counters":[30,121],"Mummified Hand":[62],"MealTicket":0,"Kunai":[6],"Chemical X":[3],"obtain_stats":[{"Regal Pillow":7,"Guardian:PocketSentry":4,"Frozen Egg 2":13,"SlaversCollar":17,"Centennial Puzzle":10,"CaptainsWheel":46,"downfall:BrokenWingStatue":3,"Slimebound:MaxSlimesRelic":23,"Mummified Hand":41,"Orrery":48,"MealTicket":26,"Slimebound:AbsorbEndCombat":0,"Kunai":14,"Bottled Lightning":24,"Chemical X":48,"Slimebound:AbsorbEndCombatUpgraded":34},{"Regal Pillow":2,"Guardian:PocketSentry":1,"Frozen Egg 2":6,"SlaversCollar":9,"Centennial Puzzle":4,"CaptainsWheel":27,"downfall:BrokenWingStatue":1,"Slimebound:MaxSlimesRelic":13,"Mummified Hand":22,"Orrery":28,"MealTicket":15,"Slimebound:AbsorbEndCombat":0,"Kunai":7,"Bottled Lightning":13,"Chemical X":28,"Slimebound:AbsorbEndCombatUpgraded":19},{"Regal Pillow":6,"Guardian:PocketSentry":3,"Frozen Egg 2":21,"SlaversCollar":37,"Centennial Puzzle":14,"CaptainsWheel":108,"downfall:BrokenWingStatue":3,"Slimebound:MaxSlimesRelic":51,"Mummified Hand":90,"Orrery":111,"MealTicket":63,"Slimebound:AbsorbEndCombat":0,"Kunai":26,"Bottled Lightning":51,"Chemical X":111,"Slimebound:AbsorbEndCombatUpgraded":78}]},"card_choices":[{"not_picked":["Slimebound:SlimeTap","Slimebound:Schlurp"],"picked":"Slimebound:HauntingLick","floor":2},{"not_picked":["Slimebound:PressTheAttack","Slimebound:FlameTackle"],"picked":"Slimebound:Schlurp","floor":5},{"not_picked":["Slimebound:ForwardTackle","Slimebound:SlimeSpikes"],"picked":"Slimebound:GrowthPunch","floor":9},{"not_picked":["Slimebound:GoopTackle","Slimebound:HauntingLick"],"picked":"Slimebound:LevelUp","floor":10},{"not_picked":["Slimebound:LeechEnergy","Slimebound:ForwardTackle"],"picked":"Slimebound:LeechingTouch","floor":12},{"not_picked":["Slimebound:SlimeSpikes","Slimebound:GrowthPunch"],"picked":"Slimebound:ProtectTheBoss+1","floor":13},{"not_picked":["Slimebound:SplitLeeching","Slimebound:LeechingTouch"],"picked":"Slimebound:SpikyOuterGoop+1","floor":14},{"not_picked":["Slimebound:Prepare","Slimebound:ComboTackle"],"picked":"Slimebound:FirmFortitude","floor":15},{"not_picked":["Slimebound:SlimeSlap","Slimebound:TagTeam"],"picked":"Slimebound:Teamwork","floor":16},{"not_picked":["Slimebound:GoopSpray+1","Slimebound:LeechEnergy+1"],"picked":"Slimebound:LevelUp+1","floor":19},{"not_picked":["Slimebound:PressTheAttack+1","Slimebound:SlimeSpikes+1"],"picked":"Slimebound:Prepare+1","floor":20},{"not_picked":["Slimebound:SamplingLick","Slimebound:HauntingLick+1"],"picked":"Slimebound:SplitLeeching+1","floor":22},{"not_picked":["Slimebound:SlimeSpikes","Slimebound:Replication"],"picked":"Slimebound:DisruptingSlam","floor":23},{"not_picked":["Slimebound:PressTheAttack","Slimebound:DivideAndConquer+1"],"picked":"Slimebound:SpikyOuterGoop+1","floor":25},{"not_picked":["Slimebound:FinishingTackle","Slimebound:SlimeBrawl"],"picked":"Slimebound:RejuvenatingLick+1","floor":26},{"not_picked":["Slimebound:Chomp","Slimebound:SlimeSpikes","Slimebound:RainOfGoop"],"picked":"SKIP","floor":28},{"not_picked":["Slimebound:FinishingTackle+1","Slimebound:ServeAndProtect"],"picked":"Slimebound:TagTeam","floor":31},{"not_picked":["Slimebound:LivingWall+1","Slimebound:MegaLick"],"picked":"Slimebound:LeadByExample+1","floor":32},{"not_picked":["Slimebound:DuplicatedForm+1","Slimebound:MassRepurpose"],"picked":"Slimebound:Recycling+1","floor":33},{"not_picked":["Slimebound:ServeAndProtect","Slimebound:ComboTackle","Slimebound:LeechingTouch"],"picked":"SKIP","floor":36},{"not_picked":["Slimebound:ForwardTackle","Slimebound:PressTheAttack+1"],"picked":"Slimebound:Repurpose+1","floor":38},{"not_picked":["Slimebound:ComboTackle","Slimebound:PressTheAttack","Slimebound:TongueLash+1"],"picked":"SKIP","floor":39},{"not_picked":["Slimebound:ItLooksTasty","Slimebound:SlimeBarrage"],"picked":"Slimebound:Recollect+1","floor":42},{"not_picked":["Slimebound:ViciousTackle","Slimebound:ServeAndProtect+1","Slimebound:DivideAndConquer+1"],"picked":"SKIP","floor":43},{"not_picked":["Slimebound:Schlurp","Slimebound:ProtectTheBoss+1","Slimebound:Chomp"],"picked":"SKIP","floor":44},{"not_picked":["Slimebound:Chomp","Slimebound:Recollect+1"],"picked":"Slimebound:SlimeBarrage+1","floor":45},{"not_picked":["Slimebound:Replication","Slimebound:GoopSpray"],"picked":"Slimebound:SpikyOuterGoop+1","floor":46},{"not_picked":["Slimebound:PrepareCrush","Slimebound:Chomp"],"picked":"Slimebound:SplitAcid+1","floor":48},{"not_picked":["Slimebound:PressTheAttack+1","Slimebound:SlimeSpikes+1"],"picked":"Slimebound:LeadByExample+1","floor":48},{"not_picked":["Slimebound:SlimeSpikes","Slimebound:SamplingLick+1"],"picked":"Slimebound:SplitBruiser+1","floor":48},{"not_picked":["Slimebound:ItLooksTasty+1","Slimebound:LeechingTouch+1","Slimebound:ComboTackle+1"],"picked":"SKIP","floor":49}],"player_experience":1626934,"relics_obtained":[{"floor":7,"key":"Regal Pillow"},{"floor":10,"key":"Centennial Puzzle"},{"floor":13,"key":"Frozen Egg 2"},{"floor":14,"key":"Kunai"},{"floor":23,"key":"Slimebound:MaxSlimesRelic"},{"floor":24,"key":"Bottled Lightning"},{"floor":26,"key":"MealTicket"},{"floor":41,"key":"Mummified Hand"},{"floor":46,"key":"CaptainsWheel"}],"event_choices":[{"damage_healed":0,"gold_gain":0,"player_choice":"Success","damage_taken":18,"relics_obtained":["Guardian:PocketSentry"],"max_hp_gain":0,"max_hp_loss":0,"event_name":"Scrap Ooze","floor":4,"gold_loss":0},{"damage_healed":0,"gold_gain":0,"player_choice":"Got Potions","damage_taken":0,"max_hp_gain":0,"max_hp_loss":0,"event_name":"Lab","floor":29,"gold_loss":0},{"damage_healed":0,"gold_gain":0,"player_choice":"2","damage_taken":0,"max_hp_gain":0,"max_hp_loss":0,"event_name":"betterMatch:BetterMatch","floor":37,"gold_loss":0,"cards_obtained":["betterMatch:RareCard"]}],"is_beta":false,"boss_relics":[{"not_picked":["Black Star","Snecko Eye"],"picked":"SlaversCollar"},{"not_picked":["Velvet Choker","Tiny House"],"picked":"Slimebound:AbsorbEndCombatUpgraded"}],"items_purged_floors":[22,28,48],"is_endless":false,"potions_floor_spawned":[2,12,13,20,23,25,31,32,33,38,42,43,46],"ascension_level":4}}