{"host":"xzk9bt2l7avnb6n5","time":1611016642,"event":{"mods":["Aspiration","BaseMod","Conspire","Downfall","Highlight Path","Infinite Spire","Minty Spire (QoL Compilation)","Shop Mod","StSLib","The Wild Card"],"gold_per_floor":[99,99,99,99,99,199,268,168,202,11,24,40,70,90,105,200,200,100,115,132,17,36,36,36,50,63,89,89,109,109,141,156,259,259,259,270,289,300,311,311,311],"floor_reached":40,"language":"ENG","playtime":1978,"items_purged":[],"score":465,"play_id":"18c38afb-9912-4171-befd-86e225f0dbfa","local_time":"20210118173722","is_ascension_mode":false,"campfire_choices":[{"floor":1,"key":"RECALL"},{"data":"theWildCard:Arsene","floor":8,"key":"SMITH"},{"data":"expansioncontent:StudyTheSpire","floor":18,"key":"SMITH"},{"data":"bronze:HyperBeam","floor":23,"key":"SMITH"},{"data":"bronze:OilSpill","floor":28,"key":"SMITH"},{"floor":30,"key":"REST"},{"data":"bronze:HardenedForm","floor":35,"key":"SMITH"}],"circlet_count":0,"master_deck":["bronze:Strike","bronze:Strike","bronze:Strike","bronze:Strike","bronze:Defend","bronze:Defend","bronze:Defend","bronze:Defend","bronze:Replicate","bronze:Goto","bronze:Iterate","theWildCard:Arsene+1","bronze:FineTuning","bronze:FollowUp","bronze:CutThrough","expansioncontent:StudyTheSpire+1","bronze:Repair","bronze:OilSpill+1","bronze:WhirlingStrike","bronze:ClassDefault","bronze:HyperBeam+1","bronze:WhirlingStrike+1","bronze:DelayedSlice","bronze:ChosenStrike","downfall:Haunted","bronze:FineTuning","bronze:Fortify","bronze:HardenedForm+1"],"relics":["bronze:BronzeCore","downfall:HeartsMalice","HornCleat","downfall:HeartBlessingRed","aspiration:TomeofQuesting","Bag of Preparation","Cursed Key","downfall:HeartBlessingGreen","Omamori","Kunai","Centennial Puzzle","aspiration:SecretTechniqueScroll"],"acts_visited":["Exordium","TheCity","TheBeyond"],"potions_floor_usage":[15,16,20,25,27,31,33,33,39],"damage_taken":[{"damage":0,"enemies":"Small Slimes","floor":2,"turns":1},{"damage":0,"enemies":"Cultist","floor":4,"turns":1},{"damage":0,"enemies":"2 Louse","floor":5,"turns":1},{"damage":24,"enemies":"3 Sentries","floor":9,"turns":8},{"damage":0,"enemies":"downfall:FleeingMerchant","floor":10,"turns":4},{"damage":0,"enemies":"Large Slime","floor":11,"turns":5},{"damage":12,"enemies":"2 Fungi Beasts","floor":12,"turns":3},{"damage":0,"enemies":"Lagavulin","floor":13,"turns":4},{"damage":0,"enemies":"Exordium Wildlife","floor":14,"turns":3},{"damage":0,"enemies":"Exordium Thugs","floor":15,"turns":2},{"damage":9,"enemies":"WA_ARCHETYPE_RETAIN","floor":16,"turns":4},{"damage":0,"enemies":"Spheric Guardian","floor":19,"turns":3},{"damage":10,"enemies":"Shelled Parasite and Fungi","floor":20,"turns":3},{"damage":0,"enemies":"downfall:FleeingMerchant","floor":21,"turns":4},{"damage":0,"enemies":"Snake Plant","floor":22,"turns":3},{"damage":0,"enemies":"3 Cultists","floor":25,"turns":2},{"damage":0,"enemies":"Chosen and Byrds","floor":26,"turns":3},{"damage":14,"enemies":"Slavers","floor":27,"turns":3},{"damage":11,"enemies":"Shelled Parasite and Fungi","floor":29,"turns":4},{"damage":41,"enemies":"Book of Stabbing","floor":31,"turns":4},{"damage":4,"enemies":"3 Cultists","floor":32,"turns":3},{"damage":16,"enemies":"SI_MIRROR_ARCHETYPE","floor":33,"turns":6},{"damage":1,"enemies":"Orb Walker","floor":36,"turns":3},{"damage":2,"enemies":"3 Darklings","floor":37,"turns":3},{"damage":42,"enemies":"Jaw Worm Horde","floor":38,"turns":4},{"damage":38,"enemies":"Transient","floor":39,"turns":5},{"damage":9,"enemies":"conspire:MimicChest","floor":40,"turns":3}],"seed_played":"-5487880957044165976","potions_obtained":[{"floor":11,"key":"Explosive Potion"},{"floor":13,"key":"hexamod:SoulburnPotion"},{"floor":14,"key":"sneckomod:MuddlingPotion"},{"floor":15,"key":"Fire Potion"},{"floor":22,"key":"ColorlessPotion"},{"floor":26,"key":"BlessingOfTheForge"},{"floor":29,"key":"bronze:BurnAndBuffPotion"},{"floor":32,"key":"SteroidPotion"},{"floor":37,"key":"SpeedPotion"},{"floor":38,"key":"BlessingOfTheForge"}],"is_trial":false,"path_per_floor":["R","M","?","M","M","?","T","R","E","$","M","M","E","M","M","B",null,"R","M","M","$","M","R","T","M","M","E","R","M","R","E","M","B",null,"R","M","M","M","M","?"],"character_chosen":"THE_AUTOMATON","items_purchased":["expansioncontent:StudyTheSpire","bronze:DelayedSlice","Dexterity Potion"],"campfire_rested":1,"item_purchase_floors":[10,21,21],"current_hp_per_floor":[70,70,70,70,70,70,70,70,46,46,46,41,48,56,56,47,70,70,70,67,70,70,70,70,70,70,63,63,59,70,29,25,16,70,70,69,68,33,2,0,0],"gold":311,"neow_bonus":"THREE_ENEMY_KILL","is_daily":false,"chose_seed":false,"campfire_upgraded":5,"win_rate":0.0,"timestamp":1611016642,"path_taken":["R","M","?","M","M","?","T","R","E","$","M","M","E","M","M","BOSS","R","M","M","$","M","R","T","M","M","E","R","M","R","E","M","BOSS","R","?","M","M","M","?"],"items_purchased_type":["Card","Card","Potion"],"build_version":"2020-12-22","purchased_purges":0,"victory":false,"max_hp_per_floor":[70,70,70,70,70,70,70,70,70,70,70,70,70,70,70,70,70,70,70,70,70,70,70,70,70,70,70,70,70,70,70,70,70,70,70,70,70,70,70,70,70],"card_choices":[{"not_picked":["bronze:DelayedGuard","bronze:Philosophize"],"picked":"bronze:Iterate","floor":2},{"not_picked":["bronze:WildBeam","bronze:Allocate"],"picked":"bronze:FineTuning","floor":4},{"not_picked":["bronze:Safeguard","bronze:Overheat","bronze:BitShift"],"picked":"SKIP","floor":5},{"not_picked":["bronze:Turbo","bronze:Deprecate"],"picked":"bronze:FollowUp","floor":9},{"not_picked":["bronze:BugBarrage","bronze:FollowUp"],"picked":"bronze:CutThrough","floor":10},{"not_picked":["bronze:Boost","bronze:WhirlingStrike"],"picked":"bronze:Repair","floor":11},{"not_picked":["bronze:CutThrough","bronze:CleanCode","bronze:ChildClass"],"picked":"SKIP","floor":12},{"not_picked":["bronze:DarkDash","bronze:FineTuning"],"picked":"bronze:OilSpill","floor":13},{"not_picked":["bronze:CutThrough","bronze:ClassDefault"],"picked":"bronze:WhirlingStrike","floor":14},{"not_picked":["bronze:FollowUp","bronze:Turbo"],"picked":"bronze:ClassDefault","floor":15},{"not_picked":["bronze:Break","bronze:Verify"],"picked":"bronze:HyperBeam","floor":16},{"not_picked":["bronze:MaxOutput","bronze:FineTuning","bronze:BitShift"],"picked":"SKIP","floor":19},{"not_picked":["bronze:Backtrace+1","bronze:WhirlingStrike+1","bronze:Return"],"picked":"SKIP","floor":20},{"not_picked":["bronze:MaxOutput","bronze:Frontload"],"picked":"bronze:WhirlingStrike+1","floor":21},{"not_picked":["bronze:CutThrough","bronze:OilSpill"],"picked":"bronze:ChosenStrike","floor":22},{"not_picked":["bronze:CloningBeam","bronze:Frontload","bronze:Shield"],"picked":"SKIP","floor":25},{"not_picked":["bronze:NullPointer+1","bronze:BurnOut","bronze:Shield"],"picked":"SKIP","floor":26},{"not_picked":["bronze:Frontload","bronze:Iterate"],"picked":"bronze:FineTuning","floor":27},{"not_picked":["bronze:OilSpill","bronze:BronzeOrb+1","bronze:CleanCode"],"picked":"SKIP","floor":29},{"not_picked":["bronze:CloningBeam","bronze:FollowUp"],"picked":"bronze:Fortify","floor":31},{"not_picked":["bronze:CutThrough+1","bronze:Fortify","bronze:Deprecate+1"],"picked":"SKIP","floor":32},{"not_picked":["bronze:CutThrough+1","bronze:Fortify","bronze:Deprecate+1"],"picked":"SKIP","floor":32},{"not_picked":["bronze:HyperBeam","bronze:Assembly"],"picked":"bronze:HardenedForm","floor":33},{"not_picked":["bronze:DigitalCarnage","bronze:CutThrough","bronze:Invalidate+1"],"picked":"SKIP","floor":36},{"not_picked":["bronze:Overheat","bronze:Branch+1","bronze:BronzeOrb+1"],"picked":"SKIP","floor":37},{"not_picked":["bronze:WildBeam+1","bronze:BuggyMess","bronze:FineTuning"],"picked":"SKIP","floor":38},{"not_picked":["bronze:DelayedSlice","bronze:Branch+1","bronze:Shield"],"picked":"SKIP","floor":39}],"player_experience":473712,"relics_obtained":[{"floor":7,"key":"HornCleat"},{"floor":9,"key":"aspiration:TomeofQuesting"},{"floor":13,"key":"Bag of Preparation"},{"floor":24,"key":"Omamori"},{"floor":27,"key":"Kunai"},{"floor":31,"key":"Centennial Puzzle"}],"event_choices":[],"is_beta":false,"boss_relics":[{"not_picked":["Pandora\u0027s Box","Coffee Dripper"],"picked":"Cursed Key"},{"not_picked":["aspiration:RitualDagger","aspiration:PoetsPen_weak"],"picked":"aspiration:SecretTechniqueScroll"}],"items_purged_floors":[],"is_endless":false,"potions_floor_spawned":[11,13,14,15,16,22,26,29,31,32,37,38],"killed_by":"conspire:MimicChest","ascension_level":0}}