{"host":"5dk97cf2ubw2v967","time":1611036250,"event":{"mods":["AlwaysNeverKeys","BaseMod","Better Altar","Better Vampires","Block Reminder","Colored Powertips","Downfall","Googly Eyes","Highlight Path","Minty Spire (QoL Compilation)","Permanent Neow","Potion Indicator Mod","Quick Restart","Relic Filter","Relic Stats","Say the Spire","Spicy Shops","StSLib","Waifu the Spire","everything is the same but u backflip on backflip"],"gold_per_floor":[99,113,126,126,126,156,206,18,468,468,34,59,72,103,116,216,216,116,136,150,150,150,163,163,179,179,179,179],"floor_reached":26,"language":"ENG","playtime":1631,"items_purged":["Guardian:Strike_Guardian","downfall:Icky"],"score":316,"play_id":"9052b461-7531-464a-a346-2c3e9683758e","local_time":"20210119060410","is_ascension_mode":true,"campfire_choices":[{"data":"Guardian:TwinSlam","floor":1,"key":"SMITH"},{"floor":10,"key":"RECALL"},{"data":"Guardian:FloatingOrbs","floor":18,"key":"SMITH"}],"circlet_count":0,"master_deck":["Guardian:Strike_Guardian+1","Guardian:Strike_Guardian+1","Guardian:Strike_Guardian","Guardian:Defend_Guardian","Guardian:Defend_Guardian","Guardian:Defend_Guardian","Guardian:Defend_Guardian","Guardian:CurlUp","Guardian:TwinSlam+1","Guardian:ShieldCharger+1","Guardian:ShieldCharger","Guardian:FloatingOrbs","Guardian:FloatingOrbs+1","downfall:Icky","downfall:Icky","Guardian:PiercingHide","Guardian:FuturePlans","Guardian:TemporalStrike","Guardian:TimeSifter","Guardian:TemporalShield","Guardian:ArmoredProtocol","Guardian:GatlingBeam","Guardian:ChargeUp+1","Guardian:Preprogram"],"relics":["SlaversCollar","Kunai","Sundial","Tiny House","Eternal Feather","Bottled Tornado","Whetstone","Philosopher\u0027s Stone","downfall:HeartBlessingRed"],"acts_visited":["Exordium","TheCity"],"potions_floor_usage":[8,12,14,16,19,23,26,26],"damage_taken":[{"damage":1,"enemies":"2 Louse","floor":2,"turns":3},{"damage":9,"enemies":"Jaw Worm","floor":3,"turns":5},{"damage":12,"enemies":"Lagavulin","floor":6,"turns":10},{"damage":0,"enemies":"downfall:FleeingMerchant","floor":8,"turns":4},{"damage":2,"enemies":"downfall:FleeingMerchant","floor":11,"turns":4},{"damage":5,"enemies":"3 Sentries","floor":12,"turns":10},{"damage":7,"enemies":"Small Slimes","floor":13,"turns":4},{"damage":8,"enemies":"Lagavulin","floor":14,"turns":7},{"damage":9,"enemies":"Red Slaver","floor":15,"turns":5},{"damage":10,"enemies":"IC_STATUS_ARCHETYPE","floor":16,"turns":17},{"damage":13,"enemies":"3 Byrds","floor":19,"turns":5},{"damage":0,"enemies":"Spheric Guardian","floor":20,"turns":5},{"damage":29,"enemies":"Snake Plant","floor":23,"turns":5},{"damage":8,"enemies":"Chosen and Byrds","floor":25,"turns":8},{"damage":41,"enemies":"Gremlin Leader","floor":26,"turns":2}],"seed_played":"-7395855977290745951","potions_obtained":[{"floor":3,"key":"Guardian:AcceleratePotion"},{"floor":12,"key":"Weak Potion"},{"floor":14,"key":"PowerPotion"},{"floor":16,"key":"bronze:BurnAndBuffPotion"},{"floor":19,"key":"SkillPotion"},{"floor":23,"key":"BlessingOfTheForge"}],"is_trial":false,"path_per_floor":["R","M","M","?","?","E","T","$","?","R","$","E","M","E","M","B",null,"R","M","M","?","?","M","T","M","E"],"character_chosen":"GUARDIAN","items_purchased":["PowerPotion","Guardian:FuturePlans","Eternal Feather"],"campfire_rested":0,"item_purchase_floors":[8,11,11],"current_hp_per_floor":[72,71,62,62,62,50,55,55,55,55,53,48,41,33,24,14,67,79,66,66,66,66,37,37,29,0,0,0],"gold":179,"neow_bonus":"BOSS_RELIC","is_daily":false,"chose_seed":false,"campfire_upgraded":2,"win_rate":0.0,"timestamp":1611036250,"path_taken":["R","M","M","?","?","E","T","$","?","R","$","E","M","E","M","BOSS","R","M","M","?","?","M","T","M","E"],"items_purchased_type":["Potion","Card","Relic"],"build_version":"2020-12-22","purchased_purges":2,"victory":false,"max_hp_per_floor":[80,80,80,80,80,80,85,85,85,85,85,85,85,85,85,85,85,85,85,85,85,85,85,85,85,90,90,90],"relic_stats":{"counters":[15,93],"Sundial":[10],"Eternal Feather":12,"Kunai":[38],"Whetstone":["Guardian:Strike_Guardian","Guardian:Strike_Guardian"],"obtain_stats":[{"SlaversCollar":0,"Tiny House":7,"downfall:HeartBlessingRed":18,"Sundial":6,"Guardian:ModeShifter":0,"Eternal Feather":11,"Philosopher\u0027s Stone":17,"Kunai":4,"Whetstone":14,"Bottled Tornado":12},{"SlaversCollar":0,"Tiny House":3,"downfall:HeartBlessingRed":10,"Sundial":3,"Guardian:ModeShifter":0,"Eternal Feather":5,"Philosopher\u0027s Stone":10,"Kunai":2,"Whetstone":8,"Bottled Tornado":6},{"SlaversCollar":0,"Tiny House":18,"downfall:HeartBlessingRed":69,"Sundial":18,"Guardian:ModeShifter":0,"Eternal Feather":26,"Philosopher\u0027s Stone":69,"Kunai":8,"Whetstone":47,"Bottled Tornado":36}]},"card_choices":[{"not_picked":["Guardian:Harden","Guardian:Gem_Green"],"picked":"Guardian:ShieldCharger","floor":2},{"not_picked":["Guardian:Recover","Guardian:VentSteam"],"picked":"Guardian:ShieldCharger","floor":3},{"not_picked":["Guardian:EvasiveProtocol","Guardian:Gem_Lightblue"],"picked":"Guardian:FloatingOrbs","floor":6},{"not_picked":["Guardian:DecasProtection","Guardian:WalkerClaw"],"picked":"Guardian:FloatingOrbs","floor":8},{"not_picked":["Guardian:MultiBeam","Guardian:TemporalShield"],"picked":"Guardian:PiercingHide","floor":11},{"not_picked":["Guardian:PrimingBeam","Guardian:Emergency"],"picked":"Guardian:TemporalStrike","floor":12},{"not_picked":["Guardian:EvasiveProtocol","Guardian:PrismaticBeam"],"picked":"Guardian:TimeSifter","floor":13},{"not_picked":["Guardian:Suspension","Guardian:TemporalStrike"],"picked":"Guardian:TemporalShield","floor":14},{"not_picked":["Guardian:GuardianWhirl","Guardian:SentryBeam"],"picked":"Guardian:ArmoredProtocol","floor":15},{"not_picked":["Guardian:FierceBash","Guardian:TimeSifter"],"picked":"Guardian:GatlingBeam","floor":16},{"not_picked":["Guardian:BodySlam","Guardian:Gem_Yellow","Guardian:GuardianWhirl"],"picked":"SKIP","floor":19},{"not_picked":["Guardian:Gem_Red","Guardian:Gem_Cyan"],"picked":"Guardian:ChargeUp+1","floor":20},{"not_picked":["Guardian:Incinerate","Guardian:PolyBeam"],"picked":"Guardian:Preprogram","floor":23},{"not_picked":["Guardian:PrismaticBeam","Guardian:PolyBeam","Guardian:PrimingBeam"],"picked":"SKIP","floor":25}],"player_experience":1221298,"relics_obtained":[{"floor":6,"key":"Sundial"},{"floor":7,"key":"Tiny House"},{"floor":12,"key":"Bottled Tornado"},{"floor":14,"key":"Whetstone"}],"event_choices":[{"damage_healed":0,"gold_gain":0,"player_choice":"Box","damage_taken":0,"relics_obtained":["Kunai"],"max_hp_gain":0,"max_hp_loss":0,"event_name":"Big Fish","floor":4,"gold_loss":0,"cards_obtained":["Regret"]},{"damage_healed":0,"gold_gain":0,"player_choice":"Ignored","damage_taken":0,"max_hp_gain":0,"max_hp_loss":0,"event_name":"Ghosts","floor":21,"gold_loss":0}],"is_beta":false,"boss_relics":[{"not_picked":["Black Star","Cursed Key"],"picked":"Philosopher\u0027s Stone"}],"items_purged_floors":[8,11],"is_endless":false,"potions_floor_spawned":[3,12,14,16,19,23],"killed_by":"Gremlin Leader","ascension_level":8}}