{"host":"1a3cjta80tad0aqj","time":1611019453,"event":{"mods":["2.2 Compatiblity","AchievementEnabler","BaseMod","Colored Map","DeckTracker","KOR Keyword Fix","Keyboard Shortcuts","Minty Spire (QoL Compilation)","Permanent Neow","Quick Restart","Random Character Button","StSLib","SuperFastMode","everything is the same but u backflip on backflip"],"gold_per_floor":[112,128,145,145,162,162,193,193,193,227,227,156,156,168,168,270,270,289,301,301,42,60,60,160,189,189,202,214,214,237,152,152,252,252,270,270,289,76,76,76,92,92,147,167,183,202,202,214,214,214,214],"floor_reached":50,"language":"KOR","playtime":2154,"items_purged":[],"score":574,"play_id":"26bae6be-79f8-463d-9bc0-fa348f3c55be","local_time":"20210119102413","is_ascension_mode":true,"campfire_choices":[{"data":"Streamline","floor":6.0,"key":"SMITH"},{"floor":8.0,"key":"REST"},{"data":"Trip","floor":11.0,"key":"SMITH"},{"data":"Ball Lightning","floor":13.0,"key":"SMITH"},{"data":"Zap","floor":15.0,"key":"SMITH"},{"floor":23.0,"key":"REST"},{"floor":29.0,"key":"REST"},{"floor":32.0,"key":"REST"},{"data":"Barrage","floor":40.0,"key":"SMITH"},{"floor":47.0,"key":"REST"},{"floor":49.0,"key":"REST"}],"circlet_count":0,"master_deck":["Strike_B","Strike_B","Strike_B","Defend_B","Defend_B","Defend_B","Zap+1","Dualcast+1","Trip+1","Ball Lightning+1","Sweeping Beam","Streamline+1","Turbo","Capacitor","Leap+1","Loop+1","Electrodynamics+1","Conserve Battery+1","Barrage+1","Aggregate+1","Chaos+1","Static Discharge+1","Rebound","Creative AI+1","Double Energy+1","Stack+1","Buffer+1","Undo+1","White Noise+1","Glacier+1","Hologram+1","Steam+1","Heatsinks+1","Go for the Eyes","Multi-Cast+1"],"relics":["Cracked Core","Cables","Toxic Egg 2","Frozen Egg 2","Tiny Chest","Sozu","Lee\u0027s Waffle","Ornamental Fan","Symbiotic Virus","Nunchaku","Omamori","Nuclear Battery","OrangePellets","Shuriken","Boot"],"acts_visited":["Exordium","TheCity","TheBeyond"],"potions_floor_usage":[],"damage_taken":[{"damage":1.0,"enemies":"2 Louse","floor":1.0,"turns":3.0},{"damage":2.0,"enemies":"Jaw Worm","floor":2.0,"turns":3.0},{"damage":1.0,"enemies":"Cultist","floor":3.0,"turns":3.0},{"damage":7.0,"enemies":"Looter","floor":5.0,"turns":3.0},{"damage":16.0,"enemies":"Lagavulin","floor":7.0,"turns":5.0},{"damage":0.0,"enemies":"Gremlin Nob","floor":10.0,"turns":2.0},{"damage":6.0,"enemies":"Gremlin Gang","floor":14.0,"turns":3.0},{"damage":21.0,"enemies":"Hexaghost","floor":16.0,"turns":6.0},{"damage":25.0,"enemies":"Spheric Guardian","floor":18.0,"turns":4.0},{"damage":13.0,"enemies":"3 Byrds","floor":19.0,"turns":2.0},{"damage":38.0,"enemies":"Shelled Parasite and Fungi","floor":22.0,"turns":4.0},{"damage":11.0,"enemies":"Book of Stabbing","floor":25.0,"turns":3.0},{"damage":27.0,"enemies":"Centurion and Healer","floor":27.0,"turns":5.0},{"damage":3.0,"enemies":"3 Cultists","floor":28.0,"turns":3.0},{"damage":61.0,"enemies":"Champ","floor":33.0,"turns":8.0},{"damage":0.0,"enemies":"3 Shapes","floor":35.0,"turns":3.0},{"damage":18.0,"enemies":"Orb Walker","floor":37.0,"turns":3.0},{"damage":33.0,"enemies":"Spire Growth","floor":41.0,"turns":4.0},{"damage":15.0,"enemies":"Jaw Worm Horde","floor":44.0,"turns":5.0},{"damage":1.0,"enemies":"4 Shapes","floor":45.0,"turns":5.0},{"damage":0.0,"enemies":"Sphere and 2 Shapes","floor":46.0,"turns":4.0},{"damage":0.0,"enemies":"Maw","floor":48.0,"turns":7.0},{"damage":67,"enemies":"Time Eater","floor":50,"turns":9}],"seed_played":"4627798965987100410","potions_obtained":[{"floor":3.0,"key":"SkillPotion"},{"floor":5.0,"key":"DuplicationPotion"},{"floor":7.0,"key":"ColorlessPotion"}],"is_trial":false,"path_per_floor":["M","M","M","?","M","R","E","R","T","E","R","?","R","M","R","B",null,"M","M","?","$","M","R","?","E","T","M","M","R","T","?","R","B",null,"M","?","M","$","?","R","M","T","T","M","M","M","R","M","R","B"],"character_chosen":"DEFECT","items_purchased":["Lee\u0027s Waffle","Chaos+1","Static Discharge+1","Glacier+1","OrangePellets"],"campfire_rested":6,"item_purchase_floors":[21,21,21,38,38],"current_hp_per_floor":[74,72,71,71,64,64,48,70,70,70,70,70,70,64,64,43,75,50,37,37,82,44,68,68,57,57,30,27,51,51,51,75,14,82,82,82,64,64,64,64,31,31,31,16,15,15,39,39,63,0,0],"gold":214,"neow_bonus":"RANDOM_COLORLESS","is_daily":false,"chose_seed":false,"campfire_upgraded":5,"win_rate":0.0,"timestamp":1611019453,"path_taken":["M","M","M","?","M","R","E","R","T","E","R","?","R","M","R","BOSS","M","M","?","$","M","R","?","E","T","?","M","R","?","?","R","BOSS","M","?","M","$","?","R","M","?","T","?","M","M","R","M","R","BOSS"],"items_purchased_type":["Relic","Card","Card","Card","Relic"],"build_version":"2020-12-22","purchased_purges":0,"victory":false,"max_hp_per_floor":[75,75,75,75,75,75,75,75,75,75,75,75,75,75,75,75,75,75,75,75,82,82,82,82,82,82,82,82,82,82,82,82,82,82,82,82,82,82,82,82,82,82,82,82,82,82,82,82,82,82,82],"card_choices":[{"not_picked":["Finesse","Madness"],"picked":"Trip","floor":0.0},{"not_picked":["Compile Driver","Self Repair"],"picked":"Ball Lightning","floor":1.0},{"not_picked":["Ball Lightning","Stack"],"picked":"Sweeping Beam","floor":2.0},{"not_picked":["Leap","Meteor Strike"],"picked":"Streamline","floor":3.0},{"not_picked":["Stack","Leap"],"picked":"Turbo","floor":5.0},{"not_picked":["Compile Driver","Leap"],"picked":"Capacitor","floor":7.0},{"not_picked":["Compile Driver","Darkness+1"],"picked":"Leap+1","floor":10.0},{"not_picked":["Doom and Gloom","Meteor Strike"],"picked":"Loop+1","floor":14.0},{"not_picked":["All For One","Hyperbeam"],"picked":"Electrodynamics+1","floor":16.0},{"not_picked":["Streamline","Barrage+1"],"picked":"Conserve Battery+1","floor":18.0},{"not_picked":["Force Field+1","Leap+1"],"picked":"Barrage","floor":19.0},{"not_picked":["Fusion+1","Hello World+1"],"picked":"Rebound","floor":22.0},{"not_picked":["Fusion+1","Gash+1"],"picked":"Creative AI+1","floor":25.0},{"not_picked":["Hello World+1","Redo+1"],"picked":"Double Energy+1","floor":27.0},{"not_picked":["Streamline+1","Gash"],"picked":"Stack+1","floor":28.0},{"not_picked":["Reboot+1","Multi-Cast+1"],"picked":"Buffer+1","floor":33.0},{"not_picked":["Beam Cell+1","Rebound+1"],"picked":"Undo+1","floor":35.0},{"not_picked":["Scrape","Streamline+1"],"picked":"White Noise+1","floor":37.0},{"not_picked":["Recycle+1","Cold Snap"],"picked":"Hologram+1","floor":41.0},{"not_picked":["Gash+1","Streamline+1"],"picked":"Steam+1","floor":44.0},{"not_picked":["Recycle+1","Rebound"],"picked":"Heatsinks+1","floor":45.0},{"not_picked":["Cold Snap","Barrage"],"picked":"Go for the Eyes","floor":46.0},{"not_picked":["Barrage","Double Energy+1"],"picked":"Multi-Cast+1","floor":48.0}],"player_experience":769527,"relics_obtained":[{"floor":7.0,"key":"Cables"},{"floor":9.0,"key":"Toxic Egg 2"},{"floor":10.0,"key":"Frozen Egg 2"},{"floor":25.0,"key":"Ornamental Fan"},{"floor":26.0,"key":"Symbiotic Virus"},{"floor":30.0,"key":"Nunchaku"},{"floor":42.0,"key":"Shuriken"},{"floor":43.0,"key":"Boot"}],"event_choices":[{"damage_healed":0.0,"max_hp_gain":0.0,"max_hp_loss":0.0,"gold_gain":0.0,"event_name":"Living Wall","player_choice":"Grow","floor":4.0,"gold_loss":0.0,"damage_taken":0.0,"cards_upgraded":["Dualcast"]},{"damage_healed":0.0,"max_hp_gain":0.0,"max_hp_loss":0.0,"gold_gain":0.0,"event_name":"WeMeetAgain","player_choice":"Paid Gold","floor":12.0,"gold_loss":71.0,"damage_taken":0.0,"relics_obtained":["Tiny Chest"]},{"damage_healed":0.0,"max_hp_gain":0.0,"max_hp_loss":0.0,"gold_gain":0.0,"cards_transformed":["Defend_B","Strike_B"],"event_name":"Drug Dealer","player_choice":"Became Test Subject","floor":20.0,"gold_loss":0.0,"damage_taken":0.0,"cards_obtained":["Hyperbeam","Aggregate"]},{"damage_healed":0.0,"max_hp_gain":0.0,"max_hp_loss":0.0,"gold_gain":100.0,"event_name":"Golden Shrine","player_choice":"Pray","floor":24.0,"gold_loss":0.0,"damage_taken":0.0},{"damage_healed":0.0,"max_hp_gain":0.0,"max_hp_loss":0.0,"gold_gain":0.0,"event_name":"Addict","player_choice":"Obtained Relic","floor":31.0,"gold_loss":85.0,"damage_taken":0.0,"relics_obtained":["Omamori"]},{"cards_removed":["Hyperbeam"],"damage_healed":0.0,"max_hp_gain":0.0,"max_hp_loss":0.0,"gold_gain":0.0,"event_name":"Falling","player_choice":"Removed Attack","floor":36.0,"gold_loss":0.0,"damage_taken":0.0},{"damage_healed":0.0,"max_hp_gain":0.0,"max_hp_loss":0.0,"gold_gain":0.0,"event_name":"SecretPortal","player_choice":"Ignored","floor":39.0,"gold_loss":0.0,"damage_taken":0.0}],"is_beta":false,"boss_relics":[{"not_picked":["Runic Dome","Empty Cage"],"picked":"Sozu"},{"not_picked":["Fusion Hammer","Coffee Dripper"],"picked":"Nuclear Battery"}],"items_purged_floors":[],"is_endless":false,"potions_floor_spawned":[3,5,7,18,25,27,35,41,46],"killed_by":"Time Eater","ascension_level":2}}