{"host":"dhlnk6yox2l1s6up","time":1611026049,"event":{"mods":["BaseMod","Colored Map","Highlight Path","Minty Spire (QoL Compilation)","Relic Stats","StSLib"],"gold_per_floor":[119,131,131,131,28,28,54,54,132,142,160,235,235,266,266,364,364,378,390,406,424,2,2,36,53,76,76,90,15,46,56,56,153,153,165,215,215,227,243,278,278,278,304,304,323,349,360,394,394,394,394,394,12,37,37,37],"floor_reached":55,"language":"ENG","playtime":3812,"items_purged":["Strike_G","Strike_G"],"score":1250,"play_id":"2e346a5d-3085-4dac-8955-b7fd6e8aac75","local_time":"20210118211409","is_ascension_mode":true,"campfire_choices":[{"data":"Footwork","floor":6.0,"key":"SMITH"},{"data":"Dagger Spray","floor":8.0,"key":"SMITH"},{"data":"Flying Knee","floor":15.0,"key":"SMITH"},{"floor":23.0,"key":"REST"},{"data":"Noxious Fumes","floor":27.0,"key":"SMITH"},{"floor":32.0,"key":"REST"},{"floor":41.0,"key":"RECALL"},{"data":"Neutralize","floor":44.0,"key":"SMITH"},{"data":"Survivor","floor":49.0,"key":"SMITH"},{"data":"Defend_G","floor":52,"key":"SMITH"}],"circlet_count":0,"master_deck":["Strike_G","Strike_G+1","Strike_G","Defend_G","Defend_G","Defend_G","Defend_G","Defend_G+1","Survivor+1","Neutralize+1","Dagger Spray+1","Flying Knee+1","Footwork+1","Dagger Spray+1","Backflip+1","PiercingWail+1","Adrenaline+1","Sucker Punch+1","Blade Dance+1","Deflect+1","Panacea+1","Cloak And Dagger+1","Noxious Fumes+1","Dash+1","Adrenaline+1","Escape Plan+1","Venomology+1","Cloak And Dagger+1","Cloak And Dagger+1","Cloak And Dagger+1","Acrobatics+1","Blur+1","Madness+1","Trip+1","Blind+1","Parasite","Footwork+1","Dodge and Roll+1","Bouncing Flask+1","Blur+1","Leg Sweep+1"],"relics":["Ring of the Snake","NeowsBlessing","Toy Ornithopter","Boot","Toxic Egg 2","Happy Flower","Cursed Key","Strawberry","PreservedInsect","Lantern","Nunchaku","WristBlade","Tingsha","Akabeko","Ancient Tea Set","Meat on the Bone","DollysMirror","Letter Opener"],"acts_visited":["Exordium","TheCity","TheBeyond","TheEnding"],"potions_floor_usage":[50,50,54,54,55,55,55,55],"damage_taken":[{"damage":0.0,"enemies":"Cultist","floor":1.0,"turns":1.0},{"damage":0.0,"enemies":"2 Louse","floor":2.0,"turns":1.0},{"damage":0.0,"enemies":"3 Sentries","floor":7.0,"turns":1.0},{"damage":0.0,"enemies":"Jaw Worm","floor":10.0,"turns":5.0},{"damage":0.0,"enemies":"2 Fungi Beasts","floor":11.0,"turns":2.0},{"damage":22.0,"enemies":"Lagavulin","floor":14.0,"turns":10.0},{"damage":19.0,"enemies":"Slime Boss","floor":16.0,"turns":12.0},{"damage":24.0,"enemies":"Chosen","floor":18.0,"turns":5.0},{"damage":16.0,"enemies":"2 Thieves","floor":19.0,"turns":4.0},{"damage":12.0,"enemies":"Snake Plant","floor":20.0,"turns":5.0},{"damage":3.0,"enemies":"Centurion and Healer","floor":21.0,"turns":5.0},{"damage":16.0,"enemies":"Book of Stabbing","floor":24.0,"turns":5.0},{"damage":0.0,"enemies":"Cultist and Chosen","floor":25.0,"turns":6.0},{"damage":0.0,"enemies":"Snake Plant","floor":28.0,"turns":4.0},{"damage":0.0,"enemies":"Slavers","floor":30.0,"turns":3.0},{"damage":3.0,"enemies":"Shelled Parasite and Fungi","floor":31.0,"turns":3.0},{"damage":12.0,"enemies":"Collector","floor":33.0,"turns":10.0},{"damage":13.0,"enemies":"3 Darklings","floor":35.0,"turns":4.0},{"damage":0.0,"enemies":"Mind Bloom Boss Battle","floor":36.0,"turns":6.0},{"damage":0.0,"enemies":"3 Shapes","floor":38.0,"turns":2.0},{"damage":2.0,"enemies":"Transient","floor":39.0,"turns":5.0},{"damage":5.0,"enemies":"Giant Head","floor":40.0,"turns":7.0},{"damage":0.0,"enemies":"Maw","floor":45.0,"turns":6.0},{"damage":0.0,"enemies":"Reptomancer","floor":46.0,"turns":5.0},{"damage":3.0,"enemies":"Jaw Worm Horde","floor":47.0,"turns":4.0},{"damage":10.0,"enemies":"Nemesis","floor":48.0,"turns":4.0},{"damage":27,"enemies":"Time Eater","floor":50,"turns":13},{"damage":13,"enemies":"Shield and Spear","floor":54,"turns":8},{"damage":95,"enemies":"The Heart","floor":55,"turns":9}],"seed_played":"-6320716451486115443","potions_obtained":[{"floor":2.0,"key":"PowerPotion"},{"floor":10.0,"key":"BlessingOfTheForge"},{"floor":11.0,"key":"Dexterity Potion"},{"floor":13.0,"key":"Fruit Juice"},{"floor":13.0,"key":"SkillPotion"},{"floor":16.0,"key":"Ancient Potion"},{"floor":20.0,"key":"Ancient Potion"},{"floor":24.0,"key":"CunningPotion"},{"floor":30.0,"key":"Regen Potion"},{"floor":31.0,"key":"GhostInAJar"},{"floor":54,"key":"LiquidMemories"}],"is_trial":false,"path_per_floor":["M","M","?","?","$","R","E","R","T","M","M","?","?","E","R","B",null,"M","M","M","M","$","R","E","M","T","R","M","?","E","M","R","B",null,"M","?","?","M","M","E","R","?","T","R","M","E","M","E","R","B",null,"R","$","E","B"],"character_chosen":"THE_SILENT","items_purchased":["Footwork","Dagger Spray","Strawberry","Strength Potion","Panacea+1","Cloak And Dagger+1","Bouncing Flask+1","DollysMirror","Weak Potion"],"campfire_rested":2,"item_purchase_floors":[5,5,22,22,22,22,53,53,53],"current_hp_per_floor":[63,63,49,37,37,37,37,37,37,37,37,26,36,14,14,10,59,35,19,7,4,11,35,24,24,24,24,24,24,29,40,64,52,75,67,72,72,72,75,73,73,63,63,63,68,73,75,65,65,48,71,71,71,68,0,0],"gold":37,"neow_bonus":"THREE_ENEMY_KILL","is_daily":false,"chose_seed":false,"campfire_upgraded":7,"win_rate":0.0,"timestamp":1611026049,"path_taken":["M","?","?","?","?","R","E","R","T","M","M","?","?","E","R","BOSS","M","M","M","M","$","R","E","?","T","R","M","?","E","M","R","BOSS","M","?","?","M","M","E","R","?","T","R","M","E","?","E","R","BOSS","R","$","E","BOSS"],"items_purchased_type":["Card","Card","Relic","Potion","Card","Card","Card","Relic","Potion"],"build_version":"2020-12-22","purchased_purges":2,"victory":false,"max_hp_per_floor":[70,70,70,70,70,70,70,70,70,70,70,70,75,75,75,75,75,75,75,75,75,82,82,82,82,82,82,82,82,82,82,82,82,82,82,82,78,78,78,78,78,78,78,78,78,78,78,78,78,78,78,78,78,78,78,78],"relic_stats":{"Nunchaku":[32],"Happy Flower":[45],"counters":[29,155],"Tingsha":[39],"PreservedInsect":358,"Letter Opener":[45],"Boot":[161],"Cursed Key":2,"obtain_stats":[{"Lantern":26,"NeowsBlessing":0,"Happy Flower":14,"Tingsha":36,"PreservedInsect":24,"Letter Opener":54,"Boot":7,"Cursed Key":17,"Ancient Tea Set":46,"Akabeko":40,"Nunchaku":30,"WristBlade":34,"DollysMirror":53,"Strawberry":22,"Toxic Egg 2":9,"Toy Ornithopter":4,"Ring of the Snake":0,"Meat on the Bone":48},{"Lantern":13,"NeowsBlessing":0,"Happy Flower":6,"Tingsha":19,"PreservedInsect":12,"Letter Opener":28,"Boot":3,"Cursed Key":7,"Ancient Tea Set":24,"Akabeko":22,"Nunchaku":15,"WristBlade":17,"DollysMirror":27,"Strawberry":11,"Toxic Egg 2":3,"Toy Ornithopter":2,"Ring of the Snake":0,"Meat on the Bone":26},{"Lantern":62,"NeowsBlessing":0,"Happy Flower":20,"Tingsha":92,"PreservedInsect":56,"Letter Opener":146,"Boot":3,"Cursed Key":32,"Ancient Tea Set":117,"Akabeko":106,"Nunchaku":69,"WristBlade":82,"DollysMirror":138,"Strawberry":51,"Toxic Egg 2":3,"Toy Ornithopter":2,"Ring of the Snake":0,"Meat on the Bone":125}],"Toy Ornithopter":99,"Ring of the Snake":[58],"Meat on the Bone":0},"card_choices":[{"not_picked":["Bane","Dodge and Roll"],"picked":"Dagger Spray","floor":1.0},{"not_picked":["Bane","Slice"],"picked":"Flying Knee","floor":2.0},{"not_picked":["Endless Agony","Tactician","Poisoned Stab"],"picked":"SKIP","floor":7.0},{"not_picked":["Underhanded Strike","Flying Knee","Setup+1"],"picked":"SKIP","floor":10.0},{"not_picked":["Underhanded Strike","Flying Knee"],"picked":"Backflip+1","floor":11.0},{"not_picked":["Backstab","Phantasmal Killer+1"],"picked":"PiercingWail+1","floor":14.0},{"not_picked":["Grand Finale","Burst+1"],"picked":"Adrenaline+1","floor":16.0},{"not_picked":["Calculated Gamble+1","Flying Knee"],"picked":"Sucker Punch+1","floor":18.0},{"not_picked":["Deadly Poison+1","Bane"],"picked":"Blade Dance+1","floor":19.0},{"not_picked":["Bane","Tactician+1","Glass Knife"],"picked":"SKIP","floor":20.0},{"not_picked":["Well Laid Plans","Flying Knee+1"],"picked":"Deflect+1","floor":21.0},{"not_picked":["Deadly Poison+1","Catalyst+1"],"picked":"Noxious Fumes","floor":24.0},{"not_picked":["Quick Slash","Eviscerate"],"picked":"Dash+1","floor":25.0},{"not_picked":["Dagger Throw","Acrobatics+1"],"picked":"Adrenaline+1","floor":28.0},{"not_picked":["Quick Slash","Dagger Throw","Deadly Poison+1"],"picked":"SKIP","floor":30.0},{"not_picked":["Bouncing Flask+1","Heel Hook"],"picked":"Escape Plan+1","floor":31.0},{"not_picked":["Unload","Tools of the Trade"],"picked":"Venomology+1","floor":33.0},{"not_picked":["Sucker Punch+1","All Out Attack"],"picked":"Cloak And Dagger+1","floor":35.0},{"not_picked":["Blade Dance+1","Skewer+1"],"picked":"Cloak And Dagger+1","floor":36.0},{"not_picked":["Bane+1","Dagger Throw"],"picked":"Cloak And Dagger+1","floor":38.0},{"not_picked":["Cloak And Dagger+1","Poisoned Stab"],"picked":"Acrobatics+1","floor":39.0},{"not_picked":["Quick Slash+1","Outmaneuver+1"],"picked":"Blur+1","floor":40.0},{"not_picked":["Violence+1","Bandage Up+1"],"picked":"Madness+1","floor":42.0},{"not_picked":["Dark Shackles+1","Finesse+1"],"picked":"Trip+1","floor":42.0},{"not_picked":["Panacea+1","Impatience+1"],"picked":"Blind+1","floor":42.0},{"not_picked":["Sucker Punch+1","Setup+1","Endless Agony+1"],"picked":"SKIP","floor":45.0},{"not_picked":["Unload","Dash+1"],"picked":"Footwork+1","floor":46.0},{"not_picked":["Prepared+1","Skewer"],"picked":"Dodge and Roll+1","floor":47.0},{"not_picked":["Setup+1","Flying Knee","Deadly Poison+1"],"picked":"SKIP","floor":48.0},{"not_picked":["Choke+1","Bullet Time+1"],"picked":"Leg Sweep+1","floor":54}],"player_experience":5877897,"relics_obtained":[{"floor":7.0,"key":"Boot"},{"floor":9.0,"key":"Toxic Egg 2"},{"floor":14.0,"key":"Happy Flower"},{"floor":24.0,"key":"PreservedInsect"},{"floor":26.0,"key":"Lantern"},{"floor":30.0,"key":"Nunchaku"},{"floor":36.0,"key":"Tingsha"},{"floor":40.0,"key":"Akabeko"},{"floor":46.0,"key":"Ancient Tea Set"},{"floor":48.0,"key":"Meat on the Bone"},{"floor":54,"key":"Letter Opener"}],"event_choices":[{"damage_healed":0.0,"max_hp_gain":0.0,"max_hp_loss":0.0,"gold_gain":0.0,"event_name":"Shining Light","player_choice":"Entered Light","floor":3.0,"gold_loss":0.0,"damage_taken":14.0,"cards_upgraded":["Strike_G","Dagger Spray"]},{"damage_healed":0.0,"max_hp_gain":0.0,"max_hp_loss":0.0,"gold_gain":0.0,"event_name":"Scrap Ooze","player_choice":"Success","floor":4.0,"gold_loss":0.0,"damage_taken":12.0,"relics_obtained":["Toy Ornithopter"]},{"damage_healed":0.0,"max_hp_gain":0.0,"max_hp_loss":0.0,"gold_gain":75.0,"event_name":"World of Goop","player_choice":"Gather Gold","floor":12.0,"gold_loss":0.0,"damage_taken":11.0},{"damage_healed":0.0,"max_hp_gain":0.0,"max_hp_loss":0.0,"gold_gain":0.0,"event_name":"Lab","player_choice":"Got Potions","floor":13.0,"gold_loss":0.0,"damage_taken":0.0},{"cards_removed":["Clumsy"],"damage_healed":0.0,"max_hp_gain":0.0,"max_hp_loss":0.0,"gold_gain":0.0,"event_name":"Beggar","player_choice":"Gave Gold","floor":29.0,"gold_loss":75.0,"damage_taken":0.0},{"damage_healed":0.0,"max_hp_gain":0.0,"max_hp_loss":0.0,"gold_gain":0.0,"event_name":"MindBloom","player_choice":"Fight","floor":36.0,"gold_loss":0.0,"damage_taken":0.0},{"damage_healed":0.0,"max_hp_gain":0.0,"max_hp_loss":4.0,"gold_gain":0.0,"event_name":"Winding Halls","player_choice":"Max HP","floor":37.0,"gold_loss":0.0,"damage_taken":0.0},{"damage_healed":0.0,"max_hp_gain":0.0,"max_hp_loss":0.0,"gold_gain":0.0,"event_name":"SensoryStone","player_choice":"Memory 3","floor":42.0,"gold_loss":0.0,"damage_taken":10.0}],"is_beta":false,"boss_relics":[{"not_picked":["Velvet Choker","Runic Dome"],"picked":"Cursed Key"},{"not_picked":["Philosopher\u0027s Stone","Tiny House"],"picked":"WristBlade"}],"items_purged_floors":[22,53],"is_endless":false,"potions_floor_spawned":[2,10,11,16,20,24,30,31,36,39,45,54],"killed_by":"The Heart","ascension_level":8}}