{"host":"8o45mh5p3pp1o2mi","time":1611100217,"event":{"mods":["BaseMod","Bestiary","Better Match","Better Third Choice","BetterRewards","Dark Map","Fox Events","Minty Spire (QoL Compilation)","Replay The Spire","Shop Mod","StSLib"],"gold_per_floor":[117,62,79,79,94,94,120,120,120,82,116,132,34,61,61,159,159,174,1,20,37,57,57,86,86,86,136,151,151,181,191,191,295,295,311,326,344,344,432,466,466,38,38,57,0,0,34,34,34,34],"floor_reached":51,"language":"ENG","playtime":3712,"items_purged":["Strike_R","Writhe"],"score":1200,"play_id":"e9cfade8-1b82-4bee-812b-914cc8685dff","local_time":"20210119235017","is_ascension_mode":true,"campfire_choices":[{"data":"Apotheosis","floor":6,"key":"SMITH"},{"data":"Juggernaut","floor":8,"key":"SMITH"},{"floor":15,"key":"REST"},{"data":"Fire Breathing","floor":23,"key":"SMITH"},{"data":"Fiend Fire","floor":25,"key":"SMITH"},{"floor":32,"key":"REST"},{"data":"Searing Blow+1","floor":41,"key":"SMITH"},{"floor":46,"key":"REST"},{"floor":49,"key":"DIG"}],"circlet_count":0,"master_deck":["Strike_R+2","Strike_R+1","Strike_R+2","Defend_R","Bash+1","Apotheosis+1","Armaments","Dark Embrace+1","ReplayTheSpireMod:Doomed","Warcry","Juggernaut+1","Clothesline","Wild Strike","ReplayTheSpireMod:Stacked","Immolate","Wild Strike","Shrug It Off","Pommel Strike","Disarm","Fiend Fire+1","Offering+1","CurseOfTheBell","Evolve","Feel No Pain+1","Fire Breathing+1","Power Through","ReplayTheSpireMod:Strike From Hell","Sentinel","Body Slam","Iron Wave","Demonic Infusion","Juggernaut+1","Power Through","Feel No Pain+1","Searing Blow+2","Replay:Undeath\u0027s Touch+1","ReplayTheSpireMod:Splinters","Sever Soul+1","Reckless Charge","True Grit+1","Burning Pact+1","Fire Breathing","Metallicize+1","Looming Evil"],"relics":["Burning Blood","Medical Kit","Another Sword","ReplayTheSpireMod:CursedCoin","MerchantsRug","Replay:PocketPolymizer","Simple Rune","Ornamental Fan","Dream Catcher","The Courier","Champion Belt","Mummified Hand","Letter Opener","Replay:Kaleidoscope","Replay:Ringing Soul","SlaversCollar","Gremlin Food","Red Skull","BargainBundle","Pantograph","Bottled Flame","Potion Belt","Art of War","Iron Hammer","Red Mask","Unceasing Top","Ring of Searing","Bag of Preparation"],"acts_visited":["Exordium","TheCity","TheBeyond"],"potions_floor_usage":[7,12,16,28,37,44,47,50,50],"damage_taken":[{"damage":0,"enemies":"Cultist","floor":1,"turns":3},{"damage":2,"enemies":"Jaw Worm","floor":3,"turns":4},{"damage":7,"enemies":"2 Louse","floor":5,"turns":3},{"damage":24,"enemies":"Lagavulin","floor":7,"turns":6},{"damage":11,"enemies":"Gremlin Nob","floor":11,"turns":3},{"damage":14,"enemies":"Lots of Slimes","floor":12,"turns":3},{"damage":2,"enemies":"3 Sentries","floor":14,"turns":3},{"damage":1,"enemies":"Fading Forest","floor":16,"turns":11},{"damage":14,"enemies":"3 Byrds","floor":18,"turns":3},{"damage":5,"enemies":"2 Thieves","floor":20,"turns":3},{"damage":12,"enemies":"Snake Plant","floor":21,"turns":3},{"damage":6,"enemies":"3 Cultists","floor":22,"turns":3},{"damage":20,"enemies":"Book of Stabbing","floor":24,"turns":6},{"damage":8,"enemies":"Shelled Parasite and Fungi","floor":28,"turns":3},{"damage":33,"enemies":"Gremlin Leader","floor":30,"turns":5},{"damage":9,"enemies":"Cultist and Chosen","floor":31,"turns":5},{"damage":20,"enemies":"Collector","floor":33,"turns":5},{"damage":0,"enemies":"3 Shapes","floor":35,"turns":4},{"damage":6,"enemies":"Orb Walker","floor":36,"turns":2},{"damage":28,"enemies":"Writhing Mass","floor":37,"turns":4},{"damage":18,"enemies":"Nemesis","floor":40,"turns":5},{"damage":14,"enemies":"Transient","floor":44,"turns":5},{"damage":19,"enemies":"R_Hoarder","floor":47,"turns":5},{"damage":44,"enemies":"Time Eater","floor":50,"turns":7}],"seed_played":"6576990656856760176","potions_obtained":[{"floor":3,"key":"AttackPotion"},{"floor":5,"key":"ColorlessPotion"},{"floor":12,"key":"SkillPotion"},{"floor":16,"key":"SpeedPotion"},{"floor":18,"key":"Block Potion"},{"floor":22,"key":"Weak Potion"},{"floor":24,"key":"DistilledChaos"},{"floor":30,"key":"Swift Potion"},{"floor":31,"key":"Reflective Coating"},{"floor":37,"key":"SpeedPotion"},{"floor":44,"key":"SteroidPotion"},{"floor":47,"key":"SteroidPotion"}],"is_trial":false,"path_per_floor":["M","$","M","?","M","R","E","R","T","$","E","M","$","E","R","B",null,"M","$","M","M","M","R","E","R","T","?","M","?","E","M","R","B",null,"M","M","M","?","?","E","R","$","T","M","?","R","E","?","R","B",null],"character_chosen":"IRONCLAD","items_purchased":["Medical Kit","Apotheosis","Dark Embrace+1","ReplayTheSpireMod:CursedCoin","MerchantsRug","Wild Strike","ReplayTheSpireMod:Stacked","Shrug It Off","Pommel Strike","Mummified Hand","Feel No Pain+1","BargainBundle","Pantograph","Bottled Flame","Burning Pact+1","Fire Breathing","Potion Belt","Art of War"],"campfire_rested":3,"item_purchase_floors":[0,0,2,2,2,10,10,13,13,19,19,42,42,42,42,42,42,42],"current_hp_per_floor":[80,80,80,64,63,63,45,45,45,45,40,32,32,36,60,65,80,72,72,73,67,67,67,53,53,53,53,51,51,27,27,52,38,86,89,89,70,95,98,89,89,92,92,84,84,107,94,97,97,72],"gold":34,"neow_bonus":"","is_daily":false,"chose_seed":false,"campfire_upgraded":5,"win_rate":0.0,"timestamp":1611100217,"path_taken":["M","?","?","?","M","R","E","R","T","?","E","?","$","E","R","BOSS","M","$","?","M","M","R","E","R","T","?","?","?","E","?","R","BOSS","M","M","M","?","?","E","R","$","T","M","?","R","E","?","R","BOSS"],"items_purchased_type":["Relic","Card","Card","Relic","Relic","Card","Card","Card","Card","Relic","Card","Relic","Relic","Relic","Card","Card","Relic","Relic"],"build_version":"2020-12-22","purchased_purges":2,"victory":true,"max_hp_per_floor":[80,80,80,80,80,80,80,80,80,80,80,80,80,80,80,80,80,80,80,80,80,80,80,80,80,80,80,80,80,83,86,86,86,86,89,89,92,95,98,101,101,104,104,104,104,107,107,110,110,110],"card_choices":[{"not_picked":["ReplayTheSpireMod:LeadingStrike","Spot Weakness"],"picked":"Armaments","floor":1},{"not_picked":["Dark Embrace","Blood for Blood"],"picked":"Warcry","floor":3},{"not_picked":["Sword Boomerang","Havoc"],"picked":"Juggernaut","floor":5},{"not_picked":["Twin Strike","Flex","Whirlwind"],"picked":"SKIP","floor":7},{"not_picked":["Armaments","Flex"],"picked":"Immolate","floor":11},{"not_picked":["Sever Soul","Reckless Charge"],"picked":"Wild Strike","floor":12},{"not_picked":["Combust","ReplayTheSpireMod:Limb From Limb"],"picked":"Disarm","floor":14},{"not_picked":["Limit Break","Immolate"],"picked":"Offering","floor":16},{"not_picked":["ReplayTheSpireMod:Corrosion Curse","Carnage+1"],"picked":"Evolve","floor":18},{"not_picked":["Run Through+1","ReplayTheSpireMod:Corrosion Curse"],"picked":"Fire Breathing","floor":20},{"not_picked":["Body Slam","Thunderclap"],"picked":"Power Through","floor":21},{"not_picked":["Sentinel+1","Flex"],"picked":"ReplayTheSpireMod:Strike From Hell","floor":22},{"not_picked":["Iron Wave","Second Wind"],"picked":"Body Slam","floor":24},{"not_picked":["Anger","Run Through+1"],"picked":"Demonic Infusion","floor":28},{"not_picked":["ReplayTheSpireMod:Stacked+1","ReplayTheSpireMod:Corrosion Curse"],"picked":"Power Through","floor":30},{"not_picked":["True Grit+1","Iron Wave"],"picked":"Feel No Pain+1","floor":31},{"not_picked":["Rage+1","ReplayTheSpireMod:Muscle Training+1"],"picked":"Searing Blow+1","floor":35},{"not_picked":["Heavy Blade","Sever Soul+1","Hemokinesis+1"],"picked":"SKIP","floor":36},{"not_picked":["Heavy Blade","Body Slam"],"picked":"Replay:Undeath\u0027s Touch+1","floor":37},{"not_picked":["ReplayTheSpireMod:Corrosion Curse","Flex+1"],"picked":"Sever Soul+1","floor":39},{"not_picked":["Burning Pact","Clothesline"],"picked":"Reckless Charge","floor":39},{"not_picked":["Body Slam","Warcry+1"],"picked":"True Grit+1","floor":40},{"not_picked":["Iron Wave+1","Armaments+1","Replay:Many Hands"],"picked":"SKIP","floor":44},{"not_picked":["Anger+1","Flex"],"picked":"Metallicize+1","floor":46},{"not_picked":["Shrug It Off","Disarm+1","Warcry+1"],"picked":"SKIP","floor":47}],"player_experience":86804,"relics_obtained":[{"floor":7,"key":"Replay:PocketPolymizer"},{"floor":9,"key":"Replay:Bottled Eggs"},{"floor":11,"key":"Simple Rune"},{"floor":14,"key":"Ornamental Fan"},{"floor":17,"key":"Dream Catcher"},{"floor":17,"key":"The Courier"},{"floor":17,"key":"Champion Belt"},{"floor":24,"key":"Letter Opener"},{"floor":26,"key":"Replay:Kaleidoscope"},{"floor":30,"key":"Replay:Ringing Soul"},{"floor":39,"key":"Gremlin Food"},{"floor":40,"key":"Red Skull"},{"floor":43,"key":"Iron Hammer"},{"floor":47,"key":"Unceasing Top"},{"floor":48,"key":"Ring of Searing"},{"floor":49,"key":"Bag of Preparation"}],"event_choices":[{"damage_healed":80,"gold_gain":0,"player_choice":"Upgrade","damage_taken":16,"max_hp_gain":0,"max_hp_loss":80,"event_name":"betterThird:BetterShining","floor":4,"gold_loss":0,"cards_upgraded":["Strike_R","Bash"]},{"damage_healed":0,"gold_gain":100,"player_choice":"Bet on Murderer","damage_taken":0,"max_hp_gain":0,"max_hp_loss":0,"event_name":"The Joust","floor":27,"gold_loss":50},{"damage_healed":0,"gold_gain":0,"player_choice":"Copied","damage_taken":0,"max_hp_gain":0,"max_hp_loss":0,"event_name":"Duplicator","floor":29,"gold_loss":0,"cards_obtained":["Juggernaut"]},{"damage_healed":23,"gold_gain":0,"player_choice":"Writhe","damage_taken":0,"max_hp_gain":0,"max_hp_loss":0,"event_name":"Winding Halls","floor":38,"gold_loss":0,"cards_obtained":["Writhe"]},{"damage_healed":0,"gold_gain":0,"player_choice":"Paid","damage_taken":0,"relics_obtained":["Red Mask"],"max_hp_gain":0,"max_hp_loss":0,"event_name":"Tomb of Lord Red Mask","floor":45,"gold_loss":57}],"is_beta":false,"boss_relics":[{"not_picked":["Ring of Chaos","Ooze Armor"],"picked":"Calling Bell"},{"not_picked":["Astrolabe","Abe\u0027s Treasure"],"picked":"SlaversCollar"}],"items_purged_floors":[0,42],"is_endless":false,"potions_floor_spawned":[3,5,12,16,18,22,24,30,31,37,44,47],"ascension_level":3}}