{"host":"4bbalj7r5kimsnho","time":1611073340,"event":{"mods":["AchievementEnabler","BaseMod","Colored Powertips","Hermit","Minty Spire (QoL Compilation)","StSLib"],"gold_per_floor":[111,129,142,142,152,183,183,212,212,222,27,27,27,38,38,137,137,150,162,181,191,30,59,77,77,77,96,106,123,123,136,136,236,236,246,246,246,262,312,341,341,368,414,56,72,72,82,92,92,92],"floor_reached":51,"language":"ENG","playtime":2738,"items_purged":["Strike_G","Strike_G"],"score":817,"play_id":"20aa87dd-3199-478a-ae0a-2586745b85c6","local_time":"20210119162220","is_ascension_mode":true,"campfire_choices":[{"data":"Neutralize","floor":7,"key":"SMITH"},{"data":"Blade Dance","floor":12,"key":"SMITH"},{"data":"Blade Dance","floor":15,"key":"SMITH"},{"data":"Outmaneuver","floor":25,"key":"SMITH"},{"data":"Doppelganger","floor":32,"key":"SMITH"},{"data":"Footwork","floor":41,"key":"SMITH"},{"floor":46,"key":"REST"},{"data":"Accuracy","floor":49,"key":"SMITH"}],"circlet_count":0,"master_deck":["Strike_G","Strike_G","Defend_G","Defend_G","Defend_G","Defend_G","Survivor","Neutralize+1","Masterful Stab","Accuracy+1","Backstab","Footwork+1","Dash","Backflip","Sucker Punch","Blade Dance+1","Blade Dance+1","Doppelganger+1","CurseOfTheBell","Cloak And Dagger","Terror","Escape Plan","Die Die Die","Outmaneuver+1","Backstab","Die Die Die","Decay","Night Terror","Flash of Steel","Backstab+1","Prepared+1"],"relics":["WristBlade","Pantograph","Blood Vial","Calipers","Eternal Feather","Calling Bell","Potion Belt","Shuriken","Turnip","Ice Cream","Empty Cage","Ninja Scroll","Bird Faced Urn","Ginger","Strawberry","Boot","Kunai"],"acts_visited":["Exordium","TheCity","TheBeyond"],"potions_floor_usage":[6,16,16,27,27,28,28,28,33,33,38,39,42,50],"damage_taken":[{"damage":0,"enemies":"2 Louse","floor":1,"turns":3},{"damage":1,"enemies":"Cultist","floor":2,"turns":3},{"damage":0,"enemies":"Small Slimes","floor":3,"turns":3},{"damage":4,"enemies":"Red Slaver","floor":5,"turns":2},{"damage":21,"enemies":"Lagavulin","floor":6,"turns":7},{"damage":26,"enemies":"Gremlin Nob","floor":8,"turns":5},{"damage":2,"enemies":"3 Louse","floor":10,"turns":3},{"damage":1,"enemies":"Exordium Wildlife","floor":14,"turns":2},{"damage":6,"enemies":"The Guardian","floor":16,"turns":6},{"damage":0,"enemies":"Spheric Guardian","floor":18,"turns":1},{"damage":7,"enemies":"2 Thieves","floor":19,"turns":3},{"damage":2,"enemies":"Cultist and Chosen","floor":20,"turns":4},{"damage":18,"enemies":"Snake Plant","floor":21,"turns":3},{"damage":22,"enemies":"Book of Stabbing","floor":23,"turns":4},{"damage":1,"enemies":"Chosen and Byrds","floor":24,"turns":3},{"damage":2,"enemies":"Shelled Parasite and Fungi","floor":27,"turns":3},{"damage":19,"enemies":"Centurion and Healer","floor":28,"turns":5},{"damage":2,"enemies":"Chosen and Byrds","floor":29,"turns":4},{"damage":0,"enemies":"3 Cultists","floor":31,"turns":3},{"damage":18,"enemies":"Automaton","floor":33,"turns":6},{"damage":6,"enemies":"Orb Walker","floor":35,"turns":2},{"damage":32,"enemies":"3 Darklings","floor":38,"turns":4},{"damage":0,"enemies":"Mind Bloom Boss Battle","floor":39,"turns":2},{"damage":0,"enemies":"Giant Head","floor":40,"turns":5},{"damage":67,"enemies":"Reptomancer","floor":42,"turns":4},{"damage":0,"enemies":"Jaw Worm Horde","floor":45,"turns":2},{"damage":32,"enemies":"4 Shapes","floor":47,"turns":1},{"damage":4,"enemies":"Sphere and 2 Shapes","floor":48,"turns":3},{"damage":49,"enemies":"Awakened One","floor":50,"turns":10}],"seed_played":"-7706894755792899095","potions_obtained":[{"floor":1,"key":"Poison Potion"},{"floor":2,"key":"DistilledChaos"},{"floor":8,"key":"Poison Potion"},{"floor":14,"key":"LiquidMemories"},{"floor":23,"key":"DuplicationPotion"},{"floor":24,"key":"GamblersBrew"},{"floor":27,"key":"EntropicBrew"},{"floor":28,"key":"SteroidPotion"},{"floor":35,"key":"Strength Potion"},{"floor":39,"key":"SpeedPotion"},{"floor":40,"key":"Poison Potion"},{"floor":45,"key":"Dexterity Potion"}],"is_trial":false,"path_per_floor":["M","M","M","?","M","E","R","E","T","M","$","R","$","M","R","B",null,"M","M","M","M","$","E","M","R","T","M","M","M","?","M","R","B",null,"M","?","T","M","?","E","R","E","T","$","M","R","M","M","R","B",null],"character_chosen":"THE_SILENT","items_purchased":["Blade Dance","CunningPotion","Die Die Die","Kunai"],"campfire_rested":1,"item_purchase_floors":[11,11,22,44],"current_hp_per_floor":[70,69,69,69,65,44,44,20,20,20,20,29,29,30,42,63,70,70,63,63,47,47,27,28,43,43,43,26,26,26,28,46,52,70,64,64,64,34,61,67,70,12,12,12,16,57,27,25,43,25],"gold":92,"neow_bonus":"BOSS_RELIC","is_daily":false,"chose_seed":false,"campfire_upgraded":7,"win_rate":0.0,"timestamp":1611073340,"path_taken":["M","M","M","?","?","E","R","E","T","M","$","R","?","M","R","BOSS","M","M","M","M","$","E","?","R","T","M","M","M","?","?","R","BOSS","M","?","?","M","?","E","R","E","T","?","?","R","M","M","R","BOSS"],"items_purchased_type":["Card","Potion","Card","Relic"],"build_version":"2020-12-22","purchased_purges":2,"victory":true,"max_hp_per_floor":[70,70,70,70,70,70,70,70,70,70,70,70,70,70,70,70,70,70,70,70,70,70,70,70,70,70,70,70,70,70,70,70,70,70,70,70,70,70,70,70,70,77,77,77,77,77,77,77,77,77],"card_choices":[{"not_picked":["Well Laid Plans","Acrobatics"],"picked":"Masterful Stab","floor":1},{"not_picked":["Acrobatics","Distraction"],"picked":"Accuracy","floor":2},{"not_picked":["Choke","Dagger Spray"],"picked":"Backstab","floor":3},{"not_picked":["Outmaneuver","Caltrops"],"picked":"Footwork","floor":5},{"not_picked":["Deflect","Blur"],"picked":"Dash","floor":6},{"not_picked":["Deadly Poison","Poisoned Stab"],"picked":"Backflip","floor":8},{"not_picked":["Deflect","Deadly Poison"],"picked":"Sucker Punch","floor":10},{"not_picked":["Quick Slash","Dagger Spray"],"picked":"Blade Dance","floor":14},{"not_picked":["Corpse Explosion","Venomology"],"picked":"Doppelganger","floor":16},{"not_picked":["Deflect","Dagger Throw+1"],"picked":"Cloak And Dagger","floor":18},{"not_picked":["Blade Dance","Noxious Fumes"],"picked":"Terror","floor":19},{"not_picked":["Cloak And Dagger","Underhanded Strike"],"picked":"Escape Plan","floor":20},{"not_picked":["Backflip","Blade Dance","Acrobatics"],"picked":"SKIP","floor":21},{"not_picked":["Die Die Die","Backflip","Deflect"],"picked":"SKIP","floor":23},{"not_picked":["Blade Dance+1","Slice"],"picked":"Outmaneuver","floor":24},{"not_picked":["Poisoned Stab","Sucker Punch+1"],"picked":"Backstab","floor":27},{"not_picked":["Skewer","Sucker Punch"],"picked":"Die Die Die","floor":28},{"not_picked":["Reflex+1","Crippling Poison","Backflip"],"picked":"SKIP","floor":29},{"not_picked":["PiercingWail","Cloak And Dagger","Dagger Spray"],"picked":"SKIP","floor":31},{"not_picked":["Corpse Explosion","Die Die Die"],"picked":"Night Terror","floor":33},{"not_picked":["Deadly Poison+1","Choke+1","Deflect+1"],"picked":"SKIP","floor":35},{"not_picked":["Finesse","Deep Breath"],"picked":"Flash of Steel","floor":36},{"not_picked":["Dagger Spray","Poisoned Stab+1","Choke"],"picked":"SKIP","floor":38},{"not_picked":["Slice+1","Infinite Blades"],"picked":"Backstab+1","floor":40},{"not_picked":["PiercingWail+1","Dodge and Roll+1"],"picked":"Prepared+1","floor":42},{"not_picked":["Envenom","Cloak And Dagger+1","Dagger Throw+1"],"picked":"SKIP","floor":45},{"not_picked":["Dodge and Roll","All Out Attack","Backflip+1"],"picked":"SKIP","floor":47},{"not_picked":["Caltrops","Poisoned Stab","Sucker Punch"],"picked":"SKIP","floor":48}],"player_experience":92670,"relics_obtained":[{"floor":6,"key":"Blood Vial"},{"floor":8,"key":"Calipers"},{"floor":9,"key":"Eternal Feather"},{"floor":17,"key":"Potion Belt"},{"floor":17,"key":"Shuriken"},{"floor":17,"key":"Turnip"},{"floor":23,"key":"Ice Cream"},{"floor":37,"key":"Ninja Scroll"},{"floor":39,"key":"Bird Faced Urn"},{"floor":40,"key":"Ginger"},{"floor":42,"key":"Strawberry"},{"floor":43,"key":"Boot"}],"event_choices":[{"damage_healed":0,"gold_gain":0,"player_choice":"Gave Potion","damage_taken":0,"relics_obtained":["Pantograph"],"max_hp_gain":0,"max_hp_loss":0,"event_name":"WeMeetAgain","floor":4,"gold_loss":0},{"damage_healed":0,"gold_gain":0,"player_choice":"Cursed","damage_taken":0,"max_hp_gain":0,"max_hp_loss":0,"event_name":"Wheel of Change","floor":30,"gold_loss":0,"cards_obtained":["Decay"]},{"damage_healed":0,"gold_gain":0,"player_choice":"Memory 1","damage_taken":0,"max_hp_gain":0,"max_hp_loss":0,"event_name":"SensoryStone","floor":36,"gold_loss":0},{"damage_healed":0,"gold_gain":0,"player_choice":"Fight","damage_taken":0,"max_hp_gain":0,"max_hp_loss":0,"event_name":"MindBloom","floor":39,"gold_loss":0}],"is_beta":false,"boss_relics":[{"not_picked":["HoveringKite","SacredBark"],"picked":"Calling Bell"},{"not_picked":["Tiny House","Busted Crown"],"picked":"Empty Cage"}],"items_purged_floors":[11,44],"is_endless":false,"potions_floor_spawned":[1,2,8,14,23,24,27,28,31,35,39,40,45],"ascension_level":2}}