{"host":"359hz4210ybch7ku","time":1611076498,"event":{"mods":["BaseMod","Block Reminder","Colored Map","Colored Powertips","Highlight Path","Minty Spire (QoL Compilation)","Slay the Relics Exporter","StSLib"],"gold_per_floor":[115,130,205,205,205,243,267,267,294,314,339,339,70,95,95,218,218,232,247,17,17,17],"floor_reached":21,"language":"ENG","playtime":1284,"items_purged":["Regret"],"score":237,"play_id":"6e8664d5-9eee-4527-ae44-877bca31034b","local_time":"20210119091458","is_ascension_mode":true,"campfire_choices":[{"data":"Dagger Spray","floor":8,"key":"SMITH"},{"data":"Accuracy","floor":12,"key":"SMITH"},{"data":"Finisher","floor":15,"key":"SMITH"}],"circlet_count":0,"master_deck":["Strike_G","Strike_G","Strike_G","Strike_G","Strike_G","Defend_G","Defend_G+1","Defend_G","Defend_G","Defend_G","Survivor","Neutralize","Finisher+1","Catalyst+1","Acrobatics","Dagger Spray+1","Accuracy+1","Violence","Blur","Adrenaline","Finisher+1"],"relics":["Ring of the Snake","NeowsBlessing","War Paint","Golden Idol","Pocketwatch","Blood Vial","Black Star","Membership Card","Happy Flower"],"acts_visited":["Exordium","TheCity"],"potions_floor_usage":[16,16,16,19],"damage_taken":[{"damage":0,"enemies":"2 Louse","floor":1,"turns":1},{"damage":0,"enemies":"Small Slimes","floor":2,"turns":1},{"damage":0,"enemies":"Gremlin Nob","floor":6,"turns":1},{"damage":10,"enemies":"Jaw Worm","floor":7,"turns":4},{"damage":0,"enemies":"Looter","floor":10,"turns":2},{"damage":25,"enemies":"Lots of Slimes","floor":11,"turns":5},{"damage":7,"enemies":"Large Slime","floor":14,"turns":5},{"damage":24,"enemies":"The Guardian","floor":16,"turns":21},{"damage":49,"enemies":"Shell Parasite","floor":18,"turns":14},{"damage":1,"enemies":"3 Byrds","floor":19,"turns":5},{"damage":22,"enemies":"Sentry and Sphere","floor":21,"turns":7}],"seed_played":"-7023465137951030757","potions_obtained":[{"floor":7,"key":"Strength Potion"},{"floor":11,"key":"LiquidBronze"},{"floor":14,"key":"SkillPotion"},{"floor":16,"key":"Swift Potion"},{"floor":18,"key":"Swift Potion"}],"is_trial":false,"path_per_floor":["M","M","?","?","?","E","M","R","T","M","M","R","$","M","R","B",null,"M","M","$","M"],"character_chosen":"THE_SILENT","items_purchased":["Violence","Membership Card","Happy Flower"],"campfire_rested":0,"item_purchase_floors":[13,20,20],"current_hp_per_floor":[70,70,59,59,59,59,49,49,49,51,28,28,28,23,23,1,65,16,17,17,0,0],"gold":17,"neow_bonus":"THREE_ENEMY_KILL","is_daily":false,"chose_seed":false,"campfire_upgraded":3,"win_rate":0.0,"timestamp":1611076498,"path_taken":["M","M","?","?","?","E","M","R","T","M","M","R","$","M","R","BOSS","M","M","$","M"],"items_purchased_type":["Card","Relic","Relic"],"build_version":"2020-12-22","purchased_purges":1,"victory":false,"max_hp_per_floor":[70,70,70,70,65,65,65,65,65,65,65,65,65,65,65,65,65,65,65,65,65,65],"card_choices":[{"not_picked":["Sucker Punch","Slice"],"picked":"Finisher","floor":1},{"not_picked":["Prepared","Underhanded Strike"],"picked":"Catalyst","floor":2},{"not_picked":["Dodge and Roll","Doppelganger"],"picked":"Acrobatics","floor":6},{"not_picked":["Backflip","Quick Slash"],"picked":"Dagger Spray","floor":7},{"not_picked":["Slice","Acrobatics"],"picked":"Accuracy","floor":10},{"not_picked":["Heel Hook","Outmaneuver","Deflect"],"picked":"SKIP","floor":11},{"not_picked":["Riddle With Holes","Flechettes"],"picked":"Blur","floor":14},{"not_picked":["Malaise","After Image"],"picked":"Adrenaline","floor":16},{"not_picked":["Quick Slash","Bouncing Flask"],"picked":"Finisher+1","floor":18},{"not_picked":["Dagger Spray","Setup","Finisher"],"picked":"SKIP","floor":19}],"player_experience":233415,"relics_obtained":[{"floor":6,"key":"Pocketwatch"},{"floor":9,"key":"Blood Vial"}],"event_choices":[{"damage_healed":0,"gold_gain":75,"player_choice":"Gather Gold","damage_taken":11,"max_hp_gain":0,"max_hp_loss":0,"event_name":"World of Goop","floor":3,"gold_loss":0},{"damage_healed":0,"gold_gain":0,"player_choice":"Box","damage_taken":0,"relics_obtained":["War Paint"],"max_hp_gain":0,"max_hp_loss":0,"event_name":"Big Fish","floor":4,"gold_loss":0,"cards_obtained":["Regret"]},{"damage_healed":0,"gold_gain":0,"player_choice":"Lose Max HP","damage_taken":0,"relics_obtained":["Golden Idol"],"max_hp_gain":0,"max_hp_loss":5,"event_name":"Golden Idol","floor":5,"gold_loss":0}],"is_beta":false,"boss_relics":[{"not_picked":["Fusion Hammer","Runic Pyramid"],"picked":"Black Star"}],"items_purged_floors":[13],"is_endless":false,"potions_floor_spawned":[7,11,14,16,18],"killed_by":"Sentry and Sphere","ascension_level":3}}