{"host":"Qube","time":1611085004,"event":{"mods":["AchievementEnabler","BaseMod","Colored Map","Colored Powertips","Highlight Path","Minty Spire (QoL Compilation)","Permanent Neow","Quick Restart","Random Character Button","StSLib"],"gold_per_floor":[19,34,48,58,58,93,93,93,93],"floor_reached":8,"language":"ENG","playtime":347,"items_purged":[],"score":116,"play_id":"9ca76d0a-7a6a-4676-a2f0-58b0389ae493","local_time":"20210119113644","is_ascension_mode":true,"campfire_choices":[{"floor":7.0,"key":"REST"}],"circlet_count":0,"master_deck":["AscendersBane","Strike_G","Strike_G","Strike_G","Strike_G","Strike_G","Defend_G","Defend_G","Defend_G","Defend_G","Defend_G","Survivor","Neutralize","Deadly Poison","Deflect","Bane","Distraction","Deadly Poison","Poisoned Stab","Slice","Poisoned Stab","Backflip"],"relics":["Ring of the Snake","Prayer Wheel","Juzu Bracelet","Gremlin Horn"],"acts_visited":["Exordium"],"potions_floor_usage":[8],"damage_taken":[{"damage":7.0,"enemies":"Jaw Worm","floor":1.0,"turns":6.0},{"damage":2.0,"enemies":"2 Louse","floor":2.0,"turns":4.0},{"damage":4.0,"enemies":"Small Slimes","floor":3.0,"turns":6.0},{"damage":0.0,"enemies":"2 Fungi Beasts","floor":4.0,"turns":4.0},{"damage":20.0,"enemies":"Lagavulin","floor":6.0,"turns":5.0},{"damage":31,"enemies":"3 Sentries","floor":8,"turns":6}],"seed_played":"970113268651564041","potions_obtained":[{"floor":3.0,"key":"Weak Potion"},{"floor":6.0,"key":"Fruit Juice"}],"is_trial":false,"path_per_floor":["M","M","M","M","?","E","R","E"],"character_chosen":"THE_SILENT","items_purchased":[],"campfire_rested":1,"item_purchase_floors":[],"current_hp_per_floor":[52,50,46,46,28,8,27,1,1],"gold":93,"neow_bonus":"ONE_RARE_RELIC","is_daily":false,"chose_seed":false,"campfire_upgraded":0,"win_rate":0.0,"timestamp":1611085004,"path_taken":["M","M","M","M","?","E","R","E"],"items_purchased_type":[],"build_version":"2020-12-18","purchased_purges":0,"victory":false,"max_hp_per_floor":[66,66,66,66,66,66,66,71,71],"card_choices":[{"not_picked":["Skewer","Dagger Spray"],"picked":"Deadly Poison","floor":1.0},{"not_picked":["Concentrate","PiercingWail"],"picked":"Deflect","floor":1.0},{"not_picked":["Dagger Spray","Blade Dance"],"picked":"Bane","floor":2.0},{"not_picked":["Flechettes","Tactician"],"picked":"Distraction","floor":2.0},{"not_picked":["Flying Knee","Backflip"],"picked":"Deadly Poison","floor":3.0},{"not_picked":["Riddle With Holes","Deflect"],"picked":"Poisoned Stab","floor":3.0},{"not_picked":["Blade Dance","Backflip"],"picked":"Slice","floor":4.0},{"not_picked":["Underhanded Strike","Endless Agony"],"picked":"Poisoned Stab","floor":4.0},{"not_picked":["Dagger Spray","Deflect"],"picked":"Backflip","floor":6.0}],"player_experience":948240,"relics_obtained":[{"floor":6.0,"key":"Gremlin Horn"}],"event_choices":[{"damage_healed":0.0,"max_hp_gain":0.0,"max_hp_loss":0.0,"gold_gain":0.0,"event_name":"Scrap Ooze","player_choice":"Success","floor":5.0,"gold_loss":0.0,"damage_taken":18.0,"relics_obtained":["Juzu Bracelet"]}],"is_beta":true,"boss_relics":[],"items_purged_floors":[],"is_endless":false,"potions_floor_spawned":[3,6],"killed_by":"3 Sentries","ascension_level":20}}