{"host":"c44ey07ufggfw2m8","time":1611064904,"event":{"mods":["2.2 Compatiblity","BaseMod","Colored Map","DeckTracker","Highlight Path","Keyboard Shortcuts","Minty Spire (QoL Compilation)","Permanent Neow","Quick Restart","StSLib","SuperFastMode","UnlockEverythingMod"],"gold_per_floor":[132,166,166,40,81,81,191,191,217,277,277,277,317,360,360,410,410],"floor_reached":16,"language":"KOR","playtime":591,"items_purged":["Strike_R"],"score":138,"play_id":"996eeacb-4ca7-4f9c-b4da-91e1807c8f05","local_time":"20210119230144","is_ascension_mode":true,"campfire_choices":[{"data":"HandOfGreed","floor":6,"key":"SMITH"},{"data":"Flex","floor":8,"key":"SMITH"},{"floor":11,"key":"REST"},{"floor":15,"key":"REST"}],"circlet_count":0,"master_deck":["Strike_R","Strike_R","Strike_R","Strike_R","Defend_R","Defend_R","Defend_R","Defend_R+1","Bash","HandOfGreed+1","Evolve","Uppercut","Flex+1","Shrug It Off+1","Second Wind","Feed","Disarm"],"relics":["Burning Blood","Golden Idol","War Paint","Potion Belt","PreservedInsect"],"acts_visited":["Exordium"],"potions_floor_usage":[13,16],"damage_taken":[{"damage":5,"enemies":"Small Slimes","floor":1,"turns":3},{"damage":6,"enemies":"Cultist","floor":2,"turns":3},{"damage":6,"enemies":"2 Louse","floor":5,"turns":2},{"damage":22,"enemies":"3 Sentries","floor":7,"turns":8},{"damage":28,"enemies":"Lagavulin","floor":10,"turns":7},{"damage":5,"enemies":"Gremlin Gang","floor":13,"turns":4},{"damage":14,"enemies":"Large Slime","floor":14,"turns":6},{"damage":43,"enemies":"Slime Boss","floor":16,"turns":11}],"seed_played":"-9194041160305158810","potions_obtained":[{"floor":7,"key":"Fire Potion"},{"floor":13,"key":"ElixirPotion"},{"floor":14,"key":"Weak Potion"}],"is_trial":false,"path_per_floor":["M","M","?","$","M","R","E","R","T","E","R","?","M","M","R","B"],"character_chosen":"IRONCLAD","items_purchased":["Flex"],"campfire_rested":2,"item_purchase_floors":[4],"current_hp_per_floor":[72,72,54,54,54,54,38,38,38,16,37,37,38,33,55,12,12],"gold":410,"neow_bonus":"RANDOM_COLORLESS_2","is_daily":false,"chose_seed":false,"campfire_upgraded":2,"win_rate":0.0,"timestamp":1611064904,"path_taken":["M","M","?","$","M","R","E","R","T","E","R","?","M","?","R","BOSS"],"items_purchased_type":["Card"],"build_version":"2020-12-22","purchased_purges":1,"victory":false,"max_hp_per_floor":[72,72,72,72,72,72,72,72,72,72,72,72,72,75,75,75,75],"card_choices":[{"not_picked":["Mayhem","The Bomb"],"picked":"HandOfGreed","floor":0},{"not_picked":["Thunderclap","Clash"],"picked":"Evolve","floor":1},{"not_picked":["Iron Wave","Reckless Charge"],"picked":"Uppercut","floor":2},{"not_picked":["Sword Boomerang","Rage"],"picked":"Shrug It Off","floor":5},{"not_picked":["Ghostly Armor","Sword Boomerang"],"picked":"Second Wind","floor":7},{"not_picked":["Armaments","Corruption"],"picked":"Feed","floor":10},{"not_picked":["Anger","Pummel","Shrug It Off"],"picked":"SKIP","floor":13},{"not_picked":["Flex","Clothesline"],"picked":"Disarm","floor":14}],"player_experience":39695,"relics_obtained":[{"floor":7,"key":"War Paint"},{"floor":9,"key":"Potion Belt"},{"floor":10,"key":"PreservedInsect"}],"event_choices":[{"damage_healed":0,"gold_gain":0,"player_choice":"Take Damage","damage_taken":18,"relics_obtained":["Golden Idol"],"max_hp_gain":0,"max_hp_loss":0,"event_name":"Golden Idol","floor":3,"gold_loss":0},{"damage_healed":0,"gold_gain":0,"player_choice":"Ignored","damage_taken":0,"max_hp_gain":0,"max_hp_loss":0,"event_name":"NoteForYourself","floor":12,"gold_loss":0}],"is_beta":false,"boss_relics":[],"items_purged_floors":[4],"is_endless":false,"potions_floor_spawned":[7,13,14],"killed_by":"Slime Boss","ascension_level":5}}