{"host":"hjw1ay65n7jm40lc","time":1611029314,"event":{"mods":["AchievementEnabler","BaseMod","Block Reminder","Colored Map","Colored Powertips","Curses Come First","Downfall","Googly Eyes","Hermit","Highlight Path","Minty Spire (QoL Compilation)","Quick Restart","Relic Stats","StSLib"],"gold_per_floor":[99,116,216,216,236,252,252,13,44,58,158,158,158],"floor_reached":12,"language":"ENG","playtime":953,"items_purged":[],"score":94,"play_id":"d287e8b9-199e-419c-aa31-731ac794b2e7","local_time":"20210118230834","is_ascension_mode":true,"campfire_choices":[{"data":"bronze:Replicate","floor":1,"key":"SMITH"}],"circlet_count":0,"master_deck":["bronze:Strike","bronze:Strike","bronze:Strike","bronze:Defend","bronze:Defend","bronze:Defend","bronze:Defend","bronze:Replicate+1","bronze:Goto","bronze:Frontload","bronze:ChosenStrike","bronze:Constructor","bronze:FunctionCard"],"relics":["bronze:BronzeCore","FossilizedHelix","Blue Candle","champ:Barbells","Nunchaku"],"acts_visited":["Exordium"],"potions_floor_usage":[12],"damage_taken":[{"damage":0,"enemies":"Jaw Worm","floor":2,"turns":3},{"damage":0,"enemies":"2 Louse","floor":5,"turns":4},{"damage":0,"enemies":"Cultist","floor":6,"turns":5},{"damage":0,"enemies":"downfall:FleeingMerchant","floor":8,"turns":4},{"damage":12,"enemies":"Gremlin Nob","floor":9,"turns":5},{"damage":0,"enemies":"2 Fungi Beasts","floor":10,"turns":3},{"damage":40,"enemies":"3 Sentries","floor":12,"turns":11}],"seed_played":"6782723812562568981","potions_obtained":[{"floor":6,"key":"SkillPotion"},{"floor":9,"key":"FearPotion"}],"is_trial":false,"path_per_floor":["R","M","?","?","M","M","T","$","E","M","?","E"],"character_chosen":"THE_AUTOMATON","items_purchased":["champ:Barbells","bronze:ChosenStrike"],"campfire_rested":0,"item_purchase_floors":[8,8],"current_hp_per_floor":[49,49,49,49,49,49,49,49,37,37,37,0,0],"gold":158,"neow_bonus":"ONE_RARE_RELIC","is_daily":false,"chose_seed":false,"campfire_upgraded":1,"win_rate":0.0,"timestamp":1611029314,"path_taken":["R","M","?","?","?","M","T","$","E","M","?","E"],"items_purchased_type":["Relic","Card"],"build_version":"2020-12-22","purchased_purges":0,"victory":false,"max_hp_per_floor":[70,70,70,70,70,70,70,70,70,70,70,70,70],"relic_stats":{"Nunchaku":[2],"counters":[7,35],"Blue Candle":[0],"obtain_stats":[{"champ:Barbells":8,"Nunchaku":9,"bronze:BronzeCore":0,"Blue Candle":7,"FossilizedHelix":0},{"champ:Barbells":4,"Nunchaku":5,"bronze:BronzeCore":0,"Blue Candle":3,"FossilizedHelix":0},{"champ:Barbells":16,"Nunchaku":21,"bronze:BronzeCore":0,"Blue Candle":12,"FossilizedHelix":0}]},"card_choices":[{"not_picked":["bronze:Turbo","bronze:Deprecate"],"picked":"bronze:Frontload","floor":2},{"not_picked":["bronze:BugBarrage","bronze:Safeguard","bronze:Invalidate"],"picked":"SKIP","floor":5},{"not_picked":["bronze:Turbo","bronze:Frontload","bronze:BugBarrage"],"picked":"SKIP","floor":6},{"not_picked":["bronze:Invalidate","bronze:DelayedGuard"],"picked":"bronze:Hardcode","floor":8},{"not_picked":["bronze:ItsAFeature","bronze:Overheat"],"picked":"bronze:Constructor","floor":9},{"not_picked":["bronze:BitShift","bronze:Invalidate","bronze:Constructor"],"picked":"SKIP","floor":10}],"player_experience":940576,"relics_obtained":[{"floor":7,"key":"Blue Candle"},{"floor":9,"key":"Nunchaku"}],"event_choices":[],"is_beta":false,"boss_relics":[],"items_purged_floors":[],"is_endless":false,"potions_floor_spawned":[6,9],"killed_by":"3 Sentries","ascension_level":4}}