{"host":"on8kfoejf6vp3cg3","time":1611021925,"event":{"mods":["AchievementEnabler","BaseMod","Better Match","Better Third Choice","Block Reminder","Colored Map","Colored Powertips","Disable Question Mark Monsters","Googly Eyes","Hermit","Highlight Path","Minty Spire (QoL Compilation)","Permanent Neow","Poor People Problems","Rare Cards Sparkle","Replay The Spire","StSLib","The Blackbeard","The Bladedancer","The Cursed"],"gold_per_floor":[118,130,130,146,157,192,217,252,252,49,100,118,45,58,58,161,161,71,46,96,113,27,56,56,81,81,81,81,2,13,23,23,123,123,38,68,80,110,32,76,88,100,135,66,78,125,137,60,72,84],"floor_reached":51,"language":"ENG","playtime":3202,"items_purged":["blademaster:Quickstep","blademaster:OneTrickPony"],"score":1154,"play_id":"9a5f3367-21f3-4212-a062-432ad4f7a238","local_time":"20210118210525","daily_mods":["Insanity","Vintage","Heirloom","Time Dilation","Flight"],"is_ascension_mode":false,"campfire_choices":[{"floor":15.0,"key":"REST"},{"data":"blademaster:Cut","floor":24.0,"key":"SMITH"},{"data":"blademaster:Cut","floor":27.0,"key":"SMITH"},{"data":"blademaster:Cut","floor":28.0,"key":"SMITH"},{"data":"blademaster:Cut","floor":32.0,"key":"SMITH"},{"data":"blademaster:Cut","floor":45,"key":"SMITH"},{"data":"blademaster:Cut","floor":47,"key":"SMITH"},{"data":"blademaster:Cut","floor":49,"key":"SMITH"}],"circlet_count":0,"master_deck":["blademaster:Cut","blademaster:AspectOfLightning","blademaster:AspectOfWind","blademaster:Thrust","blademaster:AspectOfWind","blademaster:ThunderSlash","blademaster:AspectOfWind","blademaster:AwakeningStrike","blademaster:Sharpen","blademaster:Stability","blademaster:ParryingStrike","blademaster:AwakeningStrike","blademaster:AwakeningDefend","blademaster:Overcharge+1","blademaster:Slice","blademaster:Flurry","blademaster:Slice","blademaster:ThunderSlash","blademaster:Thrust","blademaster:Safeguard","blademaster:BloodyBlow","blademaster:DaggerAndCloak","blademaster:DaggerAndCloak","blademaster:TraverseCut","blademaster:Sunder","blademaster:Havoc","blademaster:BloodyBlow","blademaster:DragonStrike","blademaster:Thrust","blademaster:FuriousStrike","blademaster:Safeguard","blademaster:Havoc","blademaster:Cut","blademaster:Vortex","blademaster:Thrust","blademaster:Sunder+1","blademaster:ThunderingOpener","blademaster:LightningCrash","blademaster:AwakeningStrike","blademaster:Rupture","blademaster:DeadlyDance","blademaster:Flurry","blademaster:IcyWind","blademaster:ThunderSlash","blademaster:Frontflip","blademaster:SharpBlades","blademaster:AspectOfLightning","blademaster:KiBarrier","blademaster:ChargingUp","blademaster:Blindside","blademaster:AirSlash","ReplayTheSpireMod:IOU","ReplayTheSpireMod:IOU","ReplayTheSpireMod:IOU","blademaster:ThreePointStrike","blademaster:LeechingStrike","blademaster:ColdBlood","blademaster:Cut+3","ReplayTheSpireMod:IOU","blademaster:BrainBloom","ReplayTheSpireMod:IOU","ReplayTheSpireMod:IOU","blademaster:Stability","blademaster:AwakeningStrike","blademaster:ThreePointStrike"],"relics":["blademaster:DancersAmulet","Prayer Wheel","Torii","Simple Rune","ReplayTheSpireMod:Ninjato","Matryoshka","FossilizedHelix","Replay:Wax Seal","Replay:Accelerometer","Gremlin Food","Quantum Egg","Ice Cream","Bag of Marbles","HornCleat","ReplayTheSpireMod:Shallot","Oddly Smooth Stone","Bottled Flame","Pondfish Scales","Bottled Tornado","Ginger","Kunai","Replay:Rubber Ducky","Orichalcum","Letter Opener","Snack Pack","Busted Crown","MawBank","Question Card","Whetstone","Smiling Mask","Happy Flower","Ancient Tea Set","Vajra","Chameleon Ring"],"acts_visited":["Exordium","TheCity","TheBeyond"],"potions_floor_usage":[50,50,50,50,50],"damage_taken":[{"damage":7.0,"enemies":"2 Louse","floor":1.0,"turns":3.0},{"damage":11.0,"enemies":"Jaw Worm","floor":2.0,"turns":2.0},{"damage":0.0,"enemies":"Cultist","floor":4.0,"turns":3.0},{"damage":2.0,"enemies":"Lots of Slimes","floor":5.0,"turns":3.0},{"damage":18.0,"enemies":"3 Sentries","floor":6.0,"turns":4.0},{"damage":18.0,"enemies":"Lagavulin","floor":7.0,"turns":5.0},{"damage":16.0,"enemies":"3 Sentries","floor":8.0,"turns":4.0},{"damage":0.0,"enemies":"2 Fungi Beasts","floor":12.0,"turns":2.0},{"damage":0.0,"enemies":"Lagavulin","floor":13.0,"turns":3.0},{"damage":0.0,"enemies":"Looter","floor":14.0,"turns":1.0},{"damage":1.0,"enemies":"The Guardian","floor":16.0,"turns":5.0},{"damage":0.0,"enemies":"Spheric Guardian","floor":18.0,"turns":3.0},{"damage":0.0,"enemies":"Shell Parasite","floor":21.0,"turns":1.0},{"damage":0.0,"enemies":"Cultist and Chosen","floor":22.0,"turns":4.0},{"damage":6.0,"enemies":"Book of Stabbing","floor":23.0,"turns":3.0},{"damage":18.0,"enemies":"Slavers","floor":25.0,"turns":3.0},{"damage":0.0,"enemies":"Centurion and Healer","floor":30.0,"turns":2.0},{"damage":0.0,"enemies":"Snake Plant","floor":31.0,"turns":2.0},{"damage":8.0,"enemies":"Champ","floor":33.0,"turns":6.0},{"damage":0,"enemies":"3 Darklings","floor":35,"turns":2},{"damage":0,"enemies":"Orb Walker","floor":36,"turns":2},{"damage":0,"enemies":"Spire Growth","floor":38,"turns":3},{"damage":0,"enemies":"Maw","floor":39,"turns":3},{"damage":0,"enemies":"Reptomancer","floor":40,"turns":2},{"damage":0,"enemies":"4 Shapes","floor":44,"turns":2},{"damage":0,"enemies":"Nemesis","floor":46,"turns":3},{"damage":0,"enemies":"Sphere and 2 Shapes","floor":48,"turns":3},{"damage":9,"enemies":"Time Eater","floor":50,"turns":2}],"seed_played":"4740463708822208223","potions_obtained":[{"floor":5.0,"key":"Ancient Potion"},{"floor":8.0,"key":"FearPotion"},{"floor":12.0,"key":"Block Potion"},{"floor":21.0,"key":"EntropicBrew"},{"floor":30.0,"key":"DistilledChaos"},{"floor":35,"key":"LiquidBronze"}],"is_trial":true,"path_per_floor":["M","M","$","M","M","E","E","E","T","$","$","M","E","M","R","B",null,"M","$","$","M","M","E","R","E","T","R","R","$","M","M","R","B",null,"M","M","$","M","M","E","$","$","T","M","R","E","R","M","R","B",null],"character_chosen":"THE_BLADEMASTER","items_purchased":["Ice Cream","Bag of Marbles","HornCleat","blademaster:ThreePointStrike","blademaster:Cut","blademaster:BrainBloom","Pondfish Scales","Bottled Tornado","Reflective Coating"],"campfire_rested":1,"item_purchase_floors":[10,11,11,11,19,19,20,20,29],"current_hp_per_floor":[68,63,63,69,73,61,49,39,39,39,39,45,51,57,75,75,75,75,75,75,75,75,75,75,63,63,63,63,63,69,75,75,75,75,75,75,75,75,75,75,75,75,75,75,75,75,75,75,75,74],"gold":96,"neow_bonus":"","is_daily":false,"chose_seed":false,"campfire_upgraded":7,"win_rate":0.0,"timestamp":1611021925,"path_taken":["M","M","$","M","M","E","E","E","T","$","$","M","E","M","R","BOSS","M","$","$","M","M","E","R","E","T","R","R","$","M","M","R","BOSS","M","M","$","M","M","E","$","$","T","M","R","E","R","M","R","BOSS"],"items_purchased_type":["Relic","Relic","Relic","Card","Card","Card","Relic","Relic","Potion"],"build_version":"2020-12-22","purchased_purges":2,"victory":true,"max_hp_per_floor":[75,75,75,75,75,75,75,75,75,75,75,75,75,75,75,75,75,75,75,75,75,75,75,75,75,75,75,75,75,75,75,75,75,75,75,75,75,75,75,75,75,75,75,75,75,75,75,75,75,75],"card_choices":[{"not_picked":["blademaster:StanceMastery","blademaster:TraverseCut"],"picked":"blademaster:ChargingUp","floor":6.0},{"not_picked":["blademaster:CombatPrep","blademaster:BloodyBlow"],"picked":"blademaster:Blindside","floor":7.0},{"not_picked":["blademaster:CloudOfSteel","blademaster:Rupture"],"picked":"blademaster:AirSlash","floor":8.0},{"not_picked":["blademaster:Bloodbath","blademaster:LightningCrash"],"picked":"blademaster:LeechingStrike","floor":13.0},{"not_picked":["blademaster:StanceMastery","blademaster:CloudOfSteel"],"picked":"blademaster:ColdBlood","floor":16.0},{"not_picked":["blademaster:Havoc","blademaster:AspectOfWind"],"picked":"blademaster:Stability","floor":23.0},{"not_picked":["blademaster:SlyStabs","blademaster:KiBarrier"],"picked":"blademaster:AwakeningStrike","floor":25.0},{"not_picked":["blademaster:UnrelentingWind","blademaster:FlockOfBlades"],"picked":"blademaster:ThreePointStrike","floor":33.0},{"not_picked":["blademaster:AwakeningStrike","blademaster:LightningDraw"],"picked":"SKIP","floor":40},{"not_picked":["blademaster:BloodyBlow","blademaster:Overcharge"],"picked":"SKIP","floor":46}],"player_experience":474158,"relics_obtained":[{"floor":1.0,"key":"Torii"},{"floor":1.0,"key":"blademaster:StanceHealPerk"},{"floor":2.0,"key":"Simple Rune"},{"floor":2.0,"key":"blademaster:BonusFuryPerk"},{"floor":4.0,"key":"ReplayTheSpireMod:Ninjato"},{"floor":4.0,"key":"blademaster:OnAttackedChargePerk"},{"floor":5.0,"key":"Matryoshka"},{"floor":5.0,"key":"blademaster:StrongPerk"},{"floor":6.0,"key":"FossilizedHelix"},{"floor":6.0,"key":"blademaster:LightningChargePerk"},{"floor":7.0,"key":"Replay:Wax Seal"},{"floor":7.0,"key":"blademaster:BleedingMoreDamagePerk"},{"floor":8.0,"key":"Replay:Accelerometer"},{"floor":8.0,"key":"blademaster:RandomStancePerk"},{"floor":9.0,"key":"Gremlin Food"},{"floor":9.0,"key":"Quantum Egg"},{"floor":12.0,"key":"ReplayTheSpireMod:Shallot"},{"floor":12.0,"key":"blademaster:BonusComboPerk"},{"floor":13.0,"key":"Oddly Smooth Stone"},{"floor":13.0,"key":"blademaster:BleedingLaceratePerk"},{"floor":14.0,"key":"blademaster:RandomBladePerk"},{"floor":18.0,"key":"Bottled Flame"},{"floor":18.0,"key":"blademaster:ComboEveryTurnPerk"},{"floor":21.0,"key":"Ginger"},{"floor":21.0,"key":"blademaster:FuryEveryTurnPerk"},{"floor":22.0,"key":"Kunai"},{"floor":22.0,"key":"blademaster:WindChargePerk"},{"floor":23.0,"key":"Replay:Rubber Ducky"},{"floor":23.0,"key":"blademaster:DextrousPerk"},{"floor":25.0,"key":"blademaster:FinisherDrawCardPerk"},{"floor":26.0,"key":"Orichalcum"},{"floor":26.0,"key":"Letter Opener"},{"floor":31.0,"key":"Snack Pack"},{"floor":35,"key":"MawBank"},{"floor":36,"key":"Question Card"},{"floor":38,"key":"Whetstone"},{"floor":39,"key":"Smiling Mask"},{"floor":40,"key":"Happy Flower"},{"floor":43,"key":"Ancient Tea Set"},{"floor":46,"key":"Vajra"},{"floor":48,"key":"Chameleon Ring"}],"event_choices":[],"is_beta":false,"boss_relics":[{"not_picked":["Replay:Drink Me","Replay:Wanted Poster","Snecko Eye"]},{"not_picked":["ReplayTheSpireMod:DimensionalGlitch","Runic Pyramid"],"picked":"Busted Crown"}],"items_purged_floors":[11,19],"is_endless":false,"potions_floor_spawned":[4,5,8,12,14,21,30,33,35,40,46],"ascension_level":0}}