{"host":"3zmssa4s99zhxek5","time":1611043827,"event":{"mods":["AchievementEnabler","BaseMod","Minty Spire (QoL Compilation)","Permanent Neow","Relic Stats"],"gold_per_floor":[119,119,130,141,157,157,190,205,205,236,106,106,139,39,39,115,115,128,28,39,59,73,73,87,115,189,202,202,220,270,300,300,377,377,397,397,416,291,115,140,140,153,178,204,223,223,223],"floor_reached":46,"language":"KOR","playtime":2589,"items_purged":["Strike_R","Defend_R","Anger","Rampage"],"score":1284,"play_id":"3a764f77-c258-4611-a41b-8122e3a9d3cb","local_time":"20210119171027","is_ascension_mode":true,"campfire_choices":[{"data":"Uppercut","floor":6,"key":"SMITH"},{"data":"Uppercut","floor":12,"key":"SMITH"},{"data":"True Grit","floor":15,"key":"SMITH"},{"data":"Bludgeon","floor":23,"key":"SMITH"},{"data":"Bash","floor":28,"key":"SMITH"},{"data":"Shrug It Off","floor":32,"key":"SMITH"},{"data":"True Grit","floor":41,"key":"SMITH"}],"circlet_count":0,"master_deck":["AscendersBane","Bash+1","Uppercut+1","Sword Boomerang","Pommel Strike","True Grit+1","Uppercut+1","Shrug It Off+1","Dark Embrace","Bludgeon+1","Shrug It Off","Whirlwind+1","Entrench","Whirlwind+1","Feed","Headbutt","Spot Weakness","Burning Pact","Carnage","Clothesline","True Grit+1","Shrug It Off","Shockwave"],"relics":["Snecko Eye","Sundial","InkBottle","Self Forming Clay","Pantograph","Red Skull","SlaversCollar","Champion Belt","Eternal Feather","Strawberry","Pandora\u0027s Box","Dream Catcher","MealTicket","Bag of Marbles"],"acts_visited":["Exordium","TheCity","TheBeyond"],"potions_floor_usage":[7,10,16,25,33,33,44,46],"damage_taken":[{"damage":4.0,"enemies":"2 Louse","floor":1.0,"turns":3.0},{"damage":0.0,"enemies":"Cultist","floor":3.0,"turns":2.0},{"damage":11,"enemies":"Jaw Worm","floor":4,"turns":4},{"damage":5,"enemies":"Red Slaver","floor":5,"turns":2},{"damage":20,"enemies":"3 Sentries","floor":7,"turns":6},{"damage":6,"enemies":"Large Slime","floor":8,"turns":5},{"damage":0,"enemies":"Gremlin Nob","floor":10,"turns":3},{"damage":0,"enemies":"3 Sentries","floor":13,"turns":5},{"damage":3,"enemies":"The Guardian","floor":16,"turns":13},{"damage":11,"enemies":"2 Thieves","floor":18,"turns":3},{"damage":0,"enemies":"Spheric Guardian","floor":20,"turns":1},{"damage":18,"enemies":"Cultist and Chosen","floor":21,"turns":4},{"damage":1,"enemies":"Centurion and Healer","floor":22,"turns":2},{"damage":18,"enemies":"Snake Plant","floor":24,"turns":2},{"damage":0,"enemies":"Book of Stabbing","floor":25,"turns":3},{"damage":8,"enemies":"Snecko","floor":27,"turns":3},{"damage":0,"enemies":"Chosen and Byrds","floor":29,"turns":4},{"damage":0,"enemies":"Gremlin Leader","floor":31,"turns":4},{"damage":54,"enemies":"Champ","floor":33,"turns":8},{"damage":1,"enemies":"3 Shapes","floor":35,"turns":9},{"damage":11,"enemies":"Orb Walker","floor":37,"turns":2},{"damage":6,"enemies":"Nemesis","floor":40,"turns":5},{"damage":4,"enemies":"Spire Growth","floor":42,"turns":3},{"damage":32,"enemies":"Giant Head","floor":44,"turns":6},{"damage":9,"enemies":"Transient","floor":45,"turns":6},{"damage":13,"enemies":"3 Darklings","floor":46,"turns":2}],"seed_played":"-1373850836020645712","potions_obtained":[{"floor":3.0,"key":"SteroidPotion"},{"floor":7,"key":"HeartOfIron"},{"floor":8,"key":"Energy Potion"},{"floor":16,"key":"SpeedPotion"},{"floor":22,"key":"PowerPotion"},{"floor":25,"key":"Explosive Potion"},{"floor":29,"key":"LiquidMemories"},{"floor":35,"key":"PowerPotion"},{"floor":42,"key":"EssenceOfSteel"}],"is_trial":false,"path_per_floor":["M","?","M","M","M","R","E","M","T","E","$","R","E","?","R","B",null,"M","$","M","M","M","R","M","E","T","M","R","M","?","E","R","B",null,"M","?","M","$","$","E","R","M","T","E","M","M"],"character_chosen":"IRONCLAD","items_purchased":["BloodPotion","True Grit"],"campfire_rested":0,"item_purchase_floors":[11,39],"current_hp_per_floor":[64,64,64,53,48,48,28,22,22,22,22,22,22,22,22,59,71,60,60,60,42,41,41,23,23,23,15,24,24,24,31,43,14,65,67,57,46,46,46,40,52,48,48,16,7,0,0],"gold":223,"neow_bonus":"BOSS_RELIC","is_daily":false,"chose_seed":false,"campfire_upgraded":7,"win_rate":0.0,"timestamp":1611043827,"path_taken":["M","?","M","M","M","R","E","M","T","E","$","R","E","?","R","BOSS","M","$","?","M","M","R","?","E","T","M","R","?","?","E","R","BOSS","M","?","M","?","$","E","R","M","T","E","M","?"],"items_purchased_type":["Potion","Card"],"build_version":"2020-12-22","purchased_purges":4,"victory":false,"max_hp_per_floor":[75,75,75,75,75,75,75,75,75,75,75,75,75,75,75,75,75,75,75,75,75,75,75,75,75,75,75,75,75,75,82,82,82,82,85,85,85,85,85,85,85,85,85,85,85,85,85],"relic_stats":{"Dream Catcher":0,"counters":[26,110],"Sundial":[24],"Self Forming Clay":[69],"Pantograph":50,"Snecko Eye":[194,186,233,193],"Eternal Feather":33,"Pandora\u0027s Box":["Anger","Headbutt","Spot Weakness","Burning Pact","Carnage","Clothesline","Rampage"],"MealTicket":0,"Champion Belt":[36],"obtain_stats":[{"Self Forming Clay":10,"Eternal Feather":26,"Burning Blood":0,"SlaversCollar":17,"Dream Catcher":40,"Sundial":7,"Pantograph":13,"Strawberry":31,"Snecko Eye":0,"Pandora\u0027s Box":34,"MealTicket":43,"Bag of Marbles":44,"Champion Belt":25,"InkBottle":9,"Red Skull":14},{"Self Forming Clay":7,"Eternal Feather":15,"Burning Blood":0,"SlaversCollar":9,"Dream Catcher":22,"Sundial":5,"Pantograph":8,"Strawberry":18,"Snecko Eye":0,"Pandora\u0027s Box":19,"MealTicket":23,"Bag of Marbles":24,"Champion Belt":15,"InkBottle":6,"Red Skull":8},{"Self Forming Clay":25,"Eternal Feather":58,"Burning Blood":0,"SlaversCollar":43,"Dream Catcher":93,"Sundial":17,"Pantograph":30,"Strawberry":69,"Snecko Eye":0,"Pandora\u0027s Box":77,"MealTicket":96,"Bag of Marbles":102,"Champion Belt":58,"InkBottle":22,"Red Skull":30}],"InkBottle":[31]},"card_choices":[{"not_picked":["Sword Boomerang","Heavy Blade"],"picked":"Uppercut","floor":1.0},{"not_picked":["Havoc","Infernal Blade"],"picked":"Sword Boomerang","floor":3.0},{"not_picked":["Burning Pact","True Grit"],"picked":"Pommel Strike","floor":4},{"not_picked":["Dark Embrace","Rage"],"picked":"True Grit","floor":5},{"not_picked":["Ghostly Armor","True Grit"],"picked":"Uppercut","floor":7},{"not_picked":["Brutality","Clash","Headbutt"],"picked":"SKIP","floor":8},{"not_picked":["Ghostly Armor","Brutality"],"picked":"Shrug It Off","floor":10},{"not_picked":["Brutality","Armaments"],"picked":"Dark Embrace","floor":13},{"not_picked":["Limit Break","Berserk"],"picked":"Bludgeon","floor":16},{"not_picked":["Flex","Spot Weakness"],"picked":"Shrug It Off","floor":18},{"not_picked":["Uppercut+1","Intimidate"],"picked":"Whirlwind+1","floor":20},{"not_picked":["Whirlwind","Warcry","Headbutt"],"picked":"SKIP","floor":21},{"not_picked":["Burning Pact","Bloodletting","Sword Boomerang+1"],"picked":"SKIP","floor":22},{"not_picked":["Rage","Clothesline","Searing Blow"],"picked":"SKIP","floor":24},{"not_picked":["Rage","Clothesline","Searing Blow"],"picked":"SKIP","floor":24},{"not_picked":["Havoc","Whirlwind","Double Tap"],"picked":"SKIP","floor":25},{"not_picked":["Perfected Strike","Burning Pact","Armaments"],"picked":"SKIP","floor":27},{"not_picked":["Rampage","Dark Embrace"],"picked":"Entrench","floor":29},{"not_picked":["Iron Wave","Armaments"],"picked":"Whirlwind+1","floor":31},{"not_picked":["Double Tap","Berserk"],"picked":"Feed","floor":33},{"not_picked":["Thunderclap+1","Clothesline","Headbutt+1"],"picked":"SKIP","floor":35},{"not_picked":["Perfected Strike","Twin Strike","Clothesline"],"picked":"SKIP","floor":37},{"not_picked":["Pommel Strike","Anger+1"],"picked":"Shrug It Off","floor":40},{"not_picked":["Heavy Blade","Clothesline","Entrench"],"picked":"SKIP","floor":42},{"not_picked":["Anger","Brutality"],"picked":"Shockwave","floor":44},{"not_picked":["Sword Boomerang+1","Iron Wave","Rampage"],"picked":"SKIP","floor":45}],"player_experience":1522306,"relics_obtained":[{"floor":7,"key":"Sundial"},{"floor":9,"key":"InkBottle"},{"floor":10,"key":"Self Forming Clay"},{"floor":13,"key":"Pantograph"},{"floor":25,"key":"Champion Belt"},{"floor":26,"key":"Eternal Feather"},{"floor":31,"key":"Strawberry"},{"floor":40,"key":"Dream Catcher"},{"floor":43,"key":"MealTicket"},{"floor":44,"key":"Bag of Marbles"}],"event_choices":[{"damage_healed":0.0,"max_hp_gain":0.0,"max_hp_loss":0.0,"gold_gain":0.0,"event_name":"Liars Game","player_choice":"Ignored","floor":2.0,"gold_loss":0.0,"damage_taken":0.0},{"damage_healed":0,"gold_gain":0,"player_choice":"Paid Gold","damage_taken":0,"relics_obtained":["Red Skull"],"max_hp_gain":0,"max_hp_loss":0,"event_name":"WeMeetAgain","floor":14,"gold_loss":100},{"damage_healed":0,"gold_gain":50,"player_choice":"Stole From Cult","damage_taken":0,"max_hp_gain":0,"max_hp_loss":0,"event_name":"Nest","floor":30,"gold_loss":0},{"damage_healed":0,"gold_gain":0,"player_choice":"Memory 3","damage_taken":10,"max_hp_gain":0,"max_hp_loss":0,"event_name":"SensoryStone","floor":36,"gold_loss":0}],"is_beta":false,"boss_relics":[{"not_picked":["Busted Crown","Tiny House"],"picked":"SlaversCollar"},{"not_picked":["Philosopher\u0027s Stone","Empty Cage"],"picked":"Pandora\u0027s Box"}],"items_purged_floors":[11,19,38,39],"is_endless":false,"potions_floor_spawned":[3,7,8,16,22,24,25,29,35,42],"killed_by":"3 Darklings","ascension_level":20}}