{"host":"sdjng9zhqonqi3uc","time":1611083977,"event":{"mods":["2.2 Compatiblity","AchievementEnabler","BaseMod","Better Third Choice","BetterRewards","Colored Powertips","Downfall","Hero for Fun","Minty Spire (QoL Compilation)","Quick Restart","Shop Mod","Spicy Shops","StSLib","Td1madao Mod","The Animator","The Cursed","The Servant 0.9.4"],"gold_per_floor":[20,39,50,50,65,65,91,91,91,118,131,162,162,182,182,278,278,291,304,318,334,353,386,386,412,412,412,443,453,453,469,469,569,569,588,606,618,637,682,682,713,725,771,771,798,848,858,683,683,683],"floor_reached":51,"language":"ENG","playtime":432,"items_purged":["Defend_Y","Defend_Y"],"score":2102,"play_id":"7cd9227f-3216-4d44-8826-54ebe55820f1","local_time":"20210119201937","is_ascension_mode":true,"campfire_choices":[{"floor":6,"key":"REST"},{"data":"Serious_Punch","floor":8,"key":"SMITH"},{"data":"Toss_Stone","floor":15,"key":"SMITH"},{"data":"Normal_Punch","floor":24,"key":"SMITH"},{"data":"Slimebound:CheckThePlaybook","floor":32,"key":"SMITH"},{"data":"Slap","floor":40,"key":"SMITH"},{"data":"Strike_Y","floor":49,"key":"SMITH"}],"circlet_count":0,"master_deck":["AscendersBane","Strike_Y+1","Strike_Y","Strike_Y","Strike_Y+1","Strike_Y+1","Defend_Y","Defend_Y","Defend_Y","Slap+1","Normal_Punch+1","Toss_Stone+1","Serious_Punch+1","Toss_Stone+1","Slap+1","Slap+1"],"relics":["Cape","Singing Bowl","Kunai","Molten Egg 2","Whetstone","Bag of Preparation","Sozu","Gambling Chip","Bronze Scales","Pantograph","Oddly Smooth Stone","Empty Cage","Du-Vu Doll","Eternal Feather","Potion Belt","Meat on the Bone","Unceasing Top"],"acts_visited":["Exordium","TheCity","TheBeyond"],"potions_floor_usage":[],"damage_taken":[{"damage":0,"enemies":"Jaw Worm","floor":1,"turns":1},{"damage":0,"enemies":"2 Louse","floor":2,"turns":2},{"damage":0,"enemies":"Cultist","floor":3,"turns":1},{"damage":0,"enemies":"Gremlin Gang","floor":5,"turns":2},{"damage":0,"enemies":"3 Sentries","floor":7,"turns":2},{"damage":0,"enemies":"Gremlin Nob","floor":10,"turns":1},{"damage":0,"enemies":"Large Slime","floor":11,"turns":1},{"damage":0,"enemies":"3 Sentries","floor":12,"turns":1},{"damage":0,"enemies":"Looter","floor":14,"turns":1},{"damage":0,"enemies":"Hexaghost","floor":16,"turns":1},{"damage":0,"enemies":"Shell Parasite","floor":18,"turns":1},{"damage":0,"enemies":"2 Thieves","floor":19,"turns":1},{"damage":0,"enemies":"3 Cultists","floor":20,"turns":1},{"damage":0,"enemies":"Snake Plant","floor":21,"turns":1},{"damage":0,"enemies":"Cultist and Chosen","floor":22,"turns":1},{"damage":0,"enemies":"Gremlin Leader","floor":23,"turns":1},{"damage":0,"enemies":"Book of Stabbing","floor":25,"turns":1},{"damage":0,"enemies":"Slavers","floor":28,"turns":1},{"damage":0,"enemies":"Snecko","floor":29,"turns":1},{"damage":0,"enemies":"3 Cultists","floor":31,"turns":1},{"damage":0,"enemies":"Champ","floor":33,"turns":1},{"damage":0,"enemies":"3 Shapes","floor":35,"turns":1},{"damage":0,"enemies":"Orb Walker","floor":36,"turns":1},{"damage":0,"enemies":"Writhing Mass","floor":37,"turns":1},{"damage":0,"enemies":"Sphere and 2 Shapes","floor":38,"turns":1},{"damage":0,"enemies":"2 Orb Walkers","floor":39,"turns":1},{"damage":0,"enemies":"Giant Head","floor":41,"turns":1},{"damage":0,"enemies":"Jaw Worm Horde","floor":42,"turns":1},{"damage":0,"enemies":"Nemesis","floor":45,"turns":1},{"damage":0,"enemies":"Mind Bloom Boss Battle","floor":46,"turns":1},{"damage":0,"enemies":"Spire Growth","floor":47,"turns":1},{"damage":0,"enemies":"Time Eater","floor":50,"turns":1}],"seed_played":"-3755891812295680966","potions_obtained":[{"floor":2,"key":"ColorlessPotion"},{"floor":11,"key":"AttackPotion"},{"floor":12,"key":"Block Potion"}],"is_trial":false,"path_per_floor":["M","M","M","?","M","R","E","R","T","E","M","E","?","M","R","B",null,"M","M","M","M","M","E","R","E","T","?","E","M","?","M","R","B",null,"M","M","M","M","?","R","E","M","T","?","E","?","M","$","R","B",null],"character_chosen":"OPM","items_purchased":[],"campfire_rested":1,"item_purchase_floors":[],"current_hp_per_floor":[899,899,899,899,899,999,999,999,999,1001,1003,1003,1003,1003,1003,1005,1005,1005,1007,1009,1009,1011,1013,1013,1015,1015,914,916,916,916,916,916,916,916,916,916,916,916,918,918,920,920,920,922,924,926,928,928,928,928],"gold":683,"neow_bonus":"","is_daily":false,"chose_seed":false,"campfire_upgraded":6,"win_rate":0.0,"timestamp":1611083977,"path_taken":["M","M","M","?","M","R","E","R","T","E","M","E","?","M","R","BOSS","M","?","M","M","?","E","R","E","T","?","E","M","?","M","R","BOSS","M","M","M","M","?","R","E","M","T","?","E","?","M","$","R","BOSS"],"items_purchased_type":[],"build_version":"2020-12-22","purchased_purges":2,"victory":true,"max_hp_per_floor":[999,999,999,999,999,999,999,999,999,1001,1003,1003,1003,1003,1003,1005,1005,1005,1007,1009,1009,1011,1013,1013,1015,1015,914,916,916,916,916,916,916,916,916,916,916,916,918,918,920,920,920,922,924,926,928,928,928,928],"card_choices":[{"not_picked":["Side_Hop","Yawn","Slap"],"picked":"SKIP","floor":1},{"not_picked":["Yawn","Normal_Punch"],"picked":"Slap","floor":2},{"not_picked":["Slap","Side_Hop"],"picked":"Normal_Punch","floor":3},{"not_picked":["Ignore","Side_Hop"],"picked":"Toss_Stone","floor":5},{"not_picked":["Side_Hop","Yawn"],"picked":"Serious_Punch","floor":7},{"not_picked":["Side_Hop","Ignore","Wear_Disguise"],"picked":"Singing Bowl","floor":10},{"not_picked":["Side_Hop","Ignore","Normal_Punch+1"],"picked":"Singing Bowl","floor":11},{"not_picked":["Consecutive_Normal_Punch+1","Side_Hop"],"picked":"Toss_Stone+1","floor":12},{"not_picked":["Side_Hop","Hop"],"picked":"Slap+1","floor":14},{"not_picked":["Get_Hopes_Up","Terrifying_Presence","Serious_Side_Hops"],"picked":"Singing Bowl","floor":16},{"not_picked":["Side_Hop","Consecutive_Normal_Punch+1"],"picked":"Slap+1","floor":18},{"not_picked":["Side_Hop","Hop","Ignore"],"picked":"Singing Bowl","floor":19},{"not_picked":["Slap+1","Hop","Consecutive_Normal_Punch+1"],"picked":"Singing Bowl","floor":20},{"not_picked":["Side_Hop","Slap+1","Do_Nothing"],"picked":"SKIP","floor":21},{"not_picked":["Get_Hopes_Up","Ignore","Slap+1"],"picked":"Singing Bowl","floor":22},{"not_picked":["Yawn","Toss_Stone+1","Ignore"],"picked":"Singing Bowl","floor":23},{"not_picked":["Yawn","Consecutive_Normal_Punch+1","Slap+1"],"picked":"Singing Bowl","floor":25},{"not_picked":["Hip_Strike+1","Toss_Stone+1","Terrifying_Presence"],"picked":"Singing Bowl","floor":28},{"not_picked":["Ignore","Consecutive_Normal_Punch+1","Slap+1"],"picked":"SKIP","floor":29},{"not_picked":["Normal_Punch+1","Yawn","Do_Nothing"],"picked":"SKIP","floor":31},{"not_picked":["Normal_Punch+1","Wear_Disguise+1","Ignore"],"picked":"SKIP","floor":35},{"not_picked":["Toss_Stone+1","Do_Nothing","Ignore"],"picked":"SKIP","floor":36},{"not_picked":["Do_Nothing","Side_Hop+1","Wear_Disguise+1"],"picked":"SKIP","floor":37},{"not_picked":["Normal_Punch+1","Ignore","Side_Hop+1"],"picked":"SKIP","floor":38},{"not_picked":["Hop+1","Slap+1","Side_Hop"],"picked":"Singing Bowl","floor":39},{"not_picked":["Serious_Punch+1","Slap+1","Toss_Stone+1"],"picked":"Singing Bowl","floor":41},{"not_picked":["Toss_Stone+1","Hop","Slap+1"],"picked":"SKIP","floor":42},{"not_picked":["Panacea","Metamorphosis","Mind Blast+1"],"picked":"Singing Bowl","floor":44},{"not_picked":["Do_Nothing","Yawn+1","Normal_Punch+1"],"picked":"Singing Bowl","floor":45},{"not_picked":["Hop+1","Slap+1","Consecutive_Normal_Punch+1"],"picked":"Singing Bowl","floor":46},{"not_picked":["Yawn+1","Slap+1","Wear_Disguise+1"],"picked":"Singing Bowl","floor":47}],"player_experience":345189,"relics_obtained":[{"floor":7,"key":"Kunai"},{"floor":9,"key":"Molten Egg 2"},{"floor":10,"key":"Whetstone"},{"floor":12,"key":"Bag of Preparation"},{"floor":23,"key":"Gambling Chip"},{"floor":25,"key":"Bronze Scales"},{"floor":26,"key":"Pantograph"},{"floor":28,"key":"Oddly Smooth Stone"},{"floor":39,"key":"Du-Vu Doll"},{"floor":41,"key":"Eternal Feather"},{"floor":43,"key":"Potion Belt"},{"floor":45,"key":"Meat on the Bone"},{"floor":46,"key":"Unceasing Top"}],"event_choices":[{"damage_healed":0,"gold_gain":0,"player_choice":"Box","damage_taken":0,"relics_obtained":["Singing Bowl"],"max_hp_gain":0,"max_hp_loss":0,"event_name":"Big Fish","floor":4,"gold_loss":0,"cards_obtained":["Regret"]},{"damage_healed":0,"gold_gain":0,"player_choice":"Bought 0 Potions","damage_taken":0,"max_hp_gain":0,"max_hp_loss":0,"event_name":"The Woman in Blue","floor":13,"gold_loss":0},{"damage_healed":302,"gold_gain":0,"player_choice":"Heal","damage_taken":0,"max_hp_gain":0,"max_hp_loss":0,"event_name":"The Library","floor":30,"gold_loss":0},{"damage_healed":0,"gold_gain":0,"player_choice":"Fight","damage_taken":0,"max_hp_gain":0,"max_hp_loss":0,"event_name":"Mysterious Sphere","floor":39,"gold_loss":0},{"damage_healed":0,"gold_gain":0,"player_choice":"Memory 1","damage_taken":0,"max_hp_gain":0,"max_hp_loss":0,"event_name":"SensoryStone","floor":44,"gold_loss":0},{"damage_healed":0,"gold_gain":0,"player_choice":"Fight","damage_taken":0,"max_hp_gain":0,"max_hp_loss":0,"event_name":"MindBloom","floor":46,"gold_loss":0}],"is_beta":false,"boss_relics":[{"not_picked":["Cursed Key","Pandora\u0027s Box"],"picked":"Sozu"},{"not_picked":["Calling Bell","Astrolabe"],"picked":"Empty Cage"}],"items_purged_floors":[48,48],"is_endless":false,"potions_floor_spawned":[2,7,11,12,18,20,23,25,29,35,36,45,46,47],"ascension_level":10}}