{"host":"2i0myh7fqij2ti1z","time":1611031192,"event":{"mods":["Aspiration","BaseMod","Better Third Choice","Colored Powertips","Conspire","Evolution","FoggyMod","GifTheSpireLib","Highlight Path","Hubris","Minty Spire (QoL Compilation)","Permanent Neow","Quick Restart","Random Character Button","Random Character Mod","Replay The Spire","Shop Mod","Spicy Shops","StSLib","Stuff the Spire","Wandering Minibosses","vexMod","óô»ðÖ¸ÄÏ"],"gold_per_floor":[615,353,303,78,78,78,93,93,93,122,136,111,8,38,38,136,136,653,503,503,602,602,1130,1130,1130,1130,661,1190,1190,1215,2315,1266,1862,1862,2381,2381,1779,1779,1636,1665,2184,2214,2214,2740,2352,2352,2352,2352,2352,2352,2352,2197,2161,2686,2686],"floor_reached":56,"language":"ENG","playtime":2281,"items_purged":["Defend_R","Defend_R","Defend_R","Strike_R","Amnesia","ReplayTheSpireMod:LeadingStrike","Strike_R","Cleave","Bash","conspire:Purge"],"score":2070,"play_id":"26e94c5b-1ac5-4918-9efa-30dd7e040dac","local_time":"20210119123952","is_ascension_mode":true,"campfire_choices":[{"floor":15,"key":"REST"},{"data":"Metamorphosis","floor":25,"key":"SMITH"},{"floor":49,"key":"RECALL"}],"circlet_count":0,"master_deck":["Metamorphosis+1","Hemogenesis","Carnage+1","Feel No Pain","Uppercut+1","ReplayTheSpireMod:Limb From Limb+1","ReplayTheSpireMod:Brewmster","Body Slam"],"relics":["EVO:Axolotl","aspiration:PoetsPen_weak","ReplayTheSpireMod:Ring of Challenge","StuffTheSpire:DarkSteelAnvil","aspiration:DSix","Pet Ghost","StuffTheSpire:Rhapsscallions","Gremlin Food","Torii","hubris:BlackHole","Vajra","wanderingMiniBosses:OtherGremlinHorn","ReplayTheSpireMod:Ring of Addiction","Chameleon Ring","Toy Ornithopter","Ring of Hypnosis","White Beast Statue","Pen Nib","hubris:Backtick","Dead Branch","Replay:Mystery Machine","hubris:Spice","Potion Belt","Pocketwatch","hubris:EvacipatedBox","Replay:Multitool","hubris:SphereOfDissonance","Darkstone Periapt","Thread and Needle","Membership Card","vexMod:RedPlottingStone","Anchor","ReplayFunnel","Toxic Egg 2","StuffTheSpire:GreaterSneckoEye","Ginger","StuffTheSpire:OldFever"],"acts_visited":["Exordium","TheCity","TheBeyond","TheEnding"],"potions_floor_usage":[23,35,40,44,53,55,55],"damage_taken":[{"damage":34,"enemies":"Cultist","floor":1,"turns":5},{"damage":0,"enemies":"Small Slimes","floor":7,"turns":2},{"damage":30,"enemies":"3 Sentries","floor":10,"turns":4},{"damage":5,"enemies":"2 Louse","floor":11,"turns":2},{"damage":0,"enemies":"Gremlin Nob","floor":14,"turns":2},{"damage":7,"enemies":"Hexaghost","floor":16,"turns":4},{"damage":1,"enemies":"Shell Parasite","floor":18,"turns":2},{"damage":0,"enemies":"conspire:SneckoGhost","floor":23,"turns":2},{"damage":0,"enemies":"Book of Stabbing","floor":28,"turns":1},{"damage":7,"enemies":"Colosseum Slavers","floor":31,"turns":1},{"damage":17,"enemies":"Colosseum Nobs","floor":31,"turns":1},{"damage":25,"enemies":"hubris:MusketHawk","floor":33,"turns":3},{"damage":5,"enemies":"Orb Walker","floor":35,"turns":1},{"damage":0,"enemies":"R_Hoarder","floor":40,"turns":2},{"damage":0,"enemies":"3 Darklings","floor":41,"turns":1},{"damage":7,"enemies":"Giant Head","floor":42,"turns":1},{"damage":5,"enemies":"R_Hoarder","floor":44,"turns":1},{"damage":2,"enemies":"conspire:OrnateMirror","floor":50,"turns":1},{"damage":6,"enemies":"Shield and Spear","floor":54,"turns":1},{"damage":8,"enemies":"The Heart","floor":55,"turns":3}],"seed_played":"4521999031077198842","potions_obtained":[{"floor":14,"key":"Adrenaline Potion"},{"floor":16,"key":"SpeedPotion"},{"floor":20,"key":"BloodPotion"},{"floor":20,"key":"AttackPotion"},{"floor":23,"key":"LifebloodPotion"},{"floor":28,"key":"Swift Potion"},{"floor":31,"key":"Ancient Potion"},{"floor":35,"key":"Explosive Potion"},{"floor":40,"key":"ColorlessPotion"},{"floor":44,"key":"Dexterity Potion"}],"is_trial":false,"path_per_floor":["M","$","?","$","?","?","M","?","T","E","M","?","$","E","R","B",null,"M","$","?","?","?","E","M","R","T","$","E","$","T","?","R","B",null,"M","?","$","?","$","E","M","E","T","E","$","?","$","?","R","B",null,"R","$","E","B",null],"character_chosen":"IRONCLAD","items_purchased":["Metamorphosis","ReplayTheSpireMod:LeadingStrike","hubris:Spice","hubris:Spice","hubris:EvacipatedBox","hubris:Spice","hubris:Spice","Membership Card","hubris:Spice","vexMod:RedPlottingStone","hubris:Spice","hubris:Spice","ReplayTheSpireMod:Brewmster","Ginger","Dexterity Potion"],"campfire_rested":1,"item_purchase_floors":[2,13,27,29,29,32,32,37,37,37,37,39,45,52,53],"current_hp_per_floor":[46,46,46,46,39,39,39,39,46,16,11,11,11,11,37,30,87,86,86,86,86,86,87,87,87,87,93,93,57,57,33,33,39,71,69,59,53,53,43,43,43,33,33,15,15,45,45,45,45,43,61,61,61,51,43],"gold":2686,"neow_bonus":"BOSS_RELIC","is_daily":false,"chose_seed":false,"campfire_upgraded":1,"win_rate":0.0,"timestamp":1611031192,"path_taken":["M","$","?","$","?","?","?","?","T","E","?","?","$","E","R","BOSS","M","$","?","?","?","E","?","R","T","$","E","?","?","?","R","BOSS","M","?","$","?","$","E","?","E","T","E","$","?","?","?","R","BOSS","R","$","E","BOSS"],"items_purchased_type":["Card","Card","Relic","Relic","Relic","Relic","Relic","Relic","Relic","Relic","Relic","Relic","Card","Relic","Potion"],"build_version":"2020-12-22","purchased_purges":10,"victory":true,"max_hp_per_floor":[80,80,80,80,80,80,80,80,87,87,87,87,87,87,87,87,87,87,87,87,87,87,87,87,87,87,93,93,101,99,99,83,79,71,69,69,53,53,43,43,43,33,33,15,15,65,65,63,63,63,61,61,61,51,51],"card_choices":[{"not_picked":["Sword Boomerang","Perfected Strike"],"picked":"Uppercut","floor":1},{"not_picked":["Twin Strike","Havoc","StuffTheSpire:BloodClot"],"picked":"SKIP","floor":7},{"not_picked":["StuffTheSpire:Slingshot","Seeing Red"],"picked":"conspire:Purge","floor":10},{"not_picked":["Flex","Intimidate","Thunderclap"],"picked":"SKIP","floor":11},{"not_picked":["StuffTheSpire:Slingshot","StuffTheSpire:RockThrow","Flex"],"picked":"SKIP","floor":14},{"not_picked":["StuffTheSpire:TitanForm","Impervious"],"picked":"Hemogenesis","floor":16},{"not_picked":["Clothesline","Thunderclap"],"picked":"Carnage+1","floor":18},{"not_picked":["Evolve+1","ReplayTheSpireMod:LeadingStrike"],"picked":"Feel No Pain","floor":23},{"not_picked":["True Grit+1","Twin Strike","Bloodletting"],"picked":"SKIP","floor":28},{"not_picked":["hubris:SpiceAddiction","Bludgeon"],"picked":"hubris:SpiceAddiction","floor":33},{"not_picked":["Armaments+1","Life Link+1"],"picked":"hubris:SpiceAddiction","floor":35},{"not_picked":["Reckless Charge+1","Shrug It Off+1"],"picked":"Uppercut+1","floor":40},{"not_picked":["StuffTheSpire:Incineration","Run Through"],"picked":"ReplayTheSpireMod:Limb From Limb+1","floor":41},{"not_picked":["conspire:Charge+1","hubris:ReadiedAction+1"],"picked":"hubris:SpiceAddiction","floor":42},{"not_picked":["Searing Blow+1","Anger","Inflame+1"],"picked":"SKIP","floor":44},{"not_picked":["Second Wind+1","Shrug It Off+1"],"picked":"hubris:SpiceAddiction","floor":54}],"player_experience":246000,"relics_obtained":[{"floor":1,"key":"Pet Ghost"},{"floor":9,"key":"StuffTheSpire:Rhapsscallions"},{"floor":10,"key":"Gremlin Food"},{"floor":14,"key":"Torii"},{"floor":18,"key":"Vajra"},{"floor":18,"key":"wanderingMiniBosses:OtherGremlinHorn"},{"floor":20,"key":"ReplayTheSpireMod:Ring of Addiction"},{"floor":20,"key":"Chameleon Ring"},{"floor":20,"key":"Toy Ornithopter"},{"floor":20,"key":"Ring of Hypnosis"},{"floor":23,"key":"White Beast Statue"},{"floor":23,"key":"Pen Nib"},{"floor":26,"key":"Replay:Mystery Machine"},{"floor":28,"key":"Potion Belt"},{"floor":28,"key":"Pocketwatch"},{"floor":31,"key":"Replay:Multitool"},{"floor":31,"key":"hubris:SphereOfDissonance"},{"floor":33,"key":"Darkstone Periapt"},{"floor":35,"key":"Thread and Needle"},{"floor":40,"key":"Anchor"},{"floor":41,"key":"ReplayFunnel"},{"floor":42,"key":"hubris:Spice"},{"floor":43,"key":"Toxic Egg 2"},{"floor":44,"key":"hubris:Spice"},{"floor":44,"key":"hubris:Spice"},{"floor":46,"key":"StuffTheSpire:GreaterSneckoEye"},{"floor":54,"key":"StuffTheSpire:OldFever"},{"floor":54,"key":"hubris:Spice"}],"event_choices":[{"cards_removed":["Defend_R"],"damage_healed":0,"gold_gain":0,"player_choice":"Card Removal","damage_taken":0,"max_hp_gain":0,"max_hp_loss":0,"event_name":"The Cleric","floor":3,"gold_loss":50},{"damage_healed":0,"gold_gain":0,"player_choice":"Ignored","damage_taken":78,"max_hp_gain":0,"max_hp_loss":0,"event_name":"betterThird:BetterSerpent","floor":6,"gold_loss":0},{"damage_healed":0,"gold_gain":0,"cards_transformed":["StuffTheSpire:Innocence"],"player_choice":"Transformed","damage_taken":0,"max_hp_gain":0,"max_hp_loss":0,"event_name":"Transmorgrifier","floor":8,"gold_loss":0,"cards_obtained":["conspire:ExplosiveBarrier"]},{"damage_healed":0,"gold_gain":99,"player_choice":"Steal","damage_taken":0,"max_hp_gain":0,"max_hp_loss":0,"event_name":"betterThird:BetterNest","floor":21,"gold_loss":0},{"damage_healed":0,"gold_gain":0,"player_choice":"1 cards matched","damage_taken":0,"max_hp_gain":0,"max_hp_loss":0,"event_name":"Match and Keep!","floor":22,"gold_loss":0,"cards_obtained":["Blind"]},{"damage_healed":0,"gold_gain":0,"player_choice":"Fight","damage_taken":0,"max_hp_gain":0,"max_hp_loss":0,"event_name":"Colosseum","floor":31,"gold_loss":0},{"damage_healed":0,"gold_gain":0,"player_choice":"Fought Nobs","damage_taken":0,"max_hp_gain":0,"max_hp_loss":0,"event_name":"Colosseum","floor":31,"gold_loss":0},{"damage_healed":0,"gold_gain":0,"player_choice":"Memory 3","damage_taken":10,"max_hp_gain":0,"max_hp_loss":0,"event_name":"SensoryStone","floor":36,"gold_loss":0},{"damage_healed":0,"gold_gain":0,"player_choice":"Bought 0 Potions","damage_taken":0,"max_hp_gain":0,"max_hp_loss":0,"event_name":"The Woman in Blue","floor":38,"gold_loss":0}],"is_beta":false,"boss_relics":[{"not_picked":["StuffTheSpire:ModemDavis","Empty Cage"],"picked":"hubris:BlackHole"},{"not_picked":["Busted Crown","Astrolabe","Black Star"],"picked":"hubris:Spice"}],"items_purged_floors":[2,4,4,19,27,29,32,32,45,45],"is_endless":false,"potions_floor_spawned":[14,16,23,28,31,31,33,35,40,41,42,44,54],"ascension_level":4}}