{"host":"ad59wuc8ynh8u2z6","time":1611082358,"event":{"mods":["AchievementEnabler","BaseMod","Colored Powertips","DeckTracker","Highlight Path","Minty Spire (QoL Compilation)","Permanent Neow"],"gold_per_floor":[109,34,50,50,70,96,96,125,175,175,175,194,94,127,127,224,224,239,239,239,114,129,162,162,195,195,221,221,221,247,247,247,344,344,363,413,425,425,437,465,465,493,540,540,552,569,50,82,82,82],"floor_reached":51,"language":"ENG","playtime":3506,"items_purged":["Strike_G","Strike_G","Glass Knife"],"score":1097,"play_id":"8a3cb3a3-78d2-464c-ad07-4639a7fb9404","local_time":"20210119195238","is_ascension_mode":true,"campfire_choices":[{"data":"Footwork","floor":7.0,"key":"SMITH"},{"data":"Caltrops","floor":10.0,"key":"SMITH"},{"data":"Leg Sweep","floor":15.0,"key":"SMITH"},{"data":"Footwork","floor":24.0,"key":"SMITH"},{"data":"Neutralize","floor":29.0,"key":"SMITH"},{"data":"Backflip","floor":32.0,"key":"SMITH"},{"data":"After Image","floor":41,"key":"SMITH"},{"floor":44,"key":"RECALL"},{"data":"Caltrops","floor":49,"key":"SMITH"}],"circlet_count":0,"master_deck":["Defend_G","Defend_G","Defend_G","Defend_G","Defend_G","Survivor","Neutralize+1","Backflip+1","Footwork+1","Dagger Throw","Leg Sweep+1","Caltrops+1","Escape Plan","All Out Attack","Footwork+1","Burst+1","After Image+1","Backflip+1","Well Laid Plans+1","Crippling Poison+1","Caltrops+1","Noxious Fumes"],"relics":["Ring of the Snake","Mercury Hourglass","MealTicket","Tiny Chest","White Beast Statue","Sozu","Toy Ornithopter","Incense Burner","Toxic Egg 2","Oddly Smooth Stone","Mango","Torii","SlaversCollar","StoneCalendar","Bottled Flame","Mummified Hand","Tough Bandages","Bronze Scales","Snake Skull","Unceasing Top","Eternal Feather"],"acts_visited":["Exordium","TheCity","TheBeyond"],"potions_floor_usage":[50],"damage_taken":[{"damage":0.0,"enemies":"Cultist","floor":1.0,"turns":3.0},{"damage":0.0,"enemies":"Jaw Worm","floor":3.0,"turns":3.0},{"damage":0.0,"enemies":"2 Louse","floor":5.0,"turns":2.0},{"damage":16.0,"enemies":"3 Sentries","floor":6.0,"turns":13.0},{"damage":5.0,"enemies":"Lagavulin","floor":8.0,"turns":11.0},{"damage":0.0,"enemies":"Large Slime","floor":12.0,"turns":4.0},{"damage":13.0,"enemies":"Gremlin Nob","floor":14.0,"turns":5.0},{"damage":1.0,"enemies":"The Guardian","floor":16.0,"turns":14.0},{"damage":0.0,"enemies":"Shell Parasite","floor":18.0,"turns":6.0},{"damage":0.0,"enemies":"3 Byrds","floor":22.0,"turns":4.0},{"damage":7.0,"enemies":"Gremlin Leader","floor":23.0,"turns":7.0},{"damage":0.0,"enemies":"Book of Stabbing","floor":25.0,"turns":7.0},{"damage":20.0,"enemies":"Gremlin Leader","floor":30.0,"turns":9.0},{"damage":0.0,"enemies":"Automaton","floor":33.0,"turns":20.0},{"damage":13.0,"enemies":"Orb Walker","floor":35.0,"turns":8.0},{"damage":0.0,"enemies":"Mind Bloom Boss Battle","floor":36.0,"turns":14.0},{"damage":8.0,"enemies":"3 Darklings","floor":37.0,"turns":7.0},{"damage":0,"enemies":"Sphere and 2 Shapes","floor":39,"turns":7},{"damage":1,"enemies":"Reptomancer","floor":40,"turns":7},{"damage":0,"enemies":"Nemesis","floor":42,"turns":7},{"damage":0,"enemies":"Writhing Mass","floor":45,"turns":6},{"damage":1,"enemies":"3 Darklings","floor":46,"turns":5},{"damage":0,"enemies":"Reptomancer","floor":48,"turns":6},{"damage":0,"enemies":"Time Eater","floor":50,"turns":14}],"seed_played":"211904424525535768","potions_obtained":[{"floor":8.0,"key":"Regen Potion"},{"floor":12.0,"key":"Ancient Potion"},{"floor":14.0,"key":"SmokeBomb"},{"floor":16.0,"key":"PowerPotion"}],"is_trial":false,"path_per_floor":["M","$","M","?","M","E","R","E","T","R","?","M","$","E","R","B",null,"M","$","?","$","M","E","R","E","T","T","?","R","E","?","R","B",null,"M","?","M","T","M","E","R","E","T","R","M","M","$","E","R","B",null],"character_chosen":"THE_SILENT","items_purchased":["Snake Skull","Noxious Fumes","Unceasing Top"],"campfire_rested":0,"item_purchase_floors":[47,47,47],"current_hp_per_floor":[49,49,49,42,42,26,26,21,21,21,21,21,36,23,23,22,70,70,70,70,70,70,63,63,63,63,63,63,63,57,57,57,57,84,71,71,63,63,63,62,62,62,62,62,62,61,76,76,84,84],"gold":82,"neow_bonus":"THREE_RARE_CARDS","is_daily":false,"chose_seed":false,"campfire_upgraded":8,"win_rate":0.0,"timestamp":1611082358,"path_taken":["M","?","M","?","M","E","R","E","T","R","?","M","$","E","R","BOSS","M","$","?","$","?","E","R","E","T","?","?","R","E","?","R","BOSS","M","?","M","?","M","E","R","E","T","R","M","M","$","E","R","BOSS"],"items_purchased_type":["Relic","Card","Relic"],"build_version":"2020-12-22","purchased_purges":3,"victory":true,"max_hp_per_floor":[70,70,70,70,70,70,70,70,70,70,70,70,70,70,70,70,70,70,70,70,70,70,70,70,70,70,70,70,70,84,84,84,84,84,84,84,84,84,84,84,84,84,84,84,84,84,84,84,84,84],"card_choices":[{"not_picked":["Malaise","Bullet Time"],"picked":"Glass Knife","floor":0.0},{"not_picked":["Poisoned Stab","Underhanded Strike"],"picked":"Backflip","floor":1.0},{"not_picked":["Outmaneuver","Endless Agony"],"picked":"Footwork","floor":3.0},{"not_picked":["Backstab","Flying Knee"],"picked":"Dagger Throw","floor":5.0},{"not_picked":["Heel Hook","Accuracy"],"picked":"Leg Sweep","floor":6.0},{"not_picked":["Bane","Slice"],"picked":"Caltrops","floor":8.0},{"not_picked":["Outmaneuver","Skewer","Poisoned Stab"],"picked":"SKIP","floor":12.0},{"not_picked":["Die Die Die","Wraith Form v2"],"picked":"Escape Plan","floor":14.0},{"not_picked":["Eviscerate+1","Dagger Throw","Expertise"],"picked":"SKIP","floor":18.0},{"not_picked":["Tactician","PiercingWail+1","Cloak And Dagger"],"picked":"SKIP","floor":22.0},{"not_picked":["Dagger Spray+1","Reflex"],"picked":"Footwork","floor":23.0},{"not_picked":["Prepared","Poisoned Stab","Flechettes"],"picked":"SKIP","floor":25.0},{"not_picked":["Flechettes+1","Cloak And Dagger+1","Bane+1"],"picked":"SKIP","floor":30.0},{"not_picked":["Unload","Malaise+1"],"picked":"After Image","floor":33.0},{"not_picked":["Slice+1","Blade Dance+1"],"picked":"Backflip+1","floor":35.0},{"not_picked":["Accuracy+1","Cloak And Dagger+1"],"picked":"Well Laid Plans+1","floor":36.0},{"not_picked":["Prepared+1","Dagger Spray","PiercingWail+1"],"picked":"SKIP","floor":37.0},{"not_picked":["Sucker Punch","Tactician+1"],"picked":"Crippling Poison+1","floor":39},{"not_picked":["Phantasmal Killer+1","Flying Knee","Reflex+1"],"picked":"SKIP","floor":40},{"not_picked":["Cloak And Dagger+1","Acrobatics+1","Outmaneuver+1"],"picked":"SKIP","floor":42},{"not_picked":["Cloak And Dagger+1","Acrobatics+1","Outmaneuver+1"],"picked":"SKIP","floor":42},{"not_picked":["Dagger Throw","Cloak And Dagger+1"],"picked":"Caltrops","floor":45},{"not_picked":["Dodge and Roll+1","Wraith Form v2","Quick Slash+1"],"picked":"SKIP","floor":46},{"not_picked":["Acrobatics+1","Dodge and Roll+1","Sucker Punch+1"],"picked":"SKIP","floor":48}],"player_experience":64600,"relics_obtained":[{"floor":6.0,"key":"Mercury Hourglass"},{"floor":8.0,"key":"MealTicket"},{"floor":9.0,"key":"Tiny Chest"},{"floor":14.0,"key":"White Beast Statue"},{"floor":23.0,"key":"Toy Ornithopter"},{"floor":25.0,"key":"Incense Burner"},{"floor":26.0,"key":"Toxic Egg 2"},{"floor":27.0,"key":"Oddly Smooth Stone"},{"floor":30.0,"key":"Mango"},{"floor":36.0,"key":"StoneCalendar"},{"floor":38,"key":"Bottled Flame"},{"floor":40,"key":"Mummified Hand"},{"floor":42,"key":"Tough Bandages"},{"floor":43,"key":"Bronze Scales"},{"floor":48,"key":"Eternal Feather"}],"event_choices":[{"cards_removed":["Strike_G"],"damage_healed":0.0,"max_hp_gain":0.0,"max_hp_loss":0.0,"gold_gain":0.0,"event_name":"Golden Wing","player_choice":"Card Removal","floor":4.0,"gold_loss":0.0,"damage_taken":7.0},{"cards_removed":["Strike_G"],"damage_healed":0.0,"max_hp_gain":0.0,"max_hp_loss":0.0,"gold_gain":0.0,"event_name":"Living Wall","player_choice":"Forget","floor":11.0,"gold_loss":0.0,"damage_taken":0.0},{"damage_healed":0.0,"max_hp_gain":0.0,"max_hp_loss":0.0,"gold_gain":0.0,"cards_transformed":["Strike_G"],"event_name":"Transmorgrifier","player_choice":"Transformed","floor":20.0,"gold_loss":0.0,"damage_taken":0.0,"cards_obtained":["All Out Attack"]},{"damage_healed":0.0,"max_hp_gain":0.0,"max_hp_loss":0.0,"gold_gain":0.0,"event_name":"The Library","player_choice":"Read","floor":28.0,"gold_loss":0.0,"damage_taken":0.0,"cards_obtained":["Burst"]},{"damage_healed":0.0,"max_hp_gain":0.0,"max_hp_loss":0.0,"gold_gain":0.0,"event_name":"The Mausoleum","player_choice":"Opened","floor":31.0,"gold_loss":0.0,"damage_taken":0.0,"relics_obtained":["Torii"]},{"damage_healed":0.0,"max_hp_gain":0.0,"max_hp_loss":0.0,"gold_gain":0.0,"event_name":"MindBloom","player_choice":"Fight","floor":36.0,"gold_loss":0.0,"damage_taken":0.0}],"is_beta":false,"boss_relics":[{"not_picked":["Fusion Hammer","SacredBark"],"picked":"Sozu"},{"not_picked":["Tiny House","Snecko Eye"],"picked":"SlaversCollar"}],"items_purged_floors":[2,13,21],"is_endless":false,"potions_floor_spawned":[8,12,14,16,18,22,23,25,30,33,35,36,37,39,40,42,45,46,48],"ascension_level":3}}