{"host":"ypphcgdomtfqpc2w","time":1611061616,"event":{"mods":["BaseMod","DeckTracker","Minty Spire (QoL Compilation)","Relic Stats","StSLib"],"gold_per_floor":[110,35,35,51,22,22,48,7,32,61,61,73,93,103,103,179,179,190,190,202,127,144,144,174,174,253,283,29,46,46,58,58,58,58],"floor_reached":33,"language":"ENG","playtime":1484,"items_purged":[],"score":665,"play_id":"84108d0a-1093-44d7-899d-57dd6ec09818","local_time":"20210119220656","is_ascension_mode":true,"campfire_choices":[{"data":"Thunderclap","floor":6,"key":"SMITH"},{"data":"Battle Trance","floor":11,"key":"SMITH"},{"data":"Fire Breathing","floor":15,"key":"SMITH"},{"data":"Pommel Strike","floor":23,"key":"SMITH"},{"floor":25,"key":"REST"},{"data":"True Grit","floor":32,"key":"SMITH"}],"circlet_count":0,"master_deck":["AscendersBane","Defend_R","Defend_R","Defend_R","Defend_R","Bash","Fire Breathing+1","Headbutt","Thunderclap+1","Feel No Pain","Battle Trance+1","Pommel Strike+1","Shrug It Off","Disarm","Offering","Blood for Blood+1","Shrug It Off","Warcry+1","True Grit+1","Bite","Bite","Bite","Bite","Bite","Rampage+1"],"relics":["Burning Blood","NeowsBlessing","Bronze Scales","Akabeko","Ornamental Fan","Philosopher\u0027s Stone","Juzu Bracelet","White Beast Statue","Potion Belt","Membership Card"],"acts_visited":["Exordium","TheCity"],"potions_floor_usage":[10,24,27,29,29,31,33],"damage_taken":[{"damage":0,"enemies":"2 Louse","floor":1,"turns":1},{"damage":0,"enemies":"Small Slimes","floor":4,"turns":1},{"damage":0,"enemies":"Lagavulin","floor":7,"turns":1},{"damage":15,"enemies":"3 Sentries","floor":10,"turns":4},{"damage":1,"enemies":"Cultist","floor":12,"turns":3},{"damage":6,"enemies":"Exordium Thugs","floor":13,"turns":2},{"damage":0,"enemies":"Exordium Wildlife","floor":14,"turns":2},{"damage":31,"enemies":"Slime Boss","floor":16,"turns":6},{"damage":8,"enemies":"Spheric Guardian","floor":18,"turns":3},{"damage":6,"enemies":"Chosen","floor":20,"turns":3},{"damage":20,"enemies":"Shelled Parasite and Fungi","floor":22,"turns":3},{"damage":25,"enemies":"Slavers","floor":24,"turns":3},{"damage":16,"enemies":"Book of Stabbing","floor":27,"turns":4},{"damage":6,"enemies":"Snecko","floor":29,"turns":5},{"damage":22,"enemies":"Snake Plant","floor":31,"turns":4},{"damage":61,"enemies":"Collector","floor":33,"turns":6}],"seed_played":"4790751965189699768","potions_obtained":[{"floor":1,"key":"Dexterity Potion"},{"floor":3,"key":"SkillPotion"},{"floor":10,"key":"GamblersBrew"},{"floor":20,"key":"PowerPotion"},{"floor":27,"key":"Swift Potion"},{"floor":29,"key":"Dexterity Potion"},{"floor":31,"key":"BloodPotion"}],"is_trial":false,"path_per_floor":["M","?","?","M","$","R","E","$","T","E","R","M","M","M","R","B",null,"M","?","M","?","M","R","E","R","T","E","$","M","?","M","R","B"],"character_chosen":"IRONCLAD","items_purchased":["Thunderclap","Feel No Pain","Membership Card","ColorlessPotion","Swift Potion","True Grit"],"campfire_rested":1,"item_purchase_floors":[5,8,28,28,28,28],"current_hp_per_floor":[74,74,74,75,75,75,75,75,75,66,66,71,71,75,75,50,69,67,67,67,67,53,53,34,56,56,46,46,46,46,44,44,0,0],"gold":58,"neow_bonus":"THREE_ENEMY_KILL","is_daily":false,"chose_seed":false,"campfire_upgraded":5,"win_rate":0.0,"timestamp":1611061616,"path_taken":["M","?","?","?","?","R","E","$","T","E","R","M","M","M","R","BOSS","M","?","M","?","M","R","E","R","T","E","$","M","?","M","R","BOSS"],"items_purchased_type":["Card","Card","Relic","Potion","Potion","Card"],"build_version":"2020-12-22","purchased_purges":0,"victory":false,"max_hp_per_floor":[75,75,75,75,75,75,75,75,75,75,75,75,75,75,75,75,75,75,75,75,75,75,75,75,75,75,75,75,75,52,52,52,52,52],"relic_stats":{"counters":[16,51],"Ornamental Fan":[80],"Bronze Scales":[103],"Juzu Bracelet":0,"obtain_stats":[{"Potion Belt":27,"NeowsBlessing":0,"Ornamental Fan":10,"Bronze Scales":7,"Philosopher\u0027s Stone":17,"Juzu Bracelet":24,"Membership Card":28,"Burning Blood":0,"Akabeko":9,"White Beast Statue":26},{"Potion Belt":13,"NeowsBlessing":0,"Ornamental Fan":4,"Bronze Scales":3,"Philosopher\u0027s Stone":8,"Juzu Bracelet":12,"Membership Card":13,"Burning Blood":0,"Akabeko":3,"White Beast Statue":12},{"Potion Belt":36,"NeowsBlessing":0,"Ornamental Fan":7,"Bronze Scales":3,"Philosopher\u0027s Stone":20,"Juzu Bracelet":32,"Membership Card":36,"Burning Blood":0,"Akabeko":3,"White Beast Statue":32}],"Burning Blood":77},"card_choices":[{"not_picked":["Cleave","Anger"],"picked":"Fire Breathing","floor":1},{"not_picked":["Perfected Strike","Clothesline"],"picked":"Headbutt","floor":4},{"not_picked":["Headbutt","Clothesline","Sword Boomerang"],"picked":"SKIP","floor":7},{"not_picked":["Wild Strike","Whirlwind"],"picked":"Battle Trance","floor":10},{"not_picked":["Headbutt","Clash"],"picked":"Pommel Strike","floor":12},{"not_picked":["Armaments","Berserk"],"picked":"Shrug It Off","floor":13},{"not_picked":["Warcry","Clothesline"],"picked":"Disarm","floor":14},{"not_picked":["Limit Break","Demon Form"],"picked":"Offering","floor":16},{"not_picked":["Reckless Charge","Clothesline"],"picked":"Blood for Blood+1","floor":18},{"not_picked":["Havoc+1","Sword Boomerang"],"picked":"Shrug It Off","floor":20},{"not_picked":["Perfected Strike","Seeing Red","Iron Wave"],"picked":"SKIP","floor":22},{"not_picked":["Infernal Blade","Body Slam","Warcry"],"picked":"SKIP","floor":24},{"not_picked":["Inflame","Brutality"],"picked":"Warcry+1","floor":27},{"not_picked":["Intimidate","Combust","Fire Breathing"],"picked":"SKIP","floor":29},{"not_picked":["Anger","Shrug It Off"],"picked":"Rampage+1","floor":31}],"player_experience":2059656,"relics_obtained":[{"floor":7,"key":"Bronze Scales"},{"floor":9,"key":"Akabeko"},{"floor":10,"key":"Ornamental Fan"},{"floor":24,"key":"Juzu Bracelet"},{"floor":26,"key":"White Beast Statue"},{"floor":27,"key":"Potion Belt"}],"event_choices":[{"cards_removed":["Strike_R"],"damage_healed":0,"gold_gain":0,"player_choice":"Card Removal","damage_taken":0,"max_hp_gain":0,"max_hp_loss":0,"event_name":"The Cleric","floor":2,"gold_loss":75},{"damage_healed":0,"gold_gain":0,"player_choice":"Got Potions","damage_taken":0,"max_hp_gain":0,"max_hp_loss":0,"event_name":"Lab","floor":3,"gold_loss":0},{"damage_healed":0,"gold_gain":0,"player_choice":"Ignored","damage_taken":0,"max_hp_gain":0,"max_hp_loss":0,"event_name":"The Mausoleum","floor":19,"gold_loss":0},{"cards_removed":["Strike_R"],"damage_healed":0,"gold_gain":0,"player_choice":"Gave Gold","damage_taken":0,"max_hp_gain":0,"max_hp_loss":0,"event_name":"Beggar","floor":21,"gold_loss":75},{"damage_healed":0,"gold_gain":0,"player_choice":"Became a vampire","damage_taken":0,"max_hp_gain":0,"max_hp_loss":23,"event_name":"Vampires","floor":30,"gold_loss":0,"cards_obtained":["Bite","Bite","Bite","Bite","Bite"]}],"is_beta":false,"boss_relics":[{"not_picked":["Busted Crown","Cursed Key"],"picked":"Philosopher\u0027s Stone"}],"items_purged_floors":[],"is_endless":false,"potions_floor_spawned":[1,10,16,18,20,27,29,31],"killed_by":"Collector","ascension_level":20}}