{"host":"3zmssa4s99zhxek5","time":1611017574,"event":{"mods":["AchievementEnabler","BaseMod","Minty Spire (QoL Compilation)","Permanent Neow","Relic Stats"],"gold_per_floor":[116,135,155,168,7,35,35,35,60,78,78,114,114,131,131,219,219,230,239,266,67,86,86,86],"floor_reached":23,"language":"KOR","playtime":1599,"items_purged":[],"score":452,"play_id":"3c47f783-91db-459c-aaf6-b48f0770845b","local_time":"20210119095254","is_ascension_mode":true,"campfire_choices":[{"floor":7,"key":"REST"},{"data":"Eviscerate","floor":11,"key":"SMITH"},{"data":"Wraith Form v2","floor":15,"key":"SMITH"}],"circlet_count":0,"master_deck":["AscendersBane","Strike_G","Strike_G","Strike_G","Defend_G","Defend_G","Defend_G","Defend_G+1","Defend_G","Survivor+1","Neutralize","Expertise","All Out Attack","Skewer","Poisoned Stab","Slice","Tools of the Trade","Dagger Throw","Die Die Die","Eviscerate+1","Dodge and Roll","Tactician","Wraith Form v2+1","Wraith Form v2","RitualDagger","Ghostly","Ghostly","Ghostly","Underhanded Strike","Escape Plan"],"relics":["Ring of the Snake","Orrery","War Paint","Happy Flower","CeramicFish","HoveringKite","Strange Spoon"],"acts_visited":["Exordium","TheCity"],"potions_floor_usage":[4,6,12,16,16,22],"damage_taken":[{"damage":1,"enemies":"Cultist","floor":1,"turns":5},{"damage":3,"enemies":"Small Slimes","floor":2,"turns":3},{"damage":2,"enemies":"Jaw Worm","floor":3,"turns":5},{"damage":9,"enemies":"Exordium Wildlife","floor":4,"turns":6},{"damage":33,"enemies":"Lagavulin","floor":6,"turns":7},{"damage":4,"enemies":"2 Fungi Beasts","floor":10,"turns":3},{"damage":0,"enemies":"3 Sentries","floor":12,"turns":2},{"damage":0,"enemies":"Blue Slaver","floor":14,"turns":2},{"damage":10,"enemies":"The Guardian","floor":16,"turns":12},{"damage":15,"enemies":"3 Byrds","floor":18,"turns":5},{"damage":9,"enemies":"Shell Parasite","floor":22,"turns":10},{"damage":25,"enemies":"Slavers","floor":23,"turns":2}],"seed_played":"-4564640835194899810","potions_obtained":[{"floor":1,"key":"DistilledChaos"},{"floor":3,"key":"SpeedPotion"},{"floor":6,"key":"SteroidPotion"},{"floor":10,"key":"LiquidBronze"},{"floor":14,"key":"Dexterity Potion"},{"floor":18,"key":"AttackPotion"}],"is_trial":false,"path_per_floor":["M","M","M","M","$","E","R","?","T","M","R","E","?","M","R","B",null,"M","?","?","$","M","E"],"character_chosen":"THE_SILENT","items_purchased":["Orrery","Strange Spoon","Underhanded Strike"],"campfire_rested":1,"item_purchase_floors":[5,21,21],"current_hp_per_floor":[58,55,53,44,44,11,30,30,30,26,26,26,26,26,26,16,54,39,33,33,33,24,0,0],"gold":86,"neow_bonus":"TRANSFORM_CARD","is_daily":false,"chose_seed":false,"campfire_upgraded":2,"win_rate":0.0,"timestamp":1611017574,"path_taken":["M","M","?","M","$","E","R","?","T","?","R","E","?","M","R","BOSS","M","?","?","$","M","E"],"items_purchased_type":["Relic","Relic","Card"],"build_version":"2020-12-22","purchased_purges":0,"victory":false,"max_hp_per_floor":[66,66,66,66,66,66,66,66,66,66,66,66,66,66,66,66,66,66,66,33,33,33,33,33],"relic_stats":{"Strange Spoon":[6],"Happy Flower":[12],"counters":[12,62],"CeramicFish":72,"HoveringKite":[9],"War Paint":["Survivor","Defend_G"],"obtain_stats":[{"Strange Spoon":21,"Happy Flower":9,"CeramicFish":12,"Orrery":5,"HoveringKite":17,"War Paint":6,"Ring of the Snake":0},{"Strange Spoon":10,"Happy Flower":5,"CeramicFish":7,"Orrery":4,"HoveringKite":9,"War Paint":5,"Ring of the Snake":0},{"Strange Spoon":50,"Happy Flower":26,"CeramicFish":31,"Orrery":19,"HoveringKite":45,"War Paint":26,"Ring of the Snake":0}],"Ring of the Snake":[24]},"card_choices":[{"not_picked":["Deadly Poison","Cloak And Dagger"],"picked":"All Out Attack","floor":1},{"not_picked":["Backflip","PiercingWail"],"picked":"Skewer","floor":2},{"not_picked":["Underhanded Strike","Caltrops"],"picked":"Poisoned Stab","floor":3},{"not_picked":["Blade Dance","Choke"],"picked":"Slice","floor":4},{"not_picked":["Caltrops","Deadly Poison"],"picked":"Tools of the Trade","floor":5},{"not_picked":["Predator","PiercingWail"],"picked":"Dagger Throw","floor":5},{"not_picked":["Deflect","Tactician"],"picked":"Die Die Die","floor":5},{"not_picked":["Setup","Riddle With Holes"],"picked":"Eviscerate","floor":5},{"not_picked":["A Thousand Cuts","Predator"],"picked":"Dodge and Roll","floor":5},{"not_picked":["Dagger Throw","Sucker Punch"],"picked":"Tactician","floor":6},{"not_picked":["Accuracy","Noxious Fumes","Expertise"],"picked":"SKIP","floor":10},{"not_picked":["Well Laid Plans","Infinite Blades"],"picked":"Wraith Form v2","floor":12},{"not_picked":["Noxious Fumes","Outmaneuver","Cloak And Dagger"],"picked":"SKIP","floor":14},{"not_picked":["Grand Finale","Storm of Steel"],"picked":"Wraith Form v2","floor":16},{"not_picked":["Predator","Concentrate","Prepared"],"picked":"SKIP","floor":18},{"not_picked":["Quick Slash","Deflect"],"picked":"Escape Plan","floor":22}],"player_experience":1510226,"relics_obtained":[{"floor":6,"key":"War Paint"},{"floor":9,"key":"Happy Flower"},{"floor":12,"key":"CeramicFish"}],"event_choices":[{"cards_removed":["Strike_G"],"damage_healed":0,"gold_gain":0,"player_choice":"Purged","damage_taken":0,"max_hp_gain":0,"max_hp_loss":0,"event_name":"Purifier","floor":8,"gold_loss":0},{"damage_healed":0,"gold_gain":0,"player_choice":"Fled","damage_taken":0,"max_hp_gain":0,"max_hp_loss":0,"event_name":"Scrap Ooze","floor":13,"gold_loss":0},{"damage_healed":0,"gold_gain":0,"player_choice":"Joined the Cult","damage_taken":6,"max_hp_gain":0,"max_hp_loss":0,"event_name":"Nest","floor":19,"gold_loss":0,"cards_obtained":["RitualDagger"]},{"damage_healed":0,"gold_gain":0,"player_choice":"Became a Ghost","damage_taken":0,"max_hp_gain":0,"max_hp_loss":33,"event_name":"Ghosts","floor":20,"gold_loss":0,"cards_obtained":["Ghostly","Ghostly","Ghostly"]}],"is_beta":false,"boss_relics":[{"not_picked":["WristBlade","Calling Bell"],"picked":"HoveringKite"}],"items_purged_floors":[],"is_endless":false,"potions_floor_spawned":[1,3,6,10,14,18],"killed_by":"Slavers","ascension_level":20}}