{"host":"bos5votkudm6su2k","time":1611057309,"event":{"mods":["100% Spire Juice","Act Like it!","AlwaysNeverKeys","Arknights The Spire","BaseMod","Chinese 32Bit Patch","Colored Map","Colored Powertips","DeckTracker","Good Game Mod","Marked Mod","Minty Spire (QoL Compilation)","Quick Restart","StSLib","SuperFastMode","The Invoker Mod","Waifu the Spire"],"gold_per_floor":[110,110,127,137,65,91,56,56,56,73,73,98,110,110],"floor_reached":13,"language":"ZHS","playtime":560,"items_purged":[],"score":85,"play_id":"e39d190d-d537-4d5b-9f63-af4152106260","local_time":"20210119195509","is_ascension_mode":false,"campfire_choices":[],"circlet_count":0,"master_deck":["ats:Strike C","ats:Strike G","ats:Strike S","ats:Strike V","ats:Armor Crushing Shot","ats:Defend","ats:Defend","ats:Defend","ats:Defend","ats:Emotion Absorption","ats:Ignite+1","ats:Cat Scratch","ats:Flame Of Heaven","ats:Childhood Dance","ats:Chain Hook","ats:Hook Shot","ats:Assault Order","ats:Sword Rain"],"relics":["ats:Sanity","REME:ComplimentaryCards","NeowsBlessing","ats:Originium","Mango","Prayer Wheel","MawBank"],"acts_visited":["Exordium"],"potions_floor_usage":[13],"damage_taken":[{"damage":0,"enemies":"Cultist","floor":1,"turns":1},{"damage":0,"enemies":"Jaw Worm","floor":3,"turns":1},{"damage":0,"enemies":"2 Louse","floor":4,"turns":1},{"damage":40,"enemies":"Lagavulin","floor":6,"turns":7},{"damage":7,"enemies":"Looter","floor":10,"turns":4},{"damage":18,"enemies":"Exordium Thugs","floor":12,"turns":6},{"damage":34,"enemies":"3 Sentries","floor":13,"turns":6}],"seed_played":"-3123165077741889555","potions_obtained":[{"floor":10,"key":"ats:Top Emergency Sanity Potion"},{"floor":12,"key":"ColorlessPotion"}],"is_trial":false,"path_per_floor":["M","?","M","M","$","E","?","$","T","M","?","M","E"],"character_chosen":"DOCTOR_CLASS","items_purchased":["ats:Flame Of Heaven"],"campfire_rested":0,"item_purchase_floors":[5],"current_hp_per_floor":[72,72,72,72,72,46,67,67,67,60,48,30,0,0],"gold":110,"neow_bonus":"THREE_ENEMY_KILL","is_daily":false,"chose_seed":false,"campfire_upgraded":0,"win_rate":0.0,"timestamp":1611057309,"path_taken":["M","?","?","M","$","E","?","$","T","M","?","M","E"],"items_purchased_type":["Card"],"build_version":"2020-12-22","purchased_purges":0,"victory":false,"max_hp_per_floor":[72,72,72,72,72,86,86,86,86,86,86,86,86,86],"card_choices":[{"not_picked":["ats:Flexible Camouflage","ats:Revitalization"],"picked":"ats:Ignite","floor":1},{"not_picked":["ats:Rapid Magazine","ats:Consecutive Shot Auto"],"picked":"ats:Cat Scratch","floor":3},{"not_picked":["ats:Assault Order","ats:Shadow Raid","ats:Powerful Strike"],"picked":"SKIP","floor":4},{"not_picked":["ats:Rapid Magazine","ats:Poison Spread"],"picked":"ats:Childhood Dance","floor":6},{"not_picked":["ats:Hammer On","ats:Apocalypse"],"picked":"ats:Chain Hook","floor":10},{"not_picked":["ats:Composite Medical Shells","ats:Childhood Dance"],"picked":"ats:Hook Shot","floor":10},{"not_picked":["ats:Cat Scratch","ats:Consecutive Shot Auto"],"picked":"ats:Assault Order","floor":12},{"not_picked":["ats:Healing Strengthening","ats:Sword Rain","ats:Magnetic Hammer"],"picked":"SKIP","floor":12},{"not_picked":["ats:Healing Strengthening","ats:Magnetic Hammer"],"picked":"ats:Sword Rain","floor":12}],"player_experience":436286,"relics_obtained":[{"floor":6,"key":"ats:Originium"},{"floor":6,"key":"Mango"},{"floor":9,"key":"Prayer Wheel"}],"event_choices":[{"damage_healed":0,"gold_gain":0,"player_choice":"Upgraded","damage_taken":0,"max_hp_gain":0,"max_hp_loss":0,"event_name":"Upgrade Shrine","floor":2,"gold_loss":0,"cards_upgraded":["ats:Ignite"]},{"damage_healed":21,"gold_gain":0,"player_choice":"Healed","damage_taken":0,"max_hp_gain":0,"max_hp_loss":0,"event_name":"The Cleric","floor":7,"gold_loss":35},{"damage_healed":0,"gold_gain":0,"player_choice":"Success","damage_taken":12,"relics_obtained":["MawBank"],"max_hp_gain":0,"max_hp_loss":0,"event_name":"Scrap Ooze","floor":11,"gold_loss":0}],"is_beta":false,"boss_relics":[],"items_purged_floors":[],"is_endless":false,"potions_floor_spawned":[10,12],"killed_by":"3 Sentries","ascension_level":0}}