{"host":"qmlry8i8enac5s44","time":1611029272,"event":{"mods":["Act Like it!","BaseMod","Colored Map","Gensokyo","Luminous","Marisa£®ÏF”Í°°ƒß¿Ì…≥£©","Minty Spire (QoL Compilation)","Reimu£®≤©¿ˆ¡È√Œ£©","StSLib","°æ“≈ŒÔø®≈∆°øREMEMod"],"gold_per_floor":[118,118,118,143,193,260,260,285,285,285,285],"floor_reached":10,"language":"ZHS","playtime":516,"items_purged":[],"score":90,"play_id":"e15a3a76-4d31-4181-ae38-acfa3d18ec7b","local_time":"20210119120752","is_ascension_mode":true,"campfire_choices":[],"circlet_count":0,"master_deck":["Strike_MRS","Strike_MRS","Strike_MRS","Strike_MRS","Defend_MRS","Defend_MRS","Defend_MRS","Defend_MRS","MasterSpark","UpSweep","Spot Weakness","Robbery","RefractionSpark","Pain","UltimateShortwave"],"relics":["MiniHakkero","REME_ComplimentaryCards","Happy Flower","Mango","Bag of Marbles","Gensokyo:LunaticRedEyes","Prayer Wheel","Blue Candle"],"acts_visited":["Exordium"],"potions_floor_usage":[],"damage_taken":[{"damage":9,"enemies":"Gensokyo:Gryphon","floor":1,"turns":4},{"damage":5,"enemies":"Gensokyo:3_Fairies","floor":4,"turns":9},{"damage":5,"enemies":"Gensokyo:2_Kodama","floor":5,"turns":3},{"damage":22,"enemies":"Gensokyo:Cirno","floor":6,"turns":6},{"damage":19,"enemies":"Gensokyo:Mamizou","floor":8,"turns":8},{"damage":0,"enemies":"Gensokyo:Cirno","floor":10,"turns":1}],"seed_played":"3086508465358007740","potions_obtained":[{"floor":1,"key":"LiquidMemories"},{"floor":4,"key":"GamblersBrew"},{"floor":8,"key":"ColorlessPotion"}],"is_trial":false,"path_per_floor":["M","?","?","M","M","E","?","E","T","E"],"character_chosen":"MARISA","items_purchased":[],"campfire_rested":0,"item_purchase_floors":[],"current_hp_per_floor":[66,66,59,54,49,27,27,8,8,8,8],"gold":285,"neow_bonus":"RANDOM_COMMON_RELIC","is_daily":false,"chose_seed":false,"campfire_upgraded":0,"win_rate":0.0,"timestamp":1611029272,"path_taken":["M","?","?","?","M","E","?","E","T","E"],"items_purchased_type":[],"build_version":"2020-12-22","purchased_purges":0,"victory":false,"max_hp_per_floor":[75,75,89,89,89,89,89,89,89,89,89],"card_choices":[{"not_picked":["DarkSpark","OrrerysSun"],"picked":"Robbery","floor":1},{"not_picked":["Acceleration","DoubleSpark"],"picked":"RefractionSpark","floor":4},{"not_picked":["AlicesGift","Robbery","GalacticHalo"],"picked":"SKIP","floor":5},{"not_picked":["GasGiant","6A","EnergyFlow"],"picked":"SKIP","floor":6},{"not_picked":["DoubleSpark","NonDirectionalLaser"],"picked":"UltimateShortwave","floor":8}],"player_experience":420678,"relics_obtained":[{"floor":6,"key":"Bag of Marbles"},{"floor":8,"key":"Prayer Wheel"},{"floor":9,"key":"Blue Candle"}],"event_choices":[],"is_beta":false,"boss_relics":[],"items_purged_floors":[],"is_endless":false,"potions_floor_spawned":[1,4,8],"killed_by":"Gensokyo:Cirno","ascension_level":5}}