{"host":"27wa8ufp4ryspt1p","time":1611046854,"event":{"mods":["2.2 Compatiblity","Abigail Mod","Act Like it!","Aspiration","BaseMod","Better Altar","Better Note","Better Skull","Better Third Choice","Colored Map","Conspire","Dota2Spire","Downfall-Rebalance","Elementarium","Energized Spire","Fox Events","Friendly Minions","Gensokyo","GifTheSpireLib","Gold Saver","Halation","Hallownest","HololiveMod","Hubris","HumanHunterMod(????mod)","Humility","Infinite Spire","Keyboard Shortcuts","Menagerie","Mimic Mod","Minty Spire (QoL Compilation)","Pale of the Ancients","Poor People Problems","Quarter Circle Forward PUNCH!","Reimu??????","Relic Sorter","Relic Stats","Replay The Spire","Reworked Bosses","Robot Space Explorer","Shop Mod","Spicy Shops","Spikes Relics","StSLib","Stuff the Spire","SuperFastMode","The Cursed","The Exalted","The Factory","The Judge","The Marked","The Necromancer","Trackpad","Waifu the Spire","Wandering Minibosses","[IsaacMod]????","??????REMEMod","????"],"gold_per_floor":[1335,954,954,973,993,1033,1033,1070,1105,1105,543,543,203,243,243,321,321,1084,1084,467,502,502,434,470,470,518,563,417,432,432,445,235,330,330,359,359,359],"floor_reached":36,"language":"SPA","playtime":4906,"items_purged":[],"score":1259,"play_id":"d98e6353-8c82-41d9-a1e5-6ab1e24e5ba4","local_time":"20210119030054","daily_mods":["SealedDeck","Colorless Cards","Heirloom","Elite Swarm","Lethality"],"is_ascension_mode":true,"campfire_choices":[{"data":"Specialist","floor":7.0,"key":"SMITH"},{"floor":10.0,"key":"RECALL"},{"data":"expansioncontent:DefensiveStance","floor":12.0,"key":"SMITH"},{"data":"Apotheosis","floor":15.0,"key":"SMITH"},{"data":"Hololive_DurableLive","floor":25.0,"key":"SMITH"}],"circlet_count":0,"master_deck":["AscendersBane","Hololive_CallMoonaHoshinova","Hololive_StrengthChampion","Hololive_CallMurasakiShion","expansioncontent:DefensiveStance+1","Hololive_CallAyundaRisu","Hololive_FlyingPonyTail","Hololive_CocoNews","Enlightenment","StuffTheSpire:FreeRealEstate","Hololive_StrengthChampion","Hololive_HuntDinosaur+1","infinitespire:Execution","Specialist+1","Hololive_CallTokoyamiTowa","Hololive_Rebound","Hololive_CallOkamiMio","Hololive_RevenueBasedLive","Hololive_Rebound","Apotheosis+1","HandOfGreed","StuffTheSpire:Brawn","expansioncontent:DefensiveStance+1","Hololive_CallMomosuzuNene+3","Poisoned Strike","Poisoned Strike","expansioncontent:Collect","expansioncontent:Collect","Hololive_DurableLive+1","StuffTheSpire:Brawn","StuffTheSpire:FreeRealEstate","expansioncontent:GuardianWhirl","hubris:Compulsion","StuffTheSpire:BrainWave","Pain","StuffTheSpire:Brawn","Elementarium:WindblessedBlade","Sadistic Nature","Pot Of Greed","Pot Of Greed","Pot Of Greed","Pot Of Greed"],"relics":["Hololive_TheStar","AnarchistCookbook","Replay:Wax Seal","HushsDoor","REME_ComplimentaryCards","aspiration:HatOfInfinitePower","SatanicBible","ClockworkSouvenir","MerchantsRug","RuthlessExorcism:ReiMu","Void","Hololive_LightStick","StuffTheSpire:Saxophone","infinitespire:BottledMercury","Replay:PocketPolymizer","Empty Cage","Damocles","wanderingMiniBosses:MasterThiefsPresence","hubris:BottledRain","StuffTheSpire:Experiment12","Elementarium:GoldenMirage","trackpad:CultistFigurine","Oddly Smooth Stone","qcfpunch:Black_Training_Shirt","infinitespire:Golems Mask","Centennial Puzzle","trackpad:BottledShadow","StuffTheSpire:Tea","Iron Hammer","infinitespire:Beetle Shell","Dota2Spire:BattleFury","Elementarium:ElementariumTrophy","sneckomod:SneckoTalon","Grinning Jar"],"acts_visited":["Menagerie:Menagerie","Elementarium:Elementarium","Gensokyo:Gensokyoest"],"potions_floor_usage":[],"damage_taken":[{"damage":0.0,"enemies":"Menagerie:StygianBoar","floor":4.0,"turns":1.0},{"damage":0.0,"enemies":"Menagerie:WhisperingWraith","floor":5.0,"turns":3.0},{"damage":0.0,"enemies":"Menagerie:VoidReaper","floor":6.0,"turns":2.0},{"damage":0.0,"enemies":"Menagerie:MaskedSummoner","floor":8.0,"turns":2.0},{"damage":0.0,"enemies":"Menagerie:2_RABBITS","floor":9.0,"turns":3.0},{"damage":0.0,"enemies":"Menagerie:Hydra","floor":14.0,"turns":3.0},{"damage":0.0,"enemies":"Menagerie:Suneater","floor":16.0,"turns":3.0},{"damage":0.0,"enemies":"Elementarium:VoidCorruption","floor":18.0,"turns":6.0},{"damage":0.0,"enemies":"Elementarium:GOLDEN_STATUES","floor":21.0,"turns":1.0},{"damage":0.0,"enemies":"Elementarium:FIRE_NOBILITY","floor":24.0,"turns":3.0},{"damage":0.0,"enemies":"Elementarium:Cyclone","floor":26.0,"turns":3.0},{"damage":0.0,"enemies":"Elementarium:Cyclone","floor":27.0,"turns":3.0},{"damage":0.0,"enemies":"Elementarium:Cyclone","floor":29.0,"turns":3.0},{"damage":0.0,"enemies":"Elementarium:RubyGolem","floor":31.0,"turns":1.0},{"damage":0,"enemies":"Elementarium:PHOENIXES","floor":33,"turns":4},{"damage":0,"enemies":"Gensokyo:3_Boulders","floor":35,"turns":3}],"seed_played":"5454782863212075912","potions_obtained":[{"floor":5.0,"key":"GamblersBrew"},{"floor":8.0,"key":"Weak Potion"},{"floor":21.0,"key":"hexamod:EctoCoolerPotion"},{"floor":29.0,"key":"LifebloodPotion"},{"floor":31.0,"key":"Energy Potion"}],"is_trial":true,"path_per_floor":["?","$","?","M","M","E","R","E","MIM","R","$","R","$","E","R","B",null,"M","?","$","?","AVR","R","E","R","MIM","MIM","R","M","?","M","R","B",null,"M","?"],"character_chosen":"Hololive_HololiveCharacter","items_purchased":["ClockworkSouvenir","MerchantsRug","Hololive_HuntDinosaur+1","Hololive_CallOkamiMio","Hololive_RevenueBasedLive","Hololive_LightStick","StuffTheSpire:Saxophone","Hololive_Rebound","infinitespire:BottledMercury","Damocles","StuffTheSpire:Experiment12","Hololive_CallMomosuzuNene","halation:NonexistentMirror","Poisoned Strike","expansioncontent:Collect","Fruit Juice","Replay:Wax Seal","Dota2Spire:BattleFury"],"campfire_rested":0,"item_purchase_floors":[2,2,2,11,11,11,11,13,13,17,20,20,20,20,23,28,28,32],"current_hp_per_floor":[27,27,20,20,20,20,20,20,20,20,20,20,20,20,20,20,20,20,20,20,20,20,20,20,20,20,20,25,25,25,25,25,25,25,25,0,0],"gold":359,"neow_bonus":"","is_daily":false,"chose_seed":false,"campfire_upgraded":4,"win_rate":0.0,"timestamp":1611046854,"path_taken":["?","$","?","M","M","E","R","E","MIM","R","?","R","$","E","R","BOSS","M","?","$","?","AVR","R","E","R","MIM","?","R","M","?","M","R","BOSS","M","?"],"items_purchased_type":["Relic","Relic","Card","Card","Card","Relic","Relic","Card","Relic","Relic","Relic","Card","Relic","Card","Card","Potion","Relic","Relic"],"build_version":"2020-12-22","purchased_purges":0,"victory":false,"max_hp_per_floor":[30,30,30,30,30,30,30,30,30,30,30,30,30,30,30,30,20,20,20,20,20,20,20,20,20,20,20,25,25,25,25,25,25,25,25,25,25],"relic_stats":{"Centennial Puzzle":[3],"counters":[16,44],"obtain_stats":[{"AnarchistCookbook":29,"infinitespire:BottledMercury":13,"Damocles":17,"Replay:PocketPolymizer":14,"Empty Cage":17,"SatanicBible":0,"ClockworkSouvenir":2,"StuffTheSpire:Experiment12":20,"Centennial Puzzle":26,"infinitespire:Golems Mask":24,"Iron Hammer":27,"Void":8,"trackpad:CultistFigurine":21,"Replay:Wax Seal":28,"StuffTheSpire:Tea":27,"KeepersGift":0,"MerchantsRug":2,"qcfpunch:Black_Training_Shirt":24,"StuffTheSpire:Saxophone":11,"Oddly Smooth Stone":22,"wanderingMiniBosses:MasterThiefsPresence":18,"infinitespire:Beetle Shell":31,"Dota2Spire:BattleFury":32,"sneckomod:SneckoTalon":34,"Elementarium:GoldenMirage":21,"halation:NonexistentMirror":20,"Hololive_LightStick":11,"Elementarium:ElementariumTrophy":33,"Hololive_TheStar":0,"trackpad:BottledShadow":26,"Grinning Jar":35,"HushsDoor":0,"aspiration:HatOfInfinitePower":0,"REME_ComplimentaryCards":0,"RuthlessExorcism:ReiMu":6,"hubris:BottledRain":18},{"AnarchistCookbook":13,"infinitespire:BottledMercury":5,"Damocles":7,"Replay:PocketPolymizer":6,"Empty Cage":7,"SatanicBible":0,"ClockworkSouvenir":0,"StuffTheSpire:Experiment12":8,"Centennial Puzzle":11,"infinitespire:Golems Mask":10,"Iron Hammer":12,"Void":4,"trackpad:CultistFigurine":9,"Replay:Wax Seal":12,"StuffTheSpire:Tea":12,"KeepersGift":0,"MerchantsRug":0,"qcfpunch:Black_Training_Shirt":10,"StuffTheSpire:Saxophone":5,"Oddly Smooth Stone":9,"wanderingMiniBosses:MasterThiefsPresence":8,"infinitespire:Beetle Shell":14,"Dota2Spire:BattleFury":14,"sneckomod:SneckoTalon":15,"Elementarium:GoldenMirage":9,"halation:NonexistentMirror":8,"Hololive_LightStick":5,"Elementarium:ElementariumTrophy":15,"Hololive_TheStar":0,"trackpad:BottledShadow":11,"Grinning Jar":16,"HushsDoor":0,"aspiration:HatOfInfinitePower":0,"REME_ComplimentaryCards":0,"RuthlessExorcism:ReiMu":3,"hubris:BottledRain":8},{"AnarchistCookbook":36,"infinitespire:BottledMercury":11,"Damocles":17,"Replay:PocketPolymizer":14,"Empty Cage":17,"SatanicBible":0,"ClockworkSouvenir":0,"StuffTheSpire:Experiment12":23,"Centennial Puzzle":30,"infinitespire:Golems Mask":27,"Iron Hammer":33,"Void":8,"trackpad:CultistFigurine":24,"Replay:Wax Seal":33,"StuffTheSpire:Tea":33,"KeepersGift":0,"MerchantsRug":0,"qcfpunch:Black_Training_Shirt":27,"StuffTheSpire:Saxophone":11,"Oddly Smooth Stone":24,"wanderingMiniBosses:MasterThiefsPresence":23,"infinitespire:Beetle Shell":37,"Dota2Spire:BattleFury":37,"sneckomod:SneckoTalon":41,"Elementarium:GoldenMirage":24,"halation:NonexistentMirror":23,"Hololive_LightStick":11,"Elementarium:ElementariumTrophy":41,"Hololive_TheStar":0,"trackpad:BottledShadow":30,"Grinning Jar":44,"HushsDoor":0,"aspiration:HatOfInfinitePower":0,"REME_ComplimentaryCards":0,"RuthlessExorcism:ReiMu":6,"hubris:BottledRain":23}]},"card_choices":[{"not_picked":[],"picked":"Bomb","floor":0.0},{"not_picked":["infinitespire:Gouge","infinitespire:Fortify"],"picked":"infinitespire:Execution","floor":3.0},{"not_picked":["expansioncontent:Hexaburn","Hololive_Trident","Hololive_Sequa"],"picked":"Specialist","floor":4.0},{"not_picked":["Hololive_CocoNews","Hololive_Breathe","expansioncontent:CaCaw"],"picked":"Hololive_CallTokoyamiTowa","floor":5.0},{"not_picked":["Hololive_Nanodesu","Feint","BloodyBrimstone"],"picked":"Secret Technique","floor":6.0},{"not_picked":["Hololive_WolfAndLamb","Metamorphosis","REME_EyeOfCthun","Hololive_Rebirth"],"picked":"SKIP","floor":8.0},{"not_picked":["Hololive_CallShiranuiFlare","REME_ShortnessOfBreath","Hololive_Trident"],"picked":"Hololive_Rebound","floor":9.0},{"not_picked":["REME_Flogging","Hololive_StarCraft","REME_BodyOfCthun"],"picked":"Apotheosis","floor":14.0},{"not_picked":["Apotheosis","REME_EyeOfCthun","StuffTheSpire:Recharge"],"picked":"HandOfGreed","floor":16.0},{"not_picked":["Hololive_Psychosis","Hololive_LuckPotion","Hololive_Breathe","Hololive_Teleport+1"],"picked":"SKIP","floor":18.0},{"not_picked":["REME_EyeOfCthun","Hololive_Rebirth","hubris:EnhanceAbility"],"picked":"Hololive_DurableLive","floor":24.0},{"not_picked":["Hololive_HuntDinosaur","Hololive_Drill","expansioncontent:TimeRipple"],"picked":"StuffTheSpire:FreeRealEstate","floor":26.0},{"not_picked":["Hololive_FlyingPonyTail","Hololive_Drill","Hololive_OvertimeWork"],"picked":"expansioncontent:GuardianWhirl","floor":27.0},{"not_picked":["Hololive_LuckPotion","Finesse","Battery","Hololive_Trident"],"picked":"SKIP","floor":29.0},{"not_picked":["expansioncontent:Torchfire","Hololive_FlyingPonyTail","Hololive_Rebound","Hololive_Trident"],"picked":"SKIP","floor":31.0},{"not_picked":["Hololive_DDD","Hololive_Thief","Secret Weapon"],"picked":"Sadistic Nature","floor":33},{"not_picked":["expansioncontent:Torchfire","Hololive_OvertimeWork","Hololive_CocoNews","Hololive_BringToTrial"],"picked":"SKIP","floor":35}],"player_experience":3925143,"relics_obtained":[{"floor":6.0,"key":"RuthlessExorcism:ReiMu"},{"floor":8.0,"key":"Void"},{"floor":14.0,"key":"Replay:PocketPolymizer"},{"floor":18.0,"key":"wanderingMiniBosses:MasterThiefsPresence"},{"floor":18.0,"key":"hubris:BottledRain"},{"floor":21.0,"key":"Elementarium:GoldenMirage"},{"floor":21.0,"key":"trackpad:CultistFigurine"},{"floor":24.0,"key":"qcfpunch:Black_Training_Shirt"},{"floor":24.0,"key":"infinitespire:Golems Mask"},{"floor":26.0,"key":"Centennial Puzzle"},{"floor":26.0,"key":"trackpad:BottledShadow"},{"floor":27.0,"key":"StuffTheSpire:Tea"},{"floor":27.0,"key":"Iron Hammer"},{"floor":29.0,"key":"AnarchistCookbook"},{"floor":31.0,"key":"infinitespire:Beetle Shell"},{"floor":35,"key":"Grinning Jar"}],"event_choices":[{"damage_healed":0.0,"max_hp_gain":0.0,"max_hp_loss":0.0,"gold_gain":0.0,"event_name":"Elementarium:VoidShrine","player_choice":"Embrace","floor":19.0,"gold_loss":0.0,"damage_taken":0.0,"cards_obtained":["Doubt","expansioncontent:DefensiveStance"]},{"damage_healed":0.0,"max_hp_gain":0.0,"max_hp_loss":0.0,"gold_gain":0.0,"event_name":"Elementarium:GoldenStatues","player_choice":"Fight","floor":21.0,"gold_loss":0.0,"damage_taken":0.0},{"damage_healed":0.0,"max_hp_gain":0.0,"max_hp_loss":0.0,"gold_gain":0.0,"event_name":"Elementarium:BladeSeller","player_choice":"Take","floor":30.0,"gold_loss":0.0,"damage_taken":0.0,"cards_obtained":["Elementarium:WindblessedBlade"]}],"is_beta":false,"boss_relics":[{"not_picked":["qcfpunch:Dark_Gi","Ectoplasm"],"picked":"Empty Cage"},{"not_picked":[]},{"not_picked":["Runic Dome","Black Star"],"picked":"sneckomod:SneckoTalon"},{"not_picked":[]}],"items_purged_floors":[],"is_endless":false,"potions_floor_spawned":[5,8,21,29,31],"ascension_level":20}}