{"host":"e52c7hvho6xny3hd","time":1611061788,"event":{"mods":["AchievementEnabler","BaseMod","Colored Map","DeckTracker","Minty Spire (QoL Compilation)","Permanent Neow","StSLib"],"gold_per_floor":[113,131,131,149,161,161,205,234,310,325,325,344,363,374,374,374,374],"floor_reached":16,"language":"KOR","playtime":718,"items_purged":[],"score":167,"play_id":"a649b4b7-4099-4a9f-b98d-352cae6e480e","local_time":"20210119220948","is_ascension_mode":true,"campfire_choices":[{"floor":6,"key":"REST"},{"floor":11,"key":"REST"},{"floor":15,"key":"REST"}],"circlet_count":0,"master_deck":["AscendersBane","Strike_P","Strike_P","Strike_P","Defend_P","Defend_P","Defend_P","Defend_P","Eruption+1","Vigilance","Halt","PathToVictory","PathToVictory","MentalFortress","Evaluate","Meditate","InnerPeace"],"relics":["PureWater","CeramicFish","The Courier"],"acts_visited":["Exordium"],"potions_floor_usage":[7],"damage_taken":[{"damage":2,"enemies":"2 Louse","floor":1,"turns":3},{"damage":2,"enemies":"Jaw Worm","floor":2,"turns":5},{"damage":7,"enemies":"Cultist","floor":4,"turns":4},{"damage":11,"enemies":"Looter","floor":5,"turns":3},{"damage":15,"enemies":"Gremlin Nob","floor":7,"turns":4},{"damage":11,"enemies":"Gremlin Gang","floor":8,"turns":8},{"damage":6,"enemies":"Exordium Wildlife","floor":10,"turns":6},{"damage":14,"enemies":"Exordium Thugs","floor":12,"turns":6},{"damage":1,"enemies":"2 Fungi Beasts","floor":13,"turns":3},{"damage":1,"enemies":"Looter","floor":14,"turns":3},{"damage":43,"enemies":"Slime Boss","floor":16,"turns":8}],"seed_played":"7462146046678868016","potions_obtained":[{"floor":4,"key":"Weak Potion"},{"floor":7,"key":"FearPotion"},{"floor":8,"key":"SpeedPotion"},{"floor":14,"key":"EssenceOfSteel"}],"is_trial":false,"path_per_floor":["M","M","?","M","M","R","E","M","T","M","R","M","M","M","R","B"],"character_chosen":"WATCHER","items_purchased":[],"campfire_rested":3,"item_purchase_floors":[],"current_hp_per_floor":[63,61,54,47,36,57,42,31,31,25,46,32,31,30,51,8,8],"gold":374,"neow_bonus":"UPGRADE_CARD","is_daily":false,"chose_seed":false,"campfire_upgraded":0,"win_rate":0.0,"timestamp":1611061788,"path_taken":["M","M","?","M","M","R","E","M","T","M","R","M","M","M","R","BOSS"],"items_purchased_type":[],"build_version":"2020-12-22","purchased_purges":0,"victory":false,"max_hp_per_floor":[72,72,72,72,72,72,72,72,72,72,72,72,72,72,72,72,72],"card_choices":[{"not_picked":["Crescendo","Protect"],"picked":"Halt","floor":1},{"not_picked":["EmptyBody","Conclude"],"picked":"PathToVictory","floor":2},{"not_picked":["JustLucky","BowlingBash"],"picked":"PathToVictory","floor":4},{"not_picked":["CrushJoints","Devotion","BattleHymn"],"picked":"SKIP","floor":5},{"not_picked":["Tantrum","Prostrate"],"picked":"MentalFortress","floor":7},{"not_picked":["MentalFortress","CutThroughFate"],"picked":"Evaluate","floor":8},{"not_picked":["Consecrate","Prostrate","JustLucky"],"picked":"SKIP","floor":10},{"not_picked":["ReachHeaven","CarveReality"],"picked":"Meditate","floor":12},{"not_picked":["Consecrate","Indignation"],"picked":"InnerPeace","floor":13},{"not_picked":["Fasting2","WindmillStrike","Adaptation"],"picked":"SKIP","floor":14}],"player_experience":687133,"relics_obtained":[{"floor":7,"key":"CeramicFish"},{"floor":9,"key":"The Courier"}],"event_choices":[{"cards_removed":["Strike_P"],"damage_healed":0,"gold_gain":0,"player_choice":"Card Removal","damage_taken":7,"max_hp_gain":0,"max_hp_loss":0,"event_name":"Golden Wing","floor":3,"gold_loss":0}],"is_beta":false,"boss_relics":[],"items_purged_floors":[],"is_endless":false,"potions_floor_spawned":[4,7,8,14],"killed_by":"Slime Boss","ascension_level":11}}