{"host":"h4lp0eeso8a0ssq0","time":1611024611,"event":{"mods":["2.2 Compatiblity","AchievementEnabler","BaseMod","CapriCore","Colored Map","Minty Spire (QoL Compilation)","Replay The Spire","StSLib","SuperFastMode"],"gold_per_floor":[11,31,48,64,64,64,75,75,94,44,44,44,61,73,73,73,85,200,212,237,174,174,74,90,90,103,103,103,119,137,137,154,168,168,264,264,282,302,322,322,339,371,371,421,475,89,107,166,186,36,36,36,36,36,36,67,67],"floor_reached":58,"language":"KOR","playtime":1784,"items_purged":["Strike_P","Strike_P","Strike_P","Defend_P"],"score":1362,"play_id":"914587e1-5ccc-45a1-a2b4-a5885777856c","local_time":"20210119115011","is_ascension_mode":false,"campfire_choices":[{"data":"Eruption","floor":8.0,"key":"SMITH"},{"data":"Defend_P","floor":17.0,"key":"PURGE"},{"data":"Scrawl","floor":25.0,"key":"SMITH"},{"data":"ForeignInfluence","floor":27.0,"key":"SMITH"},{"data":"Vigilance","floor":34.0,"key":"SMITH"},{"floor":43.0,"key":"REST"},{"floor":51.0,"key":"RECALL"},{"data":"InnerPeace","floor":54.0,"key":"SMITH"}],"circlet_count":0,"master_deck":["Eruption+1","Vigilance+1","Scrawl+1","ClearTheMind","ForeignInfluence+1","MentalFortress+1","FollowUp+1","SandsOfTime+1","TalkToTheHand+1","InnerPeace+1","FearNoEvil","Adaptation+1"],"relics":["PureWater","Frozen Egg 2","MawBank","VioletLotus","Replay:WaspNest","Philosopher\u0027s Stone","ReplayTheSpireMod:Shallot","Incense Burner","TheAbacus","Kunai","Bag of Preparation"],"acts_visited":["Exordium","TheCity","TheBeyond","TheEnding"],"potions_floor_usage":[57],"damage_taken":[{"damage":2.0,"enemies":"Small Slimes","floor":1.0,"turns":4.0},{"damage":0.0,"enemies":"Jaw Worm","floor":2.0,"turns":2.0},{"damage":3.0,"enemies":"Cultist","floor":3.0,"turns":3.0},{"damage":0.0,"enemies":"2 Fungi Beasts","floor":4.0,"turns":3.0},{"damage":0.0,"enemies":"Large Slime","floor":7.0,"turns":6.0},{"damage":8.0,"enemies":"Red Slaver","floor":9.0,"turns":3.0},{"damage":0.0,"enemies":"Looter","floor":13.0,"turns":3.0},{"damage":9.0,"enemies":"Gremlin Gang","floor":14.0,"turns":4.0},{"damage":53.0,"enemies":"Fading Forest","floor":18.0,"turns":11.0},{"damage":16.0,"enemies":"2 Thieves","floor":20.0,"turns":3.0},{"damage":0.0,"enemies":"Shell Parasite","floor":24.0,"turns":3.0},{"damage":0.0,"enemies":"Centurion and Healer","floor":26.0,"turns":9.0},{"damage":0.0,"enemies":"Snecko","floor":29.0,"turns":2.0},{"damage":0.0,"enemies":"3 Cultists","floor":30.0,"turns":4.0},{"damage":0.0,"enemies":"Chosen and Byrds","floor":32.0,"turns":3.0},{"damage":0.0,"enemies":"Sentry and Sphere","floor":33.0,"turns":2.0},{"damage":19.0,"enemies":"Champ","floor":35.0,"turns":5.0},{"damage":0.0,"enemies":"Orb Walker","floor":37.0,"turns":2.0},{"damage":3.0,"enemies":"3 Shapes","floor":38.0,"turns":3.0},{"damage":7.0,"enemies":"Maw","floor":39.0,"turns":6.0},{"damage":6.0,"enemies":"4 Shapes","floor":41.0,"turns":4.0},{"damage":45.0,"enemies":"Giant Head","floor":42.0,"turns":8.0},{"damage":0.0,"enemies":"Mind Bloom Boss Battle","floor":44.0,"turns":3.0},{"damage":0.0,"enemies":"Spire Growth","floor":47.0,"turns":3.0},{"damage":0.0,"enemies":"Sphere and 2 Shapes","floor":49.0,"turns":2.0},{"damage":0.0,"enemies":"Time Eater","floor":52.0,"turns":4.0},{"damage":0.0,"enemies":"Shield and Spear","floor":56.0,"turns":1.0},{"damage":10,"enemies":"The Heart","floor":57,"turns":4}],"seed_played":"8299268914040533475","potions_obtained":[{"floor":1.0,"key":"SkillPotion"},{"floor":4.0,"key":"DistilledChaos"},{"floor":7.0,"key":"FearPotion"},{"floor":12.0,"key":"FairyPotion"},{"floor":12.0,"key":"BlessingOfTheForge"},{"floor":13.0,"key":"Regen Potion"},{"floor":24.0,"key":"PowerPotion"},{"floor":37.0,"key":"SmokeBomb"},{"floor":41.0,"key":"Swift Potion"}],"is_trial":false,"path_per_floor":["M","M","M","M","PTL","PTL","M","R","M","?","T","?","M","M","?","?","R_BF","B",null,"M","$","?","$","M","R","M","R","T","M","M","?","M","M","R","B",null,"M","M","M","?","M","E","R","?","T","$","M","?","M","$","R","B",null,"R","$","E","B",null],"character_chosen":"WATCHER","items_purchased":["InnerPeace","TheAbacus","Elixir"],"campfire_rested":1,"item_purchase_floors":[46,46,46],"current_hp_per_floor":[70,70,67,67,67,67,67,67,59,59,59,59,59,50,50,50,50,17,72,56,56,56,56,56,56,56,56,56,56,56,56,56,56,56,37,72,72,69,62,62,56,11,31,31,31,31,31,31,31,31,31,31,68,68,68,68,58],"gold":67,"neow_bonus":"THREE_RARE_CARDS","is_daily":false,"chose_seed":false,"campfire_upgraded":5,"win_rate":0.0,"timestamp":1611024611,"path_taken":["M","M","M","M","PTL","PTL","M","R","M","?","T","?","M","?","?","?","R_BF","BOSS","M","$","?","$","M","R","M","R","T","M","M","?","M","M","R","BOSS","M","M","?","?","M","E","R","?","T","$","M","?","M","$","R","BOSS","R","$","E","BOSS"],"items_purchased_type":["Card","Relic","Potion"],"build_version":"2020-12-22","purchased_purges":4,"victory":true,"max_hp_per_floor":[72,72,72,72,72,72,72,72,72,72,72,72,72,72,72,72,72,72,72,72,72,72,72,72,72,72,72,72,72,72,72,72,72,72,72,72,72,72,72,68,68,68,68,68,68,68,68,68,68,68,68,68,68,68,68,68,68],"card_choices":[{"not_picked":["Replay:AllIn","LessonLearned"],"picked":"Scrawl","floor":0.0},{"not_picked":["Pray","FollowUp"],"picked":"Prostrate","floor":1.0},{"not_picked":["FlurryOfBlows","LikeWater","Replay:BluntJabs"],"picked":"SKIP","floor":2.0},{"not_picked":["Meditate","BowlingBash","Nirvana"],"picked":"SKIP","floor":3.0},{"not_picked":["Replay:Cycle","Indignation","PathToVictory"],"picked":"SKIP","floor":4.0},{"not_picked":["Alpha","JustLucky","ClearTheMind"],"picked":"SKIP","floor":7.0},{"not_picked":["Alpha","JustLucky"],"picked":"ClearTheMind","floor":7.0},{"not_picked":["Replay:AtTheReady","LikeWater","Prostrate"],"picked":"SKIP","floor":9.0},{"not_picked":["FollowUp","Protect","DevaForm+1"],"picked":"SKIP","floor":13.0},{"not_picked":["FlurryOfBlows","EmptyMind","Replay:BluntJabs"],"picked":"SKIP","floor":14.0},{"not_picked":["Replay:BluntJabs","CutThroughFate"],"picked":"MentalFortress+1","floor":20.0},{"not_picked":["Replay:AtTheReady","SashWhip","ClearTheMind+1"],"picked":"SKIP","floor":24.0},{"not_picked":["Meditate+1","Protect"],"picked":"FollowUp+1","floor":26.0},{"not_picked":["Nirvana+1","EmptyBody","Halt+1"],"picked":"SKIP","floor":29.0},{"not_picked":["Prostrate","Consecrate","Crescendo"],"picked":"SKIP","floor":30.0},{"not_picked":["Study+1","Tantrum"],"picked":"SandsOfTime+1","floor":32.0},{"not_picked":["Replay:AtTheReady","EmptyBody","Blasphemy"],"picked":"SKIP","floor":33.0},{"not_picked":["Halt+1","FlyingSleeves","FlurryOfBlows+1"],"picked":"SKIP","floor":37.0},{"not_picked":["BattleHymn+1","Replay:Hum","Vengeance+1"],"picked":"SKIP","floor":38.0},{"not_picked":["Prostrate+1","Replay:DivineShield","EmptyFist+1"],"picked":"SKIP","floor":39.0},{"not_picked":["Prostrate","EmptyBody+1","LikeWater+1"],"picked":"SKIP","floor":41.0},{"not_picked":["FlurryOfBlows+1","Brilliance","Replay:BluntJabs"],"picked":"SKIP","floor":42.0},{"not_picked":["Replay:BluntJabs+1","Tantrum+1"],"picked":"TalkToTheHand+1","floor":44.0},{"not_picked":["Sanctity","Crescendo+1"],"picked":"FearNoEvil","floor":47.0},{"not_picked":["CutThroughFate+1","SashWhip"],"picked":"Adaptation+1","floor":48.0},{"not_picked":["Halt","ClearTheMind+1","PathToVictory+1"],"picked":"SKIP","floor":49.0},{"not_picked":["WindmillStrike","Collect","Crescendo"],"picked":"SKIP","floor":56.0}],"player_experience":176673,"relics_obtained":[{"floor":11.0,"key":"Frozen Egg 2"},{"floor":28.0,"key":"Replay:WaspNest"},{"floor":42.0,"key":"ReplayTheSpireMod:Shallot"},{"floor":44.0,"key":"Incense Burner"},{"floor":48.0,"key":"Kunai"},{"floor":56.0,"key":"Bag of Preparation"}],"event_choices":[{"cards_removed":["Defend_P"],"damage_healed":0.0,"max_hp_gain":0.0,"max_hp_loss":0.0,"gold_gain":0.0,"event_name":"The Cleric","player_choice":"Card Removal","floor":10.0,"gold_loss":50.0,"damage_taken":0.0},{"damage_healed":0.0,"max_hp_gain":0.0,"max_hp_loss":0.0,"gold_gain":0.0,"event_name":"Lab","player_choice":"Got Potions","floor":12.0,"gold_loss":0.0,"damage_taken":0.0},{"cards_removed":["Prostrate"],"damage_healed":0.0,"max_hp_gain":0.0,"max_hp_loss":0.0,"gold_gain":0.0,"event_name":"WeMeetAgain","player_choice":"Gave Card","floor":16.0,"gold_loss":0.0,"damage_taken":0.0,"relics_obtained":["MawBank"]},{"cards_removed":["Steam"],"damage_healed":0.0,"max_hp_gain":0.0,"max_hp_loss":0.0,"gold_gain":0.0,"event_name":"Back to Basics","player_choice":"Elegance","floor":22.0,"gold_loss":0.0,"damage_taken":0.0},{"damage_healed":0.0,"max_hp_gain":0.0,"max_hp_loss":0.0,"gold_gain":0.0,"event_name":"Match and Keep!","player_choice":"0 cards matched","floor":31.0,"gold_loss":0.0,"damage_taken":0.0,"cards_obtained":[]},{"damage_healed":0.0,"max_hp_gain":0.0,"max_hp_loss":4.0,"gold_gain":0.0,"event_name":"Winding Halls","player_choice":"Max HP","floor":40.0,"gold_loss":0.0,"damage_taken":0.0},{"damage_healed":0.0,"max_hp_gain":0.0,"max_hp_loss":0.0,"gold_gain":0.0,"event_name":"MindBloom","player_choice":"Fight","floor":44.0,"gold_loss":0.0,"damage_taken":0.0}],"is_beta":false,"boss_relics":[{"not_picked":["Runic Dome","SacredBark"],"picked":"VioletLotus"},{"not_picked":["Astrolabe","Cursed Key"],"picked":"Philosopher\u0027s Stone"}],"items_purged_floors":[21,23,46,50],"is_endless":false,"potions_floor_spawned":[1,4,7,13,20,24,29,33,37,41,42,44,56],"ascension_level":0}}