{"host":"nbmmy2ys5j9alw05","time":1611062320,"event":{"mods":["AchievementEnabler","BaseMod","Bestiary","Better Vampires","Colored Map","Colored Powertips","Googly Eyes","Minty Spire (QoL Compilation)","Quick Restart","StSLib","The Hierophant","The IronCluck","everything is the same but u backflip on backflip"],"gold_per_floor":[114,114,114,189,189,189,228,246,246,246,260,260,273,38,38,161,161,181,181,181,206,219,219,257,257,257,3,21,21,36,54,54,178,178,197,261,171,194,194,228,228,272,272,291,291,291,88,88,88,88,88],"floor_reached":50,"language":"ENG","playtime":1850,"items_purged":["Strike_R"],"score":871,"play_id":"b2249023-d19b-4644-9a3c-4528721c88f3","local_time":"20210119051840","is_ascension_mode":true,"campfire_choices":[{"data":"Bash","floor":6,"key":"SMITH"},{"floor":12,"key":"REST"},{"data":"Limit Break","floor":15,"key":"SMITH"},{"data":"Limit Break","floor":23,"key":"SMITH"},{"data":"Inflame","floor":25,"key":"SMITH"},{"data":"Demon Form","floor":29,"key":"SMITH"},{"data":"Pommel Strike","floor":32,"key":"SMITH"},{"data":"Ghostly","floor":41,"key":"SMITH"},{"data":"Ghostly","floor":45,"key":"SMITH"},{"data":"Madness","floor":49,"key":"SMITH"}],"circlet_count":0,"master_deck":["Strike_R+1","Strike_R+1","Strike_R+1","Defend_R+1","Defend_R+1","Defend_R+1","Defend_R+1","Bash+1","Combust","Dropkick","Heavy Blade+1","Pommel Strike+1","Limit Break+1","Limit Break+1","Shrug It Off","Ghostly+1","Ghostly+1","Ghostly+1","Ghostly","Ghostly","Cleave+1","Uppercut+1","Demon Form+1","Immolate","CurseOfTheBell","Twin Strike+1","Disarm+1","Heavy Blade","Madness+1","Madness"],"relics":["Burning Blood","Shuriken","Golden Idol","Potion Belt","Champion Belt","Philosopher\u0027s Stone","Dead Branch","Toy Ornithopter","Mercury Hourglass","Calling Bell","Art of War","Kunai","Torii","Thread and Needle","Sundial","Du-Vu Doll","Letter Opener","HandDrill"],"acts_visited":["Exordium","TheCity","TheBeyond"],"potions_floor_usage":[7,7,13,13,13,13,13,13,16,16,16,24,33,33,33,33,33,36,42,44,50,50],"damage_taken":[{"damage":3,"enemies":"2 Louse","floor":1,"turns":3},{"damage":34,"enemies":"3 Sentries","floor":7,"turns":7},{"damage":4,"enemies":"Small Slimes","floor":8,"turns":3},{"damage":1,"enemies":"Cultist","floor":11,"turns":3},{"damage":8,"enemies":"Lots of Slimes","floor":13,"turns":4},{"damage":19,"enemies":"The Guardian","floor":16,"turns":10},{"damage":23,"enemies":"Chosen","floor":18,"turns":5},{"damage":3,"enemies":"2 Thieves","floor":21,"turns":5},{"damage":6,"enemies":"Centurion and Healer","floor":22,"turns":7},{"damage":6,"enemies":"Book of Stabbing","floor":24,"turns":6},{"damage":0,"enemies":"Snake Plant","floor":28,"turns":4},{"damage":2,"enemies":"Snecko","floor":30,"turns":4},{"damage":2,"enemies":"Centurion and Healer","floor":31,"turns":5},{"damage":10,"enemies":"Champ","floor":33,"turns":6},{"damage":4,"enemies":"3 Shapes","floor":35,"turns":3},{"damage":4,"enemies":"2 Orb Walkers","floor":36,"turns":6},{"damage":0,"enemies":"Orb Walker","floor":38,"turns":4},{"damage":0,"enemies":"Reptomancer","floor":40,"turns":5},{"damage":21,"enemies":"Giant Head","floor":42,"turns":7},{"damage":5,"enemies":"4 Shapes","floor":44,"turns":4},{"damage":49,"enemies":"Time Eater","floor":50,"turns":8}],"seed_played":"-7421229654262387600","potions_obtained":[{"floor":0,"key":"CultistPotion"},{"floor":0,"key":"SpeedPotion"},{"floor":0,"key":"Dexterity Potion"},{"floor":11,"key":"EntropicBrew"},{"floor":18,"key":"LiquidMemories"},{"floor":24,"key":"EntropicBrew"},{"floor":28,"key":"HeartOfIron"},{"floor":36,"key":"Weak Potion"},{"floor":42,"key":"Block Potion"}],"is_trial":false,"path_per_floor":["M","?","?","?","?","R","E","M","T","?","M","R","M","$","R","B",null,"M","?","?","M","M","R","E","R","T","$","M","R","M","M","R","B",null,"M","?","?","M","?","E","R","E","T","M","R","?","$","?","R","B"],"character_chosen":"IRONCLAD","items_purchased":["Limit Break","Mercury Hourglass","Heavy Blade","HandDrill"],"campfire_rested":1,"item_purchase_floors":[14,27,47,47],"current_hp_per_floor":[75,72,52,41,41,41,13,15,15,15,20,44,54,54,54,41,70,53,53,40,40,40,40,40,40,40,40,40,40,40,40,40,36,39,40,40,40,40,40,40,40,38,38,40,40,40,40,35,35,0,0],"gold":88,"neow_bonus":"THREE_SMALL_POTIONS","is_daily":false,"chose_seed":false,"campfire_upgraded":9,"win_rate":0.0,"timestamp":1611062320,"path_taken":["M","?","?","?","?","R","E","M","T","?","?","R","M","?","R","BOSS","M","?","?","M","M","R","E","R","T","?","M","R","?","M","R","BOSS","M","?","?","?","?","E","R","E","T","M","R","?","?","?","R","BOSS"],"items_purchased_type":["Card","Relic","Card","Relic"],"build_version":"2020-12-22","purchased_purges":1,"victory":false,"max_hp_per_floor":[80,80,80,80,80,80,80,80,80,80,80,80,80,80,80,80,80,80,80,40,40,40,40,40,40,40,40,40,40,40,40,40,40,40,40,40,40,40,40,40,40,40,40,40,40,40,40,40,40,40,40],"card_choices":[{"not_picked":["Heavy Blade","Havoc"],"picked":"Combust","floor":1},{"not_picked":["Sword Boomerang","Warcry"],"picked":"Dropkick","floor":7},{"not_picked":["Cleave","Iron Wave"],"picked":"Heavy Blade","floor":8},{"not_picked":["Pommel Strike","Dark Embrace"],"picked":"Inflame","floor":11},{"not_picked":["Wild Strike","Fire Breathing"],"picked":"Pommel Strike","floor":13},{"not_picked":["Corruption","Juggernaut"],"picked":"Limit Break","floor":16},{"not_picked":["Sever Soul","Reckless Charge"],"picked":"Shrug It Off","floor":18},{"not_picked":["Dropkick+1","Reckless Charge+1"],"picked":"Cleave+1","floor":21},{"not_picked":["Power Through","Perfected Strike"],"picked":"Uppercut+1","floor":22},{"not_picked":["Clothesline","Iron Wave+1","Ghostly Armor"],"picked":"SKIP","floor":24},{"not_picked":["Thunderclap+1","Twin Strike"],"picked":"Demon Form","floor":28},{"not_picked":["Armaments","Shrug It Off+1","Perfected Strike"],"picked":"SKIP","floor":30},{"not_picked":["Armaments","Body Slam","Rage"],"picked":"SKIP","floor":31},{"not_picked":["Bludgeon","Impervious"],"picked":"Immolate","floor":33},{"not_picked":["Blood for Blood+1","Rage"],"picked":"Twin Strike+1","floor":35},{"not_picked":["Warcry+1","Iron Wave+1","Intimidate"],"picked":"SKIP","floor":38},{"not_picked":["Ghostly Armor","Fire Breathing","Feed"],"picked":"SKIP","floor":40},{"not_picked":["Searing Blow","Thunderclap+1","Sever Soul+1"],"picked":"SKIP","floor":42},{"not_picked":["Body Slam","Flex+1"],"picked":"Disarm+1","floor":44}],"player_experience":472608,"relics_obtained":[{"floor":7,"key":"Potion Belt"},{"floor":9,"key":"Champion Belt"},{"floor":24,"key":"Dead Branch"},{"floor":26,"key":"Toy Ornithopter"},{"floor":34,"key":"Art of War"},{"floor":34,"key":"Kunai"},{"floor":34,"key":"Torii"},{"floor":36,"key":"Thread and Needle"},{"floor":40,"key":"Sundial"},{"floor":42,"key":"Du-Vu Doll"},{"floor":43,"key":"Letter Opener"}],"event_choices":[{"damage_healed":0,"gold_gain":0,"player_choice":"Success","damage_taken":3,"relics_obtained":["Shuriken"],"max_hp_gain":0,"max_hp_loss":0,"event_name":"Scrap Ooze","floor":2,"gold_loss":0},{"damage_healed":0,"gold_gain":0,"player_choice":"Take Damage","damage_taken":20,"relics_obtained":["Golden Idol"],"max_hp_gain":0,"max_hp_loss":0,"event_name":"Golden Idol","floor":3,"gold_loss":0},{"damage_healed":0,"gold_gain":75,"player_choice":"Gather Gold","damage_taken":11,"max_hp_gain":0,"max_hp_loss":0,"event_name":"World of Goop","floor":4,"gold_loss":0},{"damage_healed":0,"gold_gain":0,"player_choice":"Ignored","damage_taken":0,"max_hp_gain":0,"max_hp_loss":0,"event_name":"Liars Game","floor":5,"gold_loss":0},{"damage_healed":0,"gold_gain":0,"player_choice":"Forge","damage_taken":0,"max_hp_gain":0,"max_hp_loss":0,"event_name":"Accursed Blacksmith","floor":10,"gold_loss":0,"cards_upgraded":["Heavy Blade"]},{"damage_healed":0,"gold_gain":0,"player_choice":"Simplicity","damage_taken":0,"max_hp_gain":0,"max_hp_loss":0,"event_name":"Back to Basics","floor":19,"gold_loss":0,"cards_upgraded":["Strike_R","Strike_R","Strike_R","Strike_R","Defend_R","Defend_R","Defend_R","Defend_R"]},{"damage_healed":0,"gold_gain":0,"player_choice":"Became a Ghost","damage_taken":0,"max_hp_gain":0,"max_hp_loss":40,"event_name":"Ghosts","floor":20,"gold_loss":0,"cards_obtained":["Ghostly","Ghostly","Ghostly","Ghostly","Ghostly"]},{"damage_healed":0,"gold_gain":0,"player_choice":"Fight","damage_taken":0,"max_hp_gain":0,"max_hp_loss":0,"event_name":"Mysterious Sphere","floor":36,"gold_loss":0},{"cards_removed":["Strike_R"],"damage_healed":0,"gold_gain":0,"player_choice":"Upgrade and Remove","damage_taken":0,"max_hp_gain":0,"max_hp_loss":0,"event_name":"Designer","floor":37,"gold_loss":90,"cards_upgraded":["Ghostly"]},{"cards_removed":["Inflame"],"damage_healed":0,"gold_gain":0,"player_choice":"Removed Power","damage_taken":0,"max_hp_gain":0,"max_hp_loss":0,"event_name":"Falling","floor":39,"gold_loss":0},{"damage_healed":0,"gold_gain":0,"player_choice":"Memory 1","damage_taken":0,"max_hp_gain":0,"max_hp_loss":0,"event_name":"SensoryStone","floor":46,"gold_loss":0},{"damage_healed":0,"gold_gain":0,"player_choice":"Embrace Madness","damage_taken":5,"max_hp_gain":0,"max_hp_loss":0,"event_name":"Winding Halls","floor":48,"gold_loss":0,"cards_obtained":["Madness","Madness"]}],"is_beta":false,"boss_relics":[{"not_picked":["Coffee Dripper","Cursed Key"],"picked":"Philosopher\u0027s Stone"},{"not_picked":["SlaversCollar","Black Star"],"picked":"Calling Bell"}],"items_purged_floors":[14],"is_endless":false,"potions_floor_spawned":[11,13,18,24,28,36,42],"killed_by":"Time Eater","ascension_level":9}}