{"host":"e52c7hvho6xny3hd","time":1611065291,"event":{"mods":["AchievementEnabler","BaseMod","Colored Map","DeckTracker","Minty Spire (QoL Compilation)","Permanent Neow","StSLib"],"gold_per_floor":[212,212,225,238,238,238,23,23,97,117,127,146,146,161,161,266,266,247,267,366,281,191,191,210,210,210,222,222,238,251,270,270,375,375,395,405,136,154,166,166,0,0,0,15,15,30,30,30,30,30],"floor_reached":51,"language":"KOR","playtime":3030,"items_purged":["Strike_P","Defend_P"],"score":947,"play_id":"98df0fdc-0628-4c16-bc13-7ac6ed75c0e2","local_time":"20210119230811","is_ascension_mode":true,"campfire_choices":[{"data":"Fasting2","floor":6.0,"key":"SMITH"},{"data":"DevaForm","floor":13.0,"key":"SMITH"},{"floor":15.0,"key":"REST"},{"data":"1","floor":23.0,"key":"LIFT"},{"data":"2","floor":25.0,"key":"LIFT"},{"floor":28.0,"key":"REST"},{"floor":32.0,"key":"REST"},{"floor":40.0,"key":"REST"},{"floor":42.0,"key":"REST"},{"data":"3","floor":47.0,"key":"LIFT"},{"data":"SignatureMove","floor":49.0,"key":"SMITH"}],"circlet_count":0,"master_deck":["AscendersBane","Defend_P+1","Defend_P","Defend_P","Eruption","Vigilance","SashWhip","DevaForm+1","SignatureMove+1","Fasting2+1","Judgement","ForeignInfluence+1","ClearTheMind+1","Meditate+1","Swivel+1","DeusExMachina+1","EmptyBody+1","Wallop+1","EmptyFist","LikeWater","TalkToTheHand","ConjureBlade+1","Protect+1","LikeWater","EmptyBody+1","Wallop+1","DeusExMachina+1","DeceiveReality+1"],"relics":["HolyWater","Bird Faced Urn","Toxic Egg 2","Runic Pyramid","Girya","Bottled Tornado","ClockworkSouvenir","Red Mask","Regal Pillow"],"acts_visited":["Exordium","TheCity","TheBeyond"],"potions_floor_usage":[50],"damage_taken":[{"damage":3.0,"enemies":"Jaw Worm","floor":1.0,"turns":6.0},{"damage":6.0,"enemies":"2 Louse","floor":3.0,"turns":3.0},{"damage":0.0,"enemies":"Cultist","floor":4.0,"turns":3.0},{"damage":6.0,"enemies":"Looter","floor":10.0,"turns":4.0},{"damage":9.0,"enemies":"Blue Slaver","floor":11.0,"turns":5.0},{"damage":11.0,"enemies":"Lots of Slimes","floor":12.0,"turns":5.0},{"damage":12.0,"enemies":"Large Slime","floor":14.0,"turns":7.0},{"damage":23.0,"enemies":"Slime Boss","floor":16.0,"turns":5.0},{"damage":14.0,"enemies":"2 Thieves","floor":18.0,"turns":4.0},{"damage":18.0,"enemies":"3 Byrds","floor":19.0,"turns":4.0},{"damage":14.0,"enemies":"Snake Plant","floor":24.0,"turns":4.0},{"damage":21.0,"enemies":"Centurion and Healer","floor":27.0,"turns":7.0},{"damage":13.0,"enemies":"Sentry and Sphere","floor":29.0,"turns":4.0},{"damage":11.0,"enemies":"Snake Plant","floor":30.0,"turns":3.0},{"damage":10.0,"enemies":"3 Cultists","floor":31.0,"turns":5.0},{"damage":5.0,"enemies":"Collector","floor":33.0,"turns":9.0},{"damage":17.0,"enemies":"3 Darklings","floor":35.0,"turns":5.0},{"damage":23.0,"enemies":"3 Shapes","floor":36.0,"turns":3.0},{"damage":17.0,"enemies":"3 Darklings","floor":38.0,"turns":7.0},{"damage":19.0,"enemies":"Transient","floor":39.0,"turns":5.0},{"damage":0.0,"enemies":"Spire Growth","floor":44.0,"turns":7.0},{"damage":6.0,"enemies":"4 Shapes","floor":46.0,"turns":5.0},{"damage":9,"enemies":"Time Eater","floor":50,"turns":10}],"seed_played":"944345045132985041","potions_obtained":[{"floor":3.0,"key":"SmokeBomb"},{"floor":10.0,"key":"FairyPotion"},{"floor":12.0,"key":"Ancient Potion"}],"is_trial":false,"path_per_floor":["M","?","M","M","?","R","$","?","T","M","M","M","R","M","R","B",null,"M","M","?","?","?","R","M","R","T","M","R","M","M","M","R","B",null,"M","M","$","M","M","R","?","R","T","M","?","M","R","$","R","B",null],"character_chosen":"WATCHER","items_purchased":["Judgement","ClockworkSouvenir","EmptyBody+1"],"campfire_rested":5,"item_purchase_floors":[7,37,37],"current_hp_per_floor":[62,59,53,53,53,53,53,53,53,51,46,37,37,29,50,31,62,48,34,34,34,34,34,22,22,22,5,26,17,8,2,23,24,60,49,32,32,23,10,31,31,52,52,60,60,58,58,58,58,57],"gold":30,"neow_bonus":"HUNDRED_GOLD","is_daily":false,"chose_seed":false,"campfire_upgraded":3,"win_rate":0.0,"timestamp":1611065291,"path_taken":["M","?","M","M","?","R","$","?","T","M","?","M","R","M","R","BOSS","M","M","?","?","?","R","M","R","T","M","R","M","M","M","R","BOSS","M","M","$","?","M","R","?","R","T","M","?","M","R","?","R","BOSS"],"items_purchased_type":["Card","Relic","Card"],"build_version":"2020-12-22","purchased_purges":2,"victory":true,"max_hp_per_floor":[72,72,72,72,72,72,72,72,72,72,72,72,72,72,72,72,72,72,72,72,72,72,72,72,72,72,72,72,72,72,72,72,72,72,72,72,72,72,72,72,72,72,72,72,72,72,72,72,72,72],"card_choices":[{"not_picked":["JustLucky","ThirdEye"],"picked":"SashWhip","floor":1.0},{"not_picked":["SignatureMove","ClearTheMind"],"picked":"DevaForm","floor":3.0},{"not_picked":["Crescendo","Protect"],"picked":"SignatureMove","floor":4.0},{"not_picked":["SashWhip","WindmillStrike"],"picked":"ForeignInfluence+1","floor":10.0},{"not_picked":["SandsOfTime","Vengeance+1"],"picked":"ClearTheMind+1","floor":11.0},{"not_picked":["FlurryOfBlows","MasterReality"],"picked":"Meditate+1","floor":12.0},{"not_picked":["FlyingSleeves","ClearTheMind+1"],"picked":"Swivel+1","floor":14.0},{"not_picked":["Establishment","Devotion"],"picked":"DeusExMachina+1","floor":16.0},{"not_picked":["Halt+1","BowlingBash","BattleHymn"],"picked":"SKIP","floor":18.0},{"not_picked":["Consecrate","EmptyMind+1","PathToVictory+1"],"picked":"SKIP","floor":19.0},{"not_picked":["Indignation+1","EmptyFist"],"picked":"EmptyBody+1","floor":24.0},{"not_picked":["Evaluate+1","ThirdEye+1"],"picked":"Wallop+1","floor":27.0},{"not_picked":["JustLucky","Consecrate+1"],"picked":"EmptyFist","floor":29.0},{"not_picked":["Weave+1","BattleHymn"],"picked":"LikeWater","floor":30.0},{"not_picked":["EmptyBody+1","Swivel+1"],"picked":"TalkToTheHand","floor":31.0},{"not_picked":["Scrawl+1","Devotion"],"picked":"ConjureBlade+1","floor":33.0},{"not_picked":["Pray+1","CrushJoints+1"],"picked":"Protect+1","floor":35.0},{"not_picked":["CrushJoints+1","CarveReality"],"picked":"LikeWater","floor":36.0},{"not_picked":["ClearTheMind+1","Vengeance+1"],"picked":"Wallop+1","floor":38.0},{"not_picked":["EmptyFist+1","FollowUp"],"picked":"DeusExMachina+1","floor":39.0},{"not_picked":["ReachHeaven+1","Nirvana","Consecrate"],"picked":"SKIP","floor":44.0},{"not_picked":["SashWhip+1","BowlingBash"],"picked":"DeceiveReality+1","floor":46.0}],"player_experience":687851,"relics_obtained":[{"floor":9.0,"key":"Toxic Egg 2"},{"floor":26.0,"key":"Bottled Tornado"},{"floor":43.0,"key":"Regal Pillow"}],"event_choices":[{"damage_healed":0.0,"max_hp_gain":0.0,"max_hp_loss":0.0,"gold_gain":0.0,"event_name":"Scrap Ooze","player_choice":"Success","floor":2.0,"gold_loss":0.0,"damage_taken":3.0,"relics_obtained":["Bird Faced Urn"]},{"damage_healed":0.0,"max_hp_gain":0.0,"max_hp_loss":0.0,"gold_gain":0.0,"cards_transformed":["Strike_P"],"event_name":"Living Wall","player_choice":"Change","floor":5.0,"gold_loss":0.0,"damage_taken":0.0,"cards_obtained":["Fasting2"]},{"cards_removed":["Strike_P"],"damage_healed":0.0,"max_hp_gain":0.0,"max_hp_loss":0.0,"gold_gain":0.0,"event_name":"Purifier","player_choice":"Purged","floor":8.0,"gold_loss":0.0,"damage_taken":0.0},{"damage_healed":0.0,"max_hp_gain":0.0,"max_hp_loss":0.0,"gold_gain":99.0,"event_name":"Nest","player_choice":"Stole From Cult","floor":20.0,"gold_loss":0.0,"damage_taken":0.0},{"damage_healed":0.0,"max_hp_gain":0.0,"max_hp_loss":0.0,"gold_gain":0.0,"event_name":"Addict","player_choice":"Obtained Relic","floor":21.0,"gold_loss":85.0,"damage_taken":0.0,"relics_obtained":["Girya"]},{"cards_removed":["Strike_P"],"damage_healed":0.0,"max_hp_gain":0.0,"max_hp_loss":0.0,"gold_gain":0.0,"event_name":"Designer","player_choice":"Upgrade and Remove","floor":22.0,"gold_loss":90.0,"damage_taken":0.0,"cards_upgraded":["Defend_P"]},{"damage_healed":0.0,"max_hp_gain":0.0,"max_hp_loss":0.0,"gold_gain":0.0,"event_name":"Tomb of Lord Red Mask","player_choice":"Paid","floor":41.0,"gold_loss":166.0,"damage_taken":0.0,"relics_obtained":["Red Mask"]},{"damage_healed":0.0,"max_hp_gain":0.0,"max_hp_loss":0.0,"gold_gain":0.0,"event_name":"SensoryStone","player_choice":"Memory 1","floor":45.0,"gold_loss":0.0,"damage_taken":0.0}],"is_beta":false,"boss_relics":[{"not_picked":["VioletLotus","Empty Cage"],"picked":"Runic Pyramid"},{"not_picked":["SacredBark","Coffee Dripper"],"picked":"HolyWater"}],"items_purged_floors":[7,37],"is_endless":false,"potions_floor_spawned":[3,10,12,14,18,30,33,44,46],"ascension_level":11}}