{"host":"9h1qbmp5h1ch7u4r","time":1611080964,"event":{"mods":["Act Like it!","BaseMod","Hallownest","Minty Spire (QoL Compilation)","StSLib","The Bug Knight"],"gold_per_floor":[11,24,56,56,68,68,28,28,28,55,55,71,89,118,118,214,214,214,214],"floor_reached":18,"language":"ENG","playtime":842,"items_purged":[],"score":231,"play_id":"1221c039-4d4a-43df-bb47-79ca87fa150e","local_time":"20210119132924","is_ascension_mode":true,"campfire_choices":[{"data":"HollowMod:SiblingsSouls","floor":6,"key":"SMITH"},{"data":"HollowMod:MantisMark","floor":8,"key":"SMITH"},{"data":"HollowMod:MantisMark","floor":11,"key":"SMITH"},{"data":"HollowMod:MantisMark","floor":15,"key":"SMITH"}],"circlet_count":0,"master_deck":["HollowMod:FocusHealStart","HollowMod:PogoStrike","Panache","HollowMod:SiblingsSouls+1","HollowMod:CycloneSlash","HollowMod:MonomonsArchive","HollowMod:MantisMark+1","HollowMod:MantisMark+1","HollowMod:ZotesMagnificence","HollowMod:MantisMark+1","HollowMod:Hiveblood","HollowMod:GoodIntentions","HollowMod:HowlingWraiths","HollowMod:HerrahsAnger","HollowMod:BrokenVessel","HollowMod:AbyssShriek","HollowMod:CrystalDash","HollowMod:MonomonsArchive","HollowMod:MawleksShell"],"relics":["HollowMod:VesselMask","InkBottle","Mercury Hourglass","HollowMod:LumaflyLanternRelic","Boot","Pandora\u0027s Box"],"acts_visited":["Exordium","Hallownest:Greenpath"],"potions_floor_usage":[16],"damage_taken":[{"damage":4,"enemies":"2_ Uuma","floor":1,"turns":6},{"damage":0,"enemies":"Hallownest:monsterHuskGuard","floor":2,"turns":4},{"damage":0,"enemies":"Hallownest:eliteVengeflyKing","floor":3,"turns":7},{"damage":0,"enemies":"Hallownest:2_Baldur","floor":5,"turns":3},{"damage":6,"enemies":"Hallownest:eliteCrystalGuardian","floor":10,"turns":4},{"damage":1,"enemies":"Hallownest:Guard_and_Warrior","floor":12,"turns":3},{"damage":3,"enemies":"Hallownest:Wandering_and_Horned","floor":13,"turns":4},{"damage":10,"enemies":"Hallownest:eliteVengeflyKing","floor":14,"turns":3},{"damage":6,"enemies":"Hallownest:BossFalseKnight","floor":16,"turns":6},{"damage":0,"enemies":"Hallownest:Guard_and_Sentry","floor":18,"turns":1}],"seed_played":"750310122556458275","potions_obtained":[{"floor":2,"key":"Block Potion"},{"floor":12,"key":"Fire Potion"},{"floor":13,"key":"Strength Potion"},{"floor":16,"key":"Fire Potion"}],"is_trial":false,"path_per_floor":["M","M","?","?","M","R","$","R","T","E","R","M","M","E","R","B",null,"M"],"character_chosen":"THE_BUGKNIGHT","items_purchased":["HollowMod:MantisMark"],"campfire_rested":0,"item_purchase_floors":[7],"current_hp_per_floor":[75,75,75,75,75,75,75,75,75,75,75,75,75,65,65,65,75,75,75],"gold":214,"neow_bonus":"RANDOM_COLORLESS_2","is_daily":false,"chose_seed":false,"campfire_upgraded":4,"win_rate":0.0,"timestamp":1611080964,"path_taken":["M","M","?","?","M","R","$","R","T","E","R","M","M","E","R","BOSS","M"],"items_purchased_type":["Card"],"build_version":"2020-12-22","purchased_purges":0,"victory":false,"max_hp_per_floor":[75,75,75,75,75,75,75,75,75,75,75,75,75,75,75,75,75,75,75],"card_choices":[{"not_picked":["Magnetism","Master of Strategy"],"picked":"Panache","floor":0},{"not_picked":["HollowMod:ChannelNail","HollowMod:ShadowDash"],"picked":"HollowMod:SiblingsSouls","floor":1},{"not_picked":["HollowMod:VengefulVoid","HollowMod:HeavyBlow"],"picked":"HollowMod:CycloneSlash","floor":2},{"not_picked":["HollowMod:FallenFury","HollowMod:CornifersMapStart"],"picked":"HollowMod:MonomonsArchive","floor":3},{"not_picked":["HollowMod:QuirrelsAssistance","HollowMod:SoulVessel","HollowMod:InfectedAttack"],"picked":"SKIP","floor":5},{"not_picked":["HollowMod:PerfectDash","HollowMod:VengefulVoid"],"picked":"HollowMod:MantisMark","floor":10},{"not_picked":["HollowMod:DescendingDark","HollowMod:PureNailStrike"],"picked":"HollowMod:ZotesMagnificence","floor":12},{"not_picked":["HollowMod:SoulStrike","HollowMod:CycloneSlash","HollowMod:TaintedHusks"],"picked":"SKIP","floor":13},{"not_picked":["HollowMod:TaintedHusks","HollowMod:AbyssShriek"],"picked":"HollowMod:MantisMark","floor":14},{"not_picked":["HollowMod:PureVessel","HollowMod:LifebloodCore"],"picked":"HollowMod:Hiveblood","floor":16}],"player_experience":911212,"relics_obtained":[{"floor":3,"key":"InkBottle"},{"floor":9,"key":"Mercury Hourglass"},{"floor":10,"key":"HollowMod:LumaflyLanternRelic"},{"floor":14,"key":"Boot"}],"event_choices":[],"is_beta":false,"boss_relics":[{"not_picked":["Snecko Eye","Runic Dome"],"picked":"Pandora\u0027s Box"}],"items_purged_floors":[],"is_endless":false,"potions_floor_spawned":[2,12,13,16],"killed_by":"Hallownest:Guard_and_Sentry","ascension_level":3}}