{"host":"2ica2wc1gg7guzbw","time":1611076867,"event":{"mods":["BaseMod","Colored Map","Minty Spire (QoL Compilation)","Replay The Spire","Shop Mod","StSLib"],"gold_per_floor":[364,415,23,23,36,36,68,88,163,196,116,116,116],"floor_reached":12,"language":"RUS","playtime":399,"items_purged":["Pain"],"score":172,"play_id":"306fc8fb-8172-4f11-9555-3e06c6817ce6","local_time":"20210119212107","is_ascension_mode":true,"campfire_choices":[{"data":"Chaos","floor":6,"key":"SMITH"}],"circlet_count":0,"master_deck":["AscendersBane","Strike_B","Strike_B","Strike_B","Defend_B","Defend_B","Defend_B","Defend_B","Zap","Dualcast","Gash","Cold Snap","Fission+1","Chaos+1","Auto Shields","ReplayTheSpireMod:Calculation Training","Conserve Battery","Self Repair+1"],"relics":["Cracked Core","ReplayTheSpireMod:Shallot","Symbiotic Virus","Bronze Scales","Frozen Egg 2","Ornamental Fan"],"acts_visited":["Exordium"],"potions_floor_usage":[7],"damage_taken":[{"damage":9,"enemies":"Jaw Worm","floor":1,"turns":3},{"damage":0,"enemies":"Small Slimes","floor":5,"turns":4},{"damage":10,"enemies":"Gremlin Nob","floor":7,"turns":3},{"damage":0,"enemies":"Cultist","floor":8,"turns":3},{"damage":13,"enemies":"3 Sentries","floor":10,"turns":10},{"damage":32,"enemies":"Gremlin Nob","floor":12,"turns":3}],"seed_played":"6697791921911341048","potions_obtained":[{"floor":1,"key":"Milkshake"},{"floor":2,"key":"BlessingOfTheForge"}],"is_trial":false,"path_per_floor":["M","?","$","?","M","R","E","M","T","E","$","E"],"character_chosen":"DEFECT","items_purchased":["Symbiotic Virus","Cold Snap","Self Repair+1"],"campfire_rested":0,"item_purchase_floors":[3,3,11],"current_hp_per_floor":[55,55,55,55,55,55,45,45,45,32,32,0,0],"gold":116,"neow_bonus":"TWO_FIFTY_GOLD","is_daily":false,"chose_seed":false,"campfire_upgraded":1,"win_rate":0.0,"timestamp":1611076867,"path_taken":["M","?","?","?","?","R","E","?","T","E","$","E"],"items_purchased_type":["Relic","Card","Card"],"build_version":"2020-12-22","purchased_purges":1,"victory":false,"max_hp_per_floor":[64,64,64,64,64,64,64,64,64,64,64,64,64],"card_choices":[{"not_picked":["Darkness","Barrage"],"picked":"Gash","floor":1},{"not_picked":["BasicCrystalCard","BootSequence"],"picked":"Chaos","floor":5},{"not_picked":["Heatsinks","Redo"],"picked":"Auto Shields","floor":7},{"not_picked":["Beam Cell","Go for the Eyes"],"picked":"ReplayTheSpireMod:Calculation Training","floor":8},{"not_picked":["ReplaySort","Leap"],"picked":"Conserve Battery","floor":10}],"player_experience":926374,"relics_obtained":[{"floor":2,"key":"ReplayTheSpireMod:Shallot"},{"floor":7,"key":"Bronze Scales"},{"floor":9,"key":"Frozen Egg 2"},{"floor":10,"key":"Ornamental Fan"}],"event_choices":[],"is_beta":false,"boss_relics":[],"items_purged_floors":[3],"is_endless":false,"potions_floor_spawned":[1],"killed_by":"Gremlin Nob","ascension_level":20}}