{"host":"kq2g769nefmuyn7c","time":1611041707,"event":{"mods":["ATMod(°¢èªMod)","Act Like it!","BaseMod","Gensokyo","Koishi","Minty Spire (QoL Compilation)","Remilia£¨ÀÙÃ×ÀòÑÇ£©","Replay The Spire","StSLib","The Servant 0.9.4"],"gold_per_floor":[211,230,230,230,240,268,268,268,268],"floor_reached":8,"language":"ZHS","playtime":338,"items_purged":[],"score":95,"play_id":"e0ab12ef-2791-475c-90d9-1292bbcb8c97","local_time":"20210119153507","is_ascension_mode":true,"campfire_choices":[{"data":"MiserableFate","floor":7.0,"key":"SMITH"},{"data":"LeisurelyOfLord","floor":7.0,"key":"SMITH"}],"circlet_count":0,"master_deck":["AscendersBane","Strike_RM","Strike_RM","Strike_RM","Strike_RM","Defend_RM","Defend_RM","Defend_RM","Defend_RM","RedMoon","ScarletShoot","AT_FamilyPortrait+1","MiserableFate+1","LeisurelyOfLord+1","ChainGang"],"relics":["ScarletHat","AT_ATBox","Replay:Arrowhead"],"acts_visited":["Exordium"],"potions_floor_usage":[],"damage_taken":[{"damage":0.0,"enemies":"2 Louse","floor":1.0,"turns":3.0},{"damage":11.0,"enemies":"Jaw Worm","floor":2.0,"turns":6.0},{"damage":3.0,"enemies":"Cultist","floor":5.0,"turns":4.0},{"damage":50.0,"enemies":"Gremlin Nob","floor":6.0,"turns":7.0},{"damage":12,"enemies":"Lagavulin","floor":8,"turns":4}],"seed_played":"8431383992702021531","potions_obtained":[{"floor":1.0,"key":"Flashbang"}],"is_trial":false,"path_per_floor":["M","M","?","?","M","E","R","E"],"character_chosen":"REMILIA","items_purchased":[],"campfire_rested":0,"item_purchase_floors":[],"current_hp_per_floor":[63,56,56,56,53,4,4,0,0],"gold":268,"neow_bonus":"HUNDRED_GOLD","is_daily":false,"chose_seed":false,"campfire_upgraded":2,"win_rate":0.0,"timestamp":1611041707,"path_taken":["M","M","?","?","M","E","R","E"],"items_purchased_type":[],"build_version":"2020-12-22","purchased_purges":0,"victory":false,"max_hp_per_floor":[70,70,70,70,70,70,70,70,70],"card_choices":[{"not_picked":["BloodHunter","EmergencyRegeneration","MastersStateliness"],"picked":"SKIP","floor":1.0},{"not_picked":["UnderTheZenith","UnstableMagic"],"picked":"MiserableFate","floor":2.0},{"not_picked":["StarOfDavid","ForbiddenFruit"],"picked":"LeisurelyOfLord","floor":5.0},{"not_picked":["MastersStateliness","BlasphemousPunishment"],"picked":"ChainGang","floor":6.0}],"player_experience":267546,"relics_obtained":[{"floor":6.0,"key":"Replay:Arrowhead"}],"event_choices":[{"damage_healed":0.0,"max_hp_gain":0.0,"max_hp_loss":0.0,"gold_gain":0.0,"event_name":"Liars Game","player_choice":"Ignored","floor":3.0,"gold_loss":0.0,"damage_taken":0.0},{"damage_healed":0.0,"max_hp_gain":0.0,"max_hp_loss":0.0,"gold_gain":0.0,"event_name":"Upgrade Shrine","player_choice":"Upgraded","floor":4.0,"gold_loss":0.0,"damage_taken":0.0,"cards_upgraded":["AT_FamilyPortrait"]}],"is_beta":false,"boss_relics":[],"items_purged_floors":[],"is_endless":false,"potions_floor_spawned":[1],"killed_by":"Lagavulin","ascension_level":14}}