{"host":"ydg0vn0pu4pubmdt","time":1611098919,"event":{"mods":["AchievementEnabler","BaseMod","Colored Map","Gold Saver","Minty Spire (QoL Compilation)","Quick Restart","SuperFastMode"],"gold_per_floor":[175,175,50,68,68,68,102,117,117,117,158,83,103,134,134,230,230,253,253,269,280,180,212,225,252,252,252,82,82,82,117,117,198,198,209,233,253,271,121,121,146,146,169,189,189,206,218,60,60,60],"floor_reached":51,"language":"KOR","playtime":1756,"items_purged":["Strike_G","Bane","Outmaneuver","Phantasmal Killer"],"score":1485,"play_id":"dd4e5d83-5728-43c8-b479-90e05d7e697d","local_time":"20210120082839","is_ascension_mode":true,"campfire_choices":[{"data":"Blade Dance","floor":6.0,"key":"SMITH"},{"data":"Glass Knife","floor":10.0,"key":"SMITH"},{"data":"Accuracy","floor":15.0,"key":"SMITH"},{"data":"1","floor":27.0,"key":"LIFT"},{"data":"2","floor":29.0,"key":"LIFT"},{"data":"3","floor":32.0,"key":"LIFT"},{"data":"Adrenaline","floor":40.0,"key":"SMITH"},{"data":"Well Laid Plans","floor":49.0,"key":"SMITH"}],"circlet_count":0,"master_deck":["AscendersBane","Survivor","Neutralize","Blade Dance","Blade Dance+1","Escape Plan","Glass Knife+1","Dagger Spray","Acrobatics","Well Laid Plans+1","Escape Plan","Accuracy+1","Adrenaline+1","Footwork","Terror","Accuracy","Venomology","Tactician","Calculated Gamble","Endless Agony","Blur","Blade Dance","Deflect","PiercingWail","Cloak And Dagger","Acrobatics","Escape Plan"],"relics":["Ring of the Snake","NeowsBlessing","Bloody Idol","Shuriken","White Beast Statue","Tiny Chest","CaptainsWheel","Pandora\u0027s Box","Girya","CeramicFish","Mercury Hourglass","Bottled Lightning","SacredBark","Bag of Preparation","Toy Ornithopter","Pen Nib","Oddly Smooth Stone"],"acts_visited":["Exordium","TheCity","TheBeyond"],"potions_floor_usage":[50],"damage_taken":[{"damage":0.0,"enemies":"Small Slimes","floor":1.0,"turns":1.0},{"damage":0.0,"enemies":"Jaw Worm","floor":4.0,"turns":1.0},{"damage":0.0,"enemies":"3 Sentries","floor":7.0,"turns":1.0},{"damage":0.0,"enemies":"Cultist","floor":8.0,"turns":3.0},{"damage":8.0,"enemies":"Gremlin Nob","floor":11.0,"turns":3.0},{"damage":3.0,"enemies":"3 Louse","floor":13.0,"turns":3.0},{"damage":17.0,"enemies":"Lagavulin","floor":14.0,"turns":5.0},{"damage":12.0,"enemies":"Slime Boss","floor":16.0,"turns":5.0},{"damage":0.0,"enemies":"Chosen","floor":18.0,"turns":3.0},{"damage":0.0,"enemies":"Spheric Guardian","floor":20.0,"turns":3.0},{"damage":0.0,"enemies":"Snecko","floor":21.0,"turns":3.0},{"damage":26.0,"enemies":"Book of Stabbing","floor":23.0,"turns":4.0},{"damage":8.0,"enemies":"Centurion and Healer","floor":24.0,"turns":3.0},{"damage":3.0,"enemies":"Gremlin Leader","floor":25.0,"turns":4.0},{"damage":8.0,"enemies":"Book of Stabbing","floor":31.0,"turns":3.0},{"damage":27.0,"enemies":"Champ","floor":33.0,"turns":4.0},{"damage":10.0,"enemies":"3 Darklings","floor":35.0,"turns":4.0},{"damage":27.0,"enemies":"3 Shapes","floor":36.0,"turns":4.0},{"damage":3.0,"enemies":"3 Darklings","floor":37.0,"turns":5.0},{"damage":10.0,"enemies":"4 Shapes","floor":38.0,"turns":3.0},{"damage":26.0,"enemies":"Reptomancer","floor":41.0,"turns":5.0},{"damage":32.0,"enemies":"Transient","floor":44.0,"turns":6.0},{"damage":0.0,"enemies":"Sphere and 2 Shapes","floor":46.0,"turns":3.0},{"damage":0.0,"enemies":"Maw","floor":47.0,"turns":3.0},{"damage":93,"enemies":"Awakened One","floor":50,"turns":7}],"seed_played":"-1000051750703101207","potions_obtained":[{"floor":11.0,"key":"GamblersBrew"},{"floor":13.0,"key":"Regen Potion"},{"floor":16.0,"key":"Regen Potion"},{"floor":21.0,"key":"AttackPotion"},{"floor":23.0,"key":"Fruit Juice"},{"floor":24.0,"key":"Strength Potion"},{"floor":25.0,"key":"Fruit Juice"},{"floor":31.0,"key":"FairyPotion"},{"floor":33.0,"key":"Weak Potion"},{"floor":35.0,"key":"Fire Potion"},{"floor":36.0,"key":"GamblersBrew"},{"floor":37.0,"key":"Ancient Potion"},{"floor":44.0,"key":"Strength Potion"},{"floor":46.0,"key":"DuplicationPotion"},{"floor":47.0,"key":"GamblersBrew"}],"is_trial":false,"path_per_floor":["M","?","$","M","?","R","E","M","T","R","E","$","M","E","R","B",null,"M","?","M","M","$","E","M","E","T","R","$","R","?","E","R","B",null,"M","M","M","M","$","R","E","?","T","M","T","M","M","$","R","B",null],"character_chosen":"THE_SILENT","items_purchased":["Blade Dance","Well Laid Plans","Cloak And Dagger","Oddly Smooth Stone"],"campfire_rested":0,"item_purchase_floors":[3,12,28,48],"current_hp_per_floor":[59,59,59,59,59,59,59,59,59,59,51,51,48,31,31,19,50,50,50,55,60,60,48,54,56,56,56,60,60,60,62,62,50,65,60,43,50,45,45,45,24,24,29,48,48,63,66,66,66,20],"gold":60,"neow_bonus":"THREE_ENEMY_KILL","is_daily":false,"chose_seed":false,"campfire_upgraded":5,"win_rate":0.0,"timestamp":1611098919,"path_taken":["M","?","?","?","?","R","E","M","T","R","E","$","M","E","R","BOSS","M","?","M","M","$","E","M","E","T","R","$","R","?","E","R","BOSS","M","M","M","M","$","R","E","?","T","M","?","?","M","?","R","BOSS"],"items_purchased_type":["Card","Card","Card","Relic"],"build_version":"2020-12-22","purchased_purges":4,"victory":true,"max_hp_per_floor":[66,60,60,60,60,60,60,60,60,60,60,60,60,60,60,60,60,60,60,60,60,60,60,60,60,60,60,60,60,60,65,65,70,70,70,70,70,70,70,70,70,66,66,66,66,66,66,66,66,66],"card_choices":[{"not_picked":["Prepared","Dagger Throw"],"picked":"Blade Dance","floor":1.0},{"not_picked":["Expertise","Backstab"],"picked":"Escape Plan","floor":4.0},{"not_picked":["Backflip","Outmaneuver"],"picked":"Glass Knife","floor":7.0},{"not_picked":["Deadly Poison","Infinite Blades"],"picked":"Dagger Spray","floor":8.0},{"not_picked":["All Out Attack","Flying Knee"],"picked":"Acrobatics","floor":11.0},{"not_picked":["Crippling Poison","Bane"],"picked":"Escape Plan","floor":13.0},{"not_picked":["Dagger Spray","Prepared"],"picked":"Accuracy","floor":14.0},{"not_picked":["Glass Knife","Envenom"],"picked":"Adrenaline","floor":16.0},{"not_picked":["Sucker Punch","Flechettes"],"picked":"Blur","floor":18.0},{"not_picked":["All Out Attack","Concentrate"],"picked":"Blade Dance","floor":20.0},{"not_picked":["Eviscerate","Setup"],"picked":"Deflect","floor":21.0},{"not_picked":["Tactician","Doppelganger","Poisoned Stab"],"picked":"SKIP","floor":23.0},{"not_picked":["Quick Slash","Crippling Poison"],"picked":"PiercingWail","floor":24.0},{"not_picked":["Riddle With Holes","Accuracy","Choke"],"picked":"SKIP","floor":25.0},{"not_picked":["Setup+1","Well Laid Plans","Skewer"],"picked":"SKIP","floor":31.0},{"not_picked":["Die Die Die","Grand Finale"],"picked":"Phantasmal Killer","floor":33.0},{"not_picked":["Flechettes","Slice","Blur"],"picked":"SKIP","floor":35.0},{"not_picked":["Bane","Prepared"],"picked":"Acrobatics","floor":36.0},{"not_picked":["Sucker Punch","Infinite Blades"],"picked":"Escape Plan","floor":37.0},{"not_picked":["Tactician","Bane","Sucker Punch+1"],"picked":"SKIP","floor":38.0},{"not_picked":["Dagger Spray","Dodge and Roll","Terror"],"picked":"SKIP","floor":41.0},{"not_picked":["Masterful Stab","Setup","Underhanded Strike+1"],"picked":"SKIP","floor":44.0},{"not_picked":["Accuracy","Outmaneuver","Distraction"],"picked":"SKIP","floor":46.0},{"not_picked":["Calculated Gamble","Outmaneuver+1","Underhanded Strike+1"],"picked":"SKIP","floor":47.0}],"player_experience":503522,"relics_obtained":[{"floor":7.0,"key":"Shuriken"},{"floor":9.0,"key":"White Beast Statue"},{"floor":11.0,"key":"Tiny Chest"},{"floor":14.0,"key":"CaptainsWheel"},{"floor":23.0,"key":"Girya"},{"floor":25.0,"key":"CeramicFish"},{"floor":26.0,"key":"Mercury Hourglass"},{"floor":31.0,"key":"Bottled Lightning"},{"floor":41.0,"key":"Bag of Preparation"},{"floor":43.0,"key":"Toy Ornithopter"},{"floor":45.0,"key":"Pen Nib"}],"event_choices":[{"damage_healed":0.0,"max_hp_gain":0.0,"max_hp_loss":6.0,"gold_gain":0.0,"event_name":"Golden Idol","player_choice":"Lose Max HP","floor":2.0,"gold_loss":0.0,"damage_taken":0.0,"relics_obtained":["Golden Idol"]},{"damage_healed":0.0,"max_hp_gain":0.0,"max_hp_loss":0.0,"gold_gain":0.0,"event_name":"Liars Game","player_choice":"Ignored","floor":5.0,"gold_loss":0.0,"damage_taken":0.0},{"damage_healed":0.0,"max_hp_gain":0.0,"max_hp_loss":0.0,"gold_gain":0.0,"event_name":"Forgotten Altar","player_choice":"Gave Idol","floor":19.0,"relics_lost":["Golden Idol"],"gold_loss":0.0,"damage_taken":0.0,"relics_obtained":["Bloody Idol"]},{"damage_healed":0.0,"max_hp_gain":0.0,"max_hp_loss":0.0,"gold_gain":0.0,"event_name":"The Mausoleum","player_choice":"Ignored","floor":30.0,"gold_loss":0.0,"damage_taken":0.0},{"damage_healed":0.0,"max_hp_gain":0.0,"max_hp_loss":4.0,"gold_gain":0.0,"event_name":"Winding Halls","player_choice":"Max HP","floor":42.0,"gold_loss":0.0,"damage_taken":0.0}],"is_beta":false,"boss_relics":[{"not_picked":["Snecko Eye","Velvet Choker"],"picked":"Pandora\u0027s Box"},{"not_picked":["Tiny House","Fusion Hammer"],"picked":"SacredBark"}],"items_purged_floors":[3,22,28,39],"is_endless":false,"potions_floor_spawned":[11,13,14,16,18,20,21,23,24,25,31,33,35,36,37,38,41,44,46,47],"ascension_level":18}}