{"host":"xzk9bt2l7avnb6n5","time":1611079937,"event":{"mods":["Aspiration","BaseMod","Conspire","Downfall","Highlight Path","Infinite Spire","Minty Spire (QoL Compilation)","Shop Mod","StSLib","The Wild Card"],"gold_per_floor":[99,113,124,124,144,164,164,64,239,250,250,250,269,282,300,300,300,300],"floor_reached":16,"language":"ENG","playtime":675,"items_purged":[],"score":96,"play_id":"0da025bf-7be7-45b4-8bad-7ef7a5d3f9e7","local_time":"20210119111217","is_ascension_mode":false,"campfire_choices":[{"floor":1,"key":"RECALL"},{"floor":8,"key":"REST"},{"floor":12,"key":"REST"}],"circlet_count":0,"master_deck":["bronze:Strike","bronze:Strike","bronze:Strike","bronze:Strike","bronze:Defend","bronze:Defend","bronze:Defend","bronze:Defend","bronze:Replicate+1","bronze:Goto","bronze:BugBarrage","bronze:FineTuning+1","downfall:Bewildered","bronze:OilSpill","bronze:DelayedSlice","Doubt","bronze:Iterate","bronze:WhirlingStrike","bronze:Optimize"],"relics":["bronze:BronzeCore","infinitespire:Lucky Rock","aspiration:FetidBarrel","downfall:HeartBlessingRed","conspire:Flyswatter"],"acts_visited":["Exordium"],"potions_floor_usage":[15,16,16],"damage_taken":[{"damage":1,"enemies":"Jaw Worm","floor":2,"turns":3},{"damage":15,"enemies":"infinitespire:Voidling","floor":3,"turns":4},{"damage":0,"enemies":"Small Slimes","floor":5,"turns":3},{"damage":14,"enemies":"Blue Slaver","floor":6,"turns":3},{"damage":8,"enemies":"Exordium Wildlife","floor":10,"turns":3},{"damage":8,"enemies":"2 Fungi Beasts","floor":13,"turns":3},{"damage":10,"enemies":"Exordium Thugs","floor":14,"turns":4},{"damage":17,"enemies":"Gremlin Gang","floor":15,"turns":2},{"damage":39,"enemies":"IC_STATUS_ARCHETYPE","floor":16,"turns":4}],"seed_played":"-8646543605251425510","potions_obtained":[{"floor":3,"key":"LiquidBronze"},{"floor":6,"key":"hexamod:SoulburnPotion"},{"floor":14,"key":"CultistPotion"}],"is_trial":false,"path_per_floor":["R","M","M","?","M","M","T","R","?","M","?","R","M","M","M","B"],"character_chosen":"THE_AUTOMATON","items_purchased":[],"campfire_rested":2,"item_purchase_floors":[],"current_hp_per_floor":[70,69,61,61,61,47,47,68,68,60,48,69,61,51,34,0,0,0],"gold":300,"neow_bonus":"RANDOM_COMMON_RELIC","is_daily":false,"chose_seed":false,"campfire_upgraded":0,"win_rate":0.0,"timestamp":1611079937,"path_taken":["R","M","M","?","?","M","T","R","?","M","?","R","M","M","M","BOSS"],"items_purchased_type":[],"build_version":"2020-12-22","purchased_purges":0,"victory":false,"max_hp_per_floor":[70,70,70,70,70,70,70,70,70,70,70,70,70,70,70,70,70,70],"card_choices":[{"not_picked":["bronze:Deprecate","bronze:Backtrace"],"picked":"bronze:BugBarrage","floor":2},{"not_picked":["bronze:DarkDash","bronze:Frontload"],"picked":"bronze:FineTuning","floor":3},{"not_picked":["bronze:Shield","bronze:Frontload"],"picked":"bronze:OilSpill","floor":5},{"not_picked":["bronze:CutThrough","bronze:Frontload"],"picked":"bronze:DelayedSlice","floor":6},{"not_picked":["bronze:Separator","bronze:Shell"],"picked":"bronze:Iterate","floor":10},{"not_picked":["bronze:CutThrough","bronze:Allocate"],"picked":"bronze:WhirlingStrike","floor":13},{"not_picked":["bronze:GetLatest","bronze:NullPointer"],"picked":"bronze:Optimize","floor":14},{"not_picked":["bronze:BuggyMess","bronze:Overheat","bronze:GetLatest"],"picked":"SKIP","floor":15}],"player_experience":476399,"relics_obtained":[{"floor":7,"key":"aspiration:FetidBarrel"}],"event_choices":[{"damage_healed":0,"gold_gain":0,"player_choice":"Success","damage_taken":12,"relics_obtained":["conspire:Flyswatter"],"max_hp_gain":0,"max_hp_loss":0,"event_name":"Scrap Ooze","floor":11,"gold_loss":0}],"is_beta":false,"boss_relics":[],"items_purged_floors":[],"is_endless":false,"potions_floor_spawned":[3,6,13,14],"killed_by":"IC_STATUS_ARCHETYPE","ascension_level":0}}