{"host":"xj2wyr3bqqv4irjd","time":1611092254,"event":{"mods":["Act Like it!","Aspiration","BaseMod","DeckTracker","Highlight Path","Jorbs\u0027s Wanderer Trilogy","Koishi","Lobotomy","LobotomyExtend","Marisa£®ÏF”Í°°ƒß¿Ì…≥£©","Minty Spire (QoL Compilation)","Quick Restart","Rare Cards Sparkle","Reimu£®≤©¿ˆ¡È√Œ£©","Remilia£®¿Ÿ√◊¿Ú—«£©","Replay The Spire","SIMod","StSLib","Td1madao Mod","The Animator","WarShipGirlsR/’ΩΩ¢…Ÿ≈ÆR mod","Yakumo Yukari mod"],"gold_per_floor":[134,134,134,59,69,69,95,95,95,95,114,145,145,159,159,260,260,275,275,275,101,112,144,144,19,19,49,49,79,79,89,89,194,194,212,224,236,236,247,247,247],"floor_reached":40,"language":"ZHS","playtime":2454,"items_purged":["AT_purpleEX","Injury","AT_purpleEX"],"score":552,"play_id":"2c257879-28c6-4806-8ccc-fa0ceaca044e","local_time":"20210120053734","is_ascension_mode":true,"campfire_choices":[{"data":"Umbrella_purple","floor":6.0,"key":"SMITH"},{"data":"Nest_LightFlightworm_purple","floor":13.0,"key":"SMITH"},{"data":"Observe_purple_2","floor":15.0,"key":"SMITH"},{"data":"Price_of_realm_purpleEX","floor":24.0,"key":"SMITH"},{"data":"ExistenceContinue_purple","floor":28.0,"key":"SMITH"},{"data":"MonsterNeedle_purple","floor":30.0,"key":"SMITH"},{"data":"Bait_HighSpeedFlying_purple","floor":32.0,"key":"SMITH"}],"circlet_count":0,"master_deck":["Defend_purpleEX","Defend_purpleEX","Defend_purpleEX","Observe_purple_2+1","Umbrella_purple+1","Nest_LightFlightworm_purple+1","OmniscientAndOmnipotent_Monster_purple+1","Bait_HighSpeedFlying_purple+1","PurpleNeedle_purple","Price_of_realm_purpleEX+1","PositiveMatter_Antimatter_Universe_purple+1","DimensionStaggered_purple","DimensionStaggered_purple","ExistenceContinue_purple+1","DarkRealmRedLine_purple+1","Fancifulhole_purple+1","MonsterNeedle_purple+1","CommonSense_AntiCommonSense_purple+1","BarrageBoundary_PipeDream_purple+1","ButterflyHabitatTemple_purple+1","Fantasy_PerpetualMotionMachine_purple+1","DarkRealmRedLine_purple+1","UniverseChoice_purple+1"],"relics":["Boundary_crack","Memoryfragments_purpleEX","aspiration:Nostalgia","Apod","LetterFromLob","Frozen Egg 2","Pet Ghost","Pondfish Scales","Blue Doll","aspiration:WatcherSkillbook","aspiration:RitualStick","MealTicket","Bottled Lightning","Onion Ring","Blood Vial","Seventeenyearold_girl_Forever","Moonlight_r"],"acts_visited":["Exordium","TheCity","TheBeyond"],"potions_floor_usage":[37],"damage_taken":[{"damage":2.0,"enemies":"Jaw Worm","floor":1.0,"turns":5.0},{"damage":6.0,"enemies":"Cultist","floor":5.0,"turns":5.0},{"damage":39.0,"enemies":"3 Sentries","floor":7.0,"turns":12.0},{"damage":0.0,"enemies":"2 Louse","floor":11.0,"turns":1.0},{"damage":12.0,"enemies":"Gremlin Nob","floor":12.0,"turns":3.0},{"damage":0.0,"enemies":"Red Slaver","floor":14.0,"turns":2.0},{"damage":1.0,"enemies":"Fading Forest","floor":16.0,"turns":11.0},{"damage":2.0,"enemies":"Spheric Guardian","floor":18.0,"turns":3.0},{"damage":0.0,"enemies":"3 Byrds","floor":22.0,"turns":3.0},{"damage":31.0,"enemies":"Book of Stabbing","floor":23.0,"turns":4.0},{"damage":19.0,"enemies":"Gremlin Leader","floor":27.0,"turns":5.0},{"damage":14.0,"enemies":"Book of Stabbing","floor":29.0,"turns":4.0},{"damage":0.0,"enemies":"Snake Plant","floor":31.0,"turns":3.0},{"damage":17.0,"enemies":"Collector","floor":33.0,"turns":7.0},{"damage":16,"enemies":"3 Darklings","floor":35,"turns":3},{"damage":6,"enemies":"3 Shapes","floor":36,"turns":4},{"damage":28,"enemies":"Writhing Mass","floor":37,"turns":5},{"damage":11,"enemies":"Spire Growth","floor":39,"turns":6}],"seed_played":"25912089952302695","potions_obtained":[{"floor":11.0,"key":"Languid Potion"},{"floor":12.0,"key":"BlessingOfTheForge"},{"floor":14.0,"key":"Block Potion"},{"floor":29.0,"key":"LiquidBronze"},{"floor":31.0,"key":"ColorlessPotion"},{"floor":33.0,"key":"SkillPotion"},{"floor":36,"key":"BlessingOfTheForge"},{"floor":37,"key":"Death Potion"}],"is_trial":false,"path_per_floor":["M","?","?","$","M","R","E","$","T","?","M","E","R","M","R","B",null,"M","?","?","$","M","E","R","$","T","E","R","E","R","M","R","B",null,"M","M","M","?","M","E"],"character_chosen":"Youkari","items_purchased":["DimensionStaggered_purple","ExistenceContinue_purple"],"campfire_rested":0,"item_purchase_floors":[21,21],"current_hp_per_floor":[69,69,62,62,58,58,23,23,23,39,39,29,29,30,30,44,70,69,55,55,55,58,31,31,46,46,30,30,19,19,21,21,20,70,63,66,60,60,74,0,0],"gold":247,"neow_bonus":"NOSTALGIA","is_daily":false,"chose_seed":false,"campfire_upgraded":7,"win_rate":0.0,"timestamp":1611092254,"path_taken":["M","?","?","?","?","R","E","$","T","?","M","E","R","M","R","BOSS","M","?","?","$","?","E","R","?","T","E","R","E","R","M","R","BOSS","M","M","M","?","?","E"],"items_purchased_type":["Card","Card"],"build_version":"2020-12-22","purchased_purges":3,"victory":false,"max_hp_per_floor":[70,70,70,70,70,70,70,70,70,70,70,70,70,70,70,70,70,70,70,70,70,70,70,70,70,70,70,70,70,70,70,70,70,70,70,70,72,72,74,74,74],"card_choices":[{"not_picked":["OmniscientAndOmnipotent_Monster_purple","Yakumo_Ran_purple","Umbrella_purple"],"picked":"SKIP","floor":1.0},{"not_picked":["Line_surface_state_purple","SfantasyHide_purple"],"picked":"Umbrella_purple","floor":5.0},{"not_picked":["Line_surface_state_purple","DimensionStaggered_purple"],"picked":"Nest_LightFlightworm_purple","floor":7.0},{"not_picked":["Realm_recovery_purpleEX","ExistenceContinue_purple"],"picked":"OmniscientAndOmnipotent_Monster_purple","floor":11.0},{"not_picked":["ButterflyHabitatTemple_purple","MonsterNeedle_purple"],"picked":"Bait_HighSpeedFlying_purple","floor":12.0},{"not_picked":["Mirror_Drifter_purple","DarkRealmRedLine_purple"],"picked":"PurpleNeedle_purple","floor":14.0},{"not_picked":["LoveAcrossDimensions_purple+1","Human_Monster_Realm_purple"],"picked":"Price_of_realm_purpleEX","floor":16.0},{"not_picked":["StateDuplicate_purple","SfantasyHide_purple+1","Boundary_ObjectiveBoundary_purple"],"picked":"PositiveMatter_Antimatter_Universe_purple+1","floor":18.0},{"not_picked":["MetroBOOM_purple","Yakumo_Ran_purple","OmniscientAndOmnipotent_Monster_purple","Line_surface_state_purple"],"picked":"SKIP","floor":22.0},{"not_picked":["SharpContractionReality_purple","RuptureOfTimeAndSpace_purple","RuleDissolution_purple"],"picked":"DarkRealmRedLine_purple+1","floor":23.0},{"not_picked":["DimensionStaggered_purple","Erosivefilter_purple","RuleDissolution_purple"],"picked":"Fancifulhole_purple","floor":27.0},{"not_picked":["AdvanceAttack_purple","Shallow_ocean_purpleEX","Charmbait_purple"],"picked":"MonsterNeedle_purple","floor":29.0},{"not_picked":["Extrememeaning_purpleEX","SharpContractionReality_purple","Line_surface_state_purple"],"picked":"CommonSense_AntiCommonSense_purple+1","floor":31.0},{"not_picked":["Mirror_TwoAndThreeElementRealm_purple","UniverseChoice_purple+1","WangLiang_LineAndCurveDreams_purple+1"],"picked":"BarrageBoundary_PipeDream_purple","floor":33.0},{"not_picked":["StateDuplicate_purple+1","AdvanceAttack_purple","Line_surface_state_purple","MeetDecomposer_purple"],"picked":"SKIP","floor":35},{"not_picked":["Worldmountain_purple+1","ExistenceContinue_purple","SharpContractionReality_purple"],"picked":"ButterflyHabitatTemple_purple+1","floor":36},{"not_picked":["Mirror_FormAndEmptin_purple+1","StretchesForeverDream_purple","Extrememeaning_purpleEX+1"],"picked":"Fantasy_PerpetualMotionMachine_purple+1","floor":37},{"not_picked":["DimensionStaggered_purple+1","PurpleNeedle_purple","ExistenceContinue_purple"],"picked":"UniverseChoice_purple+1","floor":39}],"player_experience":547435,"relics_obtained":[{"floor":1.0,"key":"LetterFromLob"},{"floor":7.0,"key":"Pet Ghost"},{"floor":9.0,"key":"Pondfish Scales"},{"floor":12.0,"key":"Blue Doll"},{"floor":23.0,"key":"MealTicket"},{"floor":26.0,"key":"Bottled Lightning"},{"floor":27.0,"key":"Onion Ring"},{"floor":29.0,"key":"Blood Vial"}],"event_choices":[{"cards_removed":["AT_purpleEX"],"damage_healed":0.0,"max_hp_gain":0.0,"max_hp_loss":0.0,"gold_gain":0.0,"event_name":"Golden Wing","player_choice":"Card Removal","floor":3.0,"gold_loss":0.0,"damage_taken":7.0},{"damage_healed":0.0,"max_hp_gain":0.0,"max_hp_loss":0.0,"gold_gain":0.0,"event_name":"Upgrade Shrine","player_choice":"Upgraded","floor":20.0,"gold_loss":0.0,"damage_taken":0.0,"cards_upgraded":["OmniscientAndOmnipotent_Monster_purple"]},{"damage_healed":0,"gold_gain":0,"player_choice":"Copied","damage_taken":0,"max_hp_gain":0,"max_hp_loss":0,"event_name":"Duplicator","floor":38,"gold_loss":0,"cards_obtained":["DarkRealmRedLine_purple"]}],"is_beta":false,"boss_relics":[{"not_picked":["Replay:Ancient Bell","SacredBark"],"picked":"aspiration:WatcherSkillbook"},{"not_picked":["Ring of Chaos","Painkiller Herb"],"picked":"Seventeenyearold_girl_Forever"}],"items_purged_floors":[4,21,25],"is_endless":false,"potions_floor_spawned":[11,12,14,29,31,33,36,37],"ascension_level":2}}