{"host":"h4lp0eeso8a0ssq0","time":1611015196,"event":{"mods":["2.2 Compatiblity","AchievementEnabler","BaseMod","CapriCore","Colored Map","Minty Spire (QoL Compilation)","Replay The Spire","StSLib","SuperFastMode"],"gold_per_floor":[114,114,134,148,163,193,193,203,203,216,216,216,243,253,253,349,349,369,369,9,9,20,35,35,46,72,72,72],"floor_reached":27,"language":"KOR","playtime":776,"items_purged":[],"score":227,"play_id":"ca2b6dc5-217d-47b3-8ee1-a1bc87582c70","local_time":"20210119091316","is_ascension_mode":false,"campfire_choices":[{"data":"Blood for Blood","floor":7.0,"key":"SMITH"},{"data":"ReplayTheSpireMod:LeadingStrike","floor":11.0,"key":"SMITH"},{"data":"Fire Breathing","floor":15.0,"key":"SMITH"},{"data":"Corruption","floor":24,"key":"SMITH"}],"circlet_count":0,"master_deck":["Strike_R","Defend_R","Defend_R","Defend_R","Defend_R","Bash","Shrug It Off","Fire Breathing+1","Carnage","True Grit","Blood for Blood+1","Evolve","ReplayTheSpireMod:LeadingStrike+1","Sword Boomerang","Self Repair+1","ReplayTheSpireMod:Stacked","Reckless Charge+1","Corruption+1","Hemokinesis+1","Rage+1","Flame Barrier+1","Pommel Strike+1","Glacier","Fiend Fire+1","Fiend Fire+1","Injury","Rampage+1","Pummel+1"],"relics":["Bag of Marbles","Happy Flower","Iron Hammer","Iron Core","Molten Egg 2","Astrolabe","Pantograph","InkBottle","Replay:Mystery Machine"],"acts_visited":["Exordium","TheCity"],"potions_floor_usage":[],"damage_taken":[{"damage":8.0,"enemies":"Jaw Worm","floor":1.0,"turns":3.0},{"damage":1.0,"enemies":"Cultist","floor":3.0,"turns":4.0},{"damage":0.0,"enemies":"Small Slimes","floor":4.0,"turns":3.0},{"damage":2.0,"enemies":"Looter","floor":5.0,"turns":2.0},{"damage":33.0,"enemies":"Lagavulin","floor":6.0,"turns":6.0},{"damage":5.0,"enemies":"Large Slime","floor":8.0,"turns":5.0},{"damage":0.0,"enemies":"Exordium Wildlife","floor":10.0,"turns":1.0},{"damage":22.0,"enemies":"Gremlin Nob","floor":13.0,"turns":4.0},{"damage":10.0,"enemies":"2 Fungi Beasts","floor":14.0,"turns":3.0},{"damage":27.0,"enemies":"Slime Boss","floor":16.0,"turns":6.0},{"damage":2.0,"enemies":"Spheric Guardian","floor":18.0,"turns":5.0},{"damage":2,"enemies":"3 Byrds","floor":22,"turns":4},{"damage":21,"enemies":"Shelled Parasite and Fungi","floor":23,"turns":6},{"damage":8,"enemies":"Chosen and Byrds","floor":25,"turns":5},{"damage":18,"enemies":"Snake Plant","floor":27,"turns":3}],"seed_played":"3999574374174336548","potions_obtained":[{"floor":6.0,"key":"Elixir"},{"floor":8.0,"key":"Dexterity Potion"},{"floor":10.0,"key":"ElixirPotion"},{"floor":13.0,"key":"SteroidPotion"}],"is_trial":false,"path_per_floor":["M","?","M","M","M","E","R","M","T","M","R","?","E","M","R","B",null,"M","?","$","?","M","M","R","M","T","M"],"character_chosen":"IRONCLAD","items_purchased":["Pantograph","Fiend Fire+1"],"campfire_rested":0,"item_purchase_floors":[20,20],"current_hp_per_floor":[78,78,80,80,80,53,53,54,54,60,60,60,48,48,48,31,80,78,78,78,78,80,69,69,61,61,43,43],"gold":72,"neow_bonus":"RANDOM_COMMON_RELIC","is_daily":false,"chose_seed":false,"campfire_upgraded":4,"win_rate":0.0,"timestamp":1611015196,"path_taken":["M","?","?","M","M","E","R","M","T","M","R","?","E","M","R","BOSS","M","?","?","?","M","?","R","M","T","M"],"items_purchased_type":["Relic","Card"],"build_version":"2020-12-22","purchased_purges":0,"victory":false,"max_hp_per_floor":[80,80,80,80,80,80,80,80,80,80,80,80,80,80,80,80,80,80,80,80,80,80,80,80,80,80,80,80],"card_choices":[{"not_picked":["Wild Strike","Body Slam"],"picked":"Shrug It Off","floor":1.0},{"not_picked":["Sever Soul","Cleave"],"picked":"Carnage","floor":3.0},{"not_picked":["Perfected Strike","Heavy Blade"],"picked":"True Grit","floor":4.0},{"not_picked":["Perfected Strike","Hemokinesis"],"picked":"Blood for Blood","floor":5.0},{"not_picked":["Reckless Charge","Feel No Pain"],"picked":"Evolve","floor":6.0},{"not_picked":["Havoc","Cleave"],"picked":"ReplayTheSpireMod:LeadingStrike","floor":8.0},{"not_picked":["Demon Form","Replay:Undeath\u0027s Touch"],"picked":"Sword Boomerang","floor":10.0},{"not_picked":["Rage","Spot Weakness"],"picked":"ReplayTheSpireMod:Stacked","floor":13.0},{"not_picked":["Flex","Havoc"],"picked":"Reckless Charge+1","floor":14.0},{"not_picked":["Hemogenesis+1","Feed+1"],"picked":"Corruption","floor":16.0},{"not_picked":["Hemokinesis+1","Evolve"],"picked":"Pommel Strike+1","floor":18.0},{"not_picked":["Hologram","Sword Boomerang+1"],"picked":"Rampage+1","floor":22},{"not_picked":["Glacier","Dual Wield+1","Entrench"],"picked":"SKIP","floor":23},{"not_picked":["Havoc+1","Run Through+1"],"picked":"Pummel+1","floor":25}],"player_experience":170132,"relics_obtained":[{"floor":6.0,"key":"Happy Flower"},{"floor":9.0,"key":"Iron Hammer"},{"floor":13.0,"key":"Molten Egg 2"},{"floor":26,"key":"Replay:Mystery Machine"}],"event_choices":[{"damage_healed":0.0,"max_hp_gain":0.0,"max_hp_loss":0.0,"gold_gain":0.0,"cards_transformed":["Strike_R"],"event_name":"Transmorgrifier","player_choice":"Transformed","floor":2.0,"gold_loss":0.0,"damage_taken":0.0,"cards_obtained":["Fire Breathing"]},{"damage_healed":0,"gold_gain":0,"player_choice":"1 cards matched","damage_taken":0,"max_hp_gain":0,"max_hp_loss":0,"event_name":"Match and Keep!","floor":19,"gold_loss":0,"cards_obtained":["Glacier"]}],"is_beta":false,"boss_relics":[{"not_picked":["Velvet Choker","Fusion Hammer"],"picked":"Astrolabe"}],"items_purged_floors":[],"is_endless":false,"potions_floor_spawned":[6,8,10,13,14,23,25],"killed_by":"Snake Plant","ascension_level":0}}