{"host":"eny0bxnatoru6fum","time":1611069933,"event":{"mods":["A Magickal Journey","AchievementEnabler","AlwaysNeverKeys","Aspiration","BaseMod","Beaked The Cultist","BetterRewards","Colored Map","Colored Powertips","Conspire","DeckTracker","Duelist Mod","Energized Spire","Glutton Mod","Halation","Hubris","Infinite Spire","Jedi Mod","Lobotomy","LobotomyExtend","Minty Spire (QoL Compilation)","Relic Sorter","Replay The Spire","Shop Mod","Spicy Shops","Spikes Relics","StSLib","Synergy Search","The Animator","The Blue Laboratory","The Bug Knight","The Cursed","The Hierophant","The Jungle","The Problem Sleuth","The Runesmith","The Sage","The Servant 0.9.4","The Spell Scribe","vexMod"],"gold_per_floor":[28,43,43,43,43,43,85,107,210,210,220,270,270,320,320,416,1107,1123,407,421,421,438,438,452,452,525,575,575,60,113,127,127,226,251,266,30,50,50,67,67,92,92,142,170,260,277,302,312,312,312],"floor_reached":51,"language":"ENG","playtime":4653,"items_purged":["animator:Defend","animator:Strike","animator:Strike","animator:Defend"],"score":1010,"play_id":"a0060981-a8b7-4147-97a0-0cefc5606bce","local_time":"20210119092533","is_ascension_mode":false,"campfire_choices":[{"floor":6.0,"key":"REST"},{"floor":10.0,"key":"REST"},{"floor":13.0,"key":"RECALL"},{"data":"animator:Kazuma","floor":15.0,"key":"SMITH"},{"data":"animator:Shalltear","floor":25,"key":"SMITH"},{"data":"animator:Mitsurugi","floor":32,"key":"SMITH"},{"data":"animator:Envy","floor":40,"key":"SMITH"},{"data":"Infinite Blades","floor":49,"key":"SMITH"}],"circlet_count":0,"master_deck":["animator:Strike_Konosuba","animator:Defend_Konosuba","animator:Strike","animator:Defend","animator:Kazuma+1","animator:Aqua+1","animator:IrohaTamaki","animator:Entoma+9","animator:Gilgamesh+15","animator:Mitsurugi+1","animator:Mitsuba","animator:PandorasActor","animator:Kazuma+1","animator:Envy+1","animator:Ainz","animator:Mitsurugi","Replay:Fractal Strike","animator:Mikaela","Replay:Fractal Strike","animator:Shalltear+1","Pot Of Greed","Pot Of Greed","animator:Mitsurugi","Pot Of Greed","animator:Mitsurugi","animator:Yoichi","animator:Rena","animator:AcuraAkari","animator:YachiyoNanami","animator:Chris","animator:Aqua+1","infinitespire:FutureSight","Infinite Blades+1","animator:Mitsurugi","Riddle With Holes+1","Pot Of Greed+1"],"relics":["animator:LivingPicture","halation:RedSoulGem","jedi:kaleidoscope","jedi:heavyjacket","Grinning Jar","halation:SelfBoilingWater","aspiration:SilentSkillbook","BargainBundle","Gaze_r","MagicBullet_r","animator:TheMissingPiece","animator:PurgingStone","LetterFromLob","Moonlight_r","jedi:cryingmask","aspiration:FrozenJewel","Unceasing Top","halation:AfternoonTea","vexMod:RockOfEvil","OrangePellets","Matryoshka","aspiration:AnachronicSnailShell","hubris:SlimyHat","Gremlin Food","infinitespire:Midas Blood","MerchantsRug","jedi:bottledfury","vexMod:EndlessSickness","animator:AlchemistGlove","ReplayTheSpireMod:TigerMarble","Toxic Egg 2","Philosopher\u0027s Stone","conspire:BottledYoYo"],"acts_visited":["Exordium","TheCity","TheBeyond"],"potions_floor_usage":[33,33,45,45,46,50,50],"damage_taken":[{"damage":4.0,"enemies":"Jaw Worm","floor":1.0,"turns":4.0},{"damage":0.0,"enemies":"Small Slimes","floor":2.0,"turns":4.0},{"damage":18.0,"enemies":"Small Slimes","floor":4.0,"turns":4.0},{"damage":8.0,"enemies":"3 Sentries","floor":7.0,"turns":11.0},{"damage":0.0,"enemies":"conspire:RoseBush","floor":8.0,"turns":1.0},{"damage":0.0,"enemies":"Large Slime","floor":11.0,"turns":3.0},{"damage":2.0,"enemies":"Gremlin Nob","floor":12.0,"turns":3.0},{"damage":0.0,"enemies":"Lagavulin","floor":14.0,"turns":5.0},{"damage":16.0,"enemies":"Fading Forest","floor":16.0,"turns":11.0},{"damage":0.0,"enemies":"conspire:FuzzyDice","floor":18.0,"turns":9.0},{"damage":0,"enemies":"3 Byrds","floor":20,"turns":2},{"damage":0,"enemies":"conspire:HollyBat","floor":22,"turns":9},{"damage":0,"enemies":"3 Cultists","floor":24,"turns":4},{"damage":0,"enemies":"animator:HornedBat","floor":27,"turns":5},{"damage":0,"enemies":"theDuelist:KaibaA2","floor":30,"turns":2},{"damage":8,"enemies":"Snake Plant","floor":31,"turns":2},{"damage":0,"enemies":"Champ","floor":33,"turns":4},{"damage":0,"enemies":"3 Shapes","floor":35,"turns":2},{"damage":0,"enemies":"Orb Walker","floor":37,"turns":2},{"damage":0,"enemies":"Jaw Worm Horde","floor":39,"turns":4},{"damage":0,"enemies":"Transient","floor":44,"turns":5},{"damage":2,"enemies":"Nightmare","floor":45,"turns":6},{"damage":8,"enemies":"3 Darklings","floor":46,"turns":2},{"damage":0,"enemies":"Sphere and 2 Shapes","floor":48,"turns":2},{"damage":0,"enemies":"Donu and Deca","floor":50,"turns":5}],"seed_played":"-7317839902969876588","potions_obtained":[{"floor":2.0,"key":"Fire Potion"},{"floor":8.0,"key":"blueLaboratory:PolymorphPotion"},{"floor":11.0,"key":"Venom Potion"},{"floor":14.0,"key":"Fruit Juice"},{"floor":24,"key":"SkillPotion"},{"floor":30,"key":"blueLaboratory:RecallPotion"},{"floor":39,"key":"blueLaboratory:FrostheartPotion"},{"floor":45,"key":"Energy Potion"},{"floor":46,"key":"SkillPotion"}],"is_trial":false,"path_per_floor":["M","M","?","?","?","R","E","M","T","R","M","E","R","E","R","B",null,"M","$","M","?","M","?","M","R","T","E","?","$","E","M","R","B",null,"M","$","M","?","M","R","AVR","?","T","M","NM","M","?","M","R","B",null],"character_chosen":"THE_ANIMATOR","items_purchased":["OrangePellets","Matryoshka","aspiration:AnachronicSnailShell","halation:SelfBoilingWater","infinitespire:Midas Blood","MerchantsRug","animator:Mitsurugi","BargainBundle","animator:YachiyoNanami","jedi:StrikingPotion","blueLaboratory:Moonshine"],"campfire_rested":2,"item_purchase_floors":[19,19,19,19,29,29,29,36,36,36,36],"current_hp_per_floor":[62,64,64,24,24,43,38,38,38,57,62,60,60,63,63,57,75,75,75,75,57,62,62,67,67,67,69,77,77,77,69,69,72,81,83,83,84,84,86,86,86,86,86,86,49,49,49,53,53,53],"gold":312,"neow_bonus":"ONE_RARE_RELIC","is_daily":false,"chose_seed":false,"campfire_upgraded":5,"win_rate":0.0,"timestamp":1611069933,"path_taken":["M","M","?","?","?","R","E","M","T","R","M","E","R","E","R","BOSS","M","$","M","?","M","?","?","R","T","E","?","$","E","M","R","BOSS","M","$","M","?","M","R","AVR","?","T","M","NM","?","?","M","R","BOSS"],"items_purchased_type":["Relic","Relic","Relic","Relic","Relic","Relic","Card","Relic","Card","Potion","Potion"],"build_version":"2020-12-22","purchased_purges":4,"victory":true,"max_hp_per_floor":[66,66,66,66,66,66,66,66,66,66,68,68,68,68,68,75,75,75,75,75,75,77,77,79,79,79,81,81,81,81,81,81,81,81,83,83,84,84,86,86,86,86,86,86,49,51,51,53,53,53],"card_choices":[{"not_picked":["animator:Arpeggio","animator:Ara"],"picked":"animator:IrohaTamaki","floor":1.0},{"not_picked":["animator:Elsword","animator:Ara"],"picked":"animator:Entoma","floor":2.0},{"not_picked":["animator:Lu","animator:NagisaMomoe"],"picked":"animator:Gilgamesh","floor":7.0},{"not_picked":["animator:Verdia","animator:Darkness"],"picked":"animator:Mitsurugi","floor":8.0},{"not_picked":["animator:Alexander","animator:Ara"],"picked":"animator:Mitsuba","floor":11.0},{"not_picked":["animator:Rena","animator:Shigure"],"picked":"animator:PandorasActor","floor":12.0},{"not_picked":["animator:Gilgamesh","animator:Assassin"],"picked":"animator:Kazuma","floor":14.0},{"not_picked":["animator:AcuraShin","animator:Eve"],"picked":"animator:Envy","floor":16.0},{"not_picked":["animator:Albedo","animator:Demiurge"],"picked":"animator:Ainz","floor":18.0},{"not_picked":["animator:Kazuma","animator:OrikoMikuni+1"],"picked":"animator:Mitsurugi","floor":20},{"not_picked":["infinitespire:Menacing","ReplayTheSpireMod:??????????????????????"],"picked":"Replay:Fractal Strike","floor":21},{"not_picked":["animator:Archer","animator:Tyuule"],"picked":"animator:Mikaela","floor":22},{"not_picked":["animator:Chris+1","animator:Alexander"],"picked":"animator:Shalltear","floor":24},{"not_picked":["animator:Kazuma","animator:Verdia"],"picked":"animator:Mitsurugi","floor":27},{"not_picked":["animator:Gillette","animator:ChaikaBohdan"],"picked":"animator:Yoichi","floor":30},{"not_picked":["animator:Raven","animator:YuiTsuruno"],"picked":"animator:Rena","floor":31},{"not_picked":["animator:Mikaela","animator:ElricAlphonse+1"],"picked":"animator:AcuraAkari","floor":35},{"not_picked":["animator:Darkness","animator:Kazuma"],"picked":"animator:Chris","floor":37},{"not_picked":["animator:Darkness+1","animator:KrulTepes"],"picked":"animator:Aqua+1","floor":39},{"not_picked":["Endless Agony+1","animator:YunYun","animator:Mikaela+1"],"picked":"animator:Father+1","floor":44},{"not_picked":["animator:Shigure","Dodge and Roll+1","Cloak And Dagger+1"],"picked":"Infinite Blades","floor":45},{"not_picked":["animator:Vanir","animator:Darkness","animator:Aqua+1"],"picked":"animator:Mitsurugi","floor":46},{"not_picked":["animator:Caster+1","animator:Archer+1","animator:Aqua+1"],"picked":"Riddle With Holes+1","floor":48}],"player_experience":491031,"relics_obtained":[{"floor":1.0,"key":"LetterFromLob"},{"floor":5.0,"key":"jedi:cryingmask"},{"floor":7.0,"key":"aspiration:FrozenJewel"},{"floor":9.0,"key":"jedi:heavyjacket"},{"floor":12.0,"key":"Unceasing Top"},{"floor":14.0,"key":"halation:AfternoonTea"},{"floor":26,"key":"hubris:SlimyHat"},{"floor":26,"key":"Grinning Jar"},{"floor":27,"key":"Gremlin Food"},{"floor":30,"key":"jedi:bottledfury"},{"floor":43,"key":"ReplayTheSpireMod:TigerMarble"},{"floor":43,"key":"Toxic Egg 2"},{"floor":45,"key":"conspire:BottledYoYo"}],"event_choices":[{"damage_healed":0,"gold_gain":0,"player_choice":"Copied","damage_taken":0,"max_hp_gain":0,"max_hp_loss":0,"event_name":"Duplicator","floor":23,"gold_loss":0,"cards_obtained":["Replay:Fractal Strike"]},{"damage_healed":0,"gold_gain":0,"player_choice":"0 cards matched","damage_taken":0,"max_hp_gain":0,"max_hp_loss":0,"event_name":"Match and Keep!","floor":42,"gold_loss":0,"cards_obtained":[]}],"is_beta":false,"boss_relics":[{"not_picked":["aspiration:RunicSpoon","energizedSpire:CursedPentagram"],"picked":"vexMod:RockOfEvil"},{"not_picked":["Honey Jar","ChewingGum"],"picked":"vexMod:EndlessSickness"}],"items_purged_floors":[19,29,36,41],"is_endless":false,"potions_floor_spawned":[2,4,8,11,14,24,30,31,39,45,46],"ascension_level":0}}