{"host":"3a5itcmwo6ddh3id","time":1611086881,"event":{"mods":["BaseMod","Colored Map","Colored Powertips","Minty Spire (QoL Compilation)","Relic Stats"],"gold_per_floor":[111,122,141,141,155,185,202,202,227,277,304,323,323,355,355,355,355],"floor_reached":16,"language":"ENG","playtime":671,"items_purged":[],"score":269,"play_id":"c66e791c-0dab-49ba-8998-eb153a0c10f0","local_time":"20210119140801","is_ascension_mode":true,"campfire_choices":[{"floor":13,"key":"REST"},{"data":"Melter","floor":15,"key":"SMITH"}],"circlet_count":0,"master_deck":["AscendersBane","Strike_B","Strike_B","Strike_B","Strike_B","Defend_B","Defend_B","Defend_B","Defend_B","Zap","Dualcast","Sweeping Beam","Cold Snap","Rebound","Melter+1","Compile Driver","Cold Snap","White Noise","Cold Snap","FTL"],"relics":["Cracked Core","Pear","Boot","Pen Nib","Akabeko"],"acts_visited":["Exordium"],"potions_floor_usage":[16,16],"damage_taken":[{"damage":7.0,"enemies":"Jaw Worm","floor":1.0,"turns":3.0},{"damage":7.0,"enemies":"Small Slimes","floor":2.0,"turns":3.0},{"damage":0.0,"enemies":"2 Louse","floor":3.0,"turns":2.0},{"damage":5.0,"enemies":"Exordium Thugs","floor":5.0,"turns":4.0},{"damage":28.0,"enemies":"Gremlin Nob","floor":6.0,"turns":4.0},{"damage":0.0,"enemies":"2 Fungi Beasts","floor":7.0,"turns":2.0},{"damage":20.0,"enemies":"3 Sentries","floor":11.0,"turns":7.0},{"damage":5,"enemies":"Lots of Slimes","floor":12,"turns":4},{"damage":14,"enemies":"Lagavulin","floor":14,"turns":8},{"damage":32,"enemies":"Slime Boss","floor":16,"turns":6}],"seed_played":"8127164894635283162","potions_obtained":[{"floor":2.0,"key":"DistilledChaos"},{"floor":11.0,"key":"Fire Potion"},{"floor":12,"key":"Explosive Potion"}],"is_trial":false,"path_per_floor":["M","M","M","?","M","E","M","?","T","?","E","M","R","E","R","B"],"character_chosen":"DEFECT","items_purchased":[],"campfire_rested":1,"item_purchase_floors":[],"current_hp_per_floor":[64,57,57,62,57,39,39,39,39,39,19,14,41,27,27,0,0],"gold":355,"neow_bonus":"TEN_PERCENT_HP_BONUS","is_daily":false,"chose_seed":false,"campfire_upgraded":1,"win_rate":0.0,"timestamp":1611086881,"path_taken":["M","M","M","?","M","E","M","?","T","?","E","?","R","E","R","BOSS"],"items_purchased_type":[],"build_version":"2020-12-22","purchased_purges":0,"victory":false,"max_hp_per_floor":[78,78,78,83,83,93,93,93,93,93,93,93,93,93,93,93,93],"relic_stats":{"counters":[10,43],"Pen Nib":[3],"Boot":[8],"obtain_stats":[{"Pear":6,"Pen Nib":11,"Cracked Core":0,"Boot":9,"Akabeko":14},{"Pear":5,"Pen Nib":7,"Cracked Core":0,"Boot":6,"Akabeko":9},{"Pear":16,"Pen Nib":25,"Cracked Core":0,"Boot":18,"Akabeko":37}]},"card_choices":[{"not_picked":["Leap","Aggregate"],"picked":"Sweeping Beam","floor":1.0},{"not_picked":["Turbo","Conserve Battery"],"picked":"Cold Snap","floor":2.0},{"not_picked":["Redo","Amplify"],"picked":"Rebound","floor":3.0},{"not_picked":["Chill","Reinforced Body"],"picked":"Melter","floor":5.0},{"not_picked":["Undo","Force Field"],"picked":"Compile Driver","floor":6.0},{"not_picked":["Conserve Battery","Reprogram"],"picked":"Cold Snap","floor":7.0},{"not_picked":["Conserve Battery","Melter"],"picked":"White Noise","floor":11.0},{"not_picked":["Auto Shields","Hologram"],"picked":"Cold Snap","floor":12},{"not_picked":["Rebound","Reinforced Body"],"picked":"FTL","floor":14}],"player_experience":1080939,"relics_obtained":[{"floor":6.0,"key":"Pear"},{"floor":9.0,"key":"Boot"},{"floor":11.0,"key":"Pen Nib"},{"floor":14,"key":"Akabeko"}],"event_choices":[{"damage_healed":0.0,"max_hp_gain":5.0,"max_hp_loss":0.0,"gold_gain":0.0,"event_name":"Big Fish","player_choice":"Donut","floor":4.0,"gold_loss":0.0,"damage_taken":0.0},{"damage_healed":0.0,"max_hp_gain":0.0,"max_hp_loss":0.0,"gold_gain":0.0,"event_name":"Liars Game","player_choice":"Ignored","floor":8.0,"gold_loss":0.0,"damage_taken":0.0},{"damage_healed":0.0,"max_hp_gain":0.0,"max_hp_loss":0.0,"gold_gain":50.0,"event_name":"Golden Shrine","player_choice":"Pray","floor":10.0,"gold_loss":0.0,"damage_taken":0.0}],"is_beta":false,"boss_relics":[],"items_purged_floors":[],"is_endless":false,"potions_floor_spawned":[2,11,12,14],"killed_by":"Slime Boss","ascension_level":20}}