{"host":"lhth1efayex2023z","time":1611023122,"event":{"mods":["BaseMod","Colored Map","Googly Eyes","Minty Spire (QoL Compilation)","StSLib"],"gold_per_floor":[369,369,268,268,7,7,50,65,65,65,79,153,169,6,6,6,6],"floor_reached":16,"language":"ENG","playtime":612,"items_purged":["Defend_G"],"score":181,"play_id":"7302246a-73b6-4c4f-8679-e2e90a5f4104","local_time":"20210118192522","is_ascension_mode":true,"campfire_choices":[{"floor":6.0,"key":"REST"},{"floor":10.0,"key":"REST"},{"data":"Footwork","floor":15,"key":"SMITH"}],"circlet_count":0,"master_deck":["AscendersBane","Strike_G","Strike_G","Strike_G","Strike_G","Strike_G","Defend_G","Defend_G","Defend_G","Defend_G","Survivor","Neutralize+1","Backflip","Dodge and Roll","Cloak And Dagger","Noxious Fumes","Footwork+1"],"relics":["Ring of the Snake","Golden Idol","Toy Ornithopter","Calipers","Bottled Tornado","Singing Bowl","Membership Card"],"acts_visited":["Exordium"],"potions_floor_usage":[16],"damage_taken":[{"damage":9.0,"enemies":"Small Slimes","floor":1.0,"turns":7.0},{"damage":44.0,"enemies":"Gremlin Nob","floor":7.0,"turns":5.0},{"damage":0.0,"enemies":"2 Louse","floor":8.0,"turns":2.0},{"damage":1.0,"enemies":"Jaw Worm","floor":11.0,"turns":5.0},{"damage":20,"enemies":"3 Sentries","floor":12,"turns":9},{"damage":1,"enemies":"Blue Slaver","floor":13,"turns":6},{"damage":25,"enemies":"Hexaghost","floor":16,"turns":16}],"seed_played":"-4648677514559026094","potions_obtained":[{"floor":1.0,"key":"DistilledChaos"},{"floor":7.0,"key":"Fire Potion"},{"floor":13,"key":"GamblersBrew"}],"is_trial":false,"path_per_floor":["M","?","$","?","$","R","E","M","T","R","M","?","M","$","R","B"],"character_chosen":"THE_SILENT","items_purchased":["Dodge and Roll","Cloak And Dagger","Toy Ornithopter","Noxious Fumes","Membership Card"],"campfire_rested":2,"item_purchase_floors":[3,5,5,5,14],"current_hp_per_floor":[35,35,35,35,35,53,14,19,19,37,36,18,19,19,19,0,0],"gold":6,"neow_bonus":"TWO_FIFTY_GOLD","is_daily":false,"chose_seed":false,"campfire_upgraded":1,"win_rate":0.0,"timestamp":1611023122,"path_taken":["M","?","$","?","$","R","E","M","T","R","M","?","M","?","R","BOSS"],"items_purchased_type":["Card","Card","Relic","Card","Relic"],"build_version":"2020-12-22","purchased_purges":1,"victory":false,"max_hp_per_floor":[66,60,60,60,60,60,60,60,60,60,60,62,64,64,64,64,64],"card_choices":[{"not_picked":["Endless Agony","Sucker Punch"],"picked":"Backflip","floor":1.0},{"not_picked":["Infinite Blades","Sucker Punch","Prepared"],"picked":"SKIP","floor":7.0},{"not_picked":["Dagger Throw","Dagger Spray","Outmaneuver"],"picked":"SKIP","floor":8.0},{"not_picked":["Dagger Throw","Dagger Spray","Outmaneuver"],"picked":"SKIP","floor":8.0},{"not_picked":["Acrobatics","Noxious Fumes"],"picked":"Footwork","floor":11.0},{"not_picked":["Outmaneuver","Leg Sweep","Slice"],"picked":"Singing Bowl","floor":12},{"not_picked":["Dagger Spray","Outmaneuver","Finisher"],"picked":"Singing Bowl","floor":13}],"player_experience":462495,"relics_obtained":[{"floor":7.0,"key":"Calipers"},{"floor":9.0,"key":"Bottled Tornado"},{"floor":12,"key":"Singing Bowl"}],"event_choices":[{"damage_healed":0.0,"max_hp_gain":0.0,"max_hp_loss":6.0,"gold_gain":0.0,"event_name":"Golden Idol","player_choice":"Lose Max HP","floor":2.0,"gold_loss":0.0,"damage_taken":0.0,"relics_obtained":["Golden Idol"]},{"damage_healed":0.0,"max_hp_gain":0.0,"max_hp_loss":0.0,"gold_gain":0.0,"event_name":"Living Wall","player_choice":"Grow","floor":4.0,"gold_loss":0.0,"damage_taken":0.0,"cards_upgraded":["Neutralize"]},{"damage_healed":0,"gold_gain":0,"player_choice":"Searched \u00272\u0027 times","damage_taken":0,"max_hp_gain":0,"max_hp_loss":0,"event_name":"Dead Adventurer","floor":12,"gold_loss":0}],"is_beta":false,"boss_relics":[],"items_purged_floors":[3],"is_endless":false,"potions_floor_spawned":[1,7,13],"killed_by":"Hexaghost","ascension_level":17}}