{"host":"kzg3uglj8yekbxlz","time":1611021677,"event":{"mods":["Act Like it!","Alarm Clock","BaseMod","Better Synergies","Better Vampires","CapriCore","Curses Come First","Displayed Cursed Tome","Downfall","Evolution","FoggyMod","Gensokyo","Hallownest","Highlight Path","HumanHunterMod(怪物杀人mod)","KinomotoSakuraMod(木之本樱)","Koishi","Lobotomy","LobotomyExtend","Marisa（F雨　魔理沙）","Minty Spire (QoL Compilation)","Poem Panic","Poor People Problems","Prisma Mod","Shop Mod","StSLib","The Administrix","The Alterego","The Bug Knight","The Hierophant","The Immortal","TheWitcher","WarShipGirlsR/战舰少女R mod","Yuri Mod","残留之物"],"gold_per_floor":[199,199,219,219,238,238,261,138,38,38,38,38,38,71,85,187,187,87,87,87,87,27,27,27,27,44,44,44,77,77,77,94,196,196,96,16,16,35,51,65,65,65,80,80,90,90,90,103,122,122,122,122,151,6,6,6,6,6],"floor_reached":57,"language":"ZHS","playtime":6874,"items_purged":["bronze:Goto","bronze:Defend"],"score":787,"play_id":"02e17f55-83a5-4e66-bc16-d4f51e95f19d","local_time":"20210119100117","is_ascension_mode":false,"campfire_choices":[{"floor":1,"key":"RECALL"},{"data":"bronze:InfiniteBeams","floor":9,"key":"SMITH"},{"data":"bronze:InfiniteBeams","floor":18,"key":"SMITH"},{"data":"bronze:Replicate","floor":23,"key":"SMITH"},{"data":"bronze:BitShift","floor":25,"key":"SMITH"},{"data":"bronze:ClassDefault","floor":30,"key":"SMITH"},{"data":"bronze:FineTuning","floor":35,"key":"SMITH"},{"data":"bronze:Overload","floor":42,"key":"SMITH"},{"data":"bronze:Assembly","floor":44,"key":"SMITH"},{"data":"Hallownest:attackMasterDashSlash","floor":55,"key":"SMITH"}],"circlet_count":0,"master_deck":["bronze:Constructor","bronze:Defend","bronze:Replicate+1","bronze:InfiniteBeams+1","bronze:InfiniteBeams+1","bronze:ClassDefault+1","bronze:Assembly+1","bronze:BitShift+1","bronze:BitShift+1","bronze:NullPointer+1","bronze:FineTuning+1","bronze:InfiniteLoop","Hallownest:attackMasterDashSlash+1","bronze:Overload+1","bronze:Shield+1","bronze:NullPointer","bronze:FollowUp+1","bronze:Constructor+1","bronze:Shield","bronze:ForLoop+1"],"relics":["bronze:BronzeCore","EVO:Axolotl","Hallownest:DreamNailRelic","LetterFromLob","Incense Burner","Kunai","downfall:HeartBlessingRed","bronze:CableSpool","Cursed Key","downfall:HeartBlessingGreen","WarpedTongs","downfall:HeartBlessingBlue","Hallownest:BeastSealRelic","MerchantsRug","HandDrill","CaptainsWheel"],"acts_visited":["Exordium","Hallownest:Greenpath","Hallownest:CityofTears","TheEnding"],"potions_floor_usage":[38,38,39,39,53],"damage_taken":[{"damage":0,"enemies":"Hallownest:monsterHuskGuard","floor":3,"turns":3},{"damage":0,"enemies":"Hallownest:monsterHuskWarrior","floor":5,"turns":3},{"damage":0,"enemies":"downfall:FleeingMerchant","floor":8,"turns":4},{"damage":2,"enemies":"Hallownest:eliteCrystalGuardian","floor":14,"turns":4},{"damage":3,"enemies":"Hallownest:2_Tiktiks_and_1_Crawlid","floor":15,"turns":4},{"damage":32,"enemies":"WA_ARCHETYPE_RETAIN","floor":16,"turns":5},{"damage":0,"enemies":"downfall:FleeingMerchant","floor":22,"turns":4},{"damage":0,"enemies":"Hallownest:Flukemon_and_Top","floor":26,"turns":3},{"damage":14,"enemies":"Hallownest:eliteSoulWarrior","floor":29,"turns":4},{"damage":0,"enemies":"Hallownest:2_Mistakes","floor":32,"turns":4},{"damage":0,"enemies":"SI_MIRROR_ARCHETYPE","floor":33,"turns":8},{"damage":10,"enemies":"Hallownest:Shield_Heavy","floor":38,"turns":4},{"damage":0,"enemies":"downfall:FleeingMerchant","floor":39,"turns":4},{"damage":0,"enemies":"Hallownest:2_Littles","floor":40,"turns":5},{"damage":18,"enemies":"Hallownest:2_Soldiers_and_1_Guardian","floor":43,"turns":4},{"damage":0,"enemies":"Hallownest:Xero_Hu_Marmu","floor":45,"turns":6},{"damage":0,"enemies":"Hallownest:2_Great","floor":48,"turns":4},{"damage":0,"enemies":"Hallownest:Slobbering_and_Violent","floor":49,"turns":5},{"damage":0,"enemies":"DF_ARCHETYPE_ORBS","floor":50,"turns":10},{"damage":38,"enemies":"downfall:CharBossMerchant","floor":53,"turns":11},{"damage":38,"enemies":"downfall:NeowBoss","floor":56,"turns":20},{"damage":12,"enemies":"downfall:NeowBossFinal","floor":57,"turns":2}],"seed_played":"8150795183198462225","potions_obtained":[{"floor":5,"key":"Fire Potion"},{"floor":14,"key":"Explosive Potion"},{"floor":26,"key":"GamblersBrew"},{"floor":32,"key":"AttackPotion"},{"floor":38,"key":"LiquidMemories"},{"floor":43,"key":"Fire Potion"},{"floor":49,"key":"SkillPotion"},{"floor":53,"key":"SteroidPotion"}],"is_trial":false,"path_per_floor":["R","?","M","?","M","T","T","$","R","M","?","?","?","E","M","B",null,"R","?","?","?","$","R","T","R","M","?","T","E","R","?","M","B",null,"R","?","?","M","$","M","T","R","M","R","M","?","?","M","M","B",null,null,"E","$","R","B","B"],"character_chosen":"THE_AUTOMATON","items_purchased":["bronze:InfiniteBeams","bronze:BitShift","MerchantsRug","bronze:NullPointer","HandDrill","CaptainsWheel"],"campfire_rested":0,"item_purchase_floors":[8,22,39,39,39,54],"current_hp_per_floor":[70,70,70,30,30,30,30,30,30,30,30,30,38,36,33,1,70,70,70,70,70,70,70,70,70,70,66,66,52,58,58,58,58,70,80,80,80,70,70,70,70,79,61,70,70,70,70,70,70,70,70,80,42,42,42,4,0,0],"gold":6,"neow_bonus":"HUNDRED_GOLD","is_daily":false,"chose_seed":false,"campfire_upgraded":9,"win_rate":0.0,"timestamp":1611021677,"path_taken":["R","?","?","?","?","?","T","?","R","?","?","?","?","E","M","BOSS","R","?","?","?","$","R","T","R","?","?","?","E","R","?","M","BOSS","R","?","?","?","?","?","T","R","?","R","?","?","?","?","M","BOSS","E","$","R","BOSS","BOSS"],"items_purchased_type":["Card","Card","Relic","Card","Relic","Relic"],"build_version":"2020-12-22","purchased_purges":2,"victory":false,"max_hp_per_floor":[70,70,70,70,70,70,70,70,70,70,70,70,70,70,70,70,70,70,70,70,70,70,70,70,70,70,70,70,70,70,70,70,70,70,80,80,80,80,80,80,80,80,80,80,80,80,80,80,80,80,80,80,80,80,80,80,80,80],"card_choices":[{"not_picked":["bronze:OilSpill","bronze:CutThrough"],"picked":"bronze:InfiniteBeams","floor":3},{"not_picked":["bronze:Frontload","bronze:Deprecate","bronze:BronzeArmor"],"picked":"SKIP","floor":5},{"not_picked":["bronze:Overheat","bronze:DelayedSlice"],"picked":"bronze:Separator","floor":8},{"not_picked":["bronze:Repulsor","bronze:WildBeam","bronze:Break"],"picked":"SKIP","floor":14},{"not_picked":["bronze:FollowUp","bronze:DelayedGuard"],"picked":"bronze:ClassDefault","floor":15},{"not_picked":["bronze:Verify","bronze:SpaghettiCode"],"picked":"bronze:Assembly","floor":16},{"not_picked":["bronze:Backtrace","bronze:CutThrough","bronze:Philosophize"],"picked":"SKIP","floor":22},{"not_picked":["bronze:DigitalCarnage","bronze:Overheat"],"picked":"bronze:BitShift+1","floor":26},{"not_picked":["bronze:Deprecate","bronze:Separator"],"picked":"bronze:NullPointer+1","floor":29},{"not_picked":["bronze:DarkDash+1","bronze:Fortify"],"picked":"bronze:FineTuning","floor":32},{"not_picked":["bronze:Mutator","bronze:Verify"],"picked":"bronze:InfiniteLoop","floor":33},{"not_picked":["bronze:DelayedSlice+1","bronze:BitShift"],"picked":"bronze:Overload","floor":38},{"not_picked":["bronze:Invalidate+1","bronze:WildBeam+1"],"picked":"bronze:Shield+1","floor":39},{"not_picked":["bronze:WhirlingStrike","bronze:DelayedSlice","bronze:Flail"],"picked":"SKIP","floor":40},{"not_picked":["bronze:Turbo+1","bronze:WildBeam"],"picked":"bronze:FollowUp+1","floor":43},{"not_picked":["bronze:FineTuning","bronze:RecursiveStrike"],"picked":"bronze:Constructor+1","floor":45},{"not_picked":["bronze:DelayedGuard+1","bronze:CutThrough+1","bronze:Fortify+1"],"picked":"SKIP","floor":48},{"not_picked":["bronze:ItsAFeature","bronze:Philosophize"],"picked":"bronze:Shield","floor":49},{"not_picked":["bronze:RecursiveStrike","bronze:ItsAFeature+1"],"picked":"bronze:ForLoop+1","floor":53}],"player_experience":635306,"relics_obtained":[{"floor":3,"key":"LetterFromLob"},{"floor":6,"key":"Kunai"},{"floor":7,"key":"Omamori"},{"floor":14,"key":"bronze:CableSpool"},{"floor":29,"key":"Eternal Feather"},{"floor":53,"key":"White Beast Statue"}],"event_choices":[],"is_beta":false,"boss_relics":[{"not_picked":["Runic Pyramid","Tiny House"],"picked":"Cursed Key"},{"not_picked":["Astrolabe","PoemPanic:PoemPanicRelic"],"picked":"Empty Cage"}],"items_purged_floors":[8,39],"is_endless":false,"potions_floor_spawned":[5,14,26,32,38,43,49,53],"killed_by":"downfall:NeowBossFinal","ascension_level":0}}