{"host":"Qube","time":1611026616,"event":{"mods":["AchievementEnabler","BaseMod","Colored Map","Colored Powertips","Highlight Path","Minty Spire (QoL Compilation)","Permanent Neow","Quick Restart","Random Character Button","StSLib"],"gold_per_floor":[118,135,150,163,180,180,211,211,211,211,211],"floor_reached":10,"language":"ENG","playtime":438,"items_purged":[],"score":140,"play_id":"73a2c14c-fe3a-44e9-990c-2423422f91bf","local_time":"20210118192336","is_ascension_mode":true,"campfire_choices":[{"data":"Poisoned Stab","floor":6,"key":"SMITH"},{"floor":8,"key":"REST"}],"circlet_count":0,"master_deck":["AscendersBane","Strike_G","Strike_G","Strike_G","Strike_G","Strike_G","Defend_G","Defend_G","Defend_G","Defend_G","Defend_G","Survivor","Neutralize","Backflip","Poisoned Stab+1","Riddle With Holes","Poisoned Stab","Backflip","Venomology"],"relics":["Philosopher\u0027s Stone","Anchor","Omamori"],"acts_visited":["Exordium"],"potions_floor_usage":[5,7,10],"damage_taken":[{"damage":8.0,"enemies":"Jaw Worm","floor":1.0,"turns":6.0},{"damage":0.0,"enemies":"2 Louse","floor":2.0,"turns":3.0},{"damage":0.0,"enemies":"Cultist","floor":3.0,"turns":4.0},{"damage":8.0,"enemies":"Large Slime","floor":4.0,"turns":8.0},{"damage":13,"enemies":"Exordium Wildlife","floor":5,"turns":5},{"damage":24,"enemies":"3 Sentries","floor":7,"turns":7},{"damage":12,"enemies":"Gremlin Nob","floor":10,"turns":3}],"seed_played":"2734663902130658477","potions_obtained":[{"floor":2.0,"key":"PowerPotion"},{"floor":4.0,"key":"FearPotion"},{"floor":5,"key":"Explosive Potion"}],"is_trial":false,"path_per_floor":["M","M","M","M","M","R","E","R","T","E"],"character_chosen":"THE_SILENT","items_purchased":[],"campfire_rested":1,"item_purchase_floors":[],"current_hp_per_floor":[51,51,51,43,30,30,6,25,25,13,13],"gold":211,"neow_bonus":"BOSS_RELIC","is_daily":false,"chose_seed":false,"campfire_upgraded":1,"win_rate":0.0,"timestamp":1611026616,"path_taken":["M","M","M","M","M","R","E","R","T","E"],"items_purchased_type":[],"build_version":"2020-12-18","purchased_purges":0,"victory":false,"max_hp_per_floor":[66,66,66,66,66,66,66,66,66,66,66],"card_choices":[{"not_picked":["Finisher","Dodge and Roll"],"picked":"Backflip","floor":1.0},{"not_picked":["Slice","PiercingWail"],"picked":"Poisoned Stab","floor":2.0},{"not_picked":["Flechettes","Outmaneuver"],"picked":"Riddle With Holes","floor":3.0},{"not_picked":["Flying Knee","Dagger Spray"],"picked":"Poisoned Stab","floor":4.0},{"not_picked":["Caltrops","Masterful Stab"],"picked":"Backflip","floor":5},{"not_picked":["Slice","Quick Slash"],"picked":"Venomology","floor":7}],"player_experience":939939,"relics_obtained":[{"floor":7,"key":"Anchor"},{"floor":9,"key":"Omamori"}],"event_choices":[],"is_beta":true,"boss_relics":[],"items_purged_floors":[],"is_endless":false,"potions_floor_spawned":[2,4,5],"killed_by":"Gremlin Nob","ascension_level":20}}