{"host":"gsgpu9obojnqwpp0","time":1611015076,"event":{"mods":["AchievementEnabler","BaseMod","Block Reminder","DeckTracker","Minty Spire (QoL Compilation)","Permanent Neow","Slay-I"],"gold_per_floor":[111,127,127,127,52,52,64,64,89,117,117,44,63,73,73,173,173,184,30,47,10,24,24,24,24,24,40,72,72,72,72],"floor_reached":30,"language":"ENG","playtime":1194,"items_purged":["Strike_G"],"score":274,"play_id":"ece72dc4-e242-4b5b-bd03-9d9fcbbe6870","local_time":"20210118191116","is_ascension_mode":true,"campfire_choices":[{"data":"Cloak And Dagger","floor":6,"key":"SMITH"},{"floor":11,"key":"REST"},{"floor":15,"key":"REST"},{"floor":23,"key":"REST"},{"data":"Accuracy","floor":25,"key":"SMITH"},{"floor":29,"key":"REST"}],"circlet_count":0,"master_deck":["Strike_G","Strike_G","Strike_G","Defend_G","Defend_G","Defend_G","Defend_G","Defend_G","Survivor","Neutralize","Heel Hook","Bouncing Flask","Cloak And Dagger+1","Blade Dance","Deflect","Infinite Blades","Blur","Crippling Poison","Bullet Time","Dash","Accuracy+1","Dash","Infinite Blades","Prepared+1"],"relics":["Runic Dome","Art of War","Odd Mushroom","Philosopher\u0027s Stone","HornCleat","Prayer Wheel"],"acts_visited":["Exordium","TheCity"],"potions_floor_usage":[16,28],"damage_taken":[{"damage":0,"enemies":"2 Louse","floor":1,"turns":2},{"damage":7,"enemies":"Small Slimes","floor":2,"turns":4},{"damage":4,"enemies":"Jaw Worm","floor":7,"turns":3},{"damage":24,"enemies":"The Mushroom Lair","floor":10,"turns":5},{"damage":26,"enemies":"Lots of Slimes","floor":13,"turns":4},{"damage":0,"enemies":"Blue Slaver","floor":14,"turns":4},{"damage":50,"enemies":"The Guardian","floor":16,"turns":10},{"damage":23,"enemies":"Spheric Guardian","floor":18,"turns":5},{"damage":6,"enemies":"Chosen","floor":20,"turns":4},{"damage":24,"enemies":"Shelled Parasite and Fungi","floor":22,"turns":5},{"damage":27,"enemies":"Sentry and Sphere","floor":27,"turns":5},{"damage":31,"enemies":"Slavers","floor":28,"turns":6},{"damage":41,"enemies":"Snake Plant","floor":30,"turns":4}],"seed_played":"-1080314946454515202","potions_obtained":[{"floor":1,"key":"DuplicationPotion"},{"floor":7,"key":"FairyPotion"},{"floor":10,"key":"Energy Potion"},{"floor":13,"key":"Dexterity Potion"},{"floor":16,"key":"LiquidMemories"},{"floor":18,"key":"Energy Potion"}],"is_trial":false,"path_per_floor":["M","M","?","?","$","R","M","$","T","?","R","$","M","M","R","B",null,"M","$","M","$","M","R","?","R","T","M","E","R","M"],"character_chosen":"THE_SILENT","items_purchased":["Cloak And Dagger","Blade Dance","Infinite Blades","Accuracy","Infinite Blades"],"campfire_rested":4,"item_purchase_floors":[5,5,12,19,21],"current_hp_per_floor":[70,63,56,61,61,61,57,57,57,33,55,55,29,29,51,1,75,52,52,46,46,22,44,44,44,44,17,16,38,0,0],"gold":72,"neow_bonus":"BOSS_RELIC","is_daily":false,"chose_seed":false,"campfire_upgraded":2,"win_rate":0.0,"timestamp":1611015076,"path_taken":["M","M","?","?","$","R","M","$","T","?","R","?","M","M","R","BOSS","M","$","?","$","M","R","?","R","T","M","E","R","M"],"items_purchased_type":["Card","Card","Card","Card","Card"],"build_version":"2020-12-22","purchased_purges":1,"victory":false,"max_hp_per_floor":[70,70,70,75,75,75,75,75,75,75,75,75,75,75,75,75,75,75,75,75,75,75,75,75,75,75,75,75,75,75,75],"card_choices":[{"not_picked":["Tactician","Flechettes"],"picked":"Heel Hook","floor":1},{"not_picked":["Underhanded Strike","Footwork"],"picked":"Bouncing Flask","floor":2},{"not_picked":["Flechettes","Dagger Spray"],"picked":"Deflect","floor":7},{"not_picked":["Bane","Acrobatics"],"picked":"Blur","floor":13},{"not_picked":["Dodge and Roll","Terror"],"picked":"Crippling Poison","floor":14},{"not_picked":["Venomology","A Thousand Cuts"],"picked":"Bullet Time","floor":16},{"not_picked":["Cloak And Dagger","Dagger Spray"],"picked":"Dash","floor":18},{"not_picked":["Prepared+1","PiercingWail"],"picked":"Dash","floor":20},{"not_picked":["Expertise","Underhanded Strike","Quick Slash+1"],"picked":"SKIP","floor":22},{"not_picked":["Blade Dance","Unload"],"picked":"Prepared+1","floor":27},{"not_picked":["Skewer","Sucker Punch","Dagger Throw"],"picked":"SKIP","floor":28}],"player_experience":263003,"relics_obtained":[{"floor":9,"key":"Art of War"},{"floor":10,"key":"Odd Mushroom"},{"floor":26,"key":"HornCleat"},{"floor":28,"key":"Prayer Wheel"}],"event_choices":[{"cards_removed":["Strike_G"],"damage_healed":0,"gold_gain":0,"player_choice":"Card Removal","damage_taken":7,"max_hp_gain":0,"max_hp_loss":0,"event_name":"Golden Wing","floor":3,"gold_loss":0},{"damage_healed":0,"gold_gain":0,"player_choice":"Donut","damage_taken":0,"max_hp_gain":5,"max_hp_loss":0,"event_name":"Big Fish","floor":4,"gold_loss":0},{"damage_healed":0,"gold_gain":0,"player_choice":"Fought Mushrooms","damage_taken":0,"max_hp_gain":0,"max_hp_loss":0,"event_name":"Mushrooms","floor":10,"gold_loss":0}],"is_beta":false,"boss_relics":[{"not_picked":["Calling Bell","Busted Crown"],"picked":"Philosopher\u0027s Stone"}],"items_purged_floors":[19],"is_endless":false,"potions_floor_spawned":[1,7,10,13,16,18],"killed_by":"Snake Plant","ascension_level":3}}