{"host":"ysalv62a05e493y4","time":1611057752,"event":{"mods":["AchievementEnabler","BaseMod","BetterRewards","Colored Map","Colored Powertips","Downfall","Faster Ascension Climbing","Lobotomy","Minty Spire (QoL Compilation)","Quick Restart","StSLib"],"gold_per_floor":[99,114,131,131,131,144,144,213,225,256,14,14,14,28,39,139,139,139,154,174,184,194,24,49,67,67,80,80,80,80,97,117,214,214,214,229,229,244,270,285,285,297,297,297,297,297,297,297,312,312,312,312],"floor_reached":50,"language":"ENG","playtime":3046,"items_purged":["Pain"],"score":473,"play_id":"0b9aead9-cdf7-41de-b38d-0888b5ffd73e","local_time":"20210119130232","is_ascension_mode":false,"campfire_choices":[{"data":"Guardian:TwinSlam","floor":1.0,"key":"SMITH"},{"floor":12.0,"key":"REST"},{"data":"Guardian:BaubleBeam","floor":18.0,"key":"SMITH"},{"data":"Guardian:SentryBeam","floor":35.0,"key":"SMITH"},{"data":"Guardian:BodySlam","floor":43,"key":"SMITH"},{"floor":47,"key":"REST"}],"circlet_count":0,"master_deck":["Guardian:Strike_Guardian","Guardian:Defend_Guardian","Guardian:Defend_Guardian","Guardian:Defend_Guardian","Guardian:Defend_Guardian","Guardian:CurlUp","Guardian:TwinSlam+1","Guardian:SpikerProtocol","Guardian:BaubleBeam+1","Guardian:FloatingOrbs+1","Guardian:BronzeOrb","Guardian:BronzeOrb","Guardian:Orbwalk+1","Guardian:ChargeCore","Guardian:ArmoredProtocol+1","Guardian:ExploitGems","CurseOfTheBell","Guardian:GuardianWhirl","Guardian:SentryBeam+1","Guardian:Emergency+1","Guardian:Incinerate","Guardian:FloatingOrbs+1","Guardian:VentSteam","Guardian:EvasiveProtocol+1","Guardian:BodySlam+1","Guardian:Reroute","Guardian:Incinerate+1","Guardian:ChargeCore+1","Guardian:PolyBeam","Guardian:Reroute+1","Guardian:TimeBomb","downfall:Aged","Guardian:Reroute+1"],"relics":["SacredBark","Blue Candle","White Beast Statue","Frozen Egg 2","CaptainsWheel","Meat on the Bone","Calling Bell","Happy Flower","Darkstone Periapt","Calipers","Lantern","Blood Vial","MutagenicStrength","Empty Cage","downfall:TeleportStone","Juzu Bracelet","Pantograph","Guardian:StasisEgg"],"acts_visited":["Exordium","TheCity","TheBeyond"],"potions_floor_usage":[50,50],"damage_taken":[{"damage":15.0,"enemies":"Jaw Worm","floor":2.0,"turns":4.0},{"damage":1.0,"enemies":"2 Louse","floor":3.0,"turns":4.0},{"damage":16.0,"enemies":"Cultist","floor":6.0,"turns":6.0},{"damage":23.0,"enemies":"Exordium Thugs","floor":9.0,"turns":6.0},{"damage":17.0,"enemies":"Lagavulin","floor":10.0,"turns":5.0},{"damage":7.0,"enemies":"downfall:FleeingMerchant","floor":11.0,"turns":4.0},{"damage":0.0,"enemies":"Red Slaver","floor":14.0,"turns":3.0},{"damage":3.0,"enemies":"Lots of Slimes","floor":15.0,"turns":4.0},{"damage":22.0,"enemies":"SI_SHIV_ARCHETYPE","floor":16.0,"turns":6.0},{"damage":0.0,"enemies":"3 Byrds","floor":19.0,"turns":6.0},{"damage":0.0,"enemies":"Chosen","floor":20.0,"turns":6.0},{"damage":7.0,"enemies":"Sentry and Sphere","floor":21.0,"turns":6.0},{"damage":10.0,"enemies":"Centurion and Healer","floor":22.0,"turns":4.0},{"damage":0.0,"enemies":"downfall:FleeingMerchant","floor":23.0,"turns":4.0},{"damage":26.0,"enemies":"Snake Plant","floor":25.0,"turns":6.0},{"damage":3.0,"enemies":"Snecko","floor":27.0,"turns":5.0},{"damage":14.0,"enemies":"Shelled Parasite and Fungi","floor":31.0,"turns":5.0},{"damage":21.0,"enemies":"3 Cultists","floor":32.0,"turns":5.0},{"damage":92.0,"enemies":"IC_MUSHROOM_ARCHETYPE","floor":33.0,"turns":11.0},{"damage":10.0,"enemies":"3 Shapes","floor":36.0,"turns":3.0},{"damage":22.0,"enemies":"3 Darklings","floor":38.0,"turns":7.0},{"damage":12.0,"enemies":"Jaw Worm Horde","floor":40.0,"turns":4.0},{"damage":28,"enemies":"Writhing Mass","floor":42,"turns":6},{"damage":41,"enemies":"Spire Growth","floor":49,"turns":7},{"damage":65,"enemies":"DF_ARCHETYPE_ORBS","floor":50,"turns":6}],"seed_played":"7269329698737486548","potions_obtained":[{"floor":2.0,"key":"FearPotion"},{"floor":9.0,"key":"Swift Potion"},{"floor":10.0,"key":"Strength Potion"},{"floor":11.0,"key":"Energy Potion"},{"floor":16.0,"key":"ColorlessPotion"},{"floor":19.0,"key":"ColorlessPotion"},{"floor":20.0,"key":"Guardian:BlockOnCardUsePotion"},{"floor":21.0,"key":"SpeedPotion"},{"floor":22.0,"key":"Regen Potion"},{"floor":33.0,"key":"Explosive Potion"},{"floor":36.0,"key":"EssenceOfSteel"},{"floor":38.0,"key":"DistilledChaos"},{"floor":40.0,"key":"Guardian:StasisDiscoveryPotion"},{"floor":42,"key":"Ancient Potion"},{"floor":49,"key":"Fire Potion"}],"is_trial":false,"path_per_floor":["R","M","M","?","?","M","T","T","M","E","$","R","T","M","M","B",null,"R","M","M","M","M","$","T","M","?","M","?","?","?","M","M","B",null,"R","M","?","M","?","M","T","M","R","?","?","?","R","?","M","B"],"character_chosen":"GUARDIAN","items_purchased":["Guardian:BronzeOrb","Guardian:Orbwalk+1","Lantern"],"campfire_rested":2,"item_purchase_floors":[11,11,23],"current_hp_per_floor":[80,65,64,64,64,48,48,48,25,8,1,25,25,37,46,36,80,80,80,80,73,63,63,63,51,51,50,50,50,50,50,43,18,77,77,67,67,47,47,49,49,35,35,35,35,41,65,65,38,0,0,0],"gold":312,"neow_bonus":"BOSS_RELIC","is_daily":false,"chose_seed":false,"campfire_upgraded":4,"win_rate":0.0,"timestamp":1611057752,"path_taken":["R","M","M","?","?","M","T","?","?","E","?","R","?","?","M","BOSS","R","M","M","?","M","$","T","M","?","M","?","?","?","M","M","BOSS","R","M","?","?","?","M","T","M","R","?","?","?","R","?","M","BOSS"],"items_purchased_type":["Card","Card","Card"],"build_version":"2020-12-22","purchased_purges":1,"victory":false,"max_hp_per_floor":[80,80,80,80,80,80,80,80,80,80,80,80,80,80,80,80,80,80,80,80,80,80,80,80,80,77,77,77,77,77,77,77,77,77,77,77,77,77,77,77,77,77,77,77,77,83,83,83,83,83,83,83],"card_choices":[{"not_picked":["Guardian:Suspension","Guardian:TemporalShield"],"picked":"Guardian:Gem_Purple","floor":2.0},{"not_picked":["Guardian:ShieldCharger","Guardian:PrimingBeam"],"picked":"Guardian:SpikerProtocol","floor":3.0},{"not_picked":["Guardian:BodySlam","Guardian:Gem_Lightblue"],"picked":"Guardian:SentryBeam","floor":6.0},{"not_picked":["Guardian:ShieldCharger","Guardian:BodySlam"],"picked":"Guardian:FloatingOrbs+1","floor":9.0},{"not_picked":["Guardian:Clone","Guardian:Gem_Red"],"picked":"Guardian:BronzeOrb","floor":10.0},{"not_picked":["Guardian:Suspension","Guardian:Gem_Fragmented"],"picked":"Guardian:Gem_Yellow","floor":11.0},{"not_picked":["Guardian:Harden","Guardian:AncientConstruct+1"],"picked":"Guardian:ChargeCore","floor":14.0},{"not_picked":["Guardian:Gem_Green","Guardian:GuardianWhirl"],"picked":"Guardian:ArmoredProtocol+1","floor":15.0},{"not_picked":["Guardian:HyperBeam_Guardian","Guardian:ConstructionForm+1"],"picked":"Guardian:ExploitGems","floor":16.0},{"not_picked":["Guardian:Gem_Cyan","Guardian:VentSteam"],"picked":"Guardian:GuardianWhirl","floor":19.0},{"not_picked":["Guardian:ShieldCharger","Guardian:DonusPower"],"picked":"Guardian:SentryBeam","floor":20.0},{"not_picked":["Guardian:Gem_Lightblue","Guardian:Gem_Red"],"picked":"Guardian:Emergency+1","floor":21.0},{"not_picked":["Guardian:Gem_White","Guardian:Gem_Lightblue"],"picked":"Guardian:Incinerate","floor":22.0},{"not_picked":["Guardian:PrimingBeam","Guardian:DecasProtection"],"picked":"Guardian:FloatingOrbs+1","floor":23.0},{"not_picked":["Guardian:PiercingHide","Guardian:Gem_Cyan"],"picked":"Guardian:VentSteam","floor":25.0},{"not_picked":["Guardian:Gem_Green","Guardian:ShieldSpikes"],"picked":"Guardian:EvasiveProtocol+1","floor":27.0},{"not_picked":["Guardian:Gem_Fragmented","Guardian:ConstructionForm+1"],"picked":"Guardian:Reroute","floor":31.0},{"not_picked":["Guardian:Gem_Green","Guardian:ShieldCharger+1"],"picked":"Guardian:Incinerate+1","floor":32.0},{"not_picked":["Guardian:Gem_Synthetic","Guardian:SphericShield"],"picked":"Guardian:Gem_Orange","floor":33.0},{"not_picked":["Guardian:PrimingBeam","Guardian:PrismaticBeam"],"picked":"Guardian:ChargeCore+1","floor":36.0},{"not_picked":["Guardian:DonusPower","Guardian:VentSteam+1"],"picked":"Guardian:PolyBeam","floor":38.0},{"not_picked":["Guardian:VentSteam","Guardian:Gem_Green"],"picked":"Guardian:Reroute+1","floor":40.0},{"not_picked":["Guardian:Suspension","Guardian:EvasiveProtocol+1"],"picked":"Guardian:TimeBomb","floor":42},{"not_picked":["Guardian:WalkerClaw+1","Guardian:Planning"],"picked":"Guardian:Reroute+1","floor":49}],"player_experience":28905,"relics_obtained":[{"floor":7.0,"key":"White Beast Statue"},{"floor":8.0,"key":"Frozen Egg 2"},{"floor":10.0,"key":"CaptainsWheel"},{"floor":13.0,"key":"Meat on the Bone"},{"floor":17.0,"key":"Happy Flower"},{"floor":17.0,"key":"Darkstone Periapt"},{"floor":17.0,"key":"Calipers"},{"floor":24.0,"key":"Blood Vial"},{"floor":39.0,"key":"Juzu Bracelet"},{"floor":41.0,"key":"Pantograph"}],"event_choices":[{"damage_healed":0.0,"max_hp_gain":0.0,"max_hp_loss":0.0,"gold_gain":0.0,"event_name":"Drug Dealer","player_choice":"Inject Mutagens","floor":28.0,"gold_loss":0.0,"damage_taken":0.0,"relics_obtained":["MutagenicStrength"]},{"damage_healed":0.0,"max_hp_gain":0.0,"max_hp_loss":0.0,"gold_gain":0.0,"event_name":"The Library","player_choice":"Read","floor":29.0,"gold_loss":0.0,"damage_taken":0.0,"cards_obtained":["Guardian:BodySlam"]},{"damage_healed":0.0,"max_hp_gain":0.0,"max_hp_loss":0.0,"gold_gain":0.0,"event_name":"Ghosts","player_choice":"Ignored","floor":30.0,"gold_loss":0.0,"damage_taken":0.0},{"cards_removed":["Guardian:SentryBeam"],"damage_healed":0,"gold_gain":0,"player_choice":"Removed Attack","damage_taken":0,"max_hp_gain":0,"max_hp_loss":0,"event_name":"Falling","floor":48,"gold_loss":0}],"is_beta":false,"boss_relics":[{"not_picked":["SlaversCollar","Philosopher\u0027s Stone"],"picked":"Calling Bell"},{"not_picked":["Coffee Dripper","Fusion Hammer"],"picked":"Empty Cage"}],"items_purged_floors":[11],"is_endless":false,"potions_floor_spawned":[2,9,10,11,14,15,16,19,20,21,22,23,25,27,31,32,33,36,38,40,42,49],"killed_by":"DF_ARCHETYPE_ORBS","ascension_level":0}}