{"host":"hbel9g7s7ibv8po6","time":1611081575,"event":{"mods":["Act Like it!","BaseMod","Duelist Mod","Minty Spire (QoL Compilation)","StSLib","[IsaacMod]ÒÔÈö¼âËþ"],"gold_per_floor":[142,142,152,165,165,190,190,202,227,263,263,285,329,329,329,438,438,438,438,72,72,72,72,72,72,72,72,72,72,72,72,72,72,72,72,0,0,0,0,0,0,0,0,0,0,0,0,0,0,0,0,0,0,0,0,0],"floor_reached":55,"language":"ENG","playtime":3087,"items_purged":["theDuelist:Sparks","theDuelist:CastleWalls"],"score":1094,"play_id":"4dd34045-15a8-4505-b1b2-a5bd246f8707","local_time":"20210120023935","is_ascension_mode":true,"campfire_choices":[{"data":"theDuelist:ShadowToon","floor":7.0,"key":"SMITH"},{"data":"theDuelist:ToonBriefcase","floor":11.0,"key":"SMITH"},{"data":"theDuelist:OrbMetronome","floor":15.0,"key":"SMITH"},{"data":"theDuelist:ComicHand","floor":23.0,"key":"SMITH"},{"data":"theDuelist:HeartUnderdog","floor":30.0,"key":"SMITH"},{"floor":32.0,"key":"REST"},{"data":"theDuelist:ToonSummonedSkull","floor":40.0,"key":"SMITH"},{"data":"theDuelist:TrapHole","floor":46.0,"key":"SMITH"},{"floor":49,"key":"RECALL"},{"data":"theDuelist:ToonSummonedSkull","floor":52,"key":"SMITH"}],"circlet_count":0,"master_deck":["Bite","theDuelist:ToonAncientGear","theDuelist:ToonSummonedSkull+1","Bite","theDuelist:FuryFire+1","theDuelist:ComicHand+1","theDuelist:DarkFactory","theDuelist:ToonWorld","theDuelist:OrbMetronome+1","theDuelist:MangaRyuRan","theDuelist:ToonTable","theDuelist:ShadowToon+1","Bite","theDuelist:ToonSummonedSkull+1","theDuelist:ToonBriefcase+1","theDuelist:GilfordLegend","theDuelist:HeartUnderdog+1","theDuelist:ToonMermaid","Bite","theDuelist:ToonAncientGear","theDuelist:ToonKingdom+1","theDuelist:SummoningCurse","Bite","theDuelist:WingedKuribohLv10","theDuelist:TrapHole+1","theDuelist:LabyrinthWall+1","theDuelist:ToonRollback+1"],"relics":["theDuelist:MillenniumPuzzle","theDuelist:CardPoolRelic","theDuelist:CardPoolBasicRelic","theDuelist:BoosterPackPoolRelic","theDuelist:CardPoolAddRelic","theDuelist:CardPoolMinusRelic","theDuelist:CardPoolSaveRelic","theDuelist:CardPoolOptionsRelic","HushsDoor","DeathBook","Toy Ornithopter","theDuelist:DuelistTeaSet","CeramicFish","Odd Mushroom","Lizard Tail","Incense Burner","Ectoplasm","Charon\u0027s Ashes","D6","PokeGo","StoneCalendar","MawBank","Vajra","Centennial Puzzle","Pocketwatch","theDuelist:ElectricKey","Red Mask","DoctorsRemote","HowToJump"],"acts_visited":["Exordium","TheCity","TheBeyond","TheEnding"],"potions_floor_usage":[55,55,55],"damage_taken":[{"damage":9.0,"enemies":"2 Louse","floor":1.0,"turns":2.0},{"damage":1.0,"enemies":"Cultist","floor":3.0,"turns":3.0},{"damage":2.0,"enemies":"Small Slimes","floor":4.0,"turns":3.0},{"damage":0.0,"enemies":"3 Sentries","floor":6.0,"turns":1.0},{"damage":0.0,"enemies":"2 Fungi Beasts","floor":8.0,"turns":1.0},{"damage":1.0,"enemies":"Lagavulin","floor":10.0,"turns":3.0},{"damage":13.0,"enemies":"The Mushroom Lair","floor":12.0,"turns":2.0},{"damage":1.0,"enemies":"Gremlin Nob","floor":13.0,"turns":2.0},{"damage":34.0,"enemies":"Hexaghost","floor":16.0,"turns":5.0},{"damage":27.0,"enemies":"Shell Parasite","floor":18.0,"turns":3.0},{"damage":7.0,"enemies":"Chosen","floor":19.0,"turns":2.0},{"damage":6.0,"enemies":"Chosen","floor":21.0,"turns":3.0},{"damage":18.0,"enemies":"theDuelist:KaibaA2","floor":24.0,"turns":3.0},{"damage":13.0,"enemies":"Centurion and Healer","floor":29.0,"turns":4.0},{"damage":30.0,"enemies":"Book of Stabbing","floor":31.0,"turns":4.0},{"damage":26.0,"enemies":"Automaton","floor":33.0,"turns":6.0},{"damage":0.0,"enemies":"Orb Walker","floor":35.0,"turns":1.0},{"damage":1.0,"enemies":"3 Shapes","floor":37.0,"turns":4.0},{"damage":17.0,"enemies":"Sphere and 2 Shapes","floor":38.0,"turns":4.0},{"damage":44.0,"enemies":"Nemesis","floor":41.0,"turns":7.0},{"damage":0.0,"enemies":"Spire Growth","floor":42.0,"turns":3.0},{"damage":2.0,"enemies":"Maw","floor":45.0,"turns":6.0},{"damage":20,"enemies":"Writhing Mass","floor":47,"turns":4},{"damage":5,"enemies":"Jaw Worm Horde","floor":48,"turns":2},{"damage":29,"enemies":"Time Eater","floor":50,"turns":6},{"damage":13,"enemies":"Shield and Spear","floor":54,"turns":2},{"damage":112,"enemies":"LittleHush","floor":55,"turns":13}],"seed_played":"-4390994746708288330","potions_obtained":[{"floor":4.0,"key":"theDuelist:FreezingPotion"},{"floor":6.0,"key":"Explosive Potion"},{"floor":13.0,"key":"theDuelist:IcePotion"},{"floor":24.0,"key":"theDuelist:CoolBottle"},{"floor":29.0,"key":"theDuelist:StunPotion"},{"floor":33.0,"key":"theDuelist:WhiteBottle"},{"floor":37.0,"key":"Swift Potion"},{"floor":45.0,"key":"theDuelist:SealedPackC"}],"is_trial":false,"path_per_floor":["M","?","M","M","?","E","R","M","T","E","R","?","E","T","R","B",null,"M","M","$","?","?","R","E","T","T","?","$","M","R","E","R","B",null,"M","?","M","M","?","R","E","M","T","?","M","R","M","M","R","B",null,"R","$","E","B"],"character_chosen":"THE_DUELIST","items_purchased":["theDuelist:GilfordLegend","Charon\u0027s Ashes"],"campfire_rested":1,"item_purchase_floors":[17,20],"current_hp_per_floor":[71,56,55,53,53,57,57,62,62,67,67,54,59,59,59,49,73,46,39,39,48,48,48,32,32,32,32,32,25,25,3,18,16,51,51,51,51,36,36,36,22,29,29,29,44,44,30,31,31,12,51,51,51,45,0,0],"gold":0,"neow_bonus":"TRANSFORM_CARD","is_daily":false,"chose_seed":false,"campfire_upgraded":8,"win_rate":0.0,"timestamp":1611081575,"path_taken":["M","?","M","?","?","E","R","M","T","E","R","?","E","?","R","BOSS","M","M","$","?","?","R","E","?","T","?","?","?","R","E","R","BOSS","M","?","M","M","?","R","E","M","T","?","?","R","?","M","R","BOSS","R","$","E","BOSS"],"items_purchased_type":["Card","Relic"],"build_version":"2020-12-22","purchased_purges":2,"victory":false,"max_hp_per_floor":[80,80,80,80,80,80,80,80,80,80,80,80,80,80,80,80,73,73,73,73,73,51,51,51,51,51,51,51,51,51,51,51,51,51,51,51,51,51,51,51,51,51,51,51,51,51,51,51,51,51,51,51,51,51,51,51],"card_choices":[{"not_picked":["theDuelist:PowerGiant","theDuelist:SphereKuriboh","theDuelist:BlackPendant","theDuelist:FutureFusion"],"picked":"theDuelist:DarkFactory","floor":0.0},{"not_picked":["theDuelist:ToonDefense","theDuelist:Hinotama+1","theDuelist:OneForOne+1","theDuelist:AncientGearFist+1"],"picked":"theDuelist:FuryFire+1","floor":1.0},{"not_picked":["theDuelist:MangaRyuRan","theDuelist:ToonMask","theDuelist:GiantTrunade","theDuelist:ToonCannonSoldier"],"picked":"theDuelist:ToonTable","floor":3.0},{"not_picked":["theDuelist:ToonBarrelDragon","theDuelist:CheerfulCoffin","theDuelist:FlyingSaucer","theDuelist:SpellShatteringArrow"],"picked":"theDuelist:ShadowToon","floor":4.0},{"not_picked":["theDuelist:ToonBarrelDragon","theDuelist:MangaRyuRan","theDuelist:ToonMermaid","theDuelist:TrapHole"],"picked":"theDuelist:ToonAncientGear","floor":6.0},{"not_picked":["theDuelist:SpellShatteringArrow","theDuelist:MangaRyuRan","theDuelist:FlyingSaucer","theDuelist:CheerfulCoffin","theDuelist:GiantTrunade"],"picked":"SKIP","floor":8.0},{"not_picked":["theDuelist:GoldenApples","theDuelist:ImperialOrder","theDuelist:PowerWall","theDuelist:StormingMirrorForce"],"picked":"theDuelist:ToonBriefcase","floor":10.0},{"not_picked":["theDuelist:ForbiddenLance","theDuelist:PotForbidden","theDuelist:WingedKuribohLv10","theDuelist:TheCreator"],"picked":"theDuelist:OrbMetronome","floor":13.0},{"not_picked":["theDuelist:FeatherShot","theDuelist:MillenniumShield","theDuelist:ObeliskTormentor","theDuelist:UltraPolymerization"],"picked":"theDuelist:HeartUnderdog","floor":16.0},{"not_picked":["theDuelist:ToonMermaid","theDuelist:ToonAncientGear","theDuelist:FlyingSaucer+1","theDuelist:ToonBarrelDragon","theDuelist:ToonDarkMagicianGirl"],"picked":"SKIP","floor":18.0},{"not_picked":["theDuelist:AncientGearFist","theDuelist:CheerfulCoffin","theDuelist:GiantTrunade","theDuelist:ToonTable"],"picked":"theDuelist:ComicHand","floor":19.0},{"not_picked":["theDuelist:EarthquakeGiant","theDuelist:Hinotama+1","theDuelist:LightningDarts","theDuelist:MudGolem","theDuelist:DestroyerGolem"],"picked":"SKIP","floor":24.0},{"not_picked":["theDuelist:MangaRyuRan","theDuelist:CheerfulCoffin","theDuelist:RedEyesToon","theDuelist:ToonBarrelDragon","theDuelist:ToonMask"],"picked":"SKIP","floor":29.0},{"not_picked":["theDuelist:SpellShatteringArrow","theDuelist:ToonAncientGear","theDuelist:FlyingSaucer","theDuelist:RedEyesToon","theDuelist:ShadowToon"],"picked":"SKIP","floor":31.0},{"not_picked":["theDuelist:FeatherShot","theDuelist:MillenniumShield","theDuelist:SolemnStrike","theDuelist:Solidarity"],"picked":"theDuelist:WingedKuribohLv10","floor":33.0},{"not_picked":["theDuelist:SpellShatteringArrow+1","theDuelist:ComicHand","theDuelist:GiantTrunade+1","theDuelist:TributeDoomed","theDuelist:GracefulCharity"],"picked":"SKIP","floor":35.0},{"not_picked":["theDuelist:TrapHole+1","theDuelist:ToonWorld+1","theDuelist:SwordsConcealing+1","theDuelist:ToonCannonSoldier+1"],"picked":"theDuelist:ToonKingdom+1","floor":37.0},{"not_picked":["theDuelist:MangaRyuRan","theDuelist:TributeDoomed","theDuelist:ToonMaskedSorcerer+1","theDuelist:ToonMask+1","theDuelist:ToonSummonedSkull+1"],"picked":"SKIP","floor":38.0},{"not_picked":["theDuelist:ToonMermaid","theDuelist:ToonGeminiElf+1","theDuelist:RedEyesToon","theDuelist:WingedKuribohLv10","theDuelist:ToonGoblin+1"],"picked":"SKIP","floor":41.0},{"not_picked":["theDuelist:ToonBarrelDragon+1","theDuelist:BlueBloodedOni","theDuelist:GreyGreedOni+1","theDuelist:PurplePainOni+1","theDuelist:RainbowKuriboh+1"],"picked":"SKIP","floor":42.0},{"not_picked":["theDuelist:RedEyesToon+1","theDuelist:ToonTable+1","theDuelist:MangaRyuRan","theDuelist:ToonGeminiElf","theDuelist:ToonWorld"],"picked":"SKIP","floor":45.0},{"not_picked":["theDuelist:HammerShot","theDuelist:WormBarses","theDuelist:FluteKuriboh+1","theDuelist:WingedKuriboh"],"picked":"theDuelist:LabyrinthWall+1","floor":47},{"not_picked":["theDuelist:MangaRyuRan+1","theDuelist:RedEyesToon+1","theDuelist:ToonMermaid+1","theDuelist:ToonBarrelDragon+1","theDuelist:ToonDarkMagician"],"picked":"SKIP","floor":48},{"not_picked":["theDuelist:ToonBriefcase+1","theDuelist:DarkFactory+1","theDuelist:ToonWorld+1","theDuelist:CheerfulCoffin+1"],"picked":"theDuelist:ToonRollback+1","floor":54}],"player_experience":126595,"relics_obtained":[{"floor":6.0,"key":"Toy Ornithopter"},{"floor":9.0,"key":"theDuelist:DuelistTeaSet"},{"floor":10.0,"key":"CeramicFish"},{"floor":12.0,"key":"Odd Mushroom"},{"floor":13.0,"key":"Lizard Tail"},{"floor":14.0,"key":"Incense Burner"},{"floor":21.0,"key":"D6"},{"floor":21.0,"key":"PokeGo"},{"floor":21.0,"key":"StoneCalendar"},{"floor":24.0,"key":"MawBank"},{"floor":25.0,"key":"Vajra"},{"floor":26.0,"key":"Centennial Puzzle"},{"floor":31.0,"key":"Pocketwatch"},{"floor":41.0,"key":"DoctorsRemote"},{"floor":54,"key":"HowToJump"}],"event_choices":[{"damage_healed":0.0,"max_hp_gain":0.0,"max_hp_loss":0.0,"gold_gain":0.0,"event_name":"The Woman in Blue","player_choice":"Bought 0 Potions","floor":5.0,"gold_loss":0.0,"damage_taken":0.0},{"damage_healed":0.0,"max_hp_gain":0.0,"max_hp_loss":0.0,"gold_gain":0.0,"event_name":"Mushrooms","player_choice":"Fought Mushrooms","floor":12.0,"gold_loss":0.0,"damage_taken":0.0},{"damage_healed":0.0,"max_hp_gain":0.0,"max_hp_loss":0.0,"gold_gain":0.0,"event_name":"Battle City","player_choice":"Fight","duelist":true,"floor":21.0,"gold_loss":0.0,"damage_taken":0.0},{"damage_healed":0.0,"max_hp_gain":0.0,"max_hp_loss":22.0,"gold_gain":0.0,"event_name":"Vampires","player_choice":"Became a vampire","floor":22.0,"gold_loss":0.0,"damage_taken":0.0,"cards_obtained":["Bite","Bite","Bite","Bite","Bite"]},{"damage_healed":0.0,"max_hp_gain":0.0,"max_hp_loss":0.0,"gold_gain":0.0,"event_name":"Egyptian Village","player_choice":"Leave","duelist":true,"floor":27.0,"gold_loss":0.0,"damage_taken":0.0},{"damage_healed":0.0,"max_hp_gain":0.0,"max_hp_loss":0.0,"gold_gain":0.0,"event_name":"Tomb of Lord Red Mask","player_choice":"Paid","floor":36.0,"gold_loss":72.0,"damage_taken":0.0,"relics_obtained":["Red Mask"]},{"damage_healed":0.0,"max_hp_gain":0.0,"max_hp_loss":0.0,"gold_gain":0.0,"event_name":"Tomb of the Nameless","player_choice":"Worship - 20% roll at +12 Max HP","duelist":true,"floor":39.0,"gold_loss":0.0,"damage_taken":0.0},{"damage_healed":0.0,"max_hp_gain":0.0,"max_hp_loss":0.0,"gold_gain":0.0,"cards_transformed":["theDuelist:CastleWalls"],"event_name":"Transmorgrifier","player_choice":"Transformed","floor":44.0,"gold_loss":0.0,"damage_taken":0.0,"cards_obtained":["theDuelist:TrapHole"]}],"is_beta":false,"boss_relics":[{"not_picked":["Snecko Eye","Busted Crown"],"picked":"Ectoplasm"},{"not_picked":[]},{"not_picked":["SacredBark","Runic Pyramid"],"picked":"theDuelist:ElectricKey"},{"not_picked":[]}],"items_purged_floors":[17,20],"is_endless":false,"potions_floor_spawned":[4,6,13,24,29,33,37,45,47,48],"killed_by":"LittleHush","ascension_level":4}}