{"host":"hnrafgucdht3qvsp","time":1611029585,"event":{"mods":["BaseMod","Bestiary","Colored Map","Minty Spire (QoL Compilation)","Relic Stats","StSLib"],"gold_per_floor":[15,15,29,52,77,112,112,131,156,156,177,177,200,224,224,349,349,372,372,396,55,80,113,113,113,185,185,185],"floor_reached":27,"language":"ENG","playtime":2162,"items_purged":[],"score":308,"play_id":"47918c78-91f9-46cd-b8ba-36e6e1a364b4","local_time":"20210118231305","is_ascension_mode":true,"campfire_choices":[{"data":"Cloak And Dagger","floor":7,"key":"SMITH"},{"data":"Blade Dance","floor":15,"key":"SMITH"},{"data":"Envenom","floor":24,"key":"SMITH"}],"circlet_count":0,"master_deck":["Strike_G","Defend_G","Defend_G","Defend_G","Defend_G","Defend_G","Survivor","Neutralize","Accuracy+1","Poisoned Stab","Blade Dance+1","Cloak And Dagger+1","Blade Dance","Terror","Backflip","Venomology","Envenom+1","Unload","Dodge and Roll","Catalyst","Bouncing Flask"],"relics":["Ring of the Snake","Golden Idol","Pantograph","Busted Crown","Centennial Puzzle","Anchor","MealTicket","The Courier"],"acts_visited":["Exordium","TheCity"],"potions_floor_usage":[16,22,22,23,23,27],"damage_taken":[{"damage":1.0,"enemies":"2 Louse","floor":1.0,"turns":5.0},{"damage":1,"enemies":"Small Slimes","floor":3,"turns":5},{"damage":0,"enemies":"Cultist","floor":4,"turns":4},{"damage":5,"enemies":"3 Louse","floor":5,"turns":3},{"damage":11,"enemies":"3 Sentries","floor":6,"turns":10},{"damage":0,"enemies":"Large Slime","floor":8,"turns":4},{"damage":17,"enemies":"Exordium Thugs","floor":11,"turns":3},{"damage":0,"enemies":"Looter","floor":13,"turns":1},{"damage":0,"enemies":"Blue Slaver","floor":14,"turns":2},{"damage":33,"enemies":"Hexaghost","floor":16,"turns":6},{"damage":0,"enemies":"Chosen","floor":18,"turns":2},{"damage":16,"enemies":"Shell Parasite","floor":20,"turns":4},{"damage":13,"enemies":"Cultist and Chosen","floor":22,"turns":5},{"damage":29,"enemies":"Book of Stabbing","floor":23,"turns":6},{"damage":8,"enemies":"Gremlin Leader","floor":27,"turns":1}],"seed_played":"8972958756555525629","potions_obtained":[{"floor":6,"key":"Fire Potion"},{"floor":8,"key":"SmokeBomb"},{"floor":11,"key":"Regen Potion"},{"floor":14,"key":"CunningPotion"},{"floor":18,"key":"SteroidPotion"}],"is_trial":false,"path_per_floor":["M","?","M","M","M","E","R","M","T","?","M","?","M","M","R","B",null,"M","?","M","$","M","E","R","?","T","E"],"character_chosen":"THE_SILENT","items_purchased":["Catalyst","Centennial Puzzle","Anchor"],"campfire_rested":0,"item_purchase_floors":[21,21,21],"current_hp_per_floor":[62,62,61,61,56,45,45,45,45,45,28,65,65,65,65,32,57,57,57,41,41,28,4,4,4,4,0,0],"gold":185,"neow_bonus":"TRANSFORM_TWO_CARDS","is_daily":false,"chose_seed":false,"campfire_upgraded":3,"win_rate":0.0,"timestamp":1611029585,"path_taken":["M","?","M","M","M","E","R","M","T","?","M","?","?","M","R","BOSS","M","?","M","$","M","E","R","?","T","E"],"items_purchased_type":["Card","Relic","Relic"],"build_version":"2020-12-22","purchased_purges":0,"victory":false,"max_hp_per_floor":[70,65,65,65,65,65,65,65,65,65,65,65,65,65,65,65,65,65,65,65,65,65,65,65,65,65,65,65],"relic_stats":{"Centennial Puzzle":[9],"Busted Crown":8,"counters":[15,61],"Golden Idol":85,"Pantograph":0,"MealTicket":0,"obtain_stats":[{"Centennial Puzzle":21,"Anchor":21,"Busted Crown":17,"Golden Idol":2,"Pantograph":6,"MealTicket":23,"The Courier":26,"Ring of the Snake":0},{"Centennial Puzzle":12,"Anchor":12,"Busted Crown":10,"Golden Idol":1,"Pantograph":5,"MealTicket":14,"The Courier":14,"Ring of the Snake":0},{"Centennial Puzzle":49,"Anchor":49,"Busted Crown":43,"Golden Idol":5,"Pantograph":27,"MealTicket":60,"The Courier":60,"Ring of the Snake":0}],"Ring of the Snake":[30]},"card_choices":[{"not_picked":["Outmaneuver","Bane","Terror"],"picked":"SKIP","floor":1},{"not_picked":["Infinite Blades","Acrobatics"],"picked":"Poisoned Stab","floor":3},{"not_picked":["Infinite Blades","Underhanded Strike"],"picked":"Blade Dance","floor":4},{"not_picked":["Deadly Poison","Sucker Punch"],"picked":"Cloak And Dagger","floor":5},{"not_picked":["Poisoned Stab","Bouncing Flask"],"picked":"Blade Dance","floor":6},{"not_picked":["Dagger Throw","Choke"],"picked":"Terror","floor":8},{"not_picked":["Dagger Spray","Distraction"],"picked":"Backflip","floor":11},{"not_picked":["Endless Agony","Acrobatics"],"picked":"Venomology","floor":13},{"not_picked":["Flying Knee","Sucker Punch","Blur"],"picked":"SKIP","floor":14},{"not_picked":["Phantasmal Killer","Doppelganger"],"picked":"Envenom","floor":16},{"not_picked":["Masterful Stab"],"picked":"SKIP","floor":18},{"not_picked":["Dash"],"picked":"SKIP","floor":20},{"not_picked":[],"picked":"Bouncing Flask","floor":22},{"not_picked":["Grand Finale"],"picked":"SKIP","floor":23}],"player_experience":423140,"relics_obtained":[{"floor":6,"key":"Pantograph"},{"floor":23,"key":"MealTicket"},{"floor":26,"key":"The Courier"}],"event_choices":[{"damage_healed":0,"gold_gain":0,"player_choice":"Lose Max HP","damage_taken":0,"relics_obtained":["Golden Idol"],"max_hp_gain":0,"max_hp_loss":5,"event_name":"Golden Idol","floor":2,"gold_loss":0},{"damage_healed":0,"gold_gain":0,"player_choice":"Grow","damage_taken":0,"max_hp_gain":0,"max_hp_loss":0,"event_name":"Living Wall","floor":10,"gold_loss":0,"cards_upgraded":["Accuracy"]},{"cards_removed":["Caltrops"],"damage_healed":37,"gold_gain":0,"player_choice":"Offered Uncommon","damage_taken":0,"max_hp_gain":0,"max_hp_loss":0,"event_name":"Bonfire Elementals","floor":12,"gold_loss":0},{"damage_healed":0,"gold_gain":0,"cards_transformed":["Strike_G","Strike_G"],"player_choice":"Became Test Subject","damage_taken":0,"max_hp_gain":0,"max_hp_loss":0,"event_name":"Drug Dealer","floor":19,"gold_loss":0,"cards_obtained":["Unload","Dodge and Roll"]},{"damage_healed":0,"gold_gain":0,"player_choice":"Ignored","damage_taken":0,"max_hp_gain":0,"max_hp_loss":0,"event_name":"Cursed Tome","floor":25,"gold_loss":0}],"is_beta":false,"boss_relics":[{"not_picked":["Snecko Eye","Runic Dome"],"picked":"Busted Crown"}],"items_purged_floors":[],"is_endless":false,"potions_floor_spawned":[6,8,11,14,18,20],"killed_by":"Gremlin Leader","ascension_level":6}}