{"host":"hbmugw1tcdgjy91l","time":1611054021,"event":{"mods":["Act Like it!","Arknights The Spire","BaseMod","Chen","Downfall","Gensokyo","Gremlin Mod","GungeonMod","Lobotomy","LobotomyExtend","Mari Mod (Legacy)","Mari\u0027s V1 Patch","Minty Spire (QoL Compilation)","Pale of the Ancients","Prisma Mod","StSLib","Td1madao Mod","TestMod","The Animator","The Bug Knight","The Mystic","WarShipGirlsR/’ΩΩ¢…Ÿ≈ÆR mod"],"gold_per_floor":[111,91,104,118,128,163,163,163,163],"floor_reached":8,"language":"ZHS","playtime":504,"items_purged":[],"score":58,"play_id":"eef66fb7-1017-416a-bec9-2978c43b0ca8","local_time":"20210119190021","is_ascension_mode":false,"campfire_choices":[{"data":"ats:Counter Healing Mode","floor":7,"key":"SMITH"}],"circlet_count":0,"master_deck":["ats:Strike C","ats:Strike G","ats:Strike S","ats:Armor Crushing Shot","ats:Defend","ats:Defend","ats:Defend","ats:Defend","ats:Emotion Absorption","ats:Apocalypse","ats:Cat Scratch","ats:Curse Doll","ats:Counter Healing Mode+1"],"relics":["ats:Sanity","testmod-TestBox","LetterFromLob","ats:Originium","White Beast Statue"],"acts_visited":["Exordium"],"potions_floor_usage":[5,6],"damage_taken":[{"damage":0.0,"enemies":"Small Slimes","floor":1.0,"turns":4.0},{"damage":8.0,"enemies":"Cultist","floor":3.0,"turns":5.0},{"damage":31.0,"enemies":"Jaw Worm","floor":4.0,"turns":9.0},{"damage":12,"enemies":"Lots of Slimes","floor":5,"turns":7},{"damage":29,"enemies":"3 Sentries","floor":6,"turns":8},{"damage":48,"enemies":"Gremlin Nob","floor":8,"turns":6}],"seed_played":"-7591334602546322039","potions_obtained":[{"floor":2.0,"key":"CultistPotion"},{"floor":4.0,"key":"Fire Potion"}],"is_trial":false,"path_per_floor":["M","?","M","M","M","E","R","E"],"character_chosen":"DOCTOR_CLASS","items_purchased":[],"campfire_rested":0,"item_purchase_floors":[],"current_hp_per_floor":[72,72,69,56,60,39,39,0,0],"gold":163,"neow_bonus":"REMOVE_CARD","is_daily":false,"chose_seed":false,"campfire_upgraded":1,"win_rate":0.0,"timestamp":1611054021,"path_taken":["M","?","?","M","?","E","R","E"],"items_purchased_type":[],"build_version":"2020-12-22","purchased_purges":0,"victory":false,"max_hp_per_floor":[72,72,72,72,72,72,72,72,72],"card_choices":[{"not_picked":["ats:Flexible Camouflage","ats:Curse Doll"],"picked":"ats:Apocalypse","floor":1.0},{"not_picked":["ats:Consecutive Shot Auto","ats:Beaten Up"],"picked":"ats:Cat Scratch","floor":3.0},{"not_picked":["ats:Powerful Strike","ats:LN2 Cannon"],"picked":"ats:Curse Doll","floor":4.0},{"not_picked":["ats:Hook Shot","ats:Encircling Forest","ats:Powerful Strike"],"picked":"SKIP","floor":5},{"not_picked":["ats:Consecutive Shot Auto","ats:Powerful Strike"],"picked":"ats:Counter Healing Mode","floor":6}],"player_experience":475692,"relics_obtained":[{"floor":1.0,"key":"LetterFromLob"},{"floor":6,"key":"ats:Originium"},{"floor":6,"key":"White Beast Statue"}],"event_choices":[{"damage_healed":0.0,"max_hp_gain":0.0,"max_hp_loss":0.0,"gold_gain":0.0,"event_name":"The Woman in Blue","player_choice":"Bought 1 Potion","floor":2.0,"gold_loss":0.0,"damage_taken":0.0}],"is_beta":false,"boss_relics":[],"items_purged_floors":[],"is_endless":false,"potions_floor_spawned":[4],"killed_by":"Gremlin Nob","ascension_level":0}}