{"host":"tyeg9214rgutn7tb","time":1611070888,"event":{"mods":["BaseMod","Colored Map","Custom Start","Downfall","Minty Spire (QoL Compilation)","StSLib"],"gold_per_floor":[199,216,233,251,251,251,251,270,300,200,50,35,52,52,62,163,163,163,174,188,188,198,198,198,198],"floor_reached":23,"language":"ENG","playtime":1339,"items_purged":[],"score":232,"play_id":"cfa4cce0-b11f-4369-abac-f31f3f6c9bef","local_time":"20210119164128","is_ascension_mode":true,"campfire_choices":[{"data":"bronze:Goto","floor":1,"key":"SMITH"},{"floor":10,"key":"REST"},{"data":"bronze:InfiniteLoop","floor":18,"key":"SMITH"}],"circlet_count":0,"master_deck":["bronze:Strike+1","bronze:Strike+1","bronze:Strike+1","bronze:Defend+1","bronze:Defend+1","bronze:Defend+1","bronze:Defend+1","bronze:Replicate","bronze:Goto+1","bronze:Branch","bronze:Frontload","bronze:Spike","bronze:Optimize","bronze:SpaghettiCode+1","bronze:Repair+1","bronze:Mutator","bronze:AlphaBuild","bronze:InfiniteLoop+1","bronze:Refactor+1","bronze:Deprecate+1"],"relics":["bronze:BronzeCore","Bronze Scales","Toxic Egg 2","Eternal Feather","downfall:HeartBlessingGreen","Velvet Choker"],"acts_visited":["Exordium","TheCity"],"potions_floor_usage":[16,16,20],"damage_taken":[{"damage":1,"enemies":"Jaw Worm","floor":2,"turns":6},{"damage":0,"enemies":"Cultist","floor":3,"turns":3},{"damage":2,"enemies":"Small Slimes","floor":4,"turns":5},{"damage":1,"enemies":"Small Slimes","floor":5,"turns":9},{"damage":27,"enemies":"Exordium Thugs","floor":8,"turns":4},{"damage":16,"enemies":"Gremlin Nob","floor":9,"turns":3},{"damage":0,"enemies":"downfall:FleeingMerchant","floor":12,"turns":4},{"damage":0,"enemies":"Large Slime","floor":13,"turns":5},{"damage":1,"enemies":"Blue Slaver","floor":15,"turns":3},{"damage":48,"enemies":"IC_STATUS_ARCHETYPE","floor":16,"turns":8},{"damage":1,"enemies":"Chosen","floor":19,"turns":4},{"damage":2,"enemies":"Centurion and Healer","floor":20,"turns":8},{"damage":57,"enemies":"3 Cultists","floor":22,"turns":6},{"damage":37,"enemies":"Book of Stabbing","floor":23,"turns":4}],"seed_played":"-6599296116872210698","potions_obtained":[{"floor":4,"key":"PowerPotion"},{"floor":8,"key":"PowerPotion"},{"floor":13,"key":"Explosive Potion"},{"floor":16,"key":"bronze:CleanCodePotion"},{"floor":19,"key":"Block Potion"}],"is_trial":false,"path_per_floor":["R","M","M","M","?","T","T","M","E","R","?","$","M","?","M","B",null,"R","M","M","?","M","E"],"character_chosen":"THE_AUTOMATON","items_purchased":[],"campfire_rested":1,"item_purchase_floors":[],"current_hp_per_floor":[70,69,69,67,66,66,66,39,23,53,80,80,80,80,79,41,80,80,79,80,80,23,0,0,0],"gold":198,"neow_bonus":"HUNDRED_GOLD","is_daily":false,"chose_seed":false,"campfire_upgraded":2,"win_rate":0.0,"timestamp":1611070888,"path_taken":["R","M","M","M","?","?","T","?","E","R","?","?","M","?","M","BOSS","R","M","M","?","M","E"],"items_purchased_type":[],"build_version":"2020-12-22","purchased_purges":0,"victory":false,"max_hp_per_floor":[70,70,70,70,70,70,70,70,70,70,80,80,80,80,80,80,80,80,80,80,80,80,80,80,80],"card_choices":[{"not_picked":["bronze:DarkDash","bronze:FineTuning"],"picked":"bronze:Branch","floor":2},{"not_picked":["bronze:DarkDash","bronze:Overheat"],"picked":"bronze:Frontload","floor":3},{"not_picked":["bronze:ChildClass","bronze:Shield","bronze:BuggyMess"],"picked":"SKIP","floor":4},{"not_picked":[],"picked":"bronze:Spike","floor":5},{"not_picked":["bronze:DarkDash","bronze:Constructor"],"picked":"bronze:Optimize","floor":5},{"not_picked":["bronze:Allocate+1","bronze:InfiniteBeams"],"picked":"bronze:SpaghettiCode+1","floor":8},{"not_picked":["bronze:Constructor+1","bronze:WhirlingStrike"],"picked":"bronze:Repair+1","floor":9},{"not_picked":["bronze:Turbo+1","bronze:CutThrough"],"picked":"bronze:Mutator","floor":12},{"not_picked":["bronze:OilSpill","bronze:Allocate+1","bronze:Frontload+1"],"picked":"SKIP","floor":13},{"not_picked":["bronze:Shield+1","bronze:Optimize","bronze:DelayedSlice"],"picked":"SKIP","floor":15},{"not_picked":["bronze:RecursiveStrike","bronze:ThunderWave"],"picked":"bronze:InfiniteLoop","floor":16},{"not_picked":["bronze:DelayedSlice","bronze:WildBeam"],"picked":"bronze:Refactor+1","floor":19},{"not_picked":["bronze:BronzeOrb","bronze:Repulsor","bronze:Boost+1"],"picked":"SKIP","floor":20},{"not_picked":["bronze:Safeguard+1","bronze:Flail"],"picked":"bronze:Deprecate+1","floor":22}],"player_experience":691395,"relics_obtained":[{"floor":6,"key":"Bronze Scales"},{"floor":7,"key":"Toxic Egg 2"},{"floor":9,"key":"Eternal Feather"}],"event_choices":[],"is_beta":false,"boss_relics":[{"not_picked":["Runic Dome","Astrolabe"],"picked":"Velvet Choker"}],"items_purged_floors":[],"is_endless":false,"potions_floor_spawned":[4,8,13,15,16,19],"killed_by":"Book of Stabbing","ascension_level":4}}