{"host":"snn1c4qsf0fj7fzf","time":1611074312,"event":{"mods":["AchievementEnabler","Act Like it!","Aspiration","Astrologer","Bard","Bartender","BaseMod","Colored Powertips","Energized Spire","Gensokyo","Gremlin Mod","Hallownest","Hermit","HololiveMod","Hubris","Infinite Spire","Lobotomy","LobotomyExtend","Marisa????????","Minty Spire (QoL Compilation)","Random Character Button","Rare Cards Sparkle","Reimu??????","Replay The Spire","Shop Mod","StSLib","The Animator","The Bug Knight","The Cursed","The Gatherer","The Hierophant","The Poker Player","Wandering Minibosses"],"gold_per_floor":[119,119,119,132,57,85,85,37,37,56,56,81,81,401,401,501,501,711,721,735,735,745,695,695,712,728,758,758,758,758,758,810,829,838,866,866,966],"floor_reached":17,"language":"ENG","playtime":4086,"items_purged":["NakedNest","Parasite"],"score":549,"play_id":"69f52a15-a771-48d6-a268-133fc505e9b9","local_time":"20210120003832","is_ascension_mode":false,"campfire_choices":[{"floor":7.0,"key":"REST"}],"circlet_count":0,"master_deck":["SpecialBullet","SpecialBullet","SpecialBullet","SpecialBullet","SpecialBullet","SpecialBullet","SpecialBullet","SpecialBullet","InformationCode","RecordCode","DisciplinaryCode","Discord+1","Lamp+14","Soda+1","Clumsy","Wellcheers","Penitence+1","Mercenary","WristCuter+1","OSAHOGD","UniverseFragment","SomewhereSpear+1","Mimicry+1","OldLady","CUTE+1","Gaze+1","Ecstasy+1","AbeCurse","Dazed","infinitespire:NeuralNetwork+1","Logging+1","Harvest","ReplayTheSpireMod:Black Plague","Hololive_RevenueRecovery","Scarecrow","GoldRush"],"relics":["CogitoBucket","Gensokyo:NagashiBinaDoll","hubris:Towel","hubris:BundleOfHerbs","Iron Hammer","Bottled Lightning","ResearcherNote","energizedSpire:CursedPentagram","HandDrill","Abe\u0027s Treasure","SkinProphecy","LetterFromLob","PreservedInsect","infinitespire:BottledMercury","Bag of Preparation","AtMidnight","BehaviorAdjustment","Smiling Mask"],"acts_visited":["Gensokyo:Gensokyo","Gensokyo:Gensokyoer"],"potions_floor_usage":[13,17],"damage_taken":[{"damage":13.0,"enemies":"Gensokyo:2_Kodama","floor":1.0,"turns":4.0},{"damage":15.0,"enemies":"Gensokyo:3_Fairies","floor":4.0,"turns":6.0},{"damage":42.0,"enemies":"Gensokyo:Cirno","floor":6.0,"turns":6.0},{"damage":0.0,"enemies":"Gensokyo:Python","floor":10.0,"turns":1.0},{"damage":18.0,"enemies":"Gensokyo:Mamizou","floor":12.0,"turns":4.0},{"damage":15.0,"enemies":"Gensokyo:Kitsune","floor":14.0,"turns":5.0},{"damage":16.0,"enemies":"Gensokyo:Reimu","floor":16.0,"turns":7.0},{"damage":0.0,"enemies":"Gensokyo:2_Gloops","floor":18.0,"turns":6.0},{"damage":31.0,"enemies":"Gensokyo:3_Dogs","floor":19.0,"turns":6.0},{"damage":27.0,"enemies":"Gensokyo:Wraith","floor":20.0,"turns":4.0},{"damage":0.0,"enemies":"Small Slimes","floor":1.0,"turns":5.0},{"damage":0.0,"enemies":"Cultist","floor":4.0,"turns":1.0},{"damage":0.0,"enemies":"2 Louse","floor":5.0,"turns":3.0},{"damage":0.0,"enemies":"HollowMod:MossKnight","floor":6.0,"turns":3.0},{"damage":0.0,"enemies":"Blue Slaver","floor":12.0,"turns":2.0},{"damage":40,"enemies":"Gremlin Gang","floor":13,"turns":11},{"damage":1,"enemies":"Gremlin Nob","floor":14,"turns":2},{"damage":5,"enemies":"The Guardian","floor":16,"turns":3},{"damage":20,"enemies":"Malkuth","floor":17,"turns":5}],"seed_played":"-6339484077167357779","potions_obtained":[{"floor":1.0,"key":"FairyPotion"},{"floor":14.0,"key":"EssenceOfSteel"},{"floor":16.0,"key":"Block Potion"},{"floor":19.0,"key":"Swift Potion"},{"floor":20.0,"key":"ColorlessPotion"},{"floor":1.0,"key":"Flashbang"},{"floor":6.0,"key":"Energy Potion"},{"floor":14,"key":"Explosive Potion"}],"is_trial":false,"path_per_floor":["M","?","?","M","$","E","R","COS","T","M","R","E","?","M","R","B",null,"M","M","M","AVR","?","M","?","?","M","M","E","R","?","T","R","T","M","M","E","R","B",null],"character_chosen":"Angela","items_purchased":[],"campfire_rested":1,"item_purchase_floors":[],"current_hp_per_floor":[57,57,57,42,42,12,33,33,33,33,33,22,29,16,16,7,70,70,43,20,20,67,67,67,63,62,60,60,42,42,42,42,38,11,11,11,16],"gold":942,"neow_bonus":"RANDOM_EVENT","is_daily":false,"chose_seed":false,"campfire_upgraded":0,"win_rate":0.0,"timestamp":1611074312,"path_taken":["M","?","?","M","$","E","R","COS","T","M","R","E","?","M","R","BOSS","M","M","M","AVR","?","M","?","?","M","M","E","R","?","T","R","?","M","?","E","R","BOSS"],"items_purchased_type":[],"build_version":"2020-12-22","purchased_purges":2,"victory":true,"max_hp_per_floor":[70,70,70,70,70,70,70,70,70,70,70,70,70,70,70,70,70,70,70,70,67,67,67,67,69,71,73,73,73,73,73,73,75,79,85,85,87],"card_choices":[{"not_picked":["GreenStem"],"picked":"Discord","floor":0.0},{"not_picked":["RapturousDream"],"picked":"Lamp","floor":0.0},{"not_picked":["WallGazer","OSAHOGD"],"picked":"NakedNest","floor":1.0},{"not_picked":["CUTE"],"picked":"Soda","floor":1.0},{"not_picked":["Funeral","FieryBird"],"picked":"Wellcheers","floor":4.0},{"not_picked":["TodaysExpression"],"picked":"Penitence","floor":4.0},{"not_picked":["ShyLook","CrumblingArmor"],"picked":"Mercenary","floor":6.0},{"not_picked":["CherryBlossom"],"picked":"WristCuter","floor":6.0},{"not_picked":["DespairKnight","QueenBee"],"picked":"OSAHOGD","floor":10.0},{"not_picked":["CherryBlossom","FourthMatchFlame"],"picked":"SKIP","floor":10.0},{"not_picked":["SnowQueen","NakedNest"],"picked":"UniverseFragment","floor":12.0},{"not_picked":["BlueScar","WristCuter"],"picked":"SKIP","floor":12.0},{"not_picked":["Beak"],"picked":"SomewhereSpear","floor":14.0},{"not_picked":["CENSORED_ego"],"picked":"Mimicry","floor":16.0},{"not_picked":["MeatLantern","QueenOfHatred"],"picked":"OldLady","floor":18.0},{"not_picked":["Regret_ego"],"picked":"CUTE+1","floor":18.0},{"not_picked":["SomewhereSpear"],"picked":"Gaze","floor":19.0},{"not_picked":["Murderer","SpiderBud"],"picked":"Laetitia","floor":20.0},{"not_picked":["Amita"],"picked":"Ecstasy","floor":20.0},{"not_picked":["Wingbeat"],"picked":"Logging","floor":1.0},{"not_picked":["SomewhereSpear","Diffraction"],"picked":"SKIP","floor":4.0},{"not_picked":["Spore","Christmas"],"picked":"SKIP","floor":5.0},{"not_picked":["Pleasure"],"picked":"Harvest","floor":6.0},{"not_picked":["infinitespire:FinalStrike","infinitespire:Starlight"],"picked":"ReplayTheSpireMod:Black Plague","floor":8.0},{"not_picked":["Tough","TodaysExpression"],"picked":"SKIP","floor":12.0},{"not_picked":["TodaysExpression","Lantern"],"picked":"SKIP","floor":13},{"not_picked":["Freischutz","MHz"],"picked":"Scarecrow","floor":14},{"not_picked":["BlueScar","WristCuter"],"picked":"SKIP","floor":14},{"not_picked":["DaCapo"],"picked":"GoldRush","floor":16}],"player_experience":317490,"relics_obtained":[{"floor":1.0,"key":"LetterFromLob"},{"floor":6.0,"key":"hubris:BundleOfHerbs"},{"floor":9.0,"key":"Iron Hammer"},{"floor":12.0,"key":"Bottled Lightning"},{"floor":1.0,"key":"LetterFromLob"},{"floor":6.0,"key":"PreservedInsect"},{"floor":9.0,"key":"infinitespire:BottledMercury"},{"floor":11.0,"key":"Bag of Preparation"},{"floor":13,"key":"AtMidnight"},{"floor":14,"key":"Smiling Mask"}],"event_choices":[{"cards_removed":["Laetitia"],"damage_healed":0.0,"max_hp_gain":0.0,"max_hp_loss":0.0,"gold_gain":0.0,"event_name":"The Cleric","player_choice":"Card Removal","floor":2.0,"gold_loss":50.0,"damage_taken":0.0}],"is_beta":false,"boss_relics":[{"not_picked":["Fusion Hammer","Astrolabe"],"picked":"energizedSpire:CursedPentagram"}],"items_purged_floors":[5,21],"is_endless":false,"potions_floor_spawned":[1,14,16,19,20,1,5,6,14],"ascension_level":0}}