{"host":"h4qgcirtxz6qax9j","time":1611055398,"event":{"mods":["AchievementEnabler","BaseMod","Colored Powertips","Hermit","Minty Spire (QoL Compilation)","StSLib","SuperFastMode","The Runesmith","The Servant 0.9.4"],"gold_per_floor":[115,115,41,58,70,101,74,74,74,93,58,58,76,96,96,96,96],"floor_reached":16,"language":"KOR","playtime":381,"items_purged":[],"score":117,"play_id":"2f5a879d-19ac-4cd3-9b1e-93a3ad63a1f7","local_time":"20210119202318","is_ascension_mode":true,"campfire_choices":[{"floor":12,"key":"REST"},{"floor":15,"key":"REST"}],"circlet_count":0,"master_deck":["Strike_S","Strike_S+1","Strike_S","Strike_S","Defend_S","Defend_S","Defend_S","Defend_S","KidneyShot+1","Exchange","Potential","Sabotage","Barrier","ReturningBlade","InstantArmor","ShatteredReality","Starlight","Dilation"],"relics":["Uniform","NeowsBlessing","Thread and Needle","Bottled Lightning"],"acts_visited":["Exordium"],"potions_floor_usage":[6,6,6],"damage_taken":[{"damage":0,"enemies":"2 Louse","floor":1,"turns":1},{"damage":0,"enemies":"Jaw Worm","floor":4,"turns":1},{"damage":0,"enemies":"Small Slimes","floor":5,"turns":2},{"damage":43,"enemies":"Lagavulin","floor":6,"turns":10},{"damage":0,"enemies":"Looter","floor":10,"turns":2},{"damage":0,"enemies":"Large Slime","floor":13,"turns":6},{"damage":0,"enemies":"Blue Slaver","floor":14,"turns":2},{"damage":67,"enemies":"The Guardian","floor":16,"turns":16}],"seed_played":"-2027679818554285149","potions_obtained":[{"floor":4,"key":"EntropicBrew"},{"floor":10,"key":"DuplicationPotion"},{"floor":13,"key":"SpeedPotion"}],"is_trial":false,"path_per_floor":["M","?","$","M","M","E","?","?","T","M","?","R","M","M","R","B"],"character_chosen":"THE_SERVANT","items_purchased":["Sabotage"],"campfire_rested":2,"item_purchase_floors":[3],"current_hp_per_floor":[65,52,52,52,52,9,9,9,9,9,25,44,44,44,63,0,0],"gold":96,"neow_bonus":"THREE_ENEMY_KILL","is_daily":false,"chose_seed":false,"campfire_upgraded":0,"win_rate":0.0,"timestamp":1611055398,"path_taken":["M","?","$","M","M","E","?","?","T","M","?","R","M","M","R","BOSS"],"items_purchased_type":["Card"],"build_version":"2020-12-22","purchased_purges":0,"victory":false,"max_hp_per_floor":[65,65,65,65,65,65,65,65,65,65,65,65,65,65,65,65,65],"card_choices":[{"not_picked":["TimeWarp","FanOfKnives"],"picked":"Potential","floor":1},{"not_picked":["Rewind","Spin"],"picked":"Barrier","floor":4},{"not_picked":["Reset","Spin"],"picked":"ReturningBlade","floor":5},{"not_picked":["Reset","Barrier"],"picked":"InstantArmor","floor":6},{"not_picked":["DualDimension","BottledTime"],"picked":"ShatteredReality","floor":10},{"not_picked":["DoubleEdge","TimeWarp"],"picked":"Starlight","floor":13},{"not_picked":["Rewind","Spin"],"picked":"Dilation","floor":14}],"player_experience":68960,"relics_obtained":[{"floor":6,"key":"Thread and Needle"},{"floor":9,"key":"Bottled Lightning"}],"event_choices":[{"damage_healed":0,"gold_gain":0,"player_choice":"Entered Light","damage_taken":13,"max_hp_gain":0,"max_hp_loss":0,"event_name":"Shining Light","floor":2,"gold_loss":0,"cards_upgraded":["Strike_S","KidneyShot"]},{"damage_healed":0,"gold_gain":0,"player_choice":"Left Gold","damage_taken":0,"max_hp_gain":0,"max_hp_loss":0,"event_name":"World of Goop","floor":7,"gold_loss":27},{"damage_healed":0,"gold_gain":0,"player_choice":"Ignored","damage_taken":0,"max_hp_gain":0,"max_hp_loss":0,"event_name":"Golden Wing","floor":8,"gold_loss":0},{"damage_healed":16,"gold_gain":0,"player_choice":"Healed","damage_taken":0,"max_hp_gain":0,"max_hp_loss":0,"event_name":"The Cleric","floor":11,"gold_loss":35}],"is_beta":false,"boss_relics":[],"items_purged_floors":[],"is_endless":false,"potions_floor_spawned":[4,10,13],"killed_by":"The Guardian","ascension_level":3}}