{"host":"1a3cjta80tad0aqj","time":1611057968,"event":{"mods":["2.2 Compatiblity","AchievementEnabler","BaseMod","Colored Map","DeckTracker","KOR Keyword Fix","Keyboard Shortcuts","Minty Spire (QoL Compilation)","Permanent Neow","Quick Restart","Random Character Button","StSLib","SuperFastMode","everything is the same but u backflip on backflip"],"gold_per_floor":[114,114,127,127,39,39,69,69,96,13,13,13,13,13],"floor_reached":13,"language":"KOR","playtime":205,"items_purged":[],"score":208,"play_id":"5ab3e49c-0f35-4a4e-98dd-6906e495b6e4","local_time":"20210119210608","is_ascension_mode":true,"campfire_choices":[{"data":"ClearTheMind","floor":6,"key":"SMITH"},{"floor":11,"key":"REST"}],"circlet_count":0,"master_deck":["AscendersBane","Strike_P","Strike_P","Strike_P","Strike_P","Defend_P","Defend_P","Defend_P","Defend_P","Eruption+1","Vigilance","ClearTheMind+1","MentalFortress","Halt"],"relics":["PureWater","NeowsBlessing","Happy Flower","Golden Idol","Boot"],"acts_visited":["Exordium"],"potions_floor_usage":[13],"damage_taken":[{"damage":0.0,"enemies":"Cultist","floor":1.0,"turns":1.0},{"damage":1,"enemies":"2 Louse","floor":3,"turns":2},{"damage":0,"enemies":"Gremlin Nob","floor":7,"turns":1},{"damage":38,"enemies":"3 Sentries","floor":13,"turns":8}],"seed_played":"7958678526463174334","potions_obtained":[{"floor":7,"key":"Energy Potion"}],"is_trial":false,"path_per_floor":["M","?","M","?","$","R","E","?","T","$","R","$","E"],"character_chosen":"WATCHER","items_purchased":["MentalFortress","StancePotion"],"campfire_rested":1,"item_purchase_floors":[5,10],"current_hp_per_floor":[61,61,60,60,60,60,60,37,37,37,57,57,19,19],"gold":13,"neow_bonus":"THREE_ENEMY_KILL","is_daily":false,"chose_seed":false,"campfire_upgraded":1,"win_rate":0.0,"timestamp":1611057968,"path_taken":["M","?","M","?","$","R","E","?","T","$","R","$","E"],"items_purchased_type":["Card","Potion"],"build_version":"2020-12-22","purchased_purges":0,"victory":false,"max_hp_per_floor":[68,68,68,68,68,68,68,68,68,68,68,68,68,68],"card_choices":[{"not_picked":["Pray","Fasting2"],"picked":"ClearTheMind","floor":1.0},{"not_picked":["DeceiveReality","Consecrate","Worship"],"picked":"SKIP","floor":3},{"not_picked":["Pray","Swivel"],"picked":"Halt","floor":7}],"player_experience":784660,"relics_obtained":[{"floor":7,"key":"Happy Flower"},{"floor":9,"key":"Boot"}],"event_choices":[{"damage_healed":0,"gold_gain":0,"player_choice":"Grow","damage_taken":0,"max_hp_gain":0,"max_hp_loss":0,"event_name":"Living Wall","floor":2,"gold_loss":0,"cards_upgraded":["Eruption"]},{"damage_healed":0,"gold_gain":0,"player_choice":"Leave","damage_taken":0,"max_hp_gain":0,"max_hp_loss":0,"event_name":"The Cleric","floor":4,"gold_loss":0},{"damage_healed":0,"gold_gain":0,"player_choice":"Take Damage","damage_taken":23,"relics_obtained":["Golden Idol"],"max_hp_gain":0,"max_hp_loss":0,"event_name":"Golden Idol","floor":8,"gold_loss":0}],"is_beta":false,"boss_relics":[],"items_purged_floors":[],"is_endless":false,"potions_floor_spawned":[7],"killed_by":"3 Sentries","ascension_level":20}}