{"host":"nsxzlb359hv0da5z","time":1611015976,"event":{"mods":["BaseMod","Bestiary","Colored Map","Minty Spire (QoL Compilation)","Permanent Neow","Relic Stats","Slay the Relics Exporter","ojb\u0027s Info Mod"],"gold_per_floor":[115,132,132,132,143,143,157,184,184,194,48,78,78,78,78,156,156,175,175,175,187,187,187],"floor_reached":22,"language":"ENG","playtime":1564,"items_purged":[],"score":322,"play_id":"96242036-9123-494f-a259-c5241c2f5c7d","local_time":"20210118162616","is_ascension_mode":true,"campfire_choices":[{"data":"Beam Cell","floor":6,"key":"SMITH"},{"data":"Doom and Gloom","floor":13,"key":"SMITH"},{"data":"Coolheaded","floor":15,"key":"SMITH"}],"circlet_count":0,"master_deck":["AscendersBane","Strike_B","Strike_B","Strike_B","Defend_B","Defend_B","Defend_B","Defend_B","Zap","Dualcast","Beam Cell+1","Tempest","Conserve Battery","Doom and Gloom+1","Rebound","Clumsy","FTL","Electrodynamics","Coolheaded+1","Rainbow","Loop","RitualDagger","Doom and Gloom"],"relics":["Cursed Key","Odd Mushroom","Regal Pillow","Runic Dome"],"acts_visited":["Exordium","TheCity"],"potions_floor_usage":[18,21],"damage_taken":[{"damage":0,"enemies":"Jaw Worm","floor":1,"turns":3},{"damage":4,"enemies":"Small Slimes","floor":2,"turns":3},{"damage":0,"enemies":"2 Louse","floor":5,"turns":2},{"damage":0,"enemies":"2 Fungi Beasts","floor":7,"turns":3},{"damage":6,"enemies":"The Mushroom Lair","floor":8,"turns":3},{"damage":13,"enemies":"Exordium Wildlife","floor":10,"turns":4},{"damage":11,"enemies":"Lagavulin","floor":12,"turns":5},{"damage":17,"enemies":"Hexaghost","floor":16,"turns":7},{"damage":5,"enemies":"2 Thieves","floor":18,"turns":2},{"damage":6,"enemies":"Spheric Guardian","floor":21,"turns":3},{"damage":27,"enemies":"Cultist and Chosen","floor":22,"turns":4}],"seed_played":"6142244011054624479","potions_obtained":[{"floor":7,"key":"Ancient Potion"},{"floor":10,"key":"Swift Potion"},{"floor":12,"key":"AttackPotion"},{"floor":18,"key":"CultistPotion"},{"floor":21,"key":"CultistPotion"}],"is_trial":false,"path_per_floor":["M","M","?","?","M","R","M","?","T","M","$","E","R","?","R","B",null,"M","?","?","M","M"],"character_chosen":"DEFECT","items_purchased":["Electrodynamics"],"campfire_rested":0,"item_purchase_floors":[11],"current_hp_per_floor":[64,60,60,53,53,53,53,47,47,34,34,23,23,28,28,11,60,55,49,27,21,0,0],"gold":187,"neow_bonus":"BOSS_RELIC","is_daily":false,"chose_seed":false,"campfire_upgraded":3,"win_rate":0.0,"timestamp":1611015976,"path_taken":["M","M","?","?","M","R","M","?","T","M","$","E","R","?","R","BOSS","M","?","?","M","M"],"items_purchased_type":["Card"],"build_version":"2020-12-22","purchased_purges":0,"victory":false,"max_hp_per_floor":[71,71,71,71,71,71,71,71,71,71,71,71,71,76,76,76,76,76,76,81,81,81,81],"relic_stats":{"Regal Pillow":0,"counters":[11,39],"Cursed Key":1,"obtain_stats":[{"Runic Dome":17,"Regal Pillow":12,"Odd Mushroom":8,"Cracked Core":0,"Cursed Key":0},{"Runic Dome":8,"Regal Pillow":7,"Odd Mushroom":5,"Cracked Core":0,"Cursed Key":0},{"Runic Dome":30,"Regal Pillow":23,"Odd Mushroom":14,"Cracked Core":0,"Cursed Key":0}]},"card_choices":[{"not_picked":["Compile Driver","Go for the Eyes"],"picked":"Beam Cell","floor":1},{"not_picked":["Stack","Double Energy"],"picked":"Tempest","floor":2},{"not_picked":["Stack","Reprogram"],"picked":"Conserve Battery","floor":5},{"not_picked":["Stack","Loop"],"picked":"Doom and Gloom","floor":7},{"not_picked":["Conserve Battery","Hologram"],"picked":"Rebound","floor":8},{"not_picked":["Sweeping Beam","Tempest"],"picked":"FTL","floor":10},{"not_picked":["Meteor Strike","Compile Driver"],"picked":"Coolheaded","floor":12},{"not_picked":["Amplify","Fission"],"picked":"Rainbow","floor":16},{"not_picked":["Go for the Eyes","Stack"],"picked":"Loop","floor":18},{"not_picked":["Tempest","Beam Cell"],"picked":"Doom and Gloom","floor":21}],"player_experience":1984725,"relics_obtained":[{"floor":8,"key":"Odd Mushroom"},{"floor":12,"key":"Regal Pillow"}],"event_choices":[{"damage_healed":0,"gold_gain":0,"player_choice":"Leave","damage_taken":0,"max_hp_gain":0,"max_hp_loss":0,"event_name":"The Cleric","floor":3,"gold_loss":0},{"cards_removed":["Strike_B"],"damage_healed":0,"gold_gain":0,"player_choice":"Card Removal","damage_taken":7,"max_hp_gain":0,"max_hp_loss":0,"event_name":"Golden Wing","floor":4,"gold_loss":0},{"damage_healed":0,"gold_gain":0,"player_choice":"Fought Mushrooms","damage_taken":0,"max_hp_gain":0,"max_hp_loss":0,"event_name":"Mushrooms","floor":8,"gold_loss":0},{"damage_healed":0,"gold_gain":0,"player_choice":"Donut","damage_taken":0,"max_hp_gain":5,"max_hp_loss":0,"event_name":"Big Fish","floor":14,"gold_loss":0},{"damage_healed":0,"gold_gain":0,"player_choice":"Joined the Cult","damage_taken":6,"max_hp_gain":0,"max_hp_loss":0,"event_name":"Nest","floor":19,"gold_loss":0,"cards_obtained":["RitualDagger"]},{"damage_healed":0,"gold_gain":0,"player_choice":"Shed Blood","damage_taken":27,"max_hp_gain":5,"max_hp_loss":0,"event_name":"Forgotten Altar","floor":20,"gold_loss":0}],"is_beta":false,"boss_relics":[{"not_picked":["Tiny House","Velvet Choker"],"picked":"Runic Dome"}],"items_purged_floors":[],"is_endless":false,"potions_floor_spawned":[7,10,12,18,21],"killed_by":"Cultist and Chosen","ascension_level":15}}