{"host":"ojt9u6ra2d449odx","time":1611092716,"event":{"mods":["BaseMod","Curses Come First","Hubris","Luminous","Minty Spire (QoL Compilation)","Relic Stats","Replay The Spire","Robot Space Explorer","StSLib","The Animator","The Bug Knight","The Construct","The Dragon Tamer"],"gold_per_floor":[19,19,19,19,37,77,77,118,173,173,213,65,65,65,65,194,194,219,219,13,13,13,13,13,40,40,75,75,75,98,110,110,290,290,394,394,409,409,435,455,465,493,493,519,519,519,519],"floor_reached":46,"language":"ENG","playtime":3751,"items_purged":[],"score":733,"play_id":"7527030f-0b25-4d13-a51c-96bad5cd28a1","local_time":"20210119224516","is_ascension_mode":true,"campfire_choices":[{"floor":7,"key":"RECALL"},{"floor":10,"key":"REST"},{"floor":15,"key":"REST"},{"data":"HollowMod:Weaversong","floor":23,"key":"SMITH"},{"floor":34,"key":"REST"},{"floor":43,"key":"REST"}],"circlet_count":0,"master_deck":["HollowMod:QuickDashStart","HollowMod:QuickDashStart+1","HollowMod:QuickDashStart+1","HollowMod:QuickDashStart+1","HollowMod:FocusHealStart","HollowMod:PogoStrike","HollowMod:MonarchWings","Injury","HollowMod:SoulEater+1","HollowMod:RecoilStrike+1","HollowMod:SoulShaman+1","HollowMod:HowlingWraiths","HollowMod:DoubleDash","HollowMod:Weaversong+1","HollowMod:MantisMark","HollowMod:MantisMark","Bite+1","Bite+1","Bite+1","Bite+1","Bite+1","HollowMod:HuntersJournal+1","HollowMod:SoulVessel","HollowMod:theNailsmith","HollowMod:SoulSplash","HollowMod:HuntersJournal+1","HollowMod:Weaversong","HollowMod:MonarchWings+1"],"relics":["HollowMod:VesselMask","Juzu Bracelet","Ornamental Fan","Replay:Baseball","War Paint","Gremlin Food","construct:ClawGrip","hubris:Towel","Tiny Chest","Nloth\u0027s Gift","ReplayFunnel","Replay:Bottled Eggs","hubris:SphereOfDissonance","Philosopher\u0027s Stone","Vajra","Gambling Chip","MealTicket","HollowMod:LifeEnderRelic"],"acts_visited":["Exordium","TheCity","TheBeyond"],"potions_floor_usage":[16,35,42,42,46],"damage_taken":[{"damage":0,"enemies":"Small Slimes","floor":1,"turns":3},{"damage":1,"enemies":"Jaw Worm","floor":5,"turns":4},{"damage":4,"enemies":"Replay:BlueRogue","floor":6,"turns":9},{"damage":61,"enemies":"Gremlin Nob","floor":8,"turns":6},{"damage":43,"enemies":"Replay:BlueRogue","floor":11,"turns":9},{"damage":10,"enemies":"Slime Boss","floor":16,"turns":11},{"damage":19,"enemies":"3 Byrds","floor":18,"turns":6},{"damage":47,"enemies":"Book of Stabbing","floor":25,"turns":6},{"damage":4,"enemies":"HollowMod:Nosk","floor":27,"turns":8},{"damage":24,"enemies":"2 Thieves","floor":31,"turns":3},{"damage":79,"enemies":"Pondfish","floor":35,"turns":13},{"damage":18,"enemies":"Orb Walker","floor":37,"turns":3},{"damage":27,"enemies":"3 Darklings","floor":40,"turns":5},{"damage":22,"enemies":"Spire Growth","floor":41,"turns":5},{"damage":56,"enemies":"Giant Head","floor":42,"turns":9},{"damage":85,"enemies":"Nemesis","floor":44,"turns":9},{"damage":28,"enemies":"HollowMod:SlobberingHusk","floor":46,"turns":4}],"seed_played":"-3282069769813770930","potions_obtained":[{"floor":8,"key":"Fire Potion"},{"floor":11,"key":"Energy Potion"},{"floor":18,"key":"PowerPotion"},{"floor":35,"key":"Energy Potion"},{"floor":40,"key":"SkillPotion"},{"floor":44,"key":"Weak Potion"}],"is_trial":false,"path_per_floor":["M","?","$","?","M","E","R","E","T","R","E","$","?","?","R","B",null,"M","?","$","?","?","R","?","E","T","E","PTL","PTL","T","M","?","?","R","B",null,"M","?","T","M","M","E","R","E","T","M"],"character_chosen":"THE_BUGKNIGHT","items_purchased":["Gremlin Food","Tiny Chest","HollowMod:MantisMark"],"campfire_rested":4,"item_purchase_floors":[12,20,20],"current_hp_per_floor":[89,89,89,89,88,89,89,34,34,60,31,31,13,13,39,35,89,76,76,76,62,62,62,62,27,27,62,62,62,62,44,47,31,49,34,62,50,53,56,42,47,30,48,6,6,0,0],"gold":519,"neow_bonus":"TWENTY_PERCENT_HP_BONUS","is_daily":false,"chose_seed":false,"campfire_upgraded":1,"win_rate":0.0,"timestamp":1611092716,"path_taken":["M","?","$","?","M","E","R","E","T","R","E","$","?","?","R","BOSS","M","?","$","?","?","R","?","E","T","E","PTL","PTL","?","M","?","?","R","BOSS","M","?","?","M","M","E","R","E","T","M"],"items_purchased_type":["Relic","Relic","Card"],"build_version":"2020-12-22","purchased_purges":0,"victory":false,"max_hp_per_floor":[89,89,89,89,89,89,89,89,89,89,89,89,89,89,89,89,89,89,89,89,62,62,62,62,62,62,62,62,62,62,62,62,62,62,62,62,62,62,62,62,62,62,62,62,62,62,62],"relic_stats":{"counters":[17,113],"Ornamental Fan":[132],"Gambling Chip":[4],"Tiny Chest":2,"MealTicket":0,"Juzu Bracelet":2,"Nloth\u0027s Gift":11,"War Paint":["HollowMod:SoulShaman","HollowMod:QuickDashStart"],"obtain_stats":[{"Gremlin Food":12,"ReplayFunnel":25,"construct:ClawGrip":17,"HollowMod:LifeEnderRelic":45,"Golden Idol":2,"hubris:SphereOfDissonance":27,"Vajra":39,"HollowMod:VesselMask":0,"Juzu Bracelet":6,"War Paint":11,"hubris:Towel":19,"Replay:Baseball":9,"Ornamental Fan":8,"Gambling Chip":42,"Tiny Chest":20,"Philosopher\u0027s Stone":36,"MealTicket":44,"Nloth\u0027s Gift":24,"Replay:Bottled Eggs":26},{"Gremlin Food":5,"ReplayFunnel":8,"construct:ClawGrip":6,"HollowMod:LifeEnderRelic":16,"Golden Idol":1,"hubris:SphereOfDissonance":9,"Vajra":12,"HollowMod:VesselMask":0,"Juzu Bracelet":3,"War Paint":5,"hubris:Towel":7,"Replay:Baseball":4,"Ornamental Fan":4,"Gambling Chip":15,"Tiny Chest":7,"Philosopher\u0027s Stone":11,"MealTicket":16,"Nloth\u0027s Gift":7,"Replay:Bottled Eggs":8},{"Gremlin Food":31,"ReplayFunnel":54,"construct:ClawGrip":42,"HollowMod:LifeEnderRelic":109,"Golden Idol":3,"hubris:SphereOfDissonance":62,"Vajra":81,"HollowMod:VesselMask":0,"Juzu Bracelet":16,"War Paint":31,"hubris:Towel":48,"Replay:Baseball":22,"Ornamental Fan":22,"Gambling Chip":100,"Tiny Chest":48,"Philosopher\u0027s Stone":78,"MealTicket":109,"Nloth\u0027s Gift":48,"Replay:Bottled Eggs":54}]},"card_choices":[{"not_picked":["HollowMod:TaintedHusks","HollowMod:GoodIntentions"],"picked":"HollowMod:MonarchWings","floor":1},{"not_picked":["HollowMod:MothsMistake","HollowMod:ChannelNail"],"picked":"HollowMod:RecoilStrike","floor":5},{"not_picked":["HollowMod:RecoilStrike","HollowMod:NewJinnsSoul"],"picked":"HollowMod:SoulShaman","floor":6},{"not_picked":["HollowMod:SiblingsShadow","HollowMod:GrimmsGift"],"picked":"HollowMod:HowlingWraiths","floor":8},{"not_picked":["HollowMod:TaintedHusks","HollowMod:SoulEater"],"picked":"HollowMod:DoubleDash","floor":11},{"not_picked":["HollowMod:MidwifesHunger","HollowMod:SoulMaster"],"picked":"HollowMod:Weaversong","floor":16},{"not_picked":["HollowMod:SoulStrike","HollowMod:BrokenVessel","HollowMod:LifebloodCocoon"],"picked":"SKIP","floor":18},{"not_picked":["HollowMod:DoubleDash","HollowMod:SoulVessel+1"],"picked":"HollowMod:HuntersJournal+1","floor":25},{"not_picked":["HollowMod:MidwifesHunger","HollowMod:InfectedAttack+1","HollowMod:BlackTendrils"],"picked":"SKIP","floor":27},{"not_picked":["HollowMod:MothsMistake+1","HollowMod:NewLittleFool"],"picked":"HollowMod:SoulVessel","floor":31},{"not_picked":["HollowMod:MidwifesHunger","HollowMod:LordofShades"],"picked":"HollowMod:theNailsmith","floor":35},{"not_picked":["HollowMod:HeavyBlow","HollowMod:DoubleDash"],"picked":"HollowMod:SoulSplash","floor":37},{"not_picked":["HollowMod:DescendingDark","HollowMod:CornifersMapStart"],"picked":"HollowMod:HuntersJournal+1","floor":40},{"not_picked":["HollowMod:GoodIntentions","HollowMod:CoiledNail","HollowMod:FallenFury"],"picked":"SKIP","floor":41},{"not_picked":["HollowMod:WraithStrike","HollowMod:PerfectDash"],"picked":"HollowMod:Weaversong","floor":42},{"not_picked":["HollowMod:Weaversong","HollowMod:Hiveblood"],"picked":"HollowMod:MonarchWings+1","floor":44}],"player_experience":138773,"relics_obtained":[{"floor":6,"key":"Juzu Bracelet"},{"floor":8,"key":"Ornamental Fan"},{"floor":9,"key":"Replay:Baseball"},{"floor":11,"key":"War Paint"},{"floor":25,"key":"ReplayFunnel"},{"floor":26,"key":"Replay:Bottled Eggs"},{"floor":27,"key":"hubris:SphereOfDissonance"},{"floor":39,"key":"Vajra"},{"floor":42,"key":"Gambling Chip"},{"floor":44,"key":"MealTicket"},{"floor":45,"key":"HollowMod:LifeEnderRelic"}],"event_choices":[{"damage_healed":0,"gold_gain":0,"player_choice":"Take Wound","damage_taken":0,"relics_obtained":["Golden Idol"],"max_hp_gain":0,"max_hp_loss":0,"event_name":"Golden Idol","floor":2,"gold_loss":0,"cards_obtained":["Injury"]},{"damage_healed":0,"gold_gain":0,"player_choice":"Entered Light","damage_taken":18,"max_hp_gain":0,"max_hp_loss":0,"event_name":"Shining Light","floor":13,"gold_loss":0,"cards_upgraded":["HollowMod:QuickDashStart","HollowMod:RecoilStrike"]},{"damage_healed":0,"gold_gain":0,"player_choice":"Became a vampire","damage_taken":0,"max_hp_gain":0,"max_hp_loss":27,"event_name":"Vampires","floor":21,"gold_loss":0,"cards_obtained":["Bite","Bite","Bite","Bite","Bite"]},{"damage_healed":0,"gold_gain":0,"player_choice":"Traded Relic","damage_taken":0,"relics_obtained":["Nloth\u0027s Gift"],"max_hp_gain":0,"max_hp_loss":0,"event_name":"N\u0027loth","floor":24,"relics_lost":["Golden Idol"],"gold_loss":0},{"damage_healed":0,"gold_gain":180,"player_choice":"GOLD GOLD ","damage_taken":19,"max_hp_gain":0,"max_hp_loss":0,"event_name":"Knowing Skull","floor":33,"potions_obtained":[],"gold_loss":0,"cards_obtained":[]},{"damage_healed":0,"gold_gain":0,"player_choice":"Ignored","damage_taken":0,"max_hp_gain":0,"max_hp_loss":0,"event_name":"SecretPortal","floor":38,"gold_loss":0}],"is_beta":false,"boss_relics":[{"not_picked":["hubris:Backtick","Replay:Drink Me"],"picked":"construct:ClawGrip"},{"not_picked":["Ring of Chaos","Runic Pyramid"],"picked":"Philosopher\u0027s Stone"}],"items_purged_floors":[],"is_endless":false,"potions_floor_spawned":[8,11,18,35,40,44],"killed_by":"HollowMod:SlobberingHusk","ascension_level":1}}