{"host":"TheHustler","time":1611058966,"event":{"mods":["BaseMod","Block Reminder","Colored Map","Colored Powertips","Minty Spire (QoL Compilation)","Quick Restart","StSLib","SuperFastMode","Unceasing Turn Reminder"],"gold_per_floor":[19,19,94,107,107,148,148,169,169,200,216,232,88,102,102,230,230,249,249,100,15,15,48,48,73,100,116,130,61,81,99,99,219,219,233,249,249,309,333,333,357,108,108,143,143,163,179,179,179,179],"floor_reached":51,"language":"ENG","playtime":1456,"items_purged":["Strike_G","Strike_G","Strike_G"],"score":761,"play_id":"647fe4c3-c5b5-46c0-a069-b1b5d1d2ca68","local_time":"20210119132246","is_ascension_mode":false,"campfire_choices":[{"data":"Storm of Steel","floor":7.0,"key":"SMITH"},{"floor":15.0,"key":"REST"},{"data":"Acrobatics","floor":24.0,"key":"SMITH"},{"data":"Bullet Time","floor":32,"key":"SMITH"},{"data":"Tactician","floor":40,"key":"SMITH"},{"data":"Phantasmal Killer","floor":45,"key":"SMITH"},{"floor":49,"key":"REST"}],"circlet_count":0,"master_deck":["Strike_G","Defend_G","Defend_G","Defend_G","Defend_G","Defend_G","Survivor","Neutralize","Storm of Steel+1","Blade Dance","Prepared","After Image","Backflip","Noxious Fumes+1","Bullet Time+1","Accuracy+1","Caltrops+1","Phantasmal Killer+1","Acrobatics+1","Quick Slash","Accuracy+1","Cloak And Dagger","Prepared+1","Tactician+1","PiercingWail+1","Dagger Throw","Adrenaline","Blade Dance+1","Cloak And Dagger+1","Wraith Form v2+1","Panacea","Footwork+1","Backflip","Panache+1"],"relics":["Ring of the Snake","Golden Idol","Calipers","Frozen Egg 2","Question Card","WristBlade","Tough Bandages","Orichalcum","Meat on the Bone","Akabeko","Busted Crown","Bird Faced Urn","Bottled Flame","MealTicket"],"acts_visited":["Exordium","TheCity","TheBeyond"],"potions_floor_usage":[47,50,50],"damage_taken":[{"damage":3.0,"enemies":"Jaw Worm","floor":1.0,"turns":6.0},{"damage":0.0,"enemies":"2 Louse","floor":4.0,"turns":2.0},{"damage":31.0,"enemies":"3 Sentries","floor":6.0,"turns":9.0},{"damage":0.0,"enemies":"Small Slimes","floor":8.0,"turns":1.0},{"damage":22.0,"enemies":"Lagavulin","floor":10.0,"turns":8.0},{"damage":0.0,"enemies":"Exordium Wildlife","floor":11.0,"turns":3.0},{"damage":0.0,"enemies":"Red Slaver","floor":12.0,"turns":5.0},{"damage":5.0,"enemies":"Looter","floor":14.0,"turns":3.0},{"damage":10.0,"enemies":"Hexaghost","floor":16.0,"turns":7.0},{"damage":10.0,"enemies":"2 Thieves","floor":18.0,"turns":2.0},{"damage":0.0,"enemies":"Slavers","floor":23.0,"turns":4.0},{"damage":2.0,"enemies":"Shell Parasite","floor":25.0,"turns":2.0},{"damage":0,"enemies":"Sentry and Sphere","floor":27,"turns":2},{"damage":1,"enemies":"Shelled Parasite and Fungi","floor":28,"turns":3},{"damage":8,"enemies":"Centurion and Healer","floor":30,"turns":4},{"damage":10,"enemies":"Snecko","floor":31,"turns":6},{"damage":29,"enemies":"Champ","floor":33,"turns":9},{"damage":0,"enemies":"3 Darklings","floor":35,"turns":4},{"damage":10,"enemies":"3 Shapes","floor":36,"turns":5},{"damage":8,"enemies":"2 Orb Walkers","floor":38,"turns":3},{"damage":3,"enemies":"Transient","floor":39,"turns":5},{"damage":5,"enemies":"Maw","floor":41,"turns":6},{"damage":0,"enemies":"Reptomancer","floor":44,"turns":6},{"damage":5,"enemies":"3 Darklings","floor":46,"turns":4},{"damage":22,"enemies":"Writhing Mass","floor":47,"turns":4},{"damage":64,"enemies":"Time Eater","floor":50,"turns":8}],"seed_played":"3227995796792772696","potions_obtained":[{"floor":1.0,"key":"Regen Potion"},{"floor":10.0,"key":"Energy Potion"},{"floor":14.0,"key":"CultistPotion"},{"floor":16.0,"key":"SmokeBomb"},{"floor":30,"key":"PowerPotion"},{"floor":47,"key":"Fruit Juice"}],"is_trial":false,"path_per_floor":["M","?","?","M","?","E","R","M","T","E","M","M","$","M","R","B",null,"M","T","$","?","$","E","R","M","T","M","M","$","M","M","R","B",null,"M","M","?","?","M","R","M","$","T","E","R","M","M","?","R","B",null],"character_chosen":"THE_SILENT","items_purchased":["Accuracy+1","Quick Slash","Tactician","Panacea","Footwork+1"],"campfire_rested":2,"item_purchase_floors":[13,20,29,42,42],"current_hp_per_floor":[67,67,56,56,49,33,33,33,33,11,11,11,11,6,27,17,70,60,60,60,60,60,60,60,58,58,58,57,57,49,39,39,22,70,70,60,60,52,55,55,60,60,60,64,64,67,60,50,72,35],"gold":179,"neow_bonus":"THREE_RARE_CARDS","is_daily":false,"chose_seed":false,"campfire_upgraded":5,"win_rate":0.0,"timestamp":1611058966,"path_taken":["M","?","?","M","?","E","R","M","T","E","M","?","$","M","R","BOSS","M","?","$","?","?","E","R","?","T","M","M","$","M","M","R","BOSS","M","?","?","?","?","R","M","$","T","E","R","M","M","?","R","BOSS"],"items_purchased_type":["Card","Card","Card","Card","Card"],"build_version":"2020-12-18","purchased_purges":3,"victory":true,"max_hp_per_floor":[70,70,70,70,70,70,70,70,70,70,70,70,70,70,70,70,70,70,70,70,70,70,70,70,70,70,70,70,70,70,70,70,70,70,70,70,70,70,70,70,70,70,70,70,70,70,75,75,75,75],"card_choices":[{"not_picked":["Adrenaline","Glass Knife"],"picked":"Storm of Steel","floor":0.0},{"not_picked":["Skewer","Noxious Fumes"],"picked":"Blade Dance","floor":1.0},{"not_picked":["Choke","Flying Knee"],"picked":"Prepared","floor":4.0},{"not_picked":["Prepared","Deadly Poison"],"picked":"After Image","floor":6.0},{"not_picked":["Bane","Deflect","Dash"],"picked":"SKIP","floor":8.0},{"not_picked":["Quick Slash","Flying Knee"],"picked":"Backflip","floor":10.0},{"not_picked":["Heel Hook","Backstab","Terror"],"picked":"Noxious Fumes+1","floor":11.0},{"not_picked":["Poisoned Stab","Bane","Deflect"],"picked":"Bullet Time","floor":12.0},{"not_picked":["Underhanded Strike","PiercingWail","Finisher"],"picked":"Caltrops+1","floor":14.0},{"not_picked":["Glass Knife","Grand Finale","Malaise"],"picked":"Phantasmal Killer","floor":16.0},{"not_picked":["PiercingWail","Underhanded Strike","Flying Knee"],"picked":"Acrobatics","floor":18.0},{"not_picked":["Deadly Poison+1","Blade Dance","Outmaneuver"],"picked":"Accuracy+1","floor":23.0},{"not_picked":["Blur","Choke","Dodge and Roll"],"picked":"Cloak And Dagger","floor":25.0},{"not_picked":["Flying Knee+1","Prepared","PiercingWail","Sucker Punch+1"],"picked":"SKIP","floor":27},{"not_picked":["Accuracy+1","Quick Slash","Prepared+1","Outmaneuver"],"picked":"SKIP","floor":28},{"not_picked":["Accuracy+1","Quick Slash","Outmaneuver"],"picked":"Prepared+1","floor":28},{"not_picked":["Night Terror","Deadly Poison","Bane"],"picked":"PiercingWail+1","floor":30},{"not_picked":["Deflect","Deadly Poison","Sucker Punch"],"picked":"Dagger Throw","floor":31},{"not_picked":["Envenom+1","Bullet Time","Venomology"],"picked":"Adrenaline","floor":33},{"not_picked":["Deadly Poison"],"picked":"Blade Dance+1","floor":35},{"not_picked":["Prepared+1","Riddle With Holes"],"picked":"SKIP","floor":36},{"not_picked":["PiercingWail"],"picked":"Cloak And Dagger+1","floor":38},{"not_picked":["Flechettes"],"picked":"Wraith Form v2+1","floor":39},{"not_picked":["Dagger Throw","PiercingWail+1"],"picked":"SKIP","floor":41},{"not_picked":["Dash+1","Cloak And Dagger+1"],"picked":"SKIP","floor":44},{"not_picked":["Underhanded Strike"],"picked":"Backflip","floor":46},{"not_picked":["Prepared+1","Dodge and Roll"],"picked":"SKIP","floor":47},{"not_picked":["Swift Strike"],"picked":"Panache+1","floor":48}],"player_experience":639403,"relics_obtained":[{"floor":6.0,"key":"Calipers"},{"floor":9.0,"key":"Frozen Egg 2"},{"floor":10.0,"key":"Question Card"},{"floor":19.0,"key":"Tough Bandages"},{"floor":23.0,"key":"Meat on the Bone"},{"floor":26.0,"key":"Akabeko"},{"floor":38,"key":"Bird Faced Urn"},{"floor":43,"key":"Bottled Flame"},{"floor":44,"key":"MealTicket"}],"event_choices":[{"damage_healed":0.0,"max_hp_gain":0.0,"max_hp_loss":0.0,"gold_gain":0.0,"event_name":"Golden Idol","player_choice":"Take Wound","floor":2.0,"gold_loss":0.0,"damage_taken":0.0,"relics_obtained":["Golden Idol"],"cards_obtained":["Injury"]},{"damage_healed":0.0,"max_hp_gain":0.0,"max_hp_loss":0.0,"gold_gain":75.0,"event_name":"World of Goop","player_choice":"Gather Gold","floor":3.0,"gold_loss":0.0,"damage_taken":11.0},{"cards_removed":["Injury"],"damage_healed":0.0,"max_hp_gain":0.0,"max_hp_loss":0.0,"gold_gain":0.0,"event_name":"Golden Wing","player_choice":"Card Removal","floor":5.0,"gold_loss":0.0,"damage_taken":7.0},{"damage_healed":0.0,"max_hp_gain":0.0,"max_hp_loss":0.0,"gold_gain":0.0,"event_name":"Addict","player_choice":"Obtained Relic","floor":21.0,"gold_loss":85.0,"damage_taken":0.0,"relics_obtained":["Orichalcum"]},{"cards_removed":["Strike_G"],"damage_healed":0,"gold_gain":0,"player_choice":"Removed Attack","damage_taken":0,"max_hp_gain":0,"max_hp_loss":0,"event_name":"Falling","floor":37,"gold_loss":0},{"damage_healed":0,"gold_gain":0,"player_choice":"Fight","damage_taken":0,"max_hp_gain":0,"max_hp_loss":0,"event_name":"Mysterious Sphere","floor":38,"gold_loss":0},{"damage_healed":0,"gold_gain":0,"player_choice":"Memory 3","damage_taken":10,"max_hp_gain":0,"max_hp_loss":0,"event_name":"SensoryStone","floor":48,"gold_loss":0}],"is_beta":true,"boss_relics":[{"not_picked":["Tiny House","HoveringKite"],"picked":"WristBlade"},{"not_picked":["SacredBark","Fusion Hammer"],"picked":"Busted Crown"}],"items_purged_floors":[13,20,42],"is_endless":false,"potions_floor_spawned":[1,10,14,16,23,27,30,33,36,41,44,47],"ascension_level":0}}