{"host":"jm9833yuloeli2yd","time":1611093369,"event":{"mods":["BaseMod","Better Altar","Better Match","Better Note","Better Sensory Stone","Better Skull","Better Third Choice","Better Vampires","BetterRewards","Colored Map","Colored Powertips","DeckTracker","Minty Spire (QoL Compilation)","Permanent Neow","Quick Restart","Slay-I","StSLib","SuperFastMode"],"gold_per_floor":[112,122,122,122,138,171,171,194,194,194,194],"floor_reached":10,"language":"ENG","playtime":172,"items_purged":[],"score":132,"play_id":"9c6fdbfa-a11c-498f-bf99-a56c7b9da3e5","local_time":"20210119165609","is_ascension_mode":true,"campfire_choices":[{"data":"Defragment","floor":7,"key":"SMITH"}],"circlet_count":0,"master_deck":["AscendersBane","Strike_B","Strike_B","Strike_B","Strike_B","Defend_B","Defend_B","Defend_B","Defend_B","Zap","Dualcast","Defragment+1","BootSequence","Compile Driver","Impatience","Cold Snap","Static Discharge"],"relics":["Cracked Core","Torii","Bronze Scales","Blood Vial","Frozen Egg 2"],"acts_visited":["Exordium"],"potions_floor_usage":[6,10],"damage_taken":[{"damage":15,"enemies":"Small Slimes","floor":1,"turns":4},{"damage":0,"enemies":"2 Louse","floor":2,"turns":2},{"damage":0,"enemies":"Jaw Worm","floor":5,"turns":2},{"damage":10,"enemies":"3 Sentries","floor":6,"turns":8},{"damage":40,"enemies":"Gremlin Nob","floor":10,"turns":4}],"seed_played":"2560604878588157296","potions_obtained":[{"floor":5,"key":"Energy Potion"}],"is_trial":false,"path_per_floor":["M","M","?","?","M","E","R","T","T","E"],"character_chosen":"DEFECT","items_purchased":["Defragment","Fire Potion"],"campfire_rested":0,"item_purchase_floors":[0,0],"current_hp_per_floor":[42,42,42,47,47,37,37,37,37,0,0],"gold":194,"neow_bonus":"","is_daily":false,"chose_seed":false,"campfire_upgraded":1,"win_rate":0.0,"timestamp":1611093369,"path_taken":["M","M","?","?","M","E","R","?","T","E"],"items_purchased_type":["Card","Potion"],"build_version":"2020-12-22","purchased_purges":0,"victory":false,"max_hp_per_floor":[71,71,71,76,76,76,76,76,76,76,76],"card_choices":[{"not_picked":["Skim","Leap"],"picked":"BootSequence","floor":1},{"not_picked":["Beam Cell","Stack"],"picked":"Compile Driver","floor":2},{"not_picked":["Sadistic Nature","Forethought"],"picked":"Impatience","floor":3},{"not_picked":["Conserve Battery","Barrage"],"picked":"Cold Snap","floor":5},{"not_picked":["Skim","Rip and Tear"],"picked":"Static Discharge","floor":6}],"player_experience":1325514,"relics_obtained":[{"floor":6,"key":"Bronze Scales"},{"floor":8,"key":"Blood Vial"},{"floor":9,"key":"Frozen Egg 2"}],"event_choices":[{"damage_healed":0,"gold_gain":1,"player_choice":"1","damage_taken":0,"max_hp_gain":0,"max_hp_loss":0,"event_name":"betterStone:BetterStone","floor":3,"gold_loss":0},{"damage_healed":0,"gold_gain":0,"player_choice":"Donut","damage_taken":0,"max_hp_gain":5,"max_hp_loss":0,"event_name":"Big Fish","floor":4,"gold_loss":0}],"is_beta":false,"boss_relics":[],"items_purged_floors":[],"is_endless":false,"potions_floor_spawned":[5],"killed_by":"Gremlin Nob","ascension_level":20}}