{"host":"7tqog9fnhs0gxmti","time":1611030619,"event":{"mods":["AchievementEnabler","Act Like it!","Astrologer","BaseMod","Colored Map","Colored Powertips","Highlight Path","HololiveMod","Minty Spire (QoL Compilation)","StSLib","The Construct","everything is the same but u backflip on backflip"],"gold_per_floor":[84,95,25,44,57,93,93,130,154,154,194,208,222,237,237,339,339,357,357,357,357,377,411,429,429,429,461,461,310,328,90,90,191,191,226,226,73,14,28,66,66,120,120,150,150,164,191,212,212,222],"floor_reached":51,"language":"ENG","playtime":2074,"items_purged":["Hololive_Strike"],"score":1115,"play_id":"12c09e81-be75-42d5-a143-490e13c56881","local_time":"20210119123019","is_ascension_mode":false,"campfire_choices":[{"data":"Hololive_CallNekomataOkayu","floor":7,"key":"SMITH"},{"data":"Hololive_CallShishiroBotan","floor":15,"key":"SMITH"},{"data":"Hololive_CallUruhaRushia","floor":25,"key":"SMITH"},{"data":"Hololive_DurableLive","floor":32,"key":"SMITH"},{"data":"1","floor":45,"key":"LIFT"},{"data":"2","floor":49,"key":"LIFT"}],"circlet_count":0,"master_deck":["Hololive_CallNatsuiroMatsuri","Hololive_CallAkaiHaato","Hololive_CallNekomataOkayu+1","Hololive_CallSpadeEcho","Hololive_CallYogiri","Hololive_FlyingPonyTail","Hololive_Defend","Hololive_Defend","Hololive_LuckPotion","Hololive_Breathe","Hololive_CallAZKi","Hololive_CallOmaruPolka","Hololive_CallMurasakiShion","Hololive_Breathe","Hololive_CallTsunomakiWatame","Hololive_CallShiroganeNoel","Hololive_CallDoris","Hololive_CallKiryuuCoco","Hololive_CallShishiroBotan+1","Hololive_DurableLive+1","Hololive_CocoNews","Hololive_Breathe","Hololive_CallUruhaRushia+1","Hololive_Breathe+1","Hololive_CallRoboco","Hololive_CallCivia","Hololive_DDD","Hololive_CallOkamiMio+1","Hololive_CallHoshimachiSuisei","Hololive_BringToTrial","Hololive_CandyCastle","Hololive_CallMinatoAqua+1","Hololive_CallFriendA","Hololive_CallUsadaPekora+1","Hololive_DurableLive"],"relics":["Hololive_TheStar","Pantograph","Bag of Preparation","PreservedInsect","Boot","Sozu","MutagenicStrength","Ancient Tea Set","MealTicket","Akabeko","Nloth\u0027s Gift","Matryoshka","Black Star","Pen Nib","Girya","Molten Egg 2","construct:BoolHorns","Oddly Smooth Stone","CaptainsWheel","Mercury Hourglass","Frozen Egg 2","Blue Candle","Happy Flower"],"acts_visited":["Exordium","TheCity","TheBeyond"],"potions_floor_usage":[16,27,35],"damage_taken":[{"damage":0,"enemies":"Cultist","floor":1,"turns":1},{"damage":0,"enemies":"Jaw Worm","floor":2,"turns":1},{"damage":0,"enemies":"Small Slimes","floor":4,"turns":1},{"damage":8,"enemies":"Exordium Thugs","floor":5,"turns":5},{"damage":0,"enemies":"Gremlin Nob","floor":6,"turns":3},{"damage":0,"enemies":"3 Sentries","floor":8,"turns":3},{"damage":0,"enemies":"Lagavulin","floor":11,"turns":3},{"damage":0,"enemies":"Looter","floor":12,"turns":2},{"damage":0,"enemies":"Red Slaver","floor":13,"turns":2},{"damage":0,"enemies":"Large Slime","floor":14,"turns":2},{"damage":0,"enemies":"The Guardian","floor":16,"turns":4},{"damage":0,"enemies":"Spheric Guardian","floor":18,"turns":2},{"damage":0,"enemies":"2 Thieves","floor":22,"turns":2},{"damage":0,"enemies":"Book of Stabbing","floor":23,"turns":2},{"damage":0,"enemies":"Centurion and Healer","floor":24,"turns":3},{"damage":0,"enemies":"Slavers","floor":27,"turns":2},{"damage":0,"enemies":"Snake Plant","floor":30,"turns":2},{"damage":0,"enemies":"Automaton","floor":33,"turns":7},{"damage":0,"enemies":"3 Darklings","floor":35,"turns":5},{"damage":0,"enemies":"Orb Walker","floor":39,"turns":1},{"damage":0,"enemies":"Reptomancer","floor":40,"turns":3},{"damage":0,"enemies":"2 Orb Walkers","floor":42,"turns":3},{"damage":0,"enemies":"Nemesis","floor":44,"turns":2},{"damage":0,"enemies":"Maw","floor":46,"turns":5},{"damage":0,"enemies":"Writhing Mass","floor":48,"turns":3},{"damage":23,"enemies":"Awakened One","floor":50,"turns":8}],"seed_played":"-93766970099041069","potions_obtained":[{"floor":1,"key":"Energy Potion"},{"floor":12,"key":"construct:ShiftPotion"},{"floor":13,"key":"AttackPotion"},{"floor":16,"key":"DuplicationPotion"}],"is_trial":false,"path_per_floor":["M","M","$","M","M","E","R","E","T","?","E","M","M","M","R","B",null,"M","?","?","?","M","E","M","R","T","E","?","$","M","$","R","B",null,"M","?","$","?","M","E","?","?","T","E","R","M","T","M","R","B",null],"character_chosen":"Hololive_HololiveCharacter","items_purchased":["Hololive_CallAZKi","Hololive_CallRoboco","Matryoshka","Hololive_CallHoshimachiSuisei","Hololive_BringToTrial"],"campfire_rested":0,"item_purchase_floors":[3,29,31,37,37],"current_hp_per_floor":[35,35,35,35,27,27,27,27,27,27,27,27,27,27,27,35,35,35,35,31,36,36,36,36,36,36,36,36,40,40,40,40,40,40,40,40,40,40,40,40,38,38,38,38,38,38,38,38,38,15],"gold":222,"neow_bonus":"THREE_ENEMY_KILL","is_daily":false,"chose_seed":false,"campfire_upgraded":4,"win_rate":0.0,"timestamp":1611030619,"path_taken":["M","?","?","?","M","E","R","E","T","?","E","?","?","?","R","BOSS","M","?","?","?","M","E","?","R","T","E","?","$","M","$","R","BOSS","M","?","$","?","?","E","?","?","T","E","R","M","?","M","R","BOSS"],"items_purchased_type":["Card","Card","Relic","Card","Card"],"build_version":"2020-12-22","purchased_purges":1,"victory":true,"max_hp_per_floor":[35,35,35,35,35,35,35,35,35,35,35,35,35,35,35,35,35,35,35,40,40,40,40,40,40,40,40,40,40,40,40,40,40,40,40,40,40,40,40,40,38,38,38,38,38,38,38,38,38,38],"card_choices":[{"not_picked":["Hololive_CallMinatoAqua","Hololive_CocoNews","Hololive_CallFriendA"],"picked":"Hololive_LuckPotion","floor":1},{"not_picked":["Hololive_Trident","Hololive_CocoNews","Hololive_RevenueBasedLive"],"picked":"Hololive_Breathe","floor":2},{"not_picked":["Hololive_Breathe","Hololive_Sequa","Hololive_Psychosis"],"picked":"Hololive_CallOmaruPolka","floor":4},{"not_picked":["Hololive_HuntDinosaur","Hololive_LuckPotion","Hololive_Drill"],"picked":"Hololive_CallMurasakiShion","floor":5},{"not_picked":["Hololive_CallOmaruPolka","Hololive_Sequa","Hololive_CallMurasakiShion"],"picked":"Hololive_Breathe","floor":6},{"not_picked":["Hololive_Rebound","Hololive_OvertimeWork","Hololive_FlareMind"],"picked":"Hololive_CallTsunomakiWatame","floor":8},{"not_picked":["Hololive_StrengthChampion","Hololive_CallHoushouMarine","Hololive_Drill"],"picked":"Hololive_CallShiroganeNoel","floor":11},{"not_picked":["Hololive_Breathe","Hololive_CallMinatoAqua","Hololive_CallOzoraSubaru"],"picked":"Hololive_CallDoris","floor":12},{"not_picked":["Hololive_CallUruhaRushia","Hololive_Psychosis","Hololive_Trident"],"picked":"Hololive_CallKiryuuCoco","floor":13},{"not_picked":["Hololive_Drill","Hololive_FlyingPonyTail","Hololive_DurableLive"],"picked":"Hololive_CallShishiroBotan","floor":14},{"not_picked":["Hololive_Thief","Hololive_Nanodesu","Hololive_Recruit"],"picked":"Hololive_DurableLive","floor":16},{"not_picked":["Hololive_CallAZKi","Hololive_ILoveYou","Hololive_RevenueBasedLive+1"],"picked":"Hololive_CocoNews","floor":18},{"not_picked":["Hololive_CallOmaruPolka","Hololive_OvertimeWork","Hololive_Sequa"],"picked":"Hololive_Breathe","floor":22},{"not_picked":["Hololive_CallAyundaRisu","Hololive_DDD","Hololive_Watashimo"],"picked":"Hololive_CallUruhaRushia","floor":23},{"not_picked":["Hololive_SummonFox","Hololive_ManjiGathering","Hololive_CocoNews","Hololive_Drill"],"picked":"SKIP","floor":24},{"not_picked":["Hololive_Sequa+1","Hololive_Rebound","Hololive_HighAtkLowDef"],"picked":"Hololive_Breathe+1","floor":27},{"not_picked":["Hololive_StrengthChampion","Hololive_Rebound","Hololive_Sequa"],"picked":"Hololive_CallCivia","floor":30},{"not_picked":["Hololive_Recruit","Hololive_ASMR","Hololive_IdolExercise"],"picked":"Hololive_DDD","floor":33},{"not_picked":["Hololive_HuntDinosaur+1","Hololive_Drill","Hololive_CallUsadaPekora"],"picked":"Hololive_CallOkamiMio+1","floor":35},{"not_picked":["Hololive_Rebound+1","Hololive_Sequa+1","Hololive_Breathe"],"picked":"Hololive_CandyCastle","floor":39},{"not_picked":["Hololive_Nanodesu+1","Hololive_CallRoboco+1","Hololive_CallMurasakiShion"],"picked":"Hololive_CallMinatoAqua+1","floor":40},{"not_picked":["Hololive_Psychosis+1","Hololive_Sequa+1","Hololive_RevenueBasedLive+1"],"picked":"Hololive_CallFriendA","floor":42},{"not_picked":["Hololive_Recruit","Hololive_Trident+1","Hololive_Breathe+1"],"picked":"Hololive_CallUsadaPekora+1","floor":44},{"not_picked":["Hololive_Breathe+1","Hololive_Yoholoon+1","Hololive_Sequa+1"],"picked":"Hololive_DurableLive","floor":46},{"not_picked":["Hololive_HuntDinosaur+1","Hololive_OvertimeWork+1","Hololive_CallOkamiMio+1","Hololive_CallUruhaRushia+1"],"picked":"SKIP","floor":48}],"player_experience":765386,"relics_obtained":[{"floor":6,"key":"Pantograph"},{"floor":8,"key":"Bag of Preparation"},{"floor":9,"key":"PreservedInsect"},{"floor":11,"key":"Boot"},{"floor":23,"key":"Ancient Tea Set"},{"floor":26,"key":"MealTicket"},{"floor":27,"key":"Akabeko"},{"floor":40,"key":"Girya"},{"floor":40,"key":"Molten Egg 2"},{"floor":42,"key":"construct:BoolHorns"},{"floor":43,"key":"Oddly Smooth Stone"},{"floor":43,"key":"CaptainsWheel"},{"floor":44,"key":"Mercury Hourglass"},{"floor":44,"key":"Frozen Egg 2"},{"floor":47,"key":"Blue Candle"},{"floor":47,"key":"Happy Flower"}],"event_choices":[{"damage_healed":0,"gold_gain":0,"player_choice":"Bought 0 Potions","damage_taken":0,"max_hp_gain":0,"max_hp_loss":0,"event_name":"The Woman in Blue","floor":10,"gold_loss":0},{"damage_healed":0,"gold_gain":0,"player_choice":"Inject Mutagens","damage_taken":0,"relics_obtained":["MutagenicStrength"],"max_hp_gain":0,"max_hp_loss":0,"event_name":"Drug Dealer","floor":19,"gold_loss":0},{"damage_healed":0,"gold_gain":0,"player_choice":"Shed Blood","damage_taken":9,"max_hp_gain":5,"max_hp_loss":0,"event_name":"Forgotten Altar","floor":20,"gold_loss":0},{"cards_removed":["Hololive_Strike"],"damage_healed":5,"gold_gain":0,"player_choice":"Offered Special","damage_taken":0,"max_hp_gain":0,"max_hp_loss":0,"event_name":"Bonfire Elementals","floor":21,"gold_loss":0},{"damage_healed":0,"gold_gain":0,"player_choice":"Traded Relic","damage_taken":0,"relics_obtained":["Nloth\u0027s Gift"],"max_hp_gain":0,"max_hp_loss":0,"event_name":"N\u0027loth","floor":28,"relics_lost":["NeowsBlessing"],"gold_loss":0},{"damage_healed":0,"gold_gain":0,"player_choice":"Ignored","damage_taken":0,"max_hp_gain":0,"max_hp_loss":0,"event_name":"Tomb of Lord Red Mask","floor":36,"gold_loss":0},{"damage_healed":0,"gold_gain":0,"player_choice":"Paid Gold","damage_taken":0,"relics_obtained":["Pen Nib"],"max_hp_gain":0,"max_hp_loss":0,"event_name":"WeMeetAgain","floor":38,"gold_loss":59},{"damage_healed":0,"gold_gain":0,"player_choice":"Max HP","damage_taken":0,"max_hp_gain":0,"max_hp_loss":2,"event_name":"Winding Halls","floor":41,"gold_loss":0},{"damage_healed":0,"gold_gain":0,"player_choice":"Fight","damage_taken":0,"max_hp_gain":0,"max_hp_loss":0,"event_name":"Mysterious Sphere","floor":42,"gold_loss":0}],"is_beta":false,"boss_relics":[{"not_picked":["SlaversCollar","Pandora\u0027s Box"],"picked":"Sozu"},{"not_picked":["Hololive_Finger","construct:WeddingRing"],"picked":"Black Star"}],"items_purged_floors":[29],"is_endless":false,"potions_floor_spawned":[1,12,13,16,18,30,33,35,39,42,44],"ascension_level":0}}