{"host":"greyym6l30slccoc","time":1611043847,"event":{"mods":["AchievementEnabler","BaseMod","Colored Map","Minty Spire (QoL Compilation)","Rare Cards Sparkle"],"gold_per_floor":[115,115,115,115,131,131,146,176,176,205,215,241,241,256,256,330,330,330,330,330,330,330,330,245,245,245,245,245,245,245,245,245,245,245,245,245,245,245,195,195,195,195,195,195,195,195,195,195,195,195,195],"floor_reached":52,"language":"KOR","playtime":885,"items_purged":["Escape Plan"],"score":2438,"play_id":"5bb87c1b-1687-4b46-af42-f394307c30c6","local_time":"20210119171047","is_ascension_mode":true,"campfire_choices":[{"floor":6.0,"key":"RECALL"},{"floor":15.0,"key":"DIG"},{"floor":25.0,"key":"DIG"},{"floor":32.0,"key":"DIG"},{"floor":45.0,"key":"DIG"},{"floor":49.0,"key":"DIG"}],"circlet_count":0,"master_deck":["Finesse+1","Grand Finale+1","Escape Plan+1","Phantasmal Killer"],"relics":["Ring of the Snake","NeowsBlessing","Shovel","Du-Vu Doll","Frozen Egg 2","Happy Flower","Turnip","MealTicket","Ectoplasm","MutagenicStrength","Anchor","Blue Candle","Bottled Flame","Smiling Mask","Vajra","Busted Crown","Strawberry","Lizard Tail","Snake Skull","Letter Opener","Singing Bowl","Lantern","Pen Nib"],"acts_visited":["Exordium","TheCity","TheBeyond"],"potions_floor_usage":[],"damage_taken":[{"damage":0.0,"enemies":"2 Louse","floor":1.0,"turns":1.0},{"damage":0.0,"enemies":"Small Slimes","floor":5.0,"turns":1.0},{"damage":0.0,"enemies":"Cultist","floor":7.0,"turns":1.0},{"damage":0.0,"enemies":"3 Sentries","floor":8.0,"turns":1.0},{"damage":0.0,"enemies":"Lagavulin","floor":10.0,"turns":1.0},{"damage":0.0,"enemies":"Exordium Thugs","floor":11.0,"turns":1.0},{"damage":0.0,"enemies":"Large Slime","floor":14.0,"turns":1.0},{"damage":0.0,"enemies":"The Guardian","floor":16.0,"turns":1.0},{"damage":0.0,"enemies":"Spheric Guardian","floor":18.0,"turns":1.0},{"damage":0.0,"enemies":"Chosen","floor":20.0,"turns":1.0},{"damage":0.0,"enemies":"3 Cultists","floor":22.0,"turns":1.0},{"damage":0.0,"enemies":"Gremlin Leader","floor":23.0,"turns":1.0},{"damage":0.0,"enemies":"Book of Stabbing","floor":27.0,"turns":1.0},{"damage":0.0,"enemies":"Snecko","floor":28.0,"turns":1.0},{"damage":0.0,"enemies":"Shelled Parasite and Fungi","floor":29.0,"turns":1.0},{"damage":0.0,"enemies":"Collector","floor":33.0,"turns":1.0},{"damage":0.0,"enemies":"3 Shapes","floor":35.0,"turns":1.0},{"damage":0.0,"enemies":"Orb Walker","floor":36.0,"turns":1.0},{"damage":0.0,"enemies":"Sphere and 2 Shapes","floor":37.0,"turns":1.0},{"damage":0.0,"enemies":"Jaw Worm Horde","floor":38.0,"turns":1.0},{"damage":0.0,"enemies":"Nemesis","floor":40.0,"turns":1.0},{"damage":0.0,"enemies":"2 Orb Walkers","floor":41.0,"turns":1.0},{"damage":0.0,"enemies":"Reptomancer","floor":42.0,"turns":1.0},{"damage":0.0,"enemies":"Giant Head","floor":44.0,"turns":2.0},{"damage":0.0,"enemies":"Writhing Mass","floor":47.0,"turns":1.0},{"damage":0.0,"enemies":"Sphere and 2 Shapes","floor":48.0,"turns":1.0},{"damage":0.0,"enemies":"Donu and Deca","floor":50.0,"turns":1.0},{"damage":0.0,"enemies":"3 Louse","floor":52.0,"turns":1.0}],"seed_played":"6114014326155154427","potions_obtained":[{"floor":1.0,"key":"Dexterity Potion"},{"floor":3.0,"key":"GamblersBrew"},{"floor":33.0,"key":"LiquidBronze"},{"floor":42.0,"key":"GamblersBrew"}],"is_trial":false,"path_per_floor":["M","?","?","$","M","R","M","E","T","E","M","T","?","M","R","B",null,"M","?","M","?","M","E","$","R","T","E","M","M","T","$","R","B",null,"M","M","M","M","$","E","?","E","T","E","R","?","M","M","R","B","B","M"],"character_chosen":"THE_SILENT","items_purchased":["Escape Plan"],"campfire_rested":0,"item_purchase_floors":[24],"current_hp_per_floor":[59,66,66,66,66,66,66,66,66,66,66,66,61,61,61,61,65,65,65,65,65,65,65,66,66,66,66,66,66,66,66,66,66,66,66,66,66,66,66,73,73,73,73,75,75,75,77,79,79,79,79],"gold":195,"neow_bonus":"THREE_ENEMY_KILL","is_daily":false,"chose_seed":false,"campfire_upgraded":0,"win_rate":0.0,"timestamp":1611043847,"path_taken":["M","?","?","$","?","R","M","E","T","E","M","?","?","M","R","BOSS","M","?","?","?","M","E","$","R","T","E","M","M","?","$","R","BOSS","M","M","M","M","$","E","?","E","T","E","R","?","?","M","R","BOSS","BOSS"],"items_purchased_type":["Card"],"build_version":"2020-12-22","purchased_purges":1,"victory":true,"max_hp_per_floor":[66,66,66,66,66,66,66,66,66,66,66,66,66,66,66,66,66,66,66,66,66,66,66,66,66,66,66,66,66,66,66,66,66,66,66,66,66,66,66,73,73,73,73,75,75,75,77,79,79,79,79],"card_choices":[{"not_picked":["Accuracy","Cloak And Dagger","Deflect"],"picked":"SKIP","floor":1.0},{"not_picked":["Finisher","Endless Agony","Backflip"],"picked":"SKIP","floor":5.0},{"not_picked":["Dagger Spray","Underhanded Strike","Riddle With Holes"],"picked":"SKIP","floor":7.0},{"not_picked":["Leg Sweep","Blade Dance","Sucker Punch"],"picked":"SKIP","floor":8.0},{"not_picked":["Eviscerate","Infinite Blades+1"],"picked":"Escape Plan","floor":10.0},{"not_picked":["Deadly Poison","Venomology","Dodge and Roll"],"picked":"SKIP","floor":11.0},{"not_picked":["Underhanded Strike","Backflip","Slice"],"picked":"SKIP","floor":14.0},{"not_picked":["Deflect","Well Laid Plans+1","Acrobatics"],"picked":"SKIP","floor":18.0},{"not_picked":["Reflex","Endless Agony","Caltrops+1"],"picked":"SKIP","floor":20.0},{"not_picked":["Infinite Blades+1","Slice+1","Sucker Punch"],"picked":"SKIP","floor":22.0},{"not_picked":["Deadly Poison","Outmaneuver","Flying Knee"],"picked":"SKIP","floor":23.0},{"not_picked":["Deflect","PiercingWail","Bane+1"],"picked":"SKIP","floor":27.0},{"not_picked":["PiercingWail+1","Footwork+1","Deadly Poison+1"],"picked":"SKIP","floor":28.0},{"not_picked":["Cloak And Dagger","Dash","Eviscerate+1"],"picked":"SKIP","floor":29.0},{"not_picked":["Wraith Form v2+1","Doppelganger"],"picked":"Phantasmal Killer","floor":33.0},{"not_picked":["Blur"],"picked":"SKIP","floor":35.0},{"not_picked":["Prepared"],"picked":"SKIP","floor":36.0},{"not_picked":["Acrobatics"],"picked":"SKIP","floor":37.0},{"not_picked":["Slice"],"picked":"SKIP","floor":38.0},{"not_picked":["Bouncing Flask"],"picked":"SKIP","floor":40.0},{"not_picked":["Flechettes+1"],"picked":"SKIP","floor":42.0},{"not_picked":["Acrobatics+1"],"picked":"Singing Bowl","floor":44.0},{"not_picked":["Sucker Punch"],"picked":"Singing Bowl","floor":47.0},{"not_picked":["Malaise"],"picked":"Singing Bowl","floor":48.0},{"not_picked":["Concentrate"],"picked":"SKIP","floor":52}],"player_experience":279283,"relics_obtained":[{"floor":8.0,"key":"Shovel"},{"floor":9.0,"key":"Du-Vu Doll"},{"floor":10.0,"key":"Frozen Egg 2"},{"floor":12.0,"key":"Happy Flower"},{"floor":15.0,"key":"MealTicket"},{"floor":23.0,"key":"Anchor"},{"floor":25.0,"key":"Blue Candle"},{"floor":27.0,"key":"Bottled Flame"},{"floor":30.0,"key":"Smiling Mask"},{"floor":32.0,"key":"Vajra"},{"floor":40.0,"key":"Strawberry"},{"floor":41.0,"key":"Lizard Tail"},{"floor":42.0,"key":"Snake Skull"},{"floor":43.0,"key":"Letter Opener"},{"floor":44.0,"key":"Singing Bowl"},{"floor":45.0,"key":"Lantern"},{"floor":49.0,"key":"Pen Nib"}],"event_choices":[{"damage_healed":22.0,"max_hp_gain":0.0,"max_hp_loss":0.0,"gold_gain":0.0,"event_name":"Big Fish","player_choice":"Banana","floor":2.0,"gold_loss":0.0,"damage_taken":0.0},{"damage_healed":0.0,"max_hp_gain":0.0,"max_hp_loss":0.0,"gold_gain":0.0,"event_name":"Lab","player_choice":"Got Potions","floor":3.0,"gold_loss":0.0,"damage_taken":0.0},{"damage_healed":0.0,"max_hp_gain":0.0,"max_hp_loss":0.0,"gold_gain":0.0,"event_name":"Scrap Ooze","player_choice":"Success","floor":13.0,"gold_loss":0.0,"damage_taken":5.0,"relics_obtained":["Turnip"]},{"damage_healed":0.0,"max_hp_gain":0.0,"max_hp_loss":0.0,"gold_gain":0.0,"event_name":"Accursed Blacksmith","player_choice":"Forge","floor":19.0,"gold_loss":0.0,"damage_taken":0.0,"cards_upgraded":["Escape Plan"]},{"damage_healed":0.0,"max_hp_gain":0.0,"max_hp_loss":0.0,"gold_gain":0.0,"event_name":"Drug Dealer","player_choice":"Inject Mutagens","floor":21.0,"gold_loss":0.0,"damage_taken":0.0,"relics_obtained":["MutagenicStrength"]},{"damage_healed":0.0,"max_hp_gain":0.0,"max_hp_loss":0.0,"gold_gain":0.0,"event_name":"Mysterious Sphere","player_choice":"Fight","floor":41.0,"gold_loss":0.0,"damage_taken":0.0},{"damage_healed":0.0,"max_hp_gain":0.0,"max_hp_loss":0.0,"gold_gain":0.0,"event_name":"Golden Shrine","player_choice":"Ignored","floor":46.0,"gold_loss":0.0,"damage_taken":0.0}],"is_beta":false,"boss_relics":[{"not_picked":["SacredBark","HoveringKite"],"picked":"Ectoplasm"},{"not_picked":["Runic Pyramid","Tiny House"],"picked":"Busted Crown"}],"items_purged_floors":[39],"is_endless":false,"potions_floor_spawned":[1,11,14,16,20,22,29,33,36,37,42,44,48,52],"ascension_level":20}}