{"host":"axuns55dzq466eei","time":1611068324,"event":{"mods":["BaseMod","Colored Map","Keyboard Shortcuts","Minty Spire (QoL Compilation)","StSLib","SuperFastMode"],"gold_per_floor":[116,31,46,46,46,79,79,114,137,137,152,168,196,31,31,31,31],"floor_reached":16,"language":"KOR","playtime":2824,"items_purged":[],"score":286,"play_id":"c6f611cc-ff72-453a-b11b-6319885c0e8c","local_time":"20210119235844","is_ascension_mode":true,"campfire_choices":[{"floor":10,"key":"REST"},{"data":"Loop","floor":15,"key":"SMITH"}],"circlet_count":0,"master_deck":["AscendersBane","Strike_B","Strike_B","Strike_B","Strike_B","Defend_B","Defend_B","Defend_B","Defend_B","Zap","Dualcast","Cold Snap","Heatsinks","Self Repair","Ball Lightning","Undo","Thunder Strike","Loop+1"],"relics":["Cracked Core","NeowsBlessing","Boot","Cables","Regal Pillow","PreservedInsect","Pocketwatch","ClockworkSouvenir"],"acts_visited":["Exordium"],"potions_floor_usage":[13],"damage_taken":[{"damage":0,"enemies":"Cultist","floor":1,"turns":1},{"damage":0,"enemies":"Small Slimes","floor":3,"turns":1},{"damage":0,"enemies":"Gremlin Nob","floor":6,"turns":1},{"damage":45,"enemies":"3 Sentries","floor":8,"turns":7},{"damage":10,"enemies":"Jaw Worm","floor":11,"turns":4},{"damage":3,"enemies":"Exordium Wildlife","floor":12,"turns":4},{"damage":21,"enemies":"Lagavulin","floor":13,"turns":5},{"damage":52,"enemies":"Slime Boss","floor":16,"turns":6}],"seed_played":"-7035605749814488013","potions_obtained":[{"floor":6,"key":"DistilledChaos"},{"floor":13,"key":"PotionOfCapacity"}],"is_trial":false,"path_per_floor":["M","$","M","$","?","E","?","E","T","R","M","M","E","$","R","B"],"character_chosen":"DEFECT","items_purchased":["Heatsinks","ClockworkSouvenir"],"campfire_rested":1,"item_purchase_floors":[2,14],"current_hp_per_floor":[64,64,64,64,53,53,53,15,15,51,48,52,38,38,38,0,0],"gold":31,"neow_bonus":"THREE_ENEMY_KILL","is_daily":false,"chose_seed":false,"campfire_upgraded":1,"win_rate":0.0,"timestamp":1611068324,"path_taken":["M","$","M","?","?","E","?","E","T","R","M","?","E","$","R","BOSS"],"items_purchased_type":["Card","Relic"],"build_version":"2020-12-22","purchased_purges":0,"victory":false,"max_hp_per_floor":[71,71,71,71,71,71,71,71,71,71,71,71,71,71,71,71,71],"card_choices":[{"not_picked":["Redo","Cold Snap","White Noise"],"picked":"SKIP","floor":1},{"not_picked":["Redo","White Noise"],"picked":"Cold Snap","floor":1},{"not_picked":["Stack","Sweeping Beam"],"picked":"Self Repair","floor":3},{"not_picked":["Aggregate","Go for the Eyes"],"picked":"Ball Lightning","floor":6},{"not_picked":["Cold Snap","Fusion"],"picked":"Undo","floor":8},{"not_picked":["BootSequence","Skim"],"picked":"Thunder Strike","floor":11},{"not_picked":["Cold Snap","Go for the Eyes","Redo"],"picked":"SKIP","floor":12},{"not_picked":["Undo","Biased Cognition"],"picked":"Loop","floor":13}],"player_experience":1087112,"relics_obtained":[{"floor":6,"key":"Cables"},{"floor":8,"key":"Regal Pillow"},{"floor":9,"key":"PreservedInsect"},{"floor":13,"key":"Pocketwatch"}],"event_choices":[{"damage_healed":0,"gold_gain":0,"player_choice":"Success","damage_taken":11,"relics_obtained":["Boot"],"max_hp_gain":0,"max_hp_loss":0,"event_name":"Scrap Ooze","floor":5,"gold_loss":0},{"damage_healed":0,"gold_gain":0,"player_choice":"Ignored","damage_taken":0,"max_hp_gain":0,"max_hp_loss":0,"event_name":"Golden Idol","floor":7,"gold_loss":0}],"is_beta":false,"boss_relics":[],"items_purged_floors":[],"is_endless":false,"potions_floor_spawned":[6,13],"killed_by":"Slime Boss","ascension_level":20}}