{"host":"8i4doyxqctgl5qb0","time":1611070650,"event":{"mods":["AchievementEnabler","BaseMod","Block Reminder","Colored Powertips","Downfall","Minty Spire (QoL Compilation)","Permanent Neow","Potion Indicator Mod","Rare Cards Sparkle","StSLib","SuperFastMode","The Jungle"],"gold_per_floor":[99,123,152,252,252,263,290,390,414,414,40,67,67,76,91,202,202,202,225,251,279,294,303,303,312,212,31,52,52,52,46,70,174,233,133,160,160,310,295,295,295,307,339,353,353,253,64,76,76,76,76,76,76],"floor_reached":51,"language":"ZHS","playtime":3047,"items_purged":["champ:Strike"],"score":725,"play_id":"2268b6dc-681f-40a6-8d9b-6755d6ebf88b","local_time":"20210119233730","is_ascension_mode":false,"campfire_choices":[{"data":"champ:Execute","floor":1.0,"key":"SMITH"},{"data":"champ:StanceDance","floor":10.0,"key":"SMITH"},{"data":"champ:FanOfKnives","floor":13.0,"key":"SMITH"},{"floor":18.0,"key":"RECALL"},{"data":"champ:HoldFirm","floor":26.0,"key":"SMITH"},{"data":"champ:StanceDance","floor":29.0,"key":"SMITH"},{"data":"champ:Taunt","floor":35.0,"key":"SMITH"},{"data":"J.A.X.","floor":40.0,"key":"SMITH"},{"floor":46.0,"key":"REST"}],"circlet_count":0,"master_deck":["champ:Strike+1","champ:Strike","champ:Defend","champ:Defend","champ:Defend","champ:Execute+1","champ:Taunt+1","champ:StanceDance+1","champ:FanOfKnives+1","champ:FancyFootwork","champ:MurderStrike","champ:GladiatorStyle","champ:FalseCounter","champ:SteelEdge","champ:TornadoPunch","champ:Parry+1","champ:ArenaPreparation+1","champ:HoldFirm+1","J.A.X.+1","champ:StanceDance+1","champ:CalledShot","champ:EndlessRage+1","champ:CalledShot","champ:ShieldWall+1","champ:GladiatorForm+1","champ:ShieldWall+1","champ:IronFortress+1","champ:Shatter+1","champ:BringItOn+1","champ:FancyFootwork+1","champ:ShieldWall+1","champ:PreciseThrust","expansioncontent:DashGenerateEvil","champ:FancyFootwork","champ:CrookedStrike"],"relics":["champ:ChampionCrown","FaceOfCleric","Potion Belt","Guardian:PocketSentry","champ:BerserkersGuideToSlaughter","Singing Bowl","SacredBark","Frozen Egg 2","downfall:HeartBlessingRed","champ:DefensiveTrainingManual","Tiny House","downfall:HeartBlessingBlue","Mercury Hourglass","Strawberry","downfall:TeleportStone","downfall:HeartBlessingGreen"],"acts_visited":["Exordium","TheCity","TheBeyond","TheEnding"],"potions_floor_usage":[],"damage_taken":[{"damage":11.0,"enemies":"Jaw Worm","floor":2.0,"turns":6.0},{"damage":10.0,"enemies":"Cultist","floor":3.0,"turns":3.0},{"damage":15.0,"enemies":"2 Louse","floor":6.0,"turns":2.0},{"damage":13.0,"enemies":"2 Fungi Beasts","floor":9.0,"turns":3.0},{"damage":20.0,"enemies":"downfall:FleeingMerchant","floor":11.0,"turns":4.0},{"damage":14.0,"enemies":"3 Sentries","floor":12.0,"turns":6.0},{"damage":0.0,"enemies":"3 Louse","floor":15.0,"turns":2.0},{"damage":64.0,"enemies":"SI_SHIV_ARCHETYPE","floor":16.0,"turns":8.0},{"damage":9.0,"enemies":"3 Byrds","floor":19.0,"turns":4.0},{"damage":0.0,"enemies":"Spheric Guardian","floor":20.0,"turns":2.0},{"damage":11.0,"enemies":"Centurion and Healer","floor":21.0,"turns":7.0},{"damage":22.0,"enemies":"Sentry and Sphere","floor":22.0,"turns":4.0},{"damage":25.0,"enemies":"downfall:FleeingMerchant","floor":27.0,"turns":4.0},{"damage":23.0,"enemies":"Shelled Parasite and Fungi","floor":28.0,"turns":4.0},{"damage":18.0,"enemies":"downfall:FleeingMerchant","floor":31.0,"turns":4.0},{"damage":12.0,"enemies":"Centurion and Healer","floor":32.0,"turns":3.0},{"damage":46.0,"enemies":"IC_MUSHROOM_ARCHETYPE","floor":33.0,"turns":8.0},{"damage":0.0,"enemies":"Orb Walker","floor":36.0,"turns":3.0},{"damage":11.0,"enemies":"downfall:FleeingMerchant","floor":39.0,"turns":4.0},{"damage":15.0,"enemies":"3 Shapes","floor":42.0,"turns":6.0},{"damage":49.0,"enemies":"Giant Head","floor":43.0,"turns":10.0},{"damage":49.0,"enemies":"Sphere and 2 Shapes","floor":44.0,"turns":7.0},{"damage":28.0,"enemies":"downfall:FleeingMerchant","floor":47.0,"turns":3.0},{"damage":0,"enemies":"Jaw Worm Horde","floor":48,"turns":5},{"damage":64,"enemies":"WA_ARCHETYPE_DIVINITY","floor":49,"turns":14},{"damage":155,"enemies":"downfall:CharBossMerchant","floor":51,"turns":9}],"seed_played":"5643599148732002124","potions_obtained":[{"floor":9.0,"key":"Fire Potion"},{"floor":12.0,"key":"champ:UltimateStancePotion"},{"floor":16.0,"key":"SteroidPotion"},{"floor":21.0,"key":"SpeedPotion"},{"floor":22.0,"key":"Block Potion"},{"floor":34.0,"key":"champ:CounterPotion"},{"floor":43.0,"key":"DuplicationPotion"}],"is_trial":false,"path_per_floor":["R","M","M","?","?","M","T","?","M","R","$","E","R","?","M","B",null,"R","M","M","M","M","?","T","?","R","$","M","R","T","$","M","B",null,"R","M","?","?","$","R","T","M","E","M","?","R","$","M","B",null,"E"],"character_chosen":"THE_CHAMP","items_purchased":["Guardian:PocketSentry","champ:GladiatorStyle","champ:BerserkersGuideToSlaughter","champ:DefensiveTrainingManual","champ:CalledShot","champ:ShieldWall+1","champ:PreciseThrust","expansioncontent:DashGenerateEvil","champ:FancyFootwork","Swift Potion","Ancient Potion"],"campfire_rested":1,"item_purchase_floors":[11,11,11,27,27,47,47,47,47,47,47],"current_hp_per_floor":[90,84,84,84,84,80,80,80,78,78,79,78,78,78,81,53,100,100,101,102,102,98,98,98,98,98,107,108,108,108,101,90,50,116,126,127,127,127,128,128,128,122,101,55,55,97,85,86,48,143,0,0,0],"gold":76,"neow_bonus":"RANDOM_COMMON_RELIC","is_daily":false,"chose_seed":false,"campfire_upgraded":7,"win_rate":0.0,"timestamp":1611070650,"path_taken":["R","M","M","?","?","?","T","?","M","R","$","E","R","?","M","BOSS","R","M","M","M","M","?","T","?","R","?","M","R","?","$","M","BOSS","R","M","?","?","$","R","T","M","E","?","?","R","$","M","BOSS","E"],"items_purchased_type":["Relic","Card","Relic","Relic","Card","Card","Card","Card","Card","Potion","Potion"],"build_version":"2020-12-22","purchased_purges":1,"victory":false,"max_hp_per_floor":[90,90,90,90,90,91,91,91,92,92,93,96,96,96,99,100,100,100,101,102,103,106,106,106,106,106,107,108,108,108,109,110,111,116,126,127,127,127,128,128,128,129,137,140,140,140,141,142,143,143,143,143,143],"card_choices":[{"not_picked":["champ:AdrenalArmor","champ:PreciseThrust"],"picked":"champ:StanceDance","floor":2.0},{"not_picked":["champ:EnGarde","champ:Shatter"],"picked":"champ:FanOfKnives","floor":3.0},{"not_picked":["champ:CrownThrow","champ:EnGarde","champ:Haymaker"],"picked":"SKIP","floor":6.0},{"not_picked":["champ:FlashCut","champ:BerserkersShout"],"picked":"champ:FancyFootwork","floor":9.0},{"not_picked":["champ:Circumvent","champ:StanceDance"],"picked":"champ:MurderStrike","floor":11.0},{"not_picked":["champ:Circumvent","champ:Haymaker","champ:AdrenalArmor"],"picked":"Singing Bowl","floor":12.0},{"not_picked":["champ:Endure","champ:CrownThrow","champ:BerserkersShout"],"picked":"Singing Bowl","floor":15.0},{"not_picked":["champ:Devastate","champ:IgnorePain"],"picked":"champ:SteelEdge","floor":16.0},{"not_picked":["champ:FancyFootwork","champ:EnGarde"],"picked":"champ:TornadoPunch","floor":19.0},{"not_picked":["champ:FancyFootwork","champ:StanceDance"],"picked":"champ:Parry+1","floor":20.0},{"not_picked":["champ:SkillfulDodge","champ:FancyFootwork"],"picked":"champ:ArenaPreparation+1","floor":21.0},{"not_picked":["champ:BringItOn","champ:FalseCounter","champ:CrownThrow"],"picked":"Singing Bowl","floor":22.0},{"not_picked":["champ:RecklessLeap","champ:ArenaPreparation"],"picked":"champ:StanceDance","floor":27.0},{"not_picked":["champ:FalseCounter","champ:Shatter"],"picked":"champ:EndlessRage+1","floor":28.0},{"not_picked":["champ:Haymaker","champ:Circumvent"],"picked":"champ:CalledShot","floor":31.0},{"not_picked":["champ:Circumvent","champ:FlashCut+1"],"picked":"champ:ShieldWall+1","floor":32.0},{"not_picked":["champ:LastStand+1","champ:SteelEdge"],"picked":"champ:GladiatorForm+1","floor":33.0},{"not_picked":["champ:GutPunch","champ:FanOfKnives"],"picked":"champ:ShieldWall+1","floor":34.0},{"not_picked":["champ:GladiatorStyle+1","champ:EnGarde+1"],"picked":"champ:IronFortress+1","floor":36.0},{"not_picked":["champ:FanOfKnives+1","champ:CrownThrow+1"],"picked":"champ:Shatter+1","floor":39.0},{"not_picked":["champ:FocusedBerserking+1","champ:Parry"],"picked":"champ:BringItOn+1","floor":42.0},{"not_picked":["champ:DefensiveShout","champ:HeartStrike"],"picked":"champ:FancyFootwork+1","floor":43.0},{"not_picked":["champ:BerserkersShout","champ:CalledShot","champ:CrownThrow"],"picked":"Singing Bowl","floor":44.0},{"not_picked":["champ:BladeFlurry+1","champ:EnGarde"],"picked":"champ:CrookedStrike","floor":48}],"player_experience":219139,"relics_obtained":[{"floor":7.0,"key":"Potion Belt"},{"floor":12.0,"key":"Singing Bowl"},{"floor":24.0,"key":"Frozen Egg 2"},{"floor":41.0,"key":"Mercury Hourglass"},{"floor":43.0,"key":"Strawberry"}],"event_choices":[{"damage_healed":0.0,"max_hp_gain":0.0,"max_hp_loss":0.0,"gold_gain":0.0,"event_name":"FaceTrader","player_choice":"Trade","floor":5.0,"gold_loss":0.0,"damage_taken":0.0,"relics_obtained":["FaceOfCleric"]},{"damage_healed":0.0,"max_hp_gain":0.0,"max_hp_loss":0.0,"gold_gain":0.0,"cards_transformed":["champ:Strike"],"event_name":"Living Wall","player_choice":"Change","floor":14.0,"gold_loss":0.0,"damage_taken":0.0,"cards_obtained":["champ:FalseCounter"]},{"damage_healed":0.0,"max_hp_gain":0.0,"max_hp_loss":0.0,"gold_gain":0.0,"event_name":"The Library","player_choice":"Read","floor":23.0,"gold_loss":0.0,"damage_taken":0.0,"cards_obtained":["champ:HoldFirm"]},{"damage_healed":0.0,"max_hp_gain":0.0,"max_hp_loss":0.0,"gold_gain":0.0,"event_name":"Drug Dealer","player_choice":"Obtain J.A.X.","floor":25.0,"gold_loss":0.0,"damage_taken":0.0,"cards_obtained":["J.A.X."]},{"cards_removed":["champ:Defend"],"damage_healed":0.0,"max_hp_gain":0.0,"max_hp_loss":0.0,"gold_gain":0.0,"event_name":"Falling","player_choice":"Removed Skill","floor":37.0,"gold_loss":0.0,"damage_taken":0.0}],"is_beta":false,"boss_relics":[{"not_picked":["Runic Dome","Coffee Dripper"],"picked":"SacredBark"},{"not_picked":["Fusion Hammer","bronze:MakeshiftBattery"],"picked":"Tiny House"}],"items_purged_floors":[47],"is_endless":false,"potions_floor_spawned":[9,12,16,21,22,43],"killed_by":"downfall:CharBossMerchant","ascension_level":0}}