{"host":"od5czx9kemjopzpf","time":1611069312,"event":{"mods":["Aspiration","BaseMod","Defuse TimeMaze Blight","Downfall","Minty Spire (QoL Compilation)","Spicy Shops","StSLib"],"gold_per_floor":[99,114,114,111,136,166,178,640,652,3,20,20,20,20],"floor_reached":13,"language":"ZHS","playtime":588,"items_purged":[],"score":73,"play_id":"0d895e99-5fac-47c7-b6e6-684993a0e175","local_time":"20210119231512","is_ascension_mode":false,"campfire_choices":[{"data":"sneckomod:SerpentMind","floor":12,"key":"SMITH"}],"circlet_count":0,"master_deck":["sneckomod:Strike","sneckomod:Strike","sneckomod:Strike","sneckomod:Defend","sneckomod:Defend","sneckomod:Defend","sneckomod:TailWhip","sneckomod:SnekBite","sneckomod:Unknown","Prepared","sneckomod:UnknownCommonAttack","Regret","sneckomod:Unknown2Cost","sneckomod:UnknownCommonSkill","sneckomod:DefensiveFlair","downfall:Icky","downfall:Icky","downfall:Icky","sneckomod:SerpentIdol","sneckomod:SerpentMind+1","sneckomod:UnknownUncommonSkill"],"relics":["sneckomod:SneckoSoul","MawBank","downfall:BrokenWingStatue","Shuriken","Ornamental Fan"],"acts_visited":["Exordium"],"potions_floor_usage":[5,13],"damage_taken":[{"damage":10,"enemies":"Cultist","floor":2,"turns":4},{"damage":3,"enemies":"downfall:FleeingMerchant","floor":4,"turns":4},{"damage":0,"enemies":"2 Louse","floor":5,"turns":1},{"damage":11,"enemies":"Jaw Worm","floor":6,"turns":4},{"damage":17,"enemies":"downfall:FleeingMerchant","floor":10,"turns":4},{"damage":17,"enemies":"Large Slime","floor":11,"turns":6},{"damage":63,"enemies":"Lagavulin","floor":13,"turns":7}],"seed_played":"6365927585494761751","potions_obtained":[{"floor":2,"key":"Fire Potion"},{"floor":11,"key":"PowerPotion"}],"is_trial":false,"path_per_floor":["R","M","?","$","M","M","T","?","?","$","M","R","E"],"character_chosen":"THE_SNECKO","items_purchased":["Shuriken","Ornamental Fan","sneckomod:SerpentMind"],"campfire_rested":0,"item_purchase_floors":[10,10,10],"current_hp_per_floor":[99,89,89,86,86,75,75,75,75,58,41,41,0,0],"gold":20,"neow_bonus":"TEN_PERCENT_HP_BONUS","is_daily":false,"chose_seed":false,"campfire_upgraded":1,"win_rate":0.0,"timestamp":1611069312,"path_taken":["R","M","?","$","M","M","T","?","?","?","M","R","E"],"items_purchased_type":["Relic","Relic","Card"],"build_version":"2020-12-22","purchased_purges":0,"victory":false,"max_hp_per_floor":[99,99,99,99,99,99,99,99,99,99,99,99,99,99],"card_choices":[{"not_picked":["sneckomod:TrashToTreasure","sneckomod:IronFang"],"picked":"sneckomod:UnknownCommonAttack","floor":2},{"not_picked":["sneckomod:ImprovisedGuard","sneckomod:UnknownWeak"],"picked":"sneckomod:Unknown2Cost","floor":4},{"not_picked":["sneckomod:UnknownDraw","sneckomod:WideSting"],"picked":"sneckomod:UnknownCommonSkill","floor":5},{"not_picked":["sneckomod:UnknownBlock","sneckomod:TrashToTreasure"],"picked":"sneckomod:DefensiveFlair","floor":6},{"not_picked":["sneckomod:UnknownDraw","sneckomod:SnekBeam"],"picked":"sneckomod:SerpentIdol","floor":10},{"not_picked":["sneckomod:Unknown1Cost","sneckomod:DiceBlock"],"picked":"sneckomod:UnknownUncommonSkill","floor":11}],"player_experience":53104,"relics_obtained":[],"event_choices":[{"damage_healed":0,"gold_gain":0,"player_choice":"Box","damage_taken":0,"relics_obtained":["MawBank"],"max_hp_gain":0,"max_hp_loss":0,"event_name":"Big Fish","floor":3,"gold_loss":0,"cards_obtained":["Regret"]}],"is_beta":false,"boss_relics":[],"items_purged_floors":[],"is_endless":false,"potions_floor_spawned":[2,11],"killed_by":"Lagavulin","ascension_level":0}}