{"host":"zsm7bdfo51n66z45","time":1611093336,"event":{"mods":["AchievementEnabler","BaseMod","Bestiary","Better Skull","Better Third Choice","Colored Powertips","DeckTracker","Mimic Mod","Minty Spire (QoL Compilation)","MostiFishMod","Quick Restart","Relic Stats","Spicy Shops","StSLib","Waifu the Spire"],"gold_per_floor":[209,224,224,224,249,287,287,287,338,65,105,119,152,167,167,291,291,316,331,331,146,164,164,177,202,202,235,259,283,283,198,198,327,327,343,406,739,759,769,795,795,813,813,813,861,911,921,955,955,955],"floor_reached":51,"language":"ENG","playtime":1970,"items_purged":["Strike_G","Bane"],"score":874,"play_id":"c9d26c80-e25e-4991-8081-acecaa561608","local_time":"20210119155536","is_ascension_mode":false,"campfire_choices":[{"floor":7,"key":"REST"},{"floor":15,"key":"REST"},{"data":"Infinite Blades","floor":23,"key":"SMITH"},{"data":"MostiFishMod:ShivMaster","floor":30,"key":"SMITH"},{"data":"Blade Dance","floor":32,"key":"SMITH"},{"data":"MostiFishMod:SparklingWater","floor":44,"key":"SMITH"},{"floor":49,"key":"REST"}],"circlet_count":0,"master_deck":["Strike_G","Strike_G","Strike_G+1","Strike_G+1","Defend_G","Defend_G+1","Defend_G","Defend_G","Defend_G+1","Survivor","Neutralize","Dagger Throw","Poisoned Stab","Dagger Throw","Flying Knee","Infinite Blades","Cloak And Dagger","MostiFishMod:ShivMaster+1","MostiFishMod:Neptune","MostiFishMod:TheEndOfMoonlight","MostiFishMod:SparklingWater+1","MostiFishMod:FantasySummer","MostiFishMod:NightSea","Cloak And Dagger","Cloak And Dagger","Infinite Blades+1","Blade Dance+1","Cloak And Dagger+1","Accuracy"],"relics":["Ring of the Snake","DaveBox","DianDianMeat","SynthV:TestCard","Ninja Scroll","Matryoshka","Mercury Hourglass","Orichalcum","Bronze Scales","MealTicket","Lantern","MoonlightInvasionPlan","Art of War","Pear","Whetstone","Omamori","Unceasing Top","Boot","Paper Crane","Juzu Bracelet","Dead Branch","Pantograph"],"acts_visited":["Exordium","TheCity","TheBeyond"],"potions_floor_usage":[11,50,50,50],"damage_taken":[{"damage":0,"enemies":"2 Louse","floor":1,"turns":3},{"damage":0,"enemies":"Small Slimes","floor":2,"turns":4},{"damage":0,"enemies":"Jaw Worm","floor":5,"turns":3},{"damage":42,"enemies":"Gremlin Nob","floor":6,"turns":6},{"damage":0,"enemies":"Lagavulin","floor":11,"turns":2},{"damage":0,"enemies":"Looter","floor":12,"turns":1},{"damage":4,"enemies":"Gremlin Nob","floor":13,"turns":3},{"damage":3,"enemies":"Gremlin Gang","floor":14,"turns":2},{"damage":46,"enemies":"Hexaghost","floor":16,"turns":8},{"damage":0,"enemies":"Spheric Guardian","floor":18,"turns":2},{"damage":0,"enemies":"Chosen","floor":19,"turns":4},{"damage":0,"enemies":"Centurion and Healer","floor":22,"turns":4},{"damage":1,"enemies":"Chosen and Byrds","floor":24,"turns":2},{"damage":0,"enemies":"Sentry and Sphere","floor":25,"turns":2},{"damage":5,"enemies":"Gremlin Leader","floor":27,"turns":5},{"damage":8,"enemies":"Snake Plant","floor":28,"turns":3},{"damage":6,"enemies":"Centurion and Healer","floor":29,"turns":4},{"damage":46,"enemies":"Automaton","floor":33,"turns":7},{"damage":0,"enemies":"Orb Walker","floor":35,"turns":1},{"damage":13,"enemies":"2 Orb Walkers","floor":36,"turns":4},{"damage":3,"enemies":"3 Shapes","floor":38,"turns":4},{"damage":2,"enemies":"Maw","floor":39,"turns":5},{"damage":12,"enemies":"Reptomancer","floor":40,"turns":5},{"damage":35,"enemies":"3 Darklings","floor":42,"turns":4},{"damage":40,"enemies":"Mind Bloom Boss Battle","floor":46,"turns":3},{"damage":0,"enemies":"Jaw Worm Horde","floor":47,"turns":3},{"damage":7,"enemies":"Giant Head","floor":48,"turns":5},{"damage":53,"enemies":"Awakened One","floor":50,"turns":5}],"seed_played":"1955799717010612942","potions_obtained":[{"floor":2,"key":"SteroidPotion"},{"floor":11,"key":"Ancient Potion"},{"floor":12,"key":"FearPotion"},{"floor":14,"key":"SmokeBomb"},{"floor":24,"key":"Weak Potion"},{"floor":29,"key":"BlessingOfTheForge"}],"is_trial":false,"path_per_floor":["M","M","?","?","M","E","R","T","T","$","E","M","E","M","R","B",null,"M","M","?","$","M","R","M","M","T","E","M","M","R","?","R","B",null,"M","?","?","M","M","E","?","M","T","R","T","?","M","E","R","B",null],"character_chosen":"THE_SILENT","items_purchased":["Flying Knee","Bronze Scales","Cloak And Dagger","Infinite Blades"],"campfire_rested":3,"item_purchase_floors":[10,10,21,21],"current_hp_per_floor":[71,73,68,54,57,19,41,41,41,46,52,52,55,52,79,41,156,170,170,170,201,201,201,200,200,210,205,214,208,208,208,208,162,228,228,233,233,230,228,216,216,181,181,181,181,141,160,153,232,204],"gold":955,"neow_bonus":"HUNDRED_GOLD","is_daily":false,"chose_seed":false,"campfire_upgraded":4,"win_rate":0.0,"timestamp":1611093336,"path_taken":["M","M","?","?","M","E","R","?","T","$","E","M","E","M","R","BOSS","M","M","?","$","M","R","M","M","T","E","M","?","R","?","R","BOSS","M","?","?","M","M","E","?","?","T","R","?","?","M","E","R","BOSS"],"items_purchased_type":["Card","Relic","Card","Card"],"build_version":"2020-12-22","purchased_purges":2,"victory":true,"max_hp_per_floor":[71,73,68,68,71,75,75,75,75,80,86,86,93,93,93,101,156,170,170,170,201,201,201,201,201,211,211,228,228,228,228,228,228,228,228,246,246,246,246,246,246,246,246,246,246,246,265,265,265,265],"relic_stats":{"counters":[28,104],"Dead Branch":[54],"Juzu Bracelet":1,"Whetstone":["Strike_G","Strike_G"],"Orichalcum":[162],"Boot":[31],"Mercury Hourglass":[363],"Bronze Scales":[250],"Pantograph":25,"MealTicket":0,"Art of War":[0],"obtain_stats":[{"DianDianMeat":0,"Lantern":13,"Pear":26,"DaveBox":0,"Golden Idol":3,"Dead Branch":46,"MoonlightInvasionPlan":17,"Omamori":31,"Juzu Bracelet":45,"Whetstone":27,"Orichalcum":9,"Paper Crane":43,"Boot":40,"Mercury Hourglass":9,"SynthV:TestCard":1,"Matryoshka":8,"Ninja Scroll":6,"Bronze Scales":10,"Pantograph":48,"MealTicket":11,"Art of War":26,"Unceasing Top":36,"Ring of the Snake":0},{"DianDianMeat":0,"Lantern":7,"Pear":14,"DaveBox":0,"Golden Idol":2,"Dead Branch":25,"MoonlightInvasionPlan":9,"Omamori":17,"Juzu Bracelet":24,"Whetstone":15,"Orichalcum":4,"Paper Crane":24,"Boot":23,"Mercury Hourglass":4,"SynthV:TestCard":1,"Matryoshka":4,"Ninja Scroll":4,"Bronze Scales":4,"Pantograph":27,"MealTicket":5,"Art of War":14,"Unceasing Top":20,"Ring of the Snake":0},{"DianDianMeat":0,"Lantern":22,"Pear":46,"DaveBox":0,"Golden Idol":7,"Dead Branch":91,"MoonlightInvasionPlan":32,"Omamori":58,"Juzu Bracelet":88,"Whetstone":51,"Orichalcum":16,"Paper Crane":88,"Boot":84,"Mercury Hourglass":16,"SynthV:TestCard":3,"Matryoshka":16,"Ninja Scroll":16,"Bronze Scales":16,"Pantograph":99,"MealTicket":18,"Art of War":46,"Unceasing Top":70,"Ring of the Snake":0}],"Unceasing Top":[0],"Ring of the Snake":[56]},"card_choices":[{"not_picked":["Backstab","Backflip"],"picked":"Dagger Throw","floor":1},{"not_picked":["Prepared","Underhanded Strike","Tactician","Deflect"],"picked":"Poisoned Stab","floor":2},{"not_picked":["Riddle With Holes","Escape Plan","Dagger Spray","PiercingWail"],"picked":"Bane","floor":5},{"not_picked":["Dodge and Roll","Adrenaline","Outmaneuver","Phantasmal Killer"],"picked":"Dagger Throw","floor":6},{"not_picked":["Skewer","Poisoned Stab","Bane","MostiFishMod:FrostNova"],"picked":"Infinite Blades","floor":11},{"not_picked":["Well Laid Plans","Skewer","Sucker Punch","Escape Plan","Flying Knee"],"picked":"SKIP","floor":12},{"not_picked":["Outmaneuver","Heel Hook","Adrenaline","Acrobatics"],"picked":"Cloak And Dagger","floor":13},{"not_picked":["Outmaneuver","Footwork","Backstab","Poisoned Stab","Deadly Poison"],"picked":"SKIP","floor":14},{"not_picked":["Unload","Glass Knife","Doppelganger","MostiFishMod:FullyArmed"],"picked":"MostiFishMod:ShivMaster","floor":16},{"not_picked":["Distraction+1","MostiFishMod:ThornCasing","Underhanded Strike","Flying Knee+1"],"picked":"Cloak And Dagger","floor":18},{"not_picked":["Outmaneuver","MostiFishMod:InvigoratingSolution","Underhanded Strike","Finisher","Backflip"],"picked":"SKIP","floor":19},{"not_picked":["Well Laid Plans","MostiFishMod:Confrontation","Underhanded Strike+1","Bane+1","Expertise+1"],"picked":"SKIP","floor":22},{"not_picked":["MostiFishMod:FrostNova","Heel Hook","Masterful Stab","Dash","PiercingWail"],"picked":"SKIP","floor":24},{"not_picked":["Deflect+1","Sucker Punch","Riddle With Holes","Predator","Dagger Throw+1"],"picked":"SKIP","floor":25},{"not_picked":["Deadly Poison","Sucker Punch","Dodge and Roll+1","PiercingWail","Slice+1"],"picked":"SKIP","floor":27},{"not_picked":["Underhanded Strike","Endless Agony","MostiFishMod:PreservedThorns","Skewer"],"picked":"Blade Dance","floor":28},{"not_picked":["Masterful Stab+1","Dodge and Roll","Underhanded Strike+1","Catalyst","Tactician+1"],"picked":"SKIP","floor":29},{"not_picked":["Quick Slash","Acrobatics","Crippling Poison+1","Underhanded Strike+1","Riddle With Holes+1"],"picked":"SKIP","floor":35},{"not_picked":["Deflect","Outmaneuver+1","Distraction+1","Sucker Punch+1"],"picked":"Cloak And Dagger+1","floor":36},{"not_picked":["PiercingWail+1","Quick Slash+1","Tactician+1","Venomology","MostiFishMod:PreservedThorns+1"],"picked":"SKIP","floor":38},{"not_picked":["Predator","MostiFishMod:FrostNova+1","Heel Hook","Deflect+1","Distraction+1"],"picked":"SKIP","floor":39},{"not_picked":["Dodge and Roll+1","MostiFishMod:PerfectParry+1","Dagger Throw","Underhanded Strike+1","MostiFishMod:ThornCasing+1"],"picked":"SKIP","floor":40},{"not_picked":["MostiFishMod:FrostNova+1","Sucker Punch+1","Blur+1","Prepared","Flying Knee"],"picked":"SKIP","floor":42},{"not_picked":["Heel Hook+1","Deflect+1","Quick Slash","Endless Agony"],"picked":"Accuracy","floor":47},{"not_picked":["MostiFishMod:ThornCasing+1","Glass Knife","Riddle With Holes+1","Underhanded Strike+1","Finisher+1"],"picked":"SKIP","floor":48}],"player_experience":153205,"relics_obtained":[{"floor":1,"key":"SynthV:TestCard"},{"floor":6,"key":"Ninja Scroll"},{"floor":8,"key":"Matryoshka"},{"floor":9,"key":"Mercury Hourglass"},{"floor":9,"key":"Orichalcum"},{"floor":11,"key":"MealTicket"},{"floor":13,"key":"Lantern"},{"floor":26,"key":"Art of War"},{"floor":26,"key":"Pear"},{"floor":27,"key":"Whetstone"},{"floor":36,"key":"Unceasing Top"},{"floor":40,"key":"Boot"},{"floor":43,"key":"Paper Crane"},{"floor":45,"key":"Juzu Bracelet"},{"floor":46,"key":"Dead Branch"},{"floor":48,"key":"Pantograph"}],"event_choices":[{"damage_healed":0,"gold_gain":0,"player_choice":"Lose Max HP","damage_taken":0,"relics_obtained":["Golden Idol"],"max_hp_gain":0,"max_hp_loss":5,"event_name":"Golden Idol","floor":3,"gold_loss":0},{"damage_healed":68,"gold_gain":0,"player_choice":"Upgrade","damage_taken":14,"max_hp_gain":0,"max_hp_loss":68,"event_name":"betterThird:BetterShining","floor":4,"gold_loss":0,"cards_upgraded":["Defend_G","Defend_G"]},{"damage_healed":0,"gold_gain":0,"player_choice":"Got Potions","damage_taken":0,"max_hp_gain":0,"max_hp_loss":0,"event_name":"Lab","floor":20,"gold_loss":0},{"damage_healed":0,"gold_gain":0,"player_choice":"Obtained Relic","damage_taken":0,"relics_obtained":["Omamori"],"max_hp_gain":0,"max_hp_loss":0,"event_name":"Addict","floor":31,"gold_loss":85},{"damage_healed":0,"gold_gain":0,"player_choice":"Fight","damage_taken":0,"max_hp_gain":0,"max_hp_loss":0,"event_name":"Mysterious Sphere","floor":36,"gold_loss":0},{"damage_healed":0,"gold_gain":333,"player_choice":"Gave Idol","damage_taken":0,"max_hp_gain":0,"max_hp_loss":0,"event_name":"The Moai Head","floor":37,"relics_lost":["Golden Idol"],"gold_loss":0},{"damage_healed":0,"gold_gain":0,"player_choice":"Ignored","damage_taken":0,"max_hp_gain":0,"max_hp_loss":0,"event_name":"Tomb of Lord Red Mask","floor":41,"gold_loss":0},{"damage_healed":0,"gold_gain":0,"player_choice":"Fight","damage_taken":0,"max_hp_gain":0,"max_hp_loss":0,"event_name":"MindBloom","floor":46,"gold_loss":0}],"is_beta":false,"boss_relics":[{"not_picked":["Ectoplasm","GreenFoldingFan"],"picked":"MoonlightInvasionPlan"},{"not_picked":["Calling Bell","RhineCircuit","Pandora\u0027s Box"]}],"items_purged_floors":[10,21],"is_endless":false,"potions_floor_spawned":[2,11,12,14,24,29,33,38,40,42,48],"ascension_level":0}}