{"host":"usru02jcpe2a942d","time":1611050550,"event":{"mods":["Act Like it!","Ascension Reborn","BaseMod","Colored Powertips","Downfall","GifTheSpireLib","Highlight Path","Minty Spire (QoL Compilation)","MostiFishMod","Quick Restart","Relic Stats","RumiaBox-露米娅的神秘盒子","StSLib","Waifu the Spire","noobMod","篝火指南"],"gold_per_floor":[99,119,29,41,41,75,75,175,258,158,106,106,181,119,134,231,231,231,247,297,361,439,473,473,556,456,111,180,243,319,384,402,507,507,507,527,542,46,141,191,191,269,41,41,114,174,174,185,202,202,202,230,26,26,26,26],"floor_reached":57,"language":"ZHS","playtime":2793,"items_purged":["Slimebound:FinishingTackle","Slimebound:LivingWall+1","Slimebound:BestDefense+1","Slimebound:GoopTackle+1"],"score":1653,"play_id":"997188e4-05d8-43e6-b88d-71f7d05e51b9","local_time":"20210119180230","daily_mods":["Draft","Vintage","Heirloom","Time Dilation","Flight","downfall:ChampStances","DeadlyEvents","Binary","Elite Swarm","Binary"],"is_ascension_mode":true,"campfire_choices":[{"floor":1.0,"key":"RECALL"},{"data":"Slimebound:Dissolve+1","floor":10.0,"key":"PURGE"},{"data":"Slimebound:DuplicatedForm","floor":12.0,"key":"PURGE"},{"data":"Slimebound:Grow","floor":18,"key":"PURGE"},{"data":"Writhe","floor":26,"key":"PURGE"},{"data":"Slimebound:FinishingTackle+1","floor":35,"key":"PURGE"},{"floor":44,"key":"DIG"},{"floor":47,"key":"DIG"},{"floor":54,"key":"DIG"}],"circlet_count":0,"master_deck":["Slimebound:SlimeTap+1","Slimebound:SplitBruiser+1","Slimebound:LivingWall+1","Slimebound:MegaLick+1","Slimebound:SplitLeeching+1","Slimebound:SplitBruiser+1","Slimebound:DisruptingSlam+1","Slimebound:SlimeBrawl+1","Slimebound:Nibble+1","Slimebound:Repurpose+1","MostiFishMod:JungleRules+1","Slimebound:AcidTongue+1","Slimebound:MassRepurpose+1","Slimebound:FirmFortitude+1","MostiFishMod:ButterFly+1","Slimebound:Replication+1"],"relics":["Slimebound:AbsorbEndCombat","Busted Crown","champ:ChampStancesModRelic","DaveBox","ice","DSteel32","Ice Cream","InkBottle","Slimebound:ScrapOozeRelic","Orichalcum","The Courier","downfall:CloakOfManyFaces","CultistMask","FaceOfCleric","NlothsMask","GremlinMask","SsserpentHead","champ:DuelingGlove","downfall:HeartBlessingRed","Darkstone Periapt","Kunai","ShadowXiaoBlade","bronze:DecasWashers","Lantern","Toxic Egg 2","Shuriken","War Paint","Molten Egg 2","downfall:HeartBlessingGreen","GodSword1","GodSword5","Sundial","Bronze Scales","OriginationStaff","Oddly Smooth Stone","SumBook","FeatherPendant","Mercury Hourglass","White Beast Statue","Slimebound:AggressiveSlimeRelic","Torii","Shovel","Smiling Mask","downfall:HeartBlessingBlue","PreservedInsect","Guardian:PocketSentry","Strawberry","Singing Bowl","Art of War","Akabeko","Slimebound:StickyStick","BrkXgEgg","Pantograph"],"acts_visited":["Exordium","TheCity","TheBeyond","TheEnding"],"potions_floor_usage":[],"damage_taken":[{"damage":0.0,"enemies":"Cultist","floor":2.0,"turns":3.0},{"damage":0.0,"enemies":"downfall:FleeingMerchant","floor":3.0,"turns":4.0},{"damage":0.0,"enemies":"Jaw Worm","floor":4.0,"turns":1.0},{"damage":5.0,"enemies":"Gremlin Nob","floor":6.0,"turns":1.0},{"damage":3.0,"enemies":"downfall:FaceTrader","floor":8.0,"turns":2.0},{"damage":3.0,"enemies":"3 Sentries","floor":9.0,"turns":2.0},{"damage":6.0,"enemies":"downfall:FleeingMerchant","floor":11.0,"turns":3.0},{"damage":4.0,"enemies":"Lagavulin","floor":13.0,"turns":2.0},{"damage":0,"enemies":"Small Slimes","floor":15,"turns":2},{"damage":12,"enemies":"IC_STATUS_ARCHETYPE","floor":16,"turns":3},{"damage":4,"enemies":"Shell Parasite","floor":19,"turns":2},{"damage":5,"enemies":"Shelled Parasite and Fungi","floor":21,"turns":2},{"damage":17,"enemies":"Slavers","floor":22,"turns":2},{"damage":0,"enemies":"Gremlin Leader","floor":23,"turns":2},{"damage":7,"enemies":"Slavers","floor":25,"turns":2},{"damage":0,"enemies":"Chosen and Byrds","floor":28,"turns":3},{"damage":0,"enemies":"3 Cultists","floor":29,"turns":2},{"damage":0,"enemies":"Gremlin Leader","floor":30,"turns":1},{"damage":0,"enemies":"Sentry and Sphere","floor":31,"turns":1},{"damage":9,"enemies":"Snake Plant","floor":32,"turns":2},{"damage":7,"enemies":"SI_MIRROR_ARCHETYPE","floor":33,"turns":3},{"damage":6,"enemies":"3 Shapes","floor":36,"turns":1},{"damage":0,"enemies":"Orb Walker","floor":37,"turns":1},{"damage":0,"enemies":"2 Orb Walkers","floor":39,"turns":1},{"damage":0,"enemies":"Nemesis","floor":42,"turns":1},{"damage":0,"enemies":"Transient","floor":46,"turns":1},{"damage":0,"enemies":"4 Shapes","floor":48,"turns":1},{"damage":0,"enemies":"Spire Growth","floor":49,"turns":1},{"damage":0,"enemies":"WA_ARCHETYPE_DIVINITY","floor":50,"turns":1},{"damage":0,"enemies":"downfall:CharBossMerchant","floor":52,"turns":2},{"damage":30,"enemies":"downfall:NeowBoss","floor":55,"turns":4},{"damage":60,"enemies":"downfall:NeowBossFinal","floor":56,"turns":2}],"seed_played":"-5770549767644237842","potions_obtained":[{"floor":2.0,"key":"PowerPotion"},{"floor":6.0,"key":"DistilledChaos"},{"floor":9.0,"key":"Slimebound:SpawnSlimePotion"}],"is_trial":true,"path_per_floor":["R","M","$","M","?","E","T","?","E","R","$","R","E","$","M","B",null,"R","M","?","M","E","E","T","E","R","$","M","M","E","M","M","B",null,"R","M","M","$","?","?","T","E","R","R","?","M","R","M","M","B",null,"E","$","R","B","B",null],"character_chosen":"SLIMEBOUND","items_purchased":["Slimebound:Repurpose","MostiFishMod:JungleRules","Slimebound:BestDefense","Slimebound:Grow","Slimebound:DuplicatedForm","Slimebound:AcidTongue","GodSword1","GodSword5","Slimebound:AggressiveSlimeRelic","Slimebound:MassRepurpose+1","Torii","MostiFishMod:ButterFly+1","BrkXgEgg","Slimebound:Replication+1"],"campfire_rested":0,"item_purchase_floors":[3,11,11,11,11,14,27,27,38,38,38,43,53,53],"current_hp_per_floor":[65,65,65,65,65,60,60,61,66,66,63,63,66,66,67,58,70,70,69,75,74,58,61,61,63,63,63,66,76,83,85,77,80,87,87,82,85,85,90,90,90,91,101,101,101,109,109,110,111,112,112,113,113,113,114,115],"gold":26,"neow_bonus":"","is_daily":false,"chose_seed":false,"campfire_upgraded":0,"win_rate":0.0,"timestamp":1611050550,"path_taken":["R","M","?","?","?","?","T","?","?","R","?","R","?","$","M","BOSS","R","M","?","?","?","E","T","?","R","?","?","?","?","?","M","BOSS","R","M","M","$","?","?","T","?","R","R","?","?","R","M","M","BOSS","E","$","R","BOSS","BOSS"],"items_purchased_type":["Card","Card","Card","Card","Card","Card","Relic","Relic","Relic","Card","Relic","Card","Relic","Card"],"build_version":"2020-12-22","purchased_purges":4,"victory":true,"max_hp_per_floor":[65,65,65,65,65,65,65,65,66,66,67,67,68,68,69,70,70,70,71,77,78,79,80,80,81,81,81,82,83,84,85,86,87,87,87,88,89,89,90,90,90,91,101,101,101,109,109,110,111,112,112,113,113,113,114,115],"relic_stats":{"Darkstone Periapt":6,"Torii":0,"Singing Bowl":0,"counters":[32,59],"PreservedInsect":100,"Orichalcum":[54],"War Paint":["Slimebound:Repurpose","Slimebound:LivingWall"],"Smiling Mask":120,"Mercury Hourglass":[48],"SsserpentHead":850,"Busted Crown":30,"Shovel":3,"FaceOfCleric":27,"Shuriken":[19],"Sundial":[2],"Bronze Scales":[15],"Pantograph":0,"Art of War":[1],"Kunai":[21],"obtain_stats":[{"Ice Cream":0,"champ:DuelingGlove":9,"champ:ChampStancesModRelic":0,"Slimebound:ScrapOozeRelic":5,"downfall:HeartBlessingGreen":26,"ice":0,"Boot":2,"FaceOfCleric":8,"Sundial":28,"Strawberry":46,"Kunai":15,"Toxic Egg 2":21,"DSteel32":0,"Slimebound:AggressiveSlimeRelic":38,"Oddly Smooth Stone":31,"Guardian:PocketSentry":45,"War Paint":23,"Akabeko":49,"Shuriken":22,"Bronze Scales":29,"Molten Egg 2":25,"CultistMask":8,"OriginationStaff":30,"GodSword5":27,"NlothsMask":8,"GodSword1":27,"Darkstone Periapt":13,"Lantern":20,"DaveBox":0,"Torii":38,"Singing Bowl":47,"GremlinMask":8,"Smiling Mask":42,"SsserpentHead":8,"Shovel":39,"downfall:HeartBlessingBlue":43,"Slimebound:StickyStick":52,"Pantograph":54,"downfall:CloakOfManyFaces":8,"InkBottle":4,"SumBook":32,"downfall:HeartBlessingRed":10,"bronze:DecasWashers":19,"ShadowXiaoBlade":17,"The Courier":7,"PreservedInsect":44,"BrkXgEgg":53,"Orichalcum":6,"White Beast Statue":37,"Mercury Hourglass":36,"Busted Crown":0,"FeatherPendant":34,"Slimebound:AbsorbEndCombat":0,"Art of War":48},{"Ice Cream":0,"champ:DuelingGlove":6,"champ:ChampStancesModRelic":0,"Slimebound:ScrapOozeRelic":3,"downfall:HeartBlessingGreen":15,"ice":0,"Boot":1,"FaceOfCleric":5,"Sundial":16,"Strawberry":26,"Kunai":9,"Toxic Egg 2":12,"DSteel32":0,"Slimebound:AggressiveSlimeRelic":23,"Oddly Smooth Stone":19,"Guardian:PocketSentry":25,"War Paint":14,"Akabeko":28,"Shuriken":13,"Bronze Scales":17,"Molten Egg 2":15,"CultistMask":5,"OriginationStaff":18,"GodSword5":15,"NlothsMask":5,"GodSword1":15,"Darkstone Periapt":8,"Lantern":11,"DaveBox":0,"Torii":23,"Singing Bowl":26,"GremlinMask":5,"Smiling Mask":25,"SsserpentHead":5,"Shovel":24,"downfall:HeartBlessingBlue":25,"Slimebound:StickyStick":30,"Pantograph":30,"downfall:CloakOfManyFaces":5,"InkBottle":3,"SumBook":20,"downfall:HeartBlessingRed":6,"bronze:DecasWashers":11,"ShadowXiaoBlade":10,"The Courier":4,"PreservedInsect":25,"BrkXgEgg":30,"Orichalcum":4,"White Beast Statue":23,"Mercury Hourglass":22,"Busted Crown":0,"FeatherPendant":21,"Slimebound:AbsorbEndCombat":0,"Art of War":27},{"Ice Cream":0,"champ:DuelingGlove":12,"champ:ChampStancesModRelic":0,"Slimebound:ScrapOozeRelic":7,"downfall:HeartBlessingGreen":31,"ice":0,"Boot":2,"FaceOfCleric":10,"Sundial":34,"Strawberry":48,"Kunai":18,"Toxic Egg 2":25,"DSteel32":0,"Slimebound:AggressiveSlimeRelic":45,"Oddly Smooth Stone":38,"Guardian:PocketSentry":47,"War Paint":29,"Akabeko":50,"Shuriken":27,"Bronze Scales":36,"Molten Egg 2":31,"CultistMask":10,"OriginationStaff":37,"GodSword5":31,"NlothsMask":10,"GodSword1":31,"Darkstone Periapt":17,"Lantern":23,"DaveBox":0,"Torii":45,"Singing Bowl":48,"GremlinMask":10,"Smiling Mask":47,"SsserpentHead":10,"Shovel":46,"downfall:HeartBlessingBlue":47,"Slimebound:StickyStick":53,"Pantograph":53,"downfall:CloakOfManyFaces":10,"InkBottle":7,"SumBook":40,"downfall:HeartBlessingRed":12,"bronze:DecasWashers":23,"ShadowXiaoBlade":21,"The Courier":8,"PreservedInsect":47,"BrkXgEgg":53,"Orichalcum":8,"White Beast Statue":45,"Mercury Hourglass":44,"Busted Crown":0,"FeatherPendant":43,"Slimebound:AbsorbEndCombat":0,"Art of War":49}],"InkBottle":[50]},"card_choices":[{"not_picked":["Slimebound:GoopSpray","Slimebound:ServeAndProtect"],"picked":"Slimebound:SlimeTap","floor":0.0},{"not_picked":["Slimebound:LeechingTouch","Slimebound:ForwardTackle"],"picked":"Slimebound:FinishingTackle","floor":0.0},{"not_picked":["Slimebound:AcidTongue","Slimebound:PressTheAttack"],"picked":"Slimebound:GoopTackle","floor":0.0},{"not_picked":["Slimebound:LeechingTouch","Slimebound:FinishingTackle"],"picked":"Slimebound:SplitBruiser","floor":0.0},{"not_picked":["Slimebound:TongueLash","Slimebound:GrowthPunch"],"picked":"Slimebound:LivingWall","floor":0.0},{"not_picked":["Slimebound:GoopSpray","Slimebound:SamplingLick"],"picked":"Slimebound:MegaLick","floor":0.0},{"not_picked":["Slimebound:Dissolve","Slimebound:PressTheAttack"],"picked":"Slimebound:LivingWall","floor":0.0},{"not_picked":["Slimebound:PressTheAttack","Slimebound:LivingWall"],"picked":"Slimebound:SplitLeeching","floor":0.0},{"not_picked":["Slimebound:LeechingTouch","Slimebound:ForwardTackle"],"picked":"Slimebound:SplitBruiser","floor":0.0},{"not_picked":["Slimebound:RollThrough","Slimebound:FormOfPuddle"],"picked":"Slimebound:DisruptingSlam","floor":0.0},{"not_picked":["Slimebound:ItLooksTasty","Slimebound:GrowthPunch"],"picked":"Slimebound:SlimeBrawl","floor":0.0},{"not_picked":["Slimebound:PressTheAttack","Slimebound:ComboTackle"],"picked":"Slimebound:Dissolve","floor":0.0},{"not_picked":["Slimebound:Dissolve","Slimebound:GrowthPunch"],"picked":"Slimebound:FinishingTackle","floor":0.0},{"not_picked":["Slimebound:ViciousTackle","Slimebound:ItLooksTasty"],"picked":"Slimebound:Nibble","floor":0.0},{"not_picked":["Slimebound:Prepare","Slimebound:ItLooksTasty"],"picked":"Slimebound:Grow","floor":0.0}],"player_experience":284683,"relics_obtained":[{"floor":2.0,"key":"Boot"},{"floor":4.0,"key":"InkBottle"},{"floor":6.0,"key":"Orichalcum"},{"floor":7.0,"key":"The Courier"},{"floor":8.0,"key":"downfall:CloakOfManyFaces"},{"floor":9.0,"key":"champ:DuelingGlove"},{"floor":13.0,"key":"Darkstone Periapt"},{"floor":15,"key":"Kunai"},{"floor":19,"key":"bronze:DecasWashers"},{"floor":21,"key":"Toxic Egg 2"},{"floor":22,"key":"Shuriken"},{"floor":23,"key":"War Paint"},{"floor":25,"key":"Molten Egg 2"},{"floor":28,"key":"Sundial"},{"floor":29,"key":"Bronze Scales"},{"floor":30,"key":"OriginationStaff"},{"floor":31,"key":"Oddly Smooth Stone"},{"floor":32,"key":"SumBook"},{"floor":36,"key":"Mercury Hourglass"},{"floor":37,"key":"White Beast Statue"},{"floor":39,"key":"Shovel"},{"floor":42,"key":"Smiling Mask"},{"floor":44,"key":"PreservedInsect"},{"floor":45,"key":"Guardian:PocketSentry"},{"floor":46,"key":"Strawberry"},{"floor":47,"key":"Singing Bowl"},{"floor":48,"key":"Art of War"},{"floor":49,"key":"Akabeko"},{"floor":52,"key":"Slimebound:StickyStick"},{"floor":54,"key":"Pantograph"}],"event_choices":[{"damage_healed":0,"gold_gain":0,"player_choice":"Fight","damage_taken":0,"max_hp_gain":0,"max_hp_loss":0,"event_name":"Mysterious Sphere","floor":39,"gold_loss":0}],"is_beta":false,"boss_relics":[{"not_picked":["SacredBark","RhineFirstAidKit"],"picked":"ShadowXiaoBlade"},{"not_picked":["MostiFishMod:Hod","Slimebound:AbsorbEndCombatUpgraded"],"picked":"FeatherPendant"}],"items_purged_floors":[11,38,43,53],"is_endless":false,"potions_floor_spawned":[2,6,9,13,22,28,31,32,33,36,39,42,46,48,49,52],"ascension_level":0}}