{"host":"vyjryxuuuxkt43k4","time":1611067295,"event":{"mods":["AchievementEnabler","BaseMod","Colored Map","DeckTracker","Keyboard Shortcuts","Minty Spire (QoL Compilation)","Permanent Neow","Quick Restart","Rare Cards Sparkle","StSLib","SuperFastMode","everything is the same but u backflip on backflip"],"gold_per_floor":[111,126,51,71,83,116,116,133,133,133,143,155,155,105,105,176,176,196,213,60,75,89,89,89,89,89,89,109,24,38,38,38,113,113,131,131,131,131,56,86,111,137,161,191,236,255,289,309,309,309,309,309,40,67,67],"floor_reached":56,"language":"KOR","playtime":3294,"items_purged":["Strike_R","Reaper+1","Bash"],"score":1994,"play_id":"b3132cc7-6f6b-46df-882e-86d43c4e6dd8","local_time":"20210119234135","is_ascension_mode":true,"campfire_choices":[{"data":"Juggernaut","floor":7.0,"key":"SMITH"},{"data":"Armaments","floor":13.0,"key":"SMITH"},{"data":"Battle Trance","floor":15.0,"key":"SMITH"},{"data":"Barricade","floor":23.0,"key":"SMITH"},{"data":"Body Slam","floor":25.0,"key":"SMITH"},{"data":"Impervious","floor":27.0,"key":"SMITH"},{"floor":32.0,"key":"REST"},{"floor":49,"key":"RECALL"},{"floor":52,"key":"REST"}],"circlet_count":0,"master_deck":["AscendersBane","Defend_R","Defend_R","Defend_R","Defend_R","Juggernaut+1","Metallicize","Battle Trance+1","Impervious+1","Exhume+1","Armaments+1","Shockwave","Barricade+1","Second Wind+1","Offering+1","Body Slam+1","Shrug It Off","Flame Barrier+1","Necronomicurse","Intimidate+1","Madness","Dark Embrace","Shrug It Off+1","Evolve+1","Juggernaut","Fire Breathing"],"relics":["Burning Blood","Shuriken","Meat on the Bone","Astrolabe","Necronomicon","Strawberry","Ginger","Fusion Hammer","Bottled Flame","Pocketwatch","Kunai","Smiling Mask","CaptainsWheel","Anchor","Bag of Preparation","Orichalcum"],"acts_visited":["Exordium","TheCity","TheBeyond","TheEnding"],"potions_floor_usage":[48,55],"damage_taken":[{"damage":15.0,"enemies":"Small Slimes","floor":1.0,"turns":4.0},{"damage":1.0,"enemies":"2 Louse","floor":2.0,"turns":3.0},{"damage":7.0,"enemies":"Jaw Worm","floor":4.0,"turns":4.0},{"damage":11.0,"enemies":"Large Slime","floor":5.0,"turns":6.0},{"damage":12.0,"enemies":"Lagavulin","floor":6.0,"turns":8.0},{"damage":6.0,"enemies":"Blue Slaver","floor":8.0,"turns":4.0},{"damage":19.0,"enemies":"Exordium Thugs","floor":11.0,"turns":5.0},{"damage":16.0,"enemies":"3 Louse","floor":12.0,"turns":4.0},{"damage":8.0,"enemies":"Slime Boss","floor":16.0,"turns":10.0},{"damage":12.0,"enemies":"3 Byrds","floor":18.0,"turns":6.0},{"damage":27.0,"enemies":"Spheric Guardian","floor":19.0,"turns":5.0},{"damage":27.0,"enemies":"Snake Plant","floor":21.0,"turns":5.0},{"damage":10.0,"enemies":"3 Cultists","floor":22.0,"turns":6.0},{"damage":25.0,"enemies":"Sentry and Sphere","floor":28.0,"turns":5.0},{"damage":6.0,"enemies":"Snake Plant","floor":30.0,"turns":4.0},{"damage":24.0,"enemies":"Champ","floor":33.0,"turns":9.0},{"damage":30,"enemies":"3 Darklings","floor":35,"turns":4},{"damage":15,"enemies":"Nemesis","floor":40,"turns":11},{"damage":28,"enemies":"Mind Bloom Boss Battle","floor":41,"turns":6},{"damage":6,"enemies":"Giant Head","floor":42,"turns":8},{"damage":30,"enemies":"Nemesis","floor":44,"turns":7},{"damage":19,"enemies":"2 Orb Walkers","floor":45,"turns":6},{"damage":13,"enemies":"Orb Walker","floor":46,"turns":5},{"damage":0,"enemies":"Giant Head","floor":47,"turns":7},{"damage":53,"enemies":"Transient","floor":48,"turns":5},{"damage":7,"enemies":"Awakened One","floor":50,"turns":12},{"damage":6,"enemies":"Shield and Spear","floor":54,"turns":5},{"damage":27,"enemies":"The Heart","floor":55,"turns":9}],"seed_played":"-6156183219953444172","potions_obtained":[{"floor":5.0,"key":"SteroidPotion"},{"floor":8.0,"key":"Weak Potion"},{"floor":12.0,"key":"EssenceOfSteel"},{"floor":16.0,"key":"SteroidPotion"},{"floor":21.0,"key":"LiquidBronze"},{"floor":22.0,"key":"BloodPotion"},{"floor":28.0,"key":"DuplicationPotion"},{"floor":33.0,"key":"FearPotion"},{"floor":42,"key":"DuplicationPotion"},{"floor":47,"key":"Regen Potion"},{"floor":48,"key":"ElixirPotion"}],"is_trial":false,"path_per_floor":["M","M","$","M","M","E","R","M","T","?","M","M","R","?","R","B",null,"M","M","$","M","M","R","?","R","T","R","M","?","M","?","R","B",null,"M","$","?","?","$","E","?","E","T","E","?","M","E","M","R","B",null,"R","$","E","B",null],"character_chosen":"IRONCLAD","items_purchased":["Shrug It Off","Dark Embrace","Bag of Preparation","Fire Breathing"],"campfire_rested":2,"item_purchase_floors":[20,39,53,53],"current_hp_per_floor":[63,68,68,67,62,56,56,56,56,42,41,43,43,43,43,53,67,63,54,54,45,53,53,37,37,44,44,52,52,52,52,75,57,74,50,50,45,45,45,48,38,50,50,38,37,42,48,27,27,38,69,79,79,79,58],"gold":67,"neow_bonus":"TRANSFORM_TWO_CARDS","is_daily":false,"chose_seed":false,"campfire_upgraded":6,"win_rate":0.0,"timestamp":1611067295,"path_taken":["M","M","$","M","M","E","R","M","T","?","M","M","R","?","R","BOSS","M","M","$","M","M","R","?","R","T","R","M","?","M","?","R","BOSS","M","$","?","?","$","E","?","E","T","E","?","M","E","M","R","BOSS","R","$","E","BOSS"],"items_purchased_type":["Card","Card","Relic","Card"],"build_version":"2020-12-22","purchased_purges":3,"victory":true,"max_hp_per_floor":[72,72,72,72,72,72,72,72,72,72,72,72,72,72,72,72,72,72,72,72,72,72,72,72,72,79,79,79,79,79,79,79,79,79,79,79,79,79,79,79,79,79,79,79,79,79,79,79,79,79,79,79,79,79,79],"card_choices":[{"not_picked":["Perfected Strike","Cleave"],"picked":"Metallicize","floor":1.0},{"not_picked":["Body Slam","Armaments"],"picked":"Battle Trance","floor":2.0},{"not_picked":["Twin Strike","Infernal Blade","Thunderclap"],"picked":"SKIP","floor":4.0},{"not_picked":["Impervious","Body Slam","Warcry"],"picked":"SKIP","floor":5.0},{"not_picked":["Body Slam","Warcry"],"picked":"Impervious","floor":5.0},{"not_picked":["Perfected Strike","Cleave"],"picked":"Exhume","floor":6.0},{"not_picked":["Body Slam","Sentinel"],"picked":"Headbutt","floor":8.0},{"not_picked":["Rampage","Flex"],"picked":"Armaments","floor":11.0},{"not_picked":["Heavy Blade","Pommel Strike"],"picked":"Shockwave","floor":12.0},{"not_picked":["Corruption","Reaper"],"picked":"Barricade","floor":16.0},{"not_picked":["Anger","Clothesline"],"picked":"Body Slam","floor":18.0},{"not_picked":["Sever Soul","Headbutt","Rampage+1"],"picked":"SKIP","floor":19.0},{"not_picked":["Uppercut","Whirlwind"],"picked":"Flame Barrier+1","floor":21.0},{"not_picked":["Bloodletting","Wild Strike","Shockwave"],"picked":"SKIP","floor":22.0},{"not_picked":["Sword Boomerang","Infernal Blade","Headbutt"],"picked":"SKIP","floor":28.0},{"not_picked":["Rampage","Pummel","Sever Soul"],"picked":"SKIP","floor":30.0},{"not_picked":["Impervious","Bludgeon"],"picked":"Immolate","floor":33.0},{"not_picked":["Iron Wave","Clash"],"picked":"Intimidate+1","floor":35},{"not_picked":["Flash of Steel","Secret Weapon"],"picked":"Madness","floor":37},{"not_picked":["Flex","Carnage","Spot Weakness"],"picked":"SKIP","floor":40},{"not_picked":["Pommel Strike","Rampage"],"picked":"Shrug It Off+1","floor":41},{"not_picked":["Iron Wave","Headbutt","Cleave"],"picked":"SKIP","floor":42},{"not_picked":["Second Wind","Uppercut","Sentinel"],"picked":"SKIP","floor":44},{"not_picked":["Armaments","Flex"],"picked":"Evolve+1","floor":45},{"not_picked":["True Grit","Perfected Strike+1"],"picked":"Juggernaut","floor":46},{"not_picked":["Warcry","Combust+1","Heavy Blade+1"],"picked":"SKIP","floor":47},{"not_picked":["Thunderclap+1","Sword Boomerang+1","Pommel Strike"],"picked":"SKIP","floor":48},{"not_picked":["Shrug It Off","True Grit","Wild Strike"],"picked":"SKIP","floor":54}],"player_experience":353623,"relics_obtained":[{"floor":6.0,"key":"Shuriken"},{"floor":9.0,"key":"Meat on the Bone"},{"floor":24.0,"key":"Necronomicon"},{"floor":26.0,"key":"Strawberry"},{"floor":40,"key":"Bottled Flame"},{"floor":41,"key":"Pocketwatch"},{"floor":42,"key":"Kunai"},{"floor":44,"key":"Smiling Mask"},{"floor":45,"key":"CaptainsWheel"},{"floor":47,"key":"Anchor"},{"floor":54,"key":"Orichalcum"}],"event_choices":[{"damage_healed":0.0,"max_hp_gain":0.0,"max_hp_loss":0.0,"gold_gain":0.0,"event_name":"Shining Light","player_choice":"Entered Light","floor":10.0,"gold_loss":0.0,"damage_taken":14.0,"cards_upgraded":["Strike_R","Exhume"]},{"cards_removed":["Strike_R"],"damage_healed":0.0,"max_hp_gain":0.0,"max_hp_loss":0.0,"gold_gain":0.0,"event_name":"The Cleric","player_choice":"Card Removal","floor":14.0,"gold_loss":50.0,"damage_taken":0.0},{"damage_healed":0.0,"max_hp_gain":0.0,"max_hp_loss":0.0,"gold_gain":0.0,"event_name":"Cursed Tome","player_choice":"Obtained Book","floor":24.0,"gold_loss":0.0,"damage_taken":16.0},{"damage_healed":0.0,"max_hp_gain":0.0,"max_hp_loss":0.0,"gold_gain":0.0,"event_name":"Addict","player_choice":"Obtained Relic","floor":29.0,"gold_loss":85.0,"damage_taken":0.0,"relics_obtained":["Ginger"]},{"damage_healed":0.0,"max_hp_gain":0.0,"max_hp_loss":0.0,"gold_gain":0.0,"event_name":"The Mausoleum","player_choice":"Ignored","floor":31.0,"gold_loss":0.0,"damage_taken":0.0},{"damage_healed":0,"gold_gain":0,"player_choice":"Memory 2","damage_taken":5,"max_hp_gain":0,"max_hp_loss":0,"event_name":"SensoryStone","floor":37,"gold_loss":0},{"cards_removed":["Immolate"],"damage_healed":0,"gold_gain":0,"player_choice":"Removed Attack","damage_taken":0,"max_hp_gain":0,"max_hp_loss":0,"event_name":"Falling","floor":38,"gold_loss":0},{"damage_healed":0,"gold_gain":0,"player_choice":"Fight","damage_taken":0,"max_hp_gain":0,"max_hp_loss":0,"event_name":"MindBloom","floor":41,"gold_loss":0},{"damage_healed":0,"gold_gain":0,"player_choice":"Fight","damage_taken":0,"max_hp_gain":0,"max_hp_loss":0,"event_name":"Mysterious Sphere","floor":45,"gold_loss":0}],"is_beta":false,"boss_relics":[{"not_picked":["SlaversCollar","Black Star"],"picked":"Astrolabe"},{"not_picked":["SacredBark","Tiny House"],"picked":"Fusion Hammer"}],"items_purged_floors":[3,20,53],"is_endless":false,"potions_floor_spawned":[5,8,12,16,21,22,28,33,42,44,47,48,54],"ascension_level":13}}