{"host":"eny0bxnatoru6fum","time":1611032068,"event":{"mods":["A Magickal Journey","AchievementEnabler","AlwaysNeverKeys","Aspiration","BaseMod","Beaked The Cultist","BetterRewards","Colored Map","Colored Powertips","Conspire","DeckTracker","Duelist Mod","Energized Spire","Glutton Mod","Halation","Hubris","Infinite Spire","Jedi Mod","Lobotomy","LobotomyExtend","Minty Spire (QoL Compilation)","Relic Sorter","Replay The Spire","Shop Mod","Spicy Shops","Spikes Relics","StSLib","Synergy Search","The Animator","The Blue Laboratory","The Bug Knight","The Cursed","The Hierophant","The Jungle","The Problem Sleuth","The Runesmith","The Sage","The Servant 0.9.4","The Spell Scribe","vexMod"],"gold_per_floor":[116,116,133,133,144,182,182,210,210,43,43,68,84,100,100,205,205,222,236,236,236,236,236],"floor_reached":22,"language":"ENG","playtime":2126,"items_purged":["Pain"],"score":213,"play_id":"0e3d25d9-7eb8-477e-ae80-2621af662bba","local_time":"20210118225428","is_ascension_mode":false,"campfire_choices":[{"floor":7,"key":"REST"},{"data":"animator:Demiurge","floor":15,"key":"SMITH"}],"circlet_count":0,"master_deck":["animator:Strike_Konosuba","animator:Defend_Konosuba","animator:Strike","animator:Strike","animator:Defend","animator:Defend","animator:Kazuma","animator:Aqua+1","animator:Gluttony","animator:Demiurge+1","animator:Millim+1","animator:KrulTepes","animator:YunYun","animator:Assassin","animator:Verdia","animator:Emonzaemon","animator:LimeBell","animator:Ara","animator:RoryMercury","animator:Biyorigo+1","animator:Elsword","animator:WinryRockbell+1"],"relics":["animator:LivingPicture","animator:TheMissingPiece","animator:PurgingStone","LetterFromLob","WarpedTongs","Blood Vial","infinitespire:Lucky Rock","Pantograph","energizedSpire:DeadBattery","Gaze_r","theSleuth:SaltedMelon","theSleuth:SaltedMelon"],"acts_visited":["Exordium","TheCity"],"potions_floor_usage":[6,16,16,20],"damage_taken":[{"damage":0,"enemies":"Small Slimes","floor":1,"turns":6},{"damage":28,"enemies":"infinitespire:Voidling","floor":3,"turns":5},{"damage":8,"enemies":"2 Louse","floor":5,"turns":2},{"damage":2,"enemies":"Gremlin Nob","floor":6,"turns":5},{"damage":10,"enemies":"Red Slaver","floor":8,"turns":4},{"damage":5,"enemies":"Gremlin Gang","floor":12,"turns":3},{"damage":0,"enemies":"2 Fungi Beasts","floor":13,"turns":4},{"damage":3,"enemies":"Exordium Thugs","floor":14,"turns":3},{"damage":41,"enemies":"Hexaghost","floor":16,"turns":12},{"damage":0,"enemies":"conspire:FuzzyDice","floor":18,"turns":6},{"damage":8,"enemies":"Shell Parasite","floor":19,"turns":6},{"damage":20,"enemies":"Snake Plant","floor":20,"turns":3},{"damage":14,"enemies":"Snake Plant","floor":22,"turns":3}],"seed_played":"-6850334873691872746","potions_obtained":[{"floor":3,"key":"blueLaboratory:StoneskinPotion"},{"floor":6,"key":"Weak Potion"},{"floor":14,"key":"blueLaboratory:RememoryPotion"},{"floor":16,"key":"Death Potion"}],"is_trial":false,"path_per_floor":["M","?","M","?","M","E","R","M","T","$","?","M","M","M","R","B",null,"M","M","M","?","M"],"character_chosen":"THE_ANIMATOR","items_purchased":["animator:LimeBell"],"campfire_rested":1,"item_purchase_floors":[10],"current_hp_per_floor":[50,50,32,32,26,26,45,40,40,40,40,44,49,51,51,30,67,68,60,9,9,0,0],"gold":236,"neow_bonus":"TRANSFORM_TWO_CARDS","is_daily":false,"chose_seed":false,"campfire_upgraded":1,"win_rate":0.0,"timestamp":1611032068,"path_taken":["M","?","?","?","?","E","R","?","T","$","?","M","M","M","R","BOSS","M","M","M","?","M"],"items_purchased_type":["Card"],"build_version":"2020-12-22","purchased_purges":1,"victory":false,"max_hp_per_floor":[66,66,66,66,66,66,66,66,66,66,66,66,66,66,66,67,67,68,68,68,68,68,68],"card_choices":[{"not_picked":["animator:Demiurge","animator:PandorasActor"],"picked":"animator:Millim","floor":1},{"not_picked":["animator:Benimaru","animator:Scar"],"picked":"animator:KrulTepes","floor":3},{"not_picked":["animator:Shion","animator:Rider"],"picked":"animator:Assassin","floor":5},{"not_picked":["animator:Kazuma","animator:Mitsurugi"],"picked":"animator:Verdia","floor":6},{"not_picked":["animator:LeleiLaLalena","animator:Shigure"],"picked":"animator:Emonzaemon","floor":8},{"not_picked":["animator:Mitsuba","animator:MaesHughes"],"picked":"animator:Ara","floor":12},{"not_picked":["animator:ZankiKiguchi","animator:Kuribayashi"],"picked":"animator:Millim","floor":13},{"not_picked":["animator:Tyuule","animator:Arpeggio"],"picked":"animator:RoryMercury","floor":14},{"not_picked":["animator:Father","animator:Rimuru"],"picked":"animator:Biyorigo","floor":16},{"not_picked":["animator:KrulTepes+1","animator:Berserker"],"picked":"animator:Elsword","floor":18},{"not_picked":["animator:ElricAlphonse","animator:Vanir"],"picked":"animator:WinryRockbell+1","floor":19}],"player_experience":488905,"relics_obtained":[{"floor":1,"key":"LetterFromLob"},{"floor":6,"key":"Blood Vial"},{"floor":6,"key":"infinitespire:Lucky Rock"},{"floor":9,"key":"Pantograph"}],"event_choices":[{"damage_healed":0,"gold_gain":0,"player_choice":"Rummage","damage_taken":0,"relics_obtained":["WarpedTongs"],"max_hp_gain":0,"max_hp_loss":0,"event_name":"Accursed Blacksmith","floor":2,"gold_loss":0,"cards_obtained":["Pain"]},{"damage_healed":0,"gold_gain":0,"player_choice":"1 cards matched","damage_taken":0,"max_hp_gain":0,"max_hp_loss":0,"event_name":"Match and Keep!","floor":4,"gold_loss":0,"cards_obtained":["animator:YunYun"]},{"damage_healed":0,"gold_gain":0,"player_choice":"Upgraded","damage_taken":0,"max_hp_gain":0,"max_hp_loss":0,"event_name":"Upgrade Shrine","floor":11,"gold_loss":0,"cards_upgraded":["animator:Aqua"]}],"is_beta":false,"boss_relics":[{"not_picked":["vexMod:DeviousBotling","Coffee Dripper"],"picked":"energizedSpire:DeadBattery"}],"items_purged_floors":[10],"is_endless":false,"potions_floor_spawned":[3,6,14,16],"killed_by":"Snake Plant","ascension_level":0}}