{"host":"6svvh3ubww6quchd","time":1611020822,"event":{"mods":["AchievementEnabler","BaseMod","Highlight Path","Minty Spire (QoL Compilation)","Rare Cards Sparkle","Relic Stats","StSLib"],"gold_per_floor":[410,429,429,46,46,46,89,89,89,89,122,122,52,67,67,190,190,203,203,227,61,61,61,61,61],"floor_reached":24,"language":"ENG","playtime":922,"items_purged":["Writhe"],"score":240,"play_id":"ce7212e8-bb8e-4642-abe3-ddb9d3b9a38e","local_time":"20210118204702","is_ascension_mode":true,"campfire_choices":[{"data":"Cold Snap","floor":6,"key":"SMITH"},{"data":"Leap","floor":8,"key":"SMITH"},{"data":"Melter","floor":10,"key":"SMITH"},{"data":"Core Surge","floor":15,"key":"SMITH"},{"data":"Coolheaded","floor":23,"key":"SMITH"}],"circlet_count":0,"master_deck":["Strike_B","Strike_B","Strike_B","Strike_B","Defend_B","Defend_B","Defend_B","Defend_B","Zap","Dualcast","Leap+1","Cold Snap+1","Melter+1","Tempest","Core Surge+1","Doom and Gloom","Aggregate","Multi-Cast","Defragment+1","Coolheaded+1"],"relics":["Cracked Core","Old Coin","Golden Idol","Ice Cream","Sundial","Gremlin Horn","Smiling Mask","Nuclear Battery","HornCleat"],"acts_visited":["Exordium","TheCity"],"potions_floor_usage":[11,16,16],"damage_taken":[{"damage":0,"enemies":"Small Slimes","floor":1,"turns":3},{"damage":0,"enemies":"Jaw Worm","floor":2,"turns":3},{"damage":20,"enemies":"Lagavulin","floor":7,"turns":6},{"damage":28,"enemies":"Gremlin Nob","floor":11,"turns":4},{"damage":3,"enemies":"2 Louse","floor":14,"turns":2},{"damage":39,"enemies":"Hexaghost","floor":16,"turns":11},{"damage":22,"enemies":"2 Thieves","floor":18,"turns":4},{"damage":14,"enemies":"Shell Parasite","floor":20,"turns":5},{"damage":34,"enemies":"Book of Stabbing","floor":24,"turns":5}],"seed_played":"-17023016413583410","potions_obtained":[{"floor":2,"key":"Swift Potion"},{"floor":7,"key":"BlessingOfTheForge"},{"floor":14,"key":"Block Potion"},{"floor":20,"key":"FearPotion"}],"is_trial":false,"path_per_floor":["M","M","?","$","?","R","E","R","T","R","E","?","$","M","R","B",null,"M","?","M","$","?","R","E"],"character_chosen":"DEFECT","items_purchased":["Ice Cream","Melter","Doom and Gloom","Defragment","Coolheaded"],"campfire_rested":0,"item_purchase_floors":[4,4,13,21,21],"current_hp_per_floor":[75,75,69,69,69,69,49,49,49,49,21,44,44,41,41,2,69,47,47,33,33,33,33,0,0],"gold":61,"neow_bonus":"ONE_RARE_RELIC","is_daily":false,"chose_seed":false,"campfire_upgraded":5,"win_rate":0.0,"timestamp":1611020822,"path_taken":["M","M","?","$","?","R","E","R","T","R","E","?","$","M","R","BOSS","M","?","M","$","?","R","E"],"items_purchased_type":["Relic","Card","Card","Card","Card"],"build_version":"2020-12-22","purchased_purges":1,"victory":false,"max_hp_per_floor":[75,75,69,69,69,69,69,69,69,69,69,69,69,69,69,69,69,69,69,69,69,69,69,69,69],"relic_stats":{"Gremlin Horn":[2,2],"counters":[9,43],"Golden Idol":52,"Sundial":[4],"Smiling Mask":25,"obtain_stats":[{"Ice Cream":4,"HornCleat":19,"Gremlin Horn":9,"Golden Idol":3,"Sundial":7,"Cracked Core":0,"Smiling Mask":11,"Old Coin":0,"Nuclear Battery":17},{"Ice Cream":2,"HornCleat":7,"Gremlin Horn":3,"Golden Idol":2,"Sundial":3,"Cracked Core":0,"Smiling Mask":4,"Old Coin":0,"Nuclear Battery":6},{"Ice Cream":6,"HornCleat":33,"Gremlin Horn":12,"Golden Idol":6,"Sundial":12,"Cracked Core":0,"Smiling Mask":16,"Old Coin":0,"Nuclear Battery":29}]},"card_choices":[{"not_picked":["Steam Power","Blizzard"],"picked":"Leap","floor":1},{"not_picked":["Hologram","Conserve Battery"],"picked":"Cold Snap","floor":2},{"not_picked":["Streamline","Redo"],"picked":"Tempest","floor":7},{"not_picked":["FTL","Ball Lightning"],"picked":"Core Surge","floor":11},{"not_picked":["Barrage","Redo"],"picked":"Aggregate","floor":14},{"not_picked":["Core Surge","Rainbow"],"picked":"Multi-Cast","floor":16},{"not_picked":["Sunder","Compile Driver+1","Rebound"],"picked":"SKIP","floor":18},{"not_picked":["Go for the Eyes","Hologram+1","Stack"],"picked":"SKIP","floor":20}],"player_experience":141340,"relics_obtained":[{"floor":7,"key":"Sundial"},{"floor":9,"key":"Gremlin Horn"},{"floor":11,"key":"Smiling Mask"}],"event_choices":[{"damage_healed":0,"gold_gain":0,"player_choice":"Lose Max HP","damage_taken":0,"relics_obtained":["Golden Idol"],"max_hp_gain":0,"max_hp_loss":6,"event_name":"Golden Idol","floor":3,"gold_loss":0},{"damage_healed":0,"gold_gain":0,"player_choice":"Leave","damage_taken":0,"max_hp_gain":0,"max_hp_loss":0,"event_name":"The Cleric","floor":5,"gold_loss":0},{"damage_healed":23,"gold_gain":0,"player_choice":"Banana","damage_taken":0,"max_hp_gain":0,"max_hp_loss":0,"event_name":"Big Fish","floor":12,"gold_loss":0},{"damage_healed":0,"gold_gain":0,"player_choice":"Opened","damage_taken":0,"relics_obtained":["HornCleat"],"max_hp_gain":0,"max_hp_loss":0,"event_name":"The Mausoleum","floor":19,"gold_loss":0},{"damage_healed":0,"gold_gain":0,"player_choice":"Upgraded","damage_taken":0,"max_hp_gain":0,"max_hp_loss":0,"event_name":"Upgrade Shrine","floor":22,"gold_loss":0,"cards_upgraded":["Defragment"]}],"is_beta":false,"boss_relics":[{"not_picked":["FrozenCore","Busted Crown"],"picked":"Nuclear Battery"}],"items_purged_floors":[21],"is_endless":false,"potions_floor_spawned":[2,7,14,20],"killed_by":"Book of Stabbing","ascension_level":4}}