{"host":"y193d0agu1dp5x1y","time":1611054879,"event":{"mods":["AchievementEnabler","BaseMod","Googly Eyes","Minty Spire (QoL Compilation)"],"gold_per_floor":[118,43,43,8,22,22,22,57,109,109,125,84,84,84,84],"floor_reached":14,"language":"ENG","playtime":547,"items_purged":["Dualcast"],"score":90,"play_id":"c424558c-92b3-4c83-a5db-b3a96acde59e","local_time":"20210119051439","is_ascension_mode":true,"campfire_choices":[{"floor":6,"key":"RECALL"},{"data":"Zap","floor":10,"key":"SMITH"},{"data":"White Noise","floor":13,"key":"SMITH"}],"circlet_count":0,"master_deck":["Strike_B","Strike_B","Strike_B","Defend_B","Defend_B","Defend_B","Defend_B","Zap+1","White Noise+1"],"relics":["Runic Pyramid","Bottled Lightning","Nunchaku"],"acts_visited":["Exordium"],"potions_floor_usage":[14,14],"damage_taken":[{"damage":12.0,"enemies":"Cultist","floor":1.0,"turns":5.0},{"damage":1.0,"enemies":"Jaw Worm","floor":5.0,"turns":6.0},{"damage":41,"enemies":"Lagavulin","floor":8,"turns":10},{"damage":2,"enemies":"2 Louse","floor":11,"turns":4},{"damage":26,"enemies":"3 Sentries","floor":14,"turns":4}],"seed_played":"-7510618438607425891","potions_obtained":[{"floor":1.0,"key":"GamblersBrew"},{"floor":11,"key":"SneckoOil"}],"is_trial":false,"path_per_floor":["M","$","$","?","M","R","?","E","T","R","M","?","R","E"],"character_chosen":"DEFECT","items_purchased":[],"campfire_rested":0,"item_purchase_floors":[],"current_hp_per_floor":[63,63,63,75,74,74,67,26,26,26,24,24,24,0,0],"gold":84,"neow_bonus":"BOSS_RELIC","is_daily":false,"chose_seed":false,"campfire_upgraded":2,"win_rate":0.0,"timestamp":1611054879,"path_taken":["M","?","$","?","M","R","?","E","T","R","?","?","R","E"],"items_purchased_type":[],"build_version":"2020-12-22","purchased_purges":1,"victory":false,"max_hp_per_floor":[75,75,75,75,75,75,75,75,75,75,75,75,75,75,75],"card_choices":[{"not_picked":["Sweeping Beam","Turbo"],"picked":"White Noise","floor":1.0},{"not_picked":["Blizzard","Genetic Algorithm","Capacitor"],"picked":"SKIP","floor":5.0},{"not_picked":["Buffer","Redo","Stack"],"picked":"SKIP","floor":8},{"not_picked":["Beam Cell","Hologram","Darkness"],"picked":"SKIP","floor":11}],"player_experience":129100,"relics_obtained":[{"floor":8,"key":"Bottled Lightning"},{"floor":9,"key":"Nunchaku"}],"event_choices":[{"damage_healed":18.0,"max_hp_gain":0.0,"max_hp_loss":0.0,"gold_gain":0.0,"event_name":"The Cleric","player_choice":"Healed","floor":4.0,"gold_loss":35.0,"damage_taken":0.0},{"cards_removed":["Strike_B"],"damage_healed":0,"gold_gain":0,"player_choice":"Card Removal","damage_taken":7,"max_hp_gain":0,"max_hp_loss":0,"event_name":"Golden Wing","floor":7,"gold_loss":0},{"damage_healed":0,"gold_gain":0,"player_choice":"Left Gold","damage_taken":0,"max_hp_gain":0,"max_hp_loss":0,"event_name":"World of Goop","floor":12,"gold_loss":41}],"is_beta":false,"boss_relics":[],"items_purged_floors":[2],"is_endless":false,"potions_floor_spawned":[1,11],"killed_by":"3 Sentries","ascension_level":1}}