{"host":"51f0ad793vly1w6u","time":1611030885,"event":{"mods":["BaseMod","Colored Map","DeckTracker","Minty Spire (QoL Compilation)","Replay The Spire","StSLib","SuperFastMode"],"gold_per_floor":[119,36,50,64,64,64,95,107,190,202,232,133,147,167,167,266,266,281,296,323,323,28,28,40,60,60,159,211,211,231,251,251,352,352,366,382,11,23,37,91,91,158,182,182,209,232,232,242,242,242,242,242,16,42,42],"floor_reached":56,"language":"KOR","playtime":1605,"items_purged":["Regret","Strike_G","Strike_G"],"score":1309,"play_id":"3ce3e6c0-5f2c-4e06-b117-e9e4e6e88208","local_time":"20210119133445","is_ascension_mode":false,"campfire_choices":[{"data":"Eviscerate","floor":6.0,"key":"SMITH"},{"data":"Cloak And Dagger","floor":8.0,"key":"SMITH"},{"data":"Neutralize","floor":10.0,"key":"SMITH"},{"floor":15.0,"key":"REST"},{"data":"Wraith Form v2","floor":23.0,"key":"SMITH"},{"data":"ReplayTheSpireMod:Scrap Shanks","floor":29.0,"key":"SMITH"},{"floor":32.0,"key":"REST"},{"data":"ReplayTheSpireMod:Scrap Shanks","floor":41,"key":"SMITH"},{"data":"After Image","floor":44,"key":"SMITH"},{"data":"Backflip","floor":49,"key":"SMITH"},{"data":"Defend_G","floor":52,"key":"SMITH"}],"circlet_count":0,"master_deck":["Strike_G","Strike_G","Strike_G","Defend_G","Defend_G+1","Defend_G","Defend_G","Defend_G+1","Survivor+1","Neutralize+1","Slice","Terror+1","Eviscerate+1","Cloak And Dagger+1","Blade Dance+1","Wraith Form v2+1","Calculated Gamble+1","Deflect+1","ReplayTheSpireMod:Scrap Shanks+1","Backflip+1","After Image+1","CurseOfTheBell","ReplayTheSpireMod:The Works+1","Calculated Gamble+1","ReplayTheSpireMod:Scrap Shanks+1","Pot Of Greed+1","Pot Of Greed+1","Pot Of Greed+1","Acrobatics+1","Tactician+1","Deflect+1","Prepared+1","After Image+1"],"relics":["Ring of the Snake","Regal Pillow","Tiny Chest","MawBank","Replay:Accelerometer","WristBlade","Blue Doll","Oddly Smooth Stone","Ornamental Fan","Nunchaku","Calling Bell","Tough Bandages","Toxic Egg 2","War Paint","Grinning Jar","Meat on the Bone","Blood Vial","Toy Ornithopter","Byrd Skull","Replay:Wax Seal","DollysMirror","Vajra"],"acts_visited":["Exordium","TheCity","TheBeyond","TheEnding"],"potions_floor_usage":[40,50,55,55,55],"damage_taken":[{"damage":0.0,"enemies":"2 Louse","floor":1.0,"turns":2.0},{"damage":1.0,"enemies":"Cultist","floor":3.0,"turns":4.0},{"damage":2.0,"enemies":"Jaw Worm","floor":4.0,"turns":4.0},{"damage":35.0,"enemies":"Lagavulin","floor":7.0,"turns":6.0},{"damage":10.0,"enemies":"Lots of Slimes","floor":11.0,"turns":5.0},{"damage":7.0,"enemies":"Exordium Thugs","floor":13.0,"turns":5.0},{"damage":7.0,"enemies":"3 Louse","floor":14.0,"turns":3.0},{"damage":10.0,"enemies":"Hexaghost","floor":16.0,"turns":7.0},{"damage":5.0,"enemies":"2 Thieves","floor":18.0,"turns":3.0},{"damage":3.0,"enemies":"Spheric Guardian","floor":19.0,"turns":4.0},{"damage":2.0,"enemies":"3 Cultists","floor":24.0,"turns":5.0},{"damage":4.0,"enemies":"Centurion and Healer","floor":25.0,"turns":5.0},{"damage":0.0,"enemies":"Snake Plant","floor":30.0,"turns":3.0},{"damage":12.0,"enemies":"Sentry and Sphere","floor":31.0,"turns":4.0},{"damage":38.0,"enemies":"Pondfish","floor":33.0,"turns":14.0},{"damage":0.0,"enemies":"Orb Walker","floor":35.0,"turns":3.0},{"damage":6.0,"enemies":"3 Shapes","floor":36.0,"turns":6.0},{"damage":8,"enemies":"Sphere and 2 Shapes","floor":38,"turns":5},{"damage":1,"enemies":"Jaw Worm Horde","floor":39,"turns":4},{"damage":0,"enemies":"R_Hoarder","floor":40,"turns":4},{"damage":0,"enemies":"Giant Head","floor":45,"turns":1},{"damage":0,"enemies":"4 Shapes","floor":48,"turns":2},{"damage":9,"enemies":"Awakened One","floor":50,"turns":10},{"damage":0,"enemies":"Shield and Spear","floor":54,"turns":3},{"damage":1,"enemies":"The Heart","floor":55,"turns":5}],"seed_played":"-5797583994811999196","potions_obtained":[{"floor":1.0,"key":"Venom Potion"},{"floor":7.0,"key":"Dexterity Potion"},{"floor":11.0,"key":"Swift Potion"},{"floor":19.0,"key":"BlessingOfTheForge"},{"floor":21.0,"key":"Fruit Juice"},{"floor":21.0,"key":"LifebloodPotion"},{"floor":35.0,"key":"Fire Potion"},{"floor":36.0,"key":"DistilledChaos"},{"floor":42,"key":"FearPotion"},{"floor":42,"key":"SpeedPotion"}],"is_trial":false,"path_per_floor":["M","?","M","M","?","R","E","R","T","R","M","$","M","M","R","B",null,"M","M","T","?","$","R","M","M","T","?","T","R","M","M","R","B",null,"M","M","$","M","M","E","R","?","T","R","E","T","?","M","R","B",null,"R","$","E","B",null],"character_chosen":"THE_SILENT","items_purchased":["Blade Dance+1","Calculated Gamble+1","Oddly Smooth Stone","Calculated Gamble+1","ReplayTheSpireMod:Scrap Shanks","Grinning Jar","DollysMirror","Ancient Potion"],"campfire_rested":2,"item_purchase_floors":[12,22,22,37,37,37,53,53],"current_hp_per_floor":[70,70,69,67,67,67,32,32,32,32,22,22,15,8,44,34,70,65,62,62,67,67,67,65,61,61,61,61,61,61,49,75,37,75,75,69,69,61,60,60,60,60,60,60,62,62,62,64,64,62,75,75,75,75,74],"gold":42,"neow_bonus":"RANDOM_EVENT","is_daily":false,"chose_seed":false,"campfire_upgraded":9,"win_rate":0.0,"timestamp":1611030885,"path_taken":["M","?","M","?","?","R","E","R","T","R","M","$","?","M","R","BOSS","M","M","?","?","$","R","?","M","T","?","?","R","?","M","R","BOSS","M","?","$","M","M","E","R","?","T","R","E","?","?","M","R","BOSS","R","$","E","BOSS"],"items_purchased_type":["Card","Card","Relic","Card","Card","Relic","Relic","Potion"],"build_version":"2020-12-22","purchased_purges":3,"victory":true,"max_hp_per_floor":[70,70,70,70,70,70,70,70,70,70,70,70,70,70,70,70,70,70,70,70,75,75,75,75,75,75,75,75,75,75,75,75,75,75,75,75,75,75,75,75,75,75,75,75,75,75,75,75,75,75,75,75,75,75,75],"card_choices":[{"not_picked":["ReplayTheSpireMod:Shiv Toss","Prepared"],"picked":"Slice","floor":1.0},{"not_picked":["Quick Slash","Skewer"],"picked":"Terror","floor":3.0},{"not_picked":["Bane","Underhanded Strike"],"picked":"Eviscerate","floor":4.0},{"not_picked":["Reflex","ReplayTheSpireMod:Necrosis"],"picked":"Cloak And Dagger","floor":7.0},{"not_picked":["Poisoned Stab","ReplayTheSpireMod:Shiv Toss","Underhanded Strike"],"picked":"SKIP","floor":11.0},{"not_picked":["Crippling Poison","Blade Dance","Underhanded Strike"],"picked":"SKIP","floor":13.0},{"not_picked":["Crippling Poison","Blade Dance","Underhanded Strike"],"picked":"SKIP","floor":13.0},{"not_picked":["Slice","Blade Dance","ReplayTheSpireMod:The Works"],"picked":"SKIP","floor":14.0},{"not_picked":["Grand Finale","Glass Knife"],"picked":"Wraith Form v2","floor":16.0},{"not_picked":["Quick Slash","Slice","Outmaneuver"],"picked":"SKIP","floor":18.0},{"not_picked":["Setup","Sneak Up","Prepared"],"picked":"SKIP","floor":19.0},{"not_picked":["Poisoned Stab","Backflip"],"picked":"Deflect+1","floor":24.0},{"not_picked":["Endless Agony","Toxin Wave"],"picked":"ReplayTheSpireMod:Scrap Shanks","floor":25.0},{"not_picked":["Riddle With Holes","Underhanded Strike","Sucker Punch"],"picked":"SKIP","floor":30.0},{"not_picked":["Deadly Poison+1","Cloak And Dagger"],"picked":"Backflip","floor":31.0},{"not_picked":["Venomology","ReplayTheSpireMod:From All Sides"],"picked":"After Image","floor":33.0},{"not_picked":["Bane+1","Poisoned Stab+1"],"picked":"ReplayTheSpireMod:The Works+1","floor":35.0},{"not_picked":["Underhanded Strike+1","Outmaneuver+1","Sucker Punch+1"],"picked":"SKIP","floor":36.0},{"not_picked":["Dagger Throw+1","Blade Dance+1"],"picked":"Acrobatics+1","floor":38},{"not_picked":["Heel Hook+1","Dagger Spray","Dash"],"picked":"SKIP","floor":39},{"not_picked":["Endless Agony","Backstab","Dash+1"],"picked":"SKIP","floor":40},{"not_picked":["Catalyst+1","Deflect+1"],"picked":"Tactician+1","floor":42},{"not_picked":["Heel Hook+1","Masterful Stab+1"],"picked":"Deflect+1","floor":45},{"not_picked":["Backstab","Cloak And Dagger+1"],"picked":"Prepared+1","floor":48},{"not_picked":["Replay:Poison Smokescreen+1","Dagger Throw","Sucker Punch"],"picked":"SKIP","floor":54}],"player_experience":1397988,"relics_obtained":[{"floor":7.0,"key":"MawBank"},{"floor":9.0,"key":"Replay:Accelerometer"},{"floor":20.0,"key":"Blue Doll"},{"floor":26.0,"key":"Ornamental Fan"},{"floor":28.0,"key":"Nunchaku"},{"floor":34.0,"key":"Tough Bandages"},{"floor":34.0,"key":"Toxic Egg 2"},{"floor":34.0,"key":"War Paint"},{"floor":40,"key":"Meat on the Bone"},{"floor":42,"key":"Blood Vial"},{"floor":43,"key":"Toy Ornithopter"},{"floor":45,"key":"Byrd Skull"},{"floor":46,"key":"Replay:Wax Seal"},{"floor":54,"key":"Vajra"}],"event_choices":[{"damage_healed":0.0,"max_hp_gain":0.0,"max_hp_loss":0.0,"gold_gain":0.0,"event_name":"Big Fish","player_choice":"Box","floor":0.0,"gold_loss":0.0,"damage_taken":0.0,"relics_obtained":["Regal Pillow"],"cards_obtained":["Regret"]},{"damage_healed":0.0,"max_hp_gain":0.0,"max_hp_loss":0.0,"gold_gain":0.0,"event_name":"WeMeetAgain","player_choice":"Paid Gold","floor":2.0,"gold_loss":83.0,"damage_taken":0.0,"relics_obtained":["Tiny Chest"]},{"damage_healed":0.0,"max_hp_gain":0.0,"max_hp_loss":0.0,"gold_gain":0.0,"event_name":"Accursed Blacksmith","player_choice":"Forge","floor":5.0,"gold_loss":0.0,"damage_taken":0.0,"cards_upgraded":["Terror"]},{"damage_healed":0.0,"max_hp_gain":0.0,"max_hp_loss":0.0,"gold_gain":0.0,"event_name":"Lab","player_choice":"Got Potions","floor":21.0,"gold_loss":0.0,"damage_taken":0.0},{"damage_healed":0.0,"max_hp_gain":0.0,"max_hp_loss":0.0,"gold_gain":99.0,"event_name":"Nest","player_choice":"Stole From Cult","floor":27.0,"gold_loss":0.0,"damage_taken":0.0},{"damage_healed":0,"gold_gain":0,"player_choice":"Ignored","damage_taken":0,"max_hp_gain":0,"max_hp_loss":0,"event_name":"Tomb of Lord Red Mask","floor":47,"gold_loss":0}],"is_beta":false,"boss_relics":[{"not_picked":["Painkiller Herb","Cursed Key"],"picked":"WristBlade"},{"not_picked":["Pandora\u0027s Box","Replay:Drink Me"],"picked":"Calling Bell"}],"items_purged_floors":[12,22,37],"is_endless":false,"potions_floor_spawned":[1,7,11,14,19,30,35,36,45],"ascension_level":0}}