{"host":"7tvb1em0d2fx72q7","time":1611093447,"event":{"mods":["BaseMod","Challenge The Spire","Minty Spire (QoL Compilation)","StSLib","everything is the same but u backflip on backflip"],"gold_per_floor":[116,131,147,197,208,238,253,253,280,298,331,331,359,15,15,94,94,113,124,135,135,135,135,147,157,180,180,197,197,197],"floor_reached":29,"language":"ENG","playtime":2011,"items_purged":[],"score":523,"play_id":"ed8671e0-10db-433a-94d1-223cb51b7718","local_time":"20210119165727","is_ascension_mode":true,"campfire_choices":[{"floor":8.0,"key":"REST"},{"data":"Fiend Fire","floor":12.0,"key":"SMITH"},{"data":"Flame Barrier","floor":15.0,"key":"SMITH"},{"data":"Heavy Blade","floor":23.0,"key":"SMITH"},{"data":"Impervious","floor":27,"key":"SMITH"}],"circlet_count":0,"master_deck":["AscendersBane","Strike_R","Strike_R","Strike_R","Strike_R","Strike_R","Defend_R","Defend_R","Defend_R","Defend_R","Bash","Feed","Dropkick","Fiend Fire+1","Heavy Blade+1","Flame Barrier+1","Headbutt","Thunderclap","Pommel Strike","Power Through","Feel No Pain","Feel No Pain","Impervious+1","Heavy Blade+1","Anger","J.A.X.+1","Disarm","Dropkick","Cleave"],"relics":["Burning Blood","Potion Belt","Omamori","Juzu Bracelet","Bronze Scales","Shuriken","Mark of Pain"],"acts_visited":["Exordium","TheCity"],"potions_floor_usage":[28],"damage_taken":[{"damage":10.0,"enemies":"Small Slimes","floor":1.0,"turns":3.0},{"damage":7.0,"enemies":"Cultist","floor":2.0,"turns":4.0},{"damage":9.0,"enemies":"Jaw Worm","floor":3.0,"turns":4.0},{"damage":32.0,"enemies":"Large Slime","floor":5.0,"turns":7.0},{"damage":28.0,"enemies":"Lagavulin","floor":6.0,"turns":4.0},{"damage":21.0,"enemies":"Red Slaver","floor":7.0,"turns":5.0},{"damage":6.0,"enemies":"Exordium Wildlife","floor":10.0,"turns":3.0},{"damage":8.0,"enemies":"Gremlin Nob","floor":11.0,"turns":3.0},{"damage":25.0,"enemies":"Lagavulin","floor":13.0,"turns":6.0},{"damage":30.0,"enemies":"The Guardian","floor":16.0,"turns":12.0},{"damage":7.0,"enemies":"2 Thieves","floor":18.0,"turns":3.0},{"damage":0.0,"enemies":"Spheric Guardian","floor":19.0,"turns":3.0},{"damage":19.0,"enemies":"Snake Plant","floor":20.0,"turns":2.0},{"damage":6.0,"enemies":"3 Cultists","floor":24.0,"turns":5.0},{"damage":18,"enemies":"Sentry and Sphere","floor":25,"turns":6},{"damage":46,"enemies":"Centurion and Healer","floor":28,"turns":9},{"damage":45,"enemies":"Book of Stabbing","floor":29,"turns":4}],"seed_played":"379501088574165743","potions_obtained":[{"floor":1.0,"key":"SteroidPotion"},{"floor":3.0,"key":"SteroidPotion"},{"floor":11.0,"key":"BloodPotion"},{"floor":13.0,"key":"FearPotion"},{"floor":16.0,"key":"Regen Potion"},{"floor":20.0,"key":"SpeedPotion"},{"floor":28,"key":"Strength Potion"}],"is_trial":false,"path_per_floor":["M","M","M","?","M","E","M","R","T","M","E","R","E","$","R","B",null,"M","M","M","?","?","R","M","M","T","R","M","E"],"character_chosen":"IRONCLAD","items_purchased":["Shuriken","Feel No Pain"],"campfire_rested":1,"item_purchase_floors":[14,14],"current_hp_per_floor":[67,69,69,69,46,27,12,39,39,42,40,40,24,24,24,22,80,79,85,72,72,72,72,75,66,66,66,41,0,0],"gold":197,"neow_bonus":"ONE_RANDOM_RARE_CARD","is_daily":false,"chose_seed":false,"campfire_upgraded":4,"win_rate":0.0,"timestamp":1611093447,"path_taken":["M","M","M","?","M","E","M","R","T","M","E","R","E","?","R","BOSS","M","M","M","?","?","R","M","M","T","R","M","E"],"items_purchased_type":["Relic","Card"],"build_version":"2020-12-22","purchased_purges":0,"victory":false,"max_hp_per_floor":[78,81,84,84,87,90,90,90,90,93,93,93,96,96,96,99,99,99,99,99,99,99,99,102,105,105,105,105,105,105],"card_choices":[{"not_picked":["Warcry","Wild Strike"],"picked":"Dropkick","floor":1.0},{"not_picked":["Havoc","Flex"],"picked":"Fiend Fire","floor":2.0},{"not_picked":["Rage","Sword Boomerang"],"picked":"Heavy Blade","floor":3.0},{"not_picked":["Bloodletting","Perfected Strike"],"picked":"Flame Barrier","floor":5.0},{"not_picked":["Perfected Strike","Sentinel"],"picked":"Headbutt","floor":6.0},{"not_picked":["Twin Strike","Headbutt"],"picked":"Thunderclap","floor":7.0},{"not_picked":["Flame Barrier","Fire Breathing"],"picked":"Pommel Strike","floor":10.0},{"not_picked":["Warcry","Double Tap"],"picked":"Power Through","floor":11.0},{"not_picked":["Twin Strike","Blood for Blood"],"picked":"Feel No Pain","floor":13.0},{"not_picked":["Fiend Fire","Feed"],"picked":"Impervious","floor":16.0},{"not_picked":["Dark Embrace","Bloodletting"],"picked":"Heavy Blade+1","floor":18.0},{"not_picked":["Wild Strike","Rampage","Armaments"],"picked":"SKIP","floor":19.0},{"not_picked":["Iron Wave","Cleave"],"picked":"Anger","floor":20.0},{"not_picked":["Bloodletting","Iron Wave"],"picked":"Disarm","floor":24.0},{"not_picked":["Pummel","Headbutt"],"picked":"Dropkick","floor":25},{"not_picked":["Flex","Searing Blow"],"picked":"Cleave","floor":28}],"player_experience":1934468,"relics_obtained":[{"floor":6.0,"key":"Potion Belt"},{"floor":9.0,"key":"Omamori"},{"floor":11.0,"key":"Juzu Bracelet"},{"floor":13.0,"key":"Bronze Scales"}],"event_choices":[{"damage_healed":0.0,"max_hp_gain":0.0,"max_hp_loss":0.0,"gold_gain":50.0,"event_name":"Golden Shrine","player_choice":"Pray","floor":4.0,"gold_loss":0.0,"damage_taken":0.0},{"damage_healed":0.0,"max_hp_gain":0.0,"max_hp_loss":0.0,"gold_gain":0.0,"event_name":"Drug Dealer","player_choice":"Obtain J.A.X.","floor":21.0,"gold_loss":0.0,"damage_taken":0.0,"cards_obtained":["J.A.X."]},{"damage_healed":0.0,"max_hp_gain":0.0,"max_hp_loss":0.0,"gold_gain":0.0,"event_name":"Upgrade Shrine","player_choice":"Upgraded","floor":22.0,"gold_loss":0.0,"damage_taken":0.0,"cards_upgraded":["J.A.X."]}],"is_beta":false,"boss_relics":[{"not_picked":["Philosopher\u0027s Stone","Astrolabe"],"picked":"Mark of Pain"}],"items_purged_floors":[],"is_endless":false,"potions_floor_spawned":[1,3,11,13,16,20,28],"killed_by":"Book of Stabbing","ascension_level":20}}