{"host":"a1urfede5pixhbtg","time":1611064587,"event":{"mods":["BaseMod","Lobotomy","Minty Spire (QoL Compilation)","Quick Restart","StSLib"],"gold_per_floor":[110,110,110,110,131,174,195,195,195,120,143,177,177,211,211,211,211],"floor_reached":16,"language":"ZHS","playtime":366,"items_purged":["Strike_R"],"score":157,"play_id":"e62569de-beeb-485e-b06c-d2a560075cc0","local_time":"20210119215627","is_ascension_mode":true,"campfire_choices":[{"data":"Dual Wield","floor":8.0,"key":"SMITH"},{"floor":15.0,"key":"REST"}],"circlet_count":0,"master_deck":["Strike_R","Strike_R","Strike_R","Strike_R","Defend_R","Defend_R","Defend_R","Defend_R","Bash","Armaments+1","Sword Boomerang","Dual Wield+1","Burning Pact","Reaper"],"relics":["Burning Blood","NeowsBlessing","Golden Idol","Bottled Lightning","Ornamental Fan","Bronze Scales","Oddly Smooth Stone","Bag of Marbles"],"acts_visited":[],"potions_floor_usage":[],"damage_taken":[{"damage":0.0,"enemies":"2 Louse","floor":1.0,"turns":1.0},{"damage":0.0,"enemies":"Jaw Worm","floor":5.0,"turns":1.0},{"damage":0.0,"enemies":"3 Sentries","floor":6.0,"turns":2.0},{"damage":8.0,"enemies":"Small Slimes","floor":7.0,"turns":4.0},{"damage":20.0,"enemies":"3 Louse","floor":11.0,"turns":4.0},{"damage":21.0,"enemies":"Gremlin Nob","floor":12.0,"turns":4.0},{"damage":35.0,"enemies":"3 Sentries","floor":14.0,"turns":9.0},{"damage":0,"enemies":"Slime Boss","floor":16,"turns":1}],"seed_played":"8006175263654699820","potions_obtained":[{"floor":5.0,"key":"FairyPotion"},{"floor":6.0,"key":"Explosive Potion"},{"floor":14.0,"key":"Fire Potion"}],"is_trial":false,"path_per_floor":["M","?","?","?","M","E","M","R","T","$","M","E","?","E","R","B"],"character_chosen":"IRONCLAD","items_purchased":[],"campfire_rested":1,"item_purchase_floors":[],"current_hp_per_floor":[80,85,79,79,79,79,77,77,77,77,63,48,48,19,42,42,42],"gold":211,"neow_bonus":"THREE_ENEMY_KILL","is_daily":false,"chose_seed":false,"campfire_upgraded":1,"win_rate":0.0,"timestamp":1611064587,"path_taken":["M","?","?","?","M","E","M","R","T","$","M","E","?","E","R","BOSS"],"items_purchased_type":[],"build_version":"2020-12-22","purchased_purges":1,"victory":false,"max_hp_per_floor":[80,85,79,79,79,79,79,79,79,79,79,79,79,79,79,79,79],"card_choices":[{"not_picked":["Flex","Battle Trance"],"picked":"Armaments","floor":1.0},{"not_picked":["Perfected Strike","Havoc"],"picked":"Sword Boomerang","floor":5.0},{"not_picked":["Rage","Perfected Strike","Fire Breathing"],"picked":"SKIP","floor":6.0},{"not_picked":["Entrench","Dropkick"],"picked":"Dual Wield","floor":7.0},{"not_picked":["True Grit","Armaments","Body Slam"],"picked":"SKIP","floor":11.0},{"not_picked":["Intimidate","Sentinel"],"picked":"Burning Pact","floor":12.0},{"not_picked":["Flex","Second Wind"],"picked":"Reaper","floor":14.0}],"player_experience":106069,"relics_obtained":[{"floor":6.0,"key":"Bottled Lightning"},{"floor":9.0,"key":"Ornamental Fan"},{"floor":12.0,"key":"Bronze Scales"},{"floor":14.0,"key":"Bag of Marbles"}],"event_choices":[{"damage_healed":0.0,"max_hp_gain":5.0,"max_hp_loss":0.0,"gold_gain":0.0,"event_name":"Big Fish","player_choice":"Donut","floor":2.0,"gold_loss":0.0,"damage_taken":0.0},{"damage_healed":0.0,"max_hp_gain":0.0,"max_hp_loss":6.0,"gold_gain":0.0,"event_name":"Golden Idol","player_choice":"Lose Max HP","floor":3.0,"gold_loss":0.0,"damage_taken":0.0,"relics_obtained":["Golden Idol"]},{"damage_healed":0.0,"max_hp_gain":0.0,"max_hp_loss":0.0,"gold_gain":0.0,"event_name":"Living Wall","player_choice":"Grow","floor":4.0,"gold_loss":0.0,"damage_taken":0.0,"cards_upgraded":["Armaments"]},{"damage_healed":0.0,"max_hp_gain":0.0,"max_hp_loss":0.0,"gold_gain":0.0,"event_name":"Dead Adventurer","player_choice":"Searched \u00271\u0027 times","floor":13.0,"gold_loss":0.0,"damage_taken":0.0,"relics_obtained":["Oddly Smooth Stone"]}],"is_beta":false,"boss_relics":[],"items_purged_floors":[10],"is_endless":false,"potions_floor_spawned":[5,6,14],"killed_by":"Slime Boss","ascension_level":2}}