{"host":"qmlry8i8enac5s44","time":1611036682,"event":{"mods":["Act Like it!","BaseMod","Colored Map","Gensokyo","Luminous","Marisa£®ÏF”Í°°ƒß¿Ì…≥£©","Minty Spire (QoL Compilation)","Reimu£®≤©¿ˆ¡È√Œ£©","StSLib","°æ“≈ŒÔø®≈∆°øREMEMod"],"gold_per_floor":[118,118,145,95,95,95,128,128,151,184,196,196,136,153,153,251,251,269,269,280,280,592,619,619,644,644,644,670,682,682],"floor_reached":29,"language":"ZHS","playtime":1184,"items_purged":[],"score":433,"play_id":"ef8beb88-dcf3-464d-9ba6-ab17a272e563","local_time":"20210119141122","is_ascension_mode":true,"campfire_choices":[{"data":"Gensokyo:BlessingOfVigor","floor":6,"key":"SMITH"},{"data":"Gensokyo:MarisaTwilightSpark","floor":8,"key":"SMITH"},{"data":"UltimateShortwave","floor":15,"key":"SMITH"},{"data":"MagicChant","floor":27,"key":"SMITH"}],"circlet_count":0,"master_deck":["Strike_MRS","Strike_MRS","Strike_MRS","Strike_MRS","Defend_MRS","Defend_MRS","Defend_MRS","MasterSpark","UpSweep","Luminous:Arcane_Rage_Luminous","MachineGunSpark","Gensokyo:MarisaTwilightSpark+1","Gensokyo:BlessingOfVigor+1","UltimateShortwave+1","BlazeAway+1","MaximisePower","MagicChant+1"],"relics":["MiniHakkero","REME_ComplimentaryCards","NeowsBlessing","Art of War","Gensokyo:PortableGap","Orichalcum","Bag of Marbles","Philosopher\u0027s Stone","REME_HandOfSuture","StoneCalendar","Gensokyo:RedStar","Meat on the Bone","Shuriken","MawBank"],"acts_visited":["Exordium","Gensokyo:Gensokyo"],"potions_floor_usage":[1,23,28],"damage_taken":[{"damage":0,"enemies":"Gensokyo:3_Fairies","floor":1,"turns":1},{"damage":0,"enemies":"Gensokyo:Aya","floor":7,"turns":1},{"damage":0,"enemies":"Gensokyo:Mamizou","floor":10,"turns":2},{"damage":0,"enemies":"Gensokyo:Gryphon","floor":11,"turns":1},{"damage":0,"enemies":"Gensokyo:Python","floor":14,"turns":1},{"damage":47,"enemies":"Gensokyo:Yukari","floor":16,"turns":10},{"damage":0,"enemies":"Gensokyo:2_Gloops","floor":18,"turns":1},{"damage":0,"enemies":"Gensokyo:Chomper","floor":20,"turns":3},{"damage":14,"enemies":"Gensokyo:Slime_Group","floor":22,"turns":2},{"damage":24,"enemies":"Gensokyo:Reisen","floor":23,"turns":4},{"damage":0,"enemies":"Gensokyo:Tenshi","floor":25,"turns":1},{"damage":8,"enemies":"Gensokyo:Reisen","floor":28,"turns":3},{"damage":31,"enemies":"Gensokyo:Wraith","floor":29,"turns":2}],"seed_played":"9078223566273030391","potions_obtained":[{"floor":1,"key":"REME_GoldPotion"},{"floor":11,"key":"Fire Potion"},{"floor":14,"key":"DistilledChaos"},{"floor":18,"key":"Block Potion"},{"floor":22,"key":"BlessingOfTheForge"}],"is_trial":false,"path_per_floor":["M","?","T","?","?","R","E","R","T","E","M","?","COS","M","R","B",null,"M","?","M","?","M","E","?","E","T","R","E","M"],"character_chosen":"MARISA","items_purchased":[],"campfire_rested":0,"item_purchase_floors":[],"current_hp_per_floor":[75,75,75,75,68,68,68,68,68,68,68,68,68,68,68,21,56,56,56,56,56,42,18,18,18,18,18,22,0,0],"gold":682,"neow_bonus":"THREE_ENEMY_KILL","is_daily":false,"chose_seed":false,"campfire_upgraded":4,"win_rate":0.0,"timestamp":1611036682,"path_taken":["M","?","?","?","?","R","E","R","T","E","M","?","COS","?","R","BOSS","M","?","?","?","M","E","?","E","T","R","E","M"],"items_purchased_type":[],"build_version":"2020-12-22","purchased_purges":0,"victory":false,"max_hp_per_floor":[75,75,75,75,68,68,68,68,68,68,68,68,68,68,68,68,68,68,68,68,68,68,68,68,68,68,68,68,68,68],"card_choices":[{"not_picked":["PowerUp","GrandCross"],"picked":"MachineGunSpark","floor":1},{"not_picked":["DarkSpark","AbsoluteMagnitude"],"picked":"UltimateShortwave","floor":7},{"not_picked":["StarBarrage","SporeBomb"],"picked":"BlazeAway","floor":10},{"not_picked":["LuminesStrike","SuperPerseids","MysteriousBeam"],"picked":"SKIP","floor":11},{"not_picked":["OortCloud","MysteriousBeam","Robbery"],"picked":"SKIP","floor":14},{"not_picked":["FinalSpark","MillisecondPulsars"],"picked":"MaximisePower","floor":16},{"not_picked":["ChargeUpSpray","EnergyFlow","WitchLeyline+1"],"picked":"SKIP","floor":18},{"not_picked":["SporeBomb","IllusionStar","GrandCross"],"picked":"SKIP","floor":20},{"not_picked":["LuminesStrike","GrandCross"],"picked":"MagicChant","floor":22},{"not_picked":["MysteriousBeam","UnstableBomb","StarlightTyphoon"],"picked":"SKIP","floor":23},{"not_picked":["MeteoricShower","CasketOfStar","Robbery+1"],"picked":"SKIP","floor":25},{"not_picked":["DoubleSpark","WitchLeyline","ChargeUpSpray","AlicesGift","DC"],"picked":"SKIP","floor":28}],"player_experience":422903,"relics_obtained":[{"floor":3,"key":"Art of War"},{"floor":7,"key":"Orichalcum"},{"floor":10,"key":"Bag of Marbles"},{"floor":23,"key":"StoneCalendar"},{"floor":25,"key":"Meat on the Bone"},{"floor":26,"key":"Shuriken"},{"floor":28,"key":"MawBank"}],"event_choices":[],"is_beta":false,"boss_relics":[{"not_picked":["Tiny House","Runic Dome"],"picked":"Philosopher\u0027s Stone"}],"items_purged_floors":[],"is_endless":false,"potions_floor_spawned":[1,11,14,18,22],"killed_by":"Gensokyo:Wraith","ascension_level":5}}