{"host":"3wgbc8rrx8r5g476","time":1611030298,"event":{"mods":["2.2 Compatiblity","Act Like it!","BaseMod","Better Note","Colored Powertips","Dota2Spire","Downfall","Friendly Minions","Hubris","Infinite Spire","Minty Spire (QoL Compilation)","Shade Mod","Shop Mod","StSLib","The Death Knight","The Druid","The Marked","TheFirefly","Trackpad","Uncapped","Wandering Minibosses"],"gold_per_floor":[99,115,128,228,91,105,105,12,39,39,39,59,77,94,107,207,207,207,223,233,233,233,233,233,233,252,252,271,299,312,332,342,447,447,447,459,508,508,152,152,152,187,197,208,120,120,120,149,166,166],"floor_reached":51,"language":"ENG","playtime":3678,"items_purged":["hubris:Envy","downfall:Malfunctioning","Parasite","champ:Strike"],"score":856,"play_id":"cb17dcd4-d236-44dc-b02f-adb50f1f6de5","local_time":"20210119052458","is_ascension_mode":false,"campfire_choices":[{"data":"champ:Execute","floor":1.0,"key":"SMITH"},{"data":"champ:EnragedBash","floor":11.0,"key":"SMITH"},{"data":"champ:StrikeOfGenius","floor":18,"key":"SMITH"},{"data":"champ:Taunt","floor":23,"key":"SMITH"},{"floor":27,"key":"REST"},{"data":"infinitespire:Gouge","floor":35,"key":"SMITH"},{"floor":40,"key":"REST"},{"data":"champ:RisingSlash","floor":46,"key":"SMITH"}],"circlet_count":0,"master_deck":["champ:Strike","champ:Strike","champ:Defend","champ:Defend","champ:Execute+1","champ:Taunt+1","champ:RisingSlash+1","champ:SkillfulDodge","champ:ShieldWall","champ:EnGarde","champ:Endure","champ:EnragedBash+1","champ:GutPunch","champ:Encircle","champ:StrikeOfGenius+1","champ:PerfectedStrike+1","champ:FlashCut","infinitespire:Gouge+1","champ:FanOfKnives","champ:ShieldSlam","champ:VampiricStrike","champ:ShieldThrow+1","champ:GladiatorStyle+1","champ:FanOfKnives+1","champ:IronFortress+1","champ:IronFortress","champ:BerserkersShout","champ:ShieldWall+1"],"relics":["champ:ChampionCrown","Ginger","Darkstone Periapt","hubris:TinFlute","HornCleat","trackpad:DisasterInABottle","Philosopher\u0027s Stone","Anchor","CultistMask","Pen Nib","Regal Pillow","Astrolabe","Dead Branch","Dota2Spire:BattleFury","champ:DefensiveTrainingManual","hubris:Spice","Dota2Spire:Butterfly"],"acts_visited":["Exordium","TheCity","TheBeyond"],"potions_floor_usage":[16,16,16,31,37,50,50],"damage_taken":[{"damage":10.0,"enemies":"Jaw Worm","floor":2.0,"turns":4.0},{"damage":10.0,"enemies":"Cultist","floor":3.0,"turns":3.0},{"damage":6.0,"enemies":"downfall:FleeingMerchant","floor":5.0,"turns":4.0},{"damage":6.0,"enemies":"2 Louse","floor":6.0,"turns":3.0},{"damage":25.0,"enemies":"downfall:FleeingMerchant","floor":8.0,"turns":4.0},{"damage":49.0,"enemies":"Lagavulin","floor":9.0,"turns":7.0},{"damage":46.0,"enemies":"Large Slime","floor":12.0,"turns":6.0},{"damage":16.0,"enemies":"Exordium Wildlife","floor":13.0,"turns":4.0},{"damage":10.0,"enemies":"3 Louse","floor":14.0,"turns":4.0},{"damage":9.0,"enemies":"Red Slaver","floor":15.0,"turns":4.0},{"damage":51,"enemies":"IC_STATUS_ARCHETYPE","floor":16,"turns":8},{"damage":41,"enemies":"Shell Parasite","floor":19,"turns":5},{"damage":45,"enemies":"Centurion and Healer","floor":20,"turns":4},{"damage":29,"enemies":"Shelled Parasite and Fungi","floor":26,"turns":5},{"damage":21,"enemies":"Snake Plant","floor":28,"turns":4},{"damage":20,"enemies":"Slavers","floor":29,"turns":4},{"damage":5,"enemies":"3 Cultists","floor":30,"turns":4},{"damage":0,"enemies":"Snecko","floor":31,"turns":3},{"damage":13,"enemies":"Cultist and Chosen","floor":32,"turns":4},{"damage":15,"enemies":"WA_ARCHETYPE_CALM","floor":33,"turns":5},{"damage":28,"enemies":"3 Shapes","floor":36,"turns":4},{"damage":60,"enemies":"2 Orb Walkers","floor":37,"turns":5},{"damage":5,"enemies":"downfall:FleeingMerchant","floor":39,"turns":4},{"damage":37,"enemies":"Nemesis","floor":42,"turns":5},{"damage":11,"enemies":"Orb Walker","floor":43,"turns":2},{"damage":51,"enemies":"Transient","floor":44,"turns":5},{"damage":11,"enemies":"downfall:FleeingMerchant","floor":45,"turns":3},{"damage":30,"enemies":"Giant Head","floor":48,"turns":5},{"damage":25,"enemies":"4 Shapes","floor":49,"turns":3},{"damage":49,"enemies":"SI_POISON_ARCHETYPE","floor":50,"turns":5}],"seed_played":"-5850588154832891208","potions_obtained":[{"floor":3.0,"key":"Strength Potion"},{"floor":9.0,"key":"Ancient Potion"},{"floor":12.0,"key":"Slimebound:ThreeZeroPotion"},{"floor":15.0,"key":"CultistPotion"},{"floor":19,"key":"BlessingOfTheForge"},{"floor":29,"key":"Ancient Potion"},{"floor":30,"key":"sneckomod:MuddlingPotion"},{"floor":31,"key":"Fruit Juice"},{"floor":36,"key":"ColorlessPotion"},{"floor":37,"key":"PowerPotion"}],"is_trial":false,"path_per_floor":["R","M","M","?","$","M","T","$","E","T","R","M","M","M","M","B",null,"R","M","M","AVR","?","R","T","?","M","R","M","E","M","M","M","B",null,"R","M","?","?","$","R","T","E","M","M","$","R","?","E","M","B",null],"character_chosen":"THE_CHAMP","items_purchased":["champ:EnGarde","champ:EnragedBash","Dota2Spire:BattleFury","Dota2Spire:Butterfly"],"campfire_rested":2,"item_purchase_floors":[5,8,39,45],"current_hp_per_floor":[63,63,63,87,86,80,80,75,66,66,66,60,49,49,45,33,114,114,103,73,73,73,73,73,58,39,73,72,62,62,67,64,64,119,119,106,56,56,56,105,105,86,85,79,73,73,73,71,66,62],"gold":166,"neow_bonus":"ONE_RARE_RELIC","is_daily":false,"chose_seed":false,"campfire_upgraded":6,"win_rate":0.0,"timestamp":1611030298,"path_taken":["R","M","M","?","$","M","T","$","E","?","R","?","M","?","M","BOSS","R","M","M","AVR","?","R","T","?","M","R","M","E","M","M","M","BOSS","R","M","?","?","$","R","T","E","?","M","$","R","?","E","M","BOSS"],"items_purchased_type":["Card","Card","Relic","Relic"],"build_version":"2020-12-22","purchased_purges":4,"victory":true,"max_hp_per_floor":[90,90,90,114,114,114,114,114,114,114,114,114,114,114,114,114,114,114,114,114,114,114,114,114,114,114,114,114,114,114,119,119,119,119,119,119,119,119,116,116,116,124,124,124,124,124,124,132,132,132],"card_choices":[{"not_picked":["champ:CalledShot","champ:FocusedBerserking"],"picked":"champ:RisingSlash","floor":2.0},{"not_picked":["champ:GladiatorStyle","champ:EnGarde"],"picked":"champ:SkillfulDodge","floor":3.0},{"not_picked":["champ:PreciseThrust","champ:BringItOn"],"picked":"champ:ShieldWall","floor":5.0},{"not_picked":["champ:BladeFlurry","champ:RapidStrikes","champ:FlashCut"],"picked":"SKIP","floor":6.0},{"not_picked":["champ:CheapShot","champ:PerfectedStrike"],"picked":"champ:Endure","floor":8.0},{"not_picked":["champ:FaceSlap","champ:RisingSlash","champ:Haymaker"],"picked":"SKIP","floor":9.0},{"not_picked":["champ:Haymaker","champ:Backstep"],"picked":"champ:GutPunch","floor":12.0},{"not_picked":["champ:BladeFlurry","champ:SkillfulDodge"],"picked":"champ:Encircle","floor":13.0},{"not_picked":["champ:EnGarde","champ:BringItOn","champ:EnragedBash"],"picked":"SKIP","floor":14.0},{"not_picked":["champ:Shatter","champ:Backstep","champ:Haymaker"],"picked":"SKIP","floor":15.0},{"not_picked":["champ:SteelEdge","champ:Improvising"],"picked":"champ:StrikeOfGenius","floor":16},{"not_picked":["champ:DefensiveShout","champ:Parry"],"picked":"champ:PerfectedStrike+1","floor":19},{"not_picked":["champ:BladeFlurry","champ:DefensiveShout"],"picked":"champ:FlashCut","floor":20},{"not_picked":["champ:Parry","champ:FaceSlap","champ:EnGarde+1"],"picked":"SKIP","floor":26},{"not_picked":["champ:Circumvent","champ:Endure","champ:Shatter"],"picked":"SKIP","floor":28},{"not_picked":["champ:EnragedBash","champ:CalledShot","champ:HeavySlash"],"picked":"SKIP","floor":29},{"not_picked":["champ:CrownThrow","champ:Backstep"],"picked":"champ:FanOfKnives","floor":30},{"not_picked":["champ:SetATrap+1","champ:AdrenalArmor"],"picked":"champ:ShieldSlam","floor":31},{"not_picked":["champ:FocusedDefense","champ:HeartStrike","champ:Backstep"],"picked":"SKIP","floor":32},{"not_picked":["champ:CheapShot","champ:LastStand"],"picked":"champ:VampiricStrike","floor":33},{"not_picked":["champ:StanceDance+1","champ:FocusedDefense","champ:Encircle"],"picked":"SKIP","floor":36},{"not_picked":["champ:FocusedBerserking+1","champ:Haymaker"],"picked":"champ:PreciseThrust","floor":37},{"not_picked":["champ:FancyFootwork","champ:PerfectedStrike+1"],"picked":"champ:IronFortress+1","floor":39},{"not_picked":["champ:ArenaPreparation+1","champ:EndlessRage+1"],"picked":"champ:IronFortress","floor":42},{"not_picked":["champ:Lariat","champ:Endure+1"],"picked":"champ:BerserkersShout","floor":43},{"not_picked":["champ:Shatter+1","champ:RecklessLeap"],"picked":"champ:ShieldWall+1","floor":44},{"not_picked":["champ:Lariat+1","champ:CrownThrow","champ:EnGarde+1"],"picked":"SKIP","floor":45},{"not_picked":["champ:Backstep","champ:UltimateStance","champ:BerserkersShout"],"picked":"SKIP","floor":48},{"not_picked":["champ:Haymaker+1","champ:PreemptiveStrike+1","champ:GutPunch+1"],"picked":"SKIP","floor":49}],"player_experience":503668,"relics_obtained":[{"floor":7.0,"key":"hubris:TinFlute"},{"floor":9.0,"key":"HornCleat"},{"floor":10.0,"key":"trackpad:DisasterInABottle"},{"floor":24,"key":"Pen Nib"},{"floor":29,"key":"Regal Pillow"},{"floor":37,"key":"Dead Branch"},{"floor":41,"key":"champ:DefensiveTrainingManual"},{"floor":42,"key":"hubris:Spice"},{"floor":48,"key":"hubris:Spice"}],"event_choices":[{"damage_healed":0,"gold_gain":0,"player_choice":"Trade","damage_taken":0,"relics_obtained":["CultistMask"],"max_hp_gain":0,"max_hp_loss":0,"event_name":"FaceTrader","floor":22,"gold_loss":0},{"damage_healed":0,"gold_gain":0,"player_choice":"Fight","damage_taken":0,"max_hp_gain":0,"max_hp_loss":0,"event_name":"Mysterious Sphere","floor":37,"gold_loss":0},{"cards_removed":["champ:PreciseThrust"],"damage_healed":0,"gold_gain":0,"player_choice":"Removed Attack","damage_taken":0,"max_hp_gain":0,"max_hp_loss":0,"event_name":"Falling","floor":47,"gold_loss":0}],"is_beta":false,"boss_relics":[{"not_picked":["hubris:CrackedHourglass","Runic Pyramid"],"picked":"Philosopher\u0027s Stone"},{"not_picked":["trackpad:StolenKidneys","infinitespire:Cupcake"],"picked":"Astrolabe"}],"items_purged_floors":[5,21,39,45],"is_endless":false,"potions_floor_spawned":[3,9,12,13,15,19,29,30,31,36,37,43,44],"ascension_level":0}}