{"host":"yttw759xqm3gosmj","time":1611024218,"event":{"mods":["AchievementEnabler","Aspiration","Bartender","BaseMod","Bestiary","Better Note","Better Third Choice","BetterRewards","Clockwork Mod","Colored Map","Colorless Booster Pack","Conspire","Custom Start","Dark Map","Dio Mod","Energized Spire","Fiend Mod","GifTheSpireLib","Glutton Mod","Googly Eyes","Hermit","Hubris","Infinite Spire","Ironclad Rager","Mimic Mod","Minty Spire (QoL Compilation)","MostiFishMod","Rare Cards Sparkle","RatMod","Replay The Spire","Retaliation","Shade Mod","Shop Mod","Somnambulant","Spicy Shops","Spikes Relics","Spire Birthday Party","StSLib","Stuff the Spire","The Alterego","The Animator","The Bladedancer","The Cursed","The Edgeheg","The Forsaken","The Hierophant","The Judge","The Jungle","The Marked","The Necromancer","The Poker Player","The Servant 0.9.4","The Trickster","TheSwordswoman","TheVacant","Trackpad","Unceasing Turn Reminder","Useless Jewels Mod","Waifu the Spire","WarShipGirlsR/????R mod","egg","slay the spire mod where everything is the same but ironclad has a cowboy hat","thorton","vexMod","??????REMEMod"],"gold_per_floor":[115,134,134,146,34,34,44,70,70,137,168,24,38,96,96,192,192,203,173,173,173,173,173,191,191,245,264,307,332,24,24,24,127,177,206,224,224,242,255,255,272,287,287,310,310,321,331,343,343,343],"floor_reached":51,"language":"ENG","playtime":2916,"items_purged":["Regret"],"score":1013,"play_id":"1f6da2df-4cf7-4c0c-b162-0eeee0c87d78","local_time":"20210118214338","is_ascension_mode":false,"campfire_choices":[{"floor":6,"key":"RECALL"},{"floor":15,"key":"REST"},{"floor":23,"key":"REST"},{"data":"animator:HigakiRinne","floor":25,"key":"SMITH"},{"floor":32,"key":"REST"},{"floor":40,"key":"REST"},{"floor":45,"key":"REST"},{"floor":49,"key":"REST"}],"circlet_count":0,"master_deck":["animator:Ainz+1","animator:Strike_Overlord","animator:Defend_Overlord","animator:Strike","animator:Strike","animator:Strike","animator:Defend","animator:Defend","animator:Defend+1","animator:Cocytus","animator:Demiurge","dioMod:DaggerSpree","animator:Megumin+1","animator:Kaijin","animator:Bozes","animator:ChaikaTrabant","animator:IzunaHatsuse","animator:Cocytus","animator:Boros+1","animator:GazelDwargon","animator:Entoma+1","animator:HigakiRinne+1","AbeCurse","animator:Aqua","infinitespire:Collect","infinitespire:DeathsTouch","infinitespire:Oblivion","animator:LimeBell","animator:Shalltear","animator:AcuraShin","animator:HomuraAkemi","animator:Caster","animator:Arpeggio","animator:Eve+1","animator:PandorasActor","animator:Witch+1","animator:Kagari","animator:Patchouli","animator:MisaKurobane","animator:MetalKnight","animator:Vesta+1","animator:Darkness","Parasite","animator:RoryMercury+1","animator:WinryRockbell","animator:RoyMustang","animator:Vesta"],"relics":["animator:LivingPicture","animator:TheMissingPiece","REME_ComplimentaryCards","DaveBox","animator:PurgingStone","SentryEyes","MerchantsRug","Lee\u0027s Waffle","Ancient Tea Set","StuffTheSpire:PointBlank","SynthV:TestCard","Orichalcum","hubris:CrystalStatue","Sundial","Guide Book","Abe\u0027s Treasure","thethorton:CrushedCigarette","DataDisk","Nunchaku","Strawberry","StuffTheSpire:GrapeVine","animator:EngravedStaff","aspiration:VileToxins","aspiration:RitualStick","Tiny House","Bag of Marbles","ReplayTheSpireMod:Lightbulb"],"acts_visited":["Exordium","TheCity","TheBeyond"],"potions_floor_usage":[14,16,16,16,28,28,33,41,50,50,50],"damage_taken":[{"damage":0,"enemies":"Cultist","floor":1,"turns":2},{"damage":0,"enemies":"Small Slimes","floor":2,"turns":2},{"damage":0,"enemies":"Jaw Worm","floor":4,"turns":2},{"damage":6,"enemies":"Looter","floor":7,"turns":2},{"damage":1,"enemies":"Lots of Slimes","floor":11,"turns":3},{"damage":0,"enemies":"Lots of Slimes","floor":13,"turns":1},{"damage":0,"enemies":"Large Slime","floor":14,"turns":3},{"damage":0,"enemies":"Slime Boss","floor":16,"turns":4},{"damage":27,"enemies":"2 Thieves","floor":18,"turns":3},{"damage":0,"enemies":"Spheric Guardian","floor":24,"turns":2},{"damage":22,"enemies":"Shelled Parasite and Fungi","floor":27,"turns":4},{"damage":0,"enemies":"animator:HornedBat","floor":28,"turns":2},{"damage":0,"enemies":"Cultist and Chosen","floor":29,"turns":3},{"damage":4,"enemies":"conspire:MysteriousRune","floor":33,"turns":6},{"damage":1,"enemies":"Orb Walker","floor":35,"turns":3},{"damage":1,"enemies":"3 Darklings","floor":36,"turns":2},{"damage":42,"enemies":"Maw","floor":38,"turns":6},{"damage":0,"enemies":"Transient","floor":39,"turns":5},{"damage":22,"enemies":"Jaw Worm Horde","floor":41,"turns":3},{"damage":23,"enemies":"Writhing Mass","floor":42,"turns":5},{"damage":0,"enemies":"Maw","floor":46,"turns":6},{"damage":14,"enemies":"4 Shapes","floor":47,"turns":2},{"damage":2,"enemies":"Jaw Worm Horde","floor":48,"turns":2},{"damage":41,"enemies":"hubris:GrandSnecko","floor":50,"turns":11}],"seed_played":"6474491772564474936","potions_obtained":[{"floor":2,"key":"Reflective Coating"},{"floor":4,"key":"Dexterity Potion"},{"floor":13,"key":"REME_GoldPotion"},{"floor":14,"key":"AttackPotion"},{"floor":16,"key":"BlessingOfTheForge"},{"floor":19,"key":"Swift Potion"},{"floor":19,"key":"BlessingOfTheForge"},{"floor":29,"key":"Milkshake"},{"floor":34,"key":"HauntedGourdPotion"},{"floor":39,"key":"SkillPotion"},{"floor":42,"key":"DistilledChaos"},{"floor":46,"key":"EssenceOfSteel"}],"is_trial":false,"path_per_floor":["M","M","?","M","$","R","M","T","T","?","MIM","$","M","M","R","B",null,"M","?","AVR","?","?","R","M","R","T","M","E","M","$","?","R","B",null,"M","M","?","M","M","R","M","M","T","T","R","M","M","M","R","B",null],"character_chosen":"THE_ANIMATOR","items_purchased":["MerchantsRug","Lee\u0027s Waffle","animator:Lelouch","animator:Megumin","Ancient Tea Set","StuffTheSpire:PointBlank","animator:IzunaHatsuse","Guide Book","animator:EngravedStaff","aspiration:VileToxins","animator:Arpeggio"],"campfire_rested":6,"item_purchase_floors":[0,0,0,0,0,0,5,12,30,30,30],"current_hp_per_floor":[73,73,73,73,73,73,67,67,67,67,66,66,66,66,73,73,73,46,46,46,46,46,67,68,68,75,53,55,55,55,39,63,61,86,85,84,74,34,37,62,40,17,17,17,42,44,32,30,55,21],"gold":343,"neow_bonus":"","is_daily":false,"chose_seed":false,"campfire_upgraded":1,"win_rate":0.0,"timestamp":1611024218,"path_taken":["M","?","?","M","$","R","M","?","T","?","?","?","M","?","R","BOSS","M","?","AVR","?","?","R","M","R","T","M","E","M","$","?","R","BOSS","M","M","?","M","M","R","M","M","T","?","R","M","M","M","R","BOSS"],"items_purchased_type":["Relic","Relic","Card","Card","Relic","Relic","Card","Relic","Relic","Relic","Card"],"build_version":"2020-12-22","purchased_purges":1,"victory":true,"max_hp_per_floor":[73,73,73,73,73,73,73,73,73,73,73,73,73,73,73,73,73,73,73,73,73,73,73,74,74,81,81,81,81,81,81,81,81,86,86,86,86,86,86,86,86,86,86,86,86,86,86,86,86,86],"card_choices":[{"not_picked":["animator:ZankiKiguchi","animator:SakuraMatou"],"picked":"animator:Kaijin","floor":1},{"not_picked":["animator:Caster","animator:Shuna","animator:MaesHughes","animator:SakuraMatou"],"picked":"animator:Bozes","floor":2},{"not_picked":["animator:Ciel","animator:HighElfArcher","animator:Aqua","animator:Cocytus"],"picked":"animator:ChaikaTrabant","floor":4},{"not_picked":["animator:NarberalGamma","animator:Evileye","animator:PandorasActor","animator:Entoma"],"picked":"animator:Cocytus","floor":7},{"not_picked":["animator:Shion","animator:UneriGinkaku","animator:Togame","animator:Mitsurugi"],"picked":"animator:Boros","floor":11},{"not_picked":["animator:Vanir","animator:Shion","animator:Laby","animator:Nanami"],"picked":"animator:GazelDwargon","floor":13},{"not_picked":["animator:Shion","animator:TukaLunaMarceau","animator:Azekura","animator:Vesta"],"picked":"animator:Entoma","floor":14},{"not_picked":["animator:HomuraAkemi","animator:Wiz","animator:MadokaKaname","animator:Elesis"],"picked":"animator:HigakiRinne","floor":16},{"not_picked":["animator:PandorasActor+1","animator:MaesHughes","animator:Konayuki","animator:Entoma+1"],"picked":"animator:Aqua","floor":18},{"not_picked":["animator:Cocytus","animator:Entoma","animator:Demiurge","animator:PandorasActor"],"picked":"animator:Shalltear","floor":24},{"not_picked":["animator:RoryMercury","animator:YaoHaDucy","animator:IrohaTamaki","animator:FielNirvalen"],"picked":"animator:AcuraShin","floor":27},{"not_picked":["animator:ChlammyZell+1","animator:MumenRider","animator:Priestess","animator:Sonic"],"picked":"animator:HomuraAkemi","floor":28},{"not_picked":["animator:DolaCouronne","animator:Sebas","animator:DolaRiku","animator:DwarfShaman"],"picked":"animator:Caster","floor":29},{"not_picked":["animator:Father","animator:Rimuru","animator:Sora","animator:Envy"],"picked":"animator:Eve","floor":33},{"not_picked":["animator:LizardPriest","animator:MumenRider","animator:Ara","animator:Kazuma"],"picked":"animator:Entoma","floor":34},{"not_picked":["animator:Cocytus","animator:Sebas","animator:Demiurge","animator:Evileye"],"picked":"animator:PandorasActor","floor":35},{"not_picked":["animator:YuiTsuruno","animator:NagisaMomoe+1","animator:Geryuganshoop+1","animator:Sebas"],"picked":"animator:Witch+1","floor":36},{"not_picked":["animator:QuestionMark","animator:Kuroyukihime","animator:MisakiNakahara","animator:Canti"],"picked":"animator:Kagari","floor":37},{"not_picked":["animator:Kira","animator:MisaKurobane","animator:NononJakuzure","animator:Kuroyukihime"],"picked":"animator:Patchouli","floor":37},{"not_picked":["animator:Kagari","animator:Kuroyukihime","animator:LimeBell","animator:NononJakuzure"],"picked":"animator:MisaKurobane","floor":37},{"not_picked":["animator:Vanir","animator:Viivi","animator:Scar+1","animator:Laby"],"picked":"animator:MetalKnight","floor":38},{"not_picked":["animator:Kuribayashi+1","animator:LeleiLaLalena","animator:Alexander","animator:DolaSchwi+1"],"picked":"animator:Vesta+1","floor":39},{"not_picked":["animator:Kazuma","animator:Verdia","animator:Vanir","animator:Chris"],"picked":"animator:Darkness","floor":41},{"not_picked":["animator:Tatsumaki","animator:Chris","animator:Bozes","animator:LizardPriest"],"picked":"animator:RoryMercury+1","floor":42},{"not_picked":["animator:Viivi","animator:Kuribayashi+1","animator:Elsword","animator:LeleiLaLalena"],"picked":"animator:WinryRockbell","floor":46},{"not_picked":["animator:Kuribayashi+1","animator:ZankiKiguchi","animator:SilverFang","animator:Spearman"],"picked":"animator:RoyMustang","floor":47},{"not_picked":["animator:Benimaru","animator:Shuna","animator:GazelDwargon","animator:Hakurou"],"picked":"animator:Vesta","floor":48}],"player_experience":111576,"relics_obtained":[{"floor":1,"key":"SynthV:TestCard"},{"floor":9,"key":"hubris:CrystalStatue"},{"floor":11,"key":"Sundial"},{"floor":26,"key":"Strawberry"},{"floor":28,"key":"StuffTheSpire:GrapeVine"},{"floor":43,"key":"Bag of Marbles"},{"floor":44,"key":"ReplayTheSpireMod:Lightbulb"}],"event_choices":[{"damage_healed":0,"gold_gain":0,"player_choice":"Box","damage_taken":0,"relics_obtained":["Orichalcum"],"max_hp_gain":0,"max_hp_loss":0,"event_name":"Big Fish","floor":3,"gold_loss":0,"cards_obtained":["Regret"]},{"damage_healed":0,"gold_gain":67,"player_choice":"Gained Gold","damage_taken":0,"max_hp_gain":0,"max_hp_loss":0,"event_name":"Golden Wing","floor":10,"gold_loss":0},{"damage_healed":0,"gold_gain":0,"player_choice":"Bought 2 Potions","damage_taken":0,"max_hp_gain":0,"max_hp_loss":0,"event_name":"The Woman in Blue","floor":19,"gold_loss":0},{"damage_healed":0,"gold_gain":0,"player_choice":"Gave Potion","damage_taken":0,"relics_obtained":["Nunchaku"],"max_hp_gain":0,"max_hp_loss":0,"event_name":"WeMeetAgain","floor":21,"gold_loss":0},{"damage_healed":0,"gold_gain":0,"cards_transformed":["animator:Lelouch"],"player_choice":"Transformed","damage_taken":0,"max_hp_gain":0,"max_hp_loss":0,"event_name":"Transmorgrifier","floor":22,"gold_loss":0,"cards_obtained":["animator:LimeBell"]},{"damage_healed":0,"gold_gain":0,"player_choice":"Memory 3","damage_taken":10,"max_hp_gain":0,"max_hp_loss":0,"event_name":"SensoryStone","floor":37,"gold_loss":0}],"is_beta":false,"boss_relics":[{"not_picked":["conspire:SeveredTorchhead","trackpad:Coffee"],"picked":"Abe\u0027s Treasure"},{"not_picked":["Sandwich","ReplayTheSpireMod:DimensionalGlitch"],"picked":"Tiny House"}],"items_purged_floors":[5],"is_endless":false,"potions_floor_spawned":[2,4,13,14,16,29,39,42,46,48],"ascension_level":0}}