{"host":"9gwavclf33b2mpxe","time":1611047503,"event":{"mods":["BaseMod","Bestiary","Block Reminder","Colored Map","Colored Powertips","Downfall","Highlight Path","Minty Spire (QoL Compilation)","Permanent Neow","Quick Restart","Relic Stats","StSLib","SuperFastMode"],"gold_per_floor":[99,117,117,133,148,160,160,187,201,101,114,134,134,144,155,253,253,253,273,293,293,305,336,336,136,153,163,173,189,189,203,222,222,222,222],"floor_reached":33,"language":"ENG","playtime":3311,"items_purged":[],"score":281,"play_id":"d424b4e5-acce-44ac-9224-0b7431ead710","local_time":"20210119171143","is_ascension_mode":false,"campfire_choices":[{"data":"hexamod:Float","floor":1,"key":"SMITH"},{"data":"hexamod:SearingWound","floor":10,"key":"SMITH"},{"floor":13,"key":"REST"},{"floor":18,"key":"RECALL"},{"floor":25,"key":"REST"},{"floor":30,"key":"REST"}],"circlet_count":0,"master_deck":["hexamod:Strike","hexamod:Strike","hexamod:Strike+1","hexamod:Defend+1","hexamod:Defend","hexamod:Defend","hexamod:Defend","hexamod:Sear","hexamod:Float+1","hexamod:VolcanoVisage+1","hexamod:ThermalTransfer+1","hexamod:NightmareGuise+1","hexamod:SearingWound+1","hexamod:Incineration+1","hexamod:ExtraCrispy+1","hexamod:HeatMetal","hexamod:PowerFromBeyond","hexamod:Hexaguard","hexamod:SpectersWail","hexamod:SixthSeal","hexamod:RadiantFlame+1","hexamod:DynamicBlow","hexamod:FastForward+1","hexamod:FirstSeal","hexamod:ChargedBarrage+1","hexamod:RecurringNightmare","hexamod:GhostShield+1","hexamod:FlameSwitch"],"relics":["hexamod:SpiritBrand","Letter Opener","downfall:HeartBlessingBlue","Velvet Choker","Vajra","White Beast Statue","downfall:HeartBlessingRed","downfall:HeartBlessingGreen"],"acts_visited":["Exordium","TheCity"],"potions_floor_usage":[23,26,28,29,31,32,33,33,33],"damage_taken":[{"damage":0,"enemies":"Small Slimes","floor":2,"turns":3},{"damage":0,"enemies":"Cultist","floor":4,"turns":3},{"damage":0,"enemies":"Jaw Worm","floor":5,"turns":4},{"damage":16,"enemies":"Lots of Slimes","floor":6,"turns":6},{"damage":19,"enemies":"Gremlin Nob","floor":8,"turns":4},{"damage":7,"enemies":"Exordium Wildlife","floor":9,"turns":5},{"damage":2,"enemies":"Blue Slaver","floor":11,"turns":3},{"damage":2,"enemies":"2 Fungi Beasts","floor":12,"turns":4},{"damage":3,"enemies":"Red Slaver","floor":14,"turns":3},{"damage":5,"enemies":"Exordium Thugs","floor":15,"turns":4},{"damage":5,"enemies":"SI_SHIV_ARCHETYPE","floor":16,"turns":7},{"damage":9,"enemies":"3 Byrds","floor":19,"turns":5},{"damage":17,"enemies":"Spheric Guardian","floor":20,"turns":5},{"damage":15,"enemies":"Snake Plant","floor":22,"turns":5},{"damage":59,"enemies":"Gremlin Leader","floor":23,"turns":8},{"damage":8,"enemies":"Snecko","floor":26,"turns":4},{"damage":4,"enemies":"Cultist and Chosen","floor":27,"turns":4},{"damage":4,"enemies":"Centurion and Healer","floor":28,"turns":4},{"damage":17,"enemies":"Snecko","floor":29,"turns":7},{"damage":4,"enemies":"3 Cultists","floor":31,"turns":4},{"damage":11,"enemies":"Centurion and Healer","floor":32,"turns":5},{"damage":51,"enemies":"DF_ARCHETYPE_CLAW","floor":33,"turns":8}],"seed_played":"6481604363463425664","potions_obtained":[{"floor":4,"key":"hexamod:EctoCoolerPotion"},{"floor":8,"key":"FearPotion"},{"floor":12,"key":"Fire Potion"},{"floor":14,"key":"DistilledChaos"},{"floor":21,"key":"FairyPotion"},{"floor":21,"key":"champ:CounterPotion"},{"floor":23,"key":"hexamod:SoulburnPotion"},{"floor":26,"key":"FearPotion"},{"floor":27,"key":"Energy Potion"},{"floor":28,"key":"SkillPotion"},{"floor":29,"key":"Guardian:BlockOnCardUsePotion"},{"floor":31,"key":"Dexterity Potion"},{"floor":32,"key":"Slimebound:ThreeZeroPotion"}],"is_trial":false,"path_per_floor":["R","M","?","M","M","M","T","E","M","R","M","M","R","M","M","B",null,"R","M","M","?","M","E","T","R","M","M","M","M","R","M","M","B"],"character_chosen":"THE_SPIRIT","items_purchased":[],"campfire_rested":3,"item_purchase_floors":[],"current_hp_per_floor":[70,70,70,70,70,54,54,35,28,38,36,34,58,55,50,45,80,80,71,54,54,39,12,12,36,35,31,34,24,48,51,47,0,0,0],"gold":222,"neow_bonus":"ONE_RANDOM_RARE_CARD","is_daily":false,"chose_seed":false,"campfire_upgraded":2,"win_rate":0.0,"timestamp":1611047503,"path_taken":["R","M","?","M","M","M","T","E","M","R","M","M","R","M","M","BOSS","R","M","M","?","M","E","T","R","?","M","M","M","R","M","M","BOSS"],"items_purchased_type":[],"build_version":"2020-12-22","purchased_purges":0,"victory":false,"max_hp_per_floor":[70,70,70,70,70,70,70,70,70,80,80,80,80,80,80,80,80,80,80,80,80,80,80,80,80,80,80,80,80,80,80,80,80,80,80],"relic_stats":{"counters":[22,105],"Letter Opener":[151],"obtain_stats":[{"downfall:HeartBlessingRed":25,"downfall:HeartBlessingBlue":10,"Velvet Choker":17,"Vajra":23,"downfall:HeartBlessingGreen":25,"Letter Opener":8,"hexamod:SpiritBrand":0,"White Beast Statue":24},{"downfall:HeartBlessingRed":15,"downfall:HeartBlessingBlue":6,"Velvet Choker":11,"Vajra":15,"downfall:HeartBlessingGreen":15,"Letter Opener":5,"hexamod:SpiritBrand":0,"White Beast Statue":15},{"downfall:HeartBlessingRed":69,"downfall:HeartBlessingBlue":25,"Velvet Choker":46,"Vajra":69,"downfall:HeartBlessingGreen":69,"Letter Opener":20,"hexamod:SpiritBrand":0,"White Beast Statue":69}]},"card_choices":[{"not_picked":["hexamod:FlamesFromBeyond","hexamod:Firestarter"],"picked":"hexamod:ThermalTransfer","floor":2},{"not_picked":["hexamod:FlamesFromBeyond","hexamod:AdvancingGuard"],"picked":"hexamod:NightmareGuise","floor":4},{"not_picked":["hexamod:HauntingEcho","hexamod:HeatShield"],"picked":"hexamod:SearingWound","floor":5},{"not_picked":["hexamod:GhostOfSpirePast","hexamod:FastForward"],"picked":"hexamod:Incineration","floor":6},{"not_picked":["hexamod:DynamicBlow","hexamod:FlamesFromBeyond"],"picked":"hexamod:ExtraCrispy","floor":8},{"not_picked":["hexamod:SpectralAdrenaline","hexamod:SwordOfDarkness"],"picked":"hexamod:HeatMetal","floor":9},{"not_picked":["hexamod:ThermalTransfer","hexamod:InspiringFlames"],"picked":"hexamod:PowerFromBeyond","floor":11},{"not_picked":["hexamod:SpectralAdrenaline","hexamod:GhostLash","hexamod:HeatMetal"],"picked":"SKIP","floor":12},{"not_picked":["hexamod:FirstSeal","hexamod:SwordOfDarkness"],"picked":"hexamod:Hexaguard","floor":14},{"not_picked":["hexamod:SwordOfDarkness","hexamod:ShieldOfDarkness"],"picked":"hexamod:SpectersWail","floor":15},{"not_picked":["hexamod:TimeWarp","hexamod:ForkedFlame"],"picked":"hexamod:SixthSeal","floor":16},{"not_picked":["hexamod:RetreatToShadows","hexamod:NightmareStrike"],"picked":"hexamod:RadiantFlame+1","floor":19},{"not_picked":["hexamod:GhostLash","hexamod:RainOfEmbers"],"picked":"hexamod:DynamicBlow","floor":20},{"not_picked":["hexamod:SpectralAdrenaline","hexamod:PhantomFireball"],"picked":"hexamod:FastForward+1","floor":22},{"not_picked":["hexamod:InspiringFlames","hexamod:SwordOfDarkness"],"picked":"hexamod:FirstSeal","floor":23},{"not_picked":["hexamod:PhantomFireball","hexamod:DynamicBlow"],"picked":"hexamod:ChargedBarrage+1","floor":26},{"not_picked":["hexamod:PhantomFireball+1","hexamod:NightmareGuise","hexamod:BurningTouch"],"picked":"SKIP","floor":27},{"not_picked":["hexamod:InspiringFlames","hexamod:ShieldOfDarkness"],"picked":"hexamod:RecurringNightmare","floor":28},{"not_picked":["hexamod:Haunt+1","hexamod:ThermalTransfer","hexamod:SpectersWail"],"picked":"SKIP","floor":29},{"not_picked":["hexamod:SwordOfDarkness","hexamod:AdvancingGuard"],"picked":"hexamod:GhostShield+1","floor":31},{"not_picked":["hexamod:Firestarter+1","hexamod:RecurringNightmare"],"picked":"hexamod:FlameSwitch","floor":32}],"player_experience":92885,"relics_obtained":[{"floor":8,"key":"Letter Opener"},{"floor":23,"key":"Vajra"},{"floor":24,"key":"White Beast Statue"}],"event_choices":[{"cards_removed":["hexamod:Strike"],"damage_healed":0,"gold_gain":0,"player_choice":"Offered Basic","damage_taken":0,"max_hp_gain":0,"max_hp_loss":0,"event_name":"Bonfire Elementals","floor":3,"gold_loss":0},{"damage_healed":0,"gold_gain":0,"player_choice":"Got Potions","damage_taken":0,"max_hp_gain":0,"max_hp_loss":0,"event_name":"Lab","floor":21,"gold_loss":0}],"is_beta":false,"boss_relics":[{"not_picked":["Cursed Key","Busted Crown"],"picked":"Velvet Choker"}],"items_purged_floors":[],"is_endless":false,"potions_floor_spawned":[4,8,12,14,16,19,23,26,27,28,29,31,32],"killed_by":"DF_ARCHETYPE_CLAW","ascension_level":0}}