{"host":"s41rn2jhghpwfrvz","time":1611021098,"event":{"mods":["BaseMod","Minty Spire (QoL Compilation)","Quick Restart","Relic Stats","SuperFastMode"],"gold_per_floor":[114,126,126,141,151,176,195,226,264,276,308,320,320],"floor_reached":12,"language":"ENG","playtime":395,"items_purged":[],"score":184,"play_id":"abe155fd-0b64-4ac1-b836-f055845417a3","local_time":"20210119035138","daily_mods":["SealedDeck","Vintage","DeadlyEvents"],"is_ascension_mode":true,"campfire_choices":[{"data":"Body Slam","floor":10,"key":"SMITH"}],"circlet_count":0,"master_deck":["AscendersBane","Shrug It Off","True Grit","Wild Strike","Wild Strike","Body Slam+1","Body Slam","Seeing Red","Evolve","Evolve","Feel No Pain"],"relics":["Burning Blood","Omamori","Bag of Preparation","Lantern","Centennial Puzzle","Shuriken","Ancient Tea Set","MawBank","Art of War"],"acts_visited":["Exordium"],"potions_floor_usage":[12,12],"damage_taken":[{"damage":0,"enemies":"2 Louse","floor":1,"turns":2},{"damage":0,"enemies":"Cultist","floor":2,"turns":4},{"damage":9,"enemies":"Jaw Worm","floor":4,"turns":3},{"damage":10,"enemies":"Large Slime","floor":5,"turns":7},{"damage":4,"enemies":"3 Sentries","floor":6,"turns":8},{"damage":1,"enemies":"Exordium Thugs","floor":7,"turns":4},{"damage":60,"enemies":"Gremlin Nob","floor":8,"turns":5},{"damage":0,"enemies":"Gremlin Gang","floor":11,"turns":4},{"damage":29,"enemies":"Lagavulin","floor":12,"turns":7}],"seed_played":"1015059786217179847","potions_obtained":[{"floor":1,"key":"Energy Potion"},{"floor":5,"key":"BloodPotion"}],"is_trial":true,"path_per_floor":["M","M","?","M","M","E","M","E","T","R","M","E"],"character_chosen":"IRONCLAD","items_purchased":[],"campfire_rested":0,"item_purchase_floors":[],"current_hp_per_floor":[74,75,75,72,68,70,75,21,21,21,27,13,13],"gold":320,"neow_bonus":"","is_daily":false,"chose_seed":false,"campfire_upgraded":1,"win_rate":0.0,"timestamp":1611021098,"path_taken":["M","M","?","?","M","E","M","E","T","R","M","?"],"items_purchased_type":[],"build_version":"2020-12-22","purchased_purges":0,"victory":false,"max_hp_per_floor":[75,75,75,75,75,75,75,75,75,75,75,75,75],"relic_stats":{"Centennial Puzzle":[12],"counters":[9,44],"Shuriken":[3],"Bag of Preparation":[14],"Art of War":[0],"MawBank":48,"obtain_stats":[{"Lantern":4,"Centennial Puzzle":5,"Shuriken":6,"Omamori":1,"Bag of Preparation":2,"Art of War":11,"Ancient Tea Set":7,"MawBank":8,"Burning Blood":0},{"Lantern":3,"Centennial Puzzle":4,"Shuriken":5,"Omamori":1,"Bag of Preparation":2,"Art of War":8,"Ancient Tea Set":6,"MawBank":7,"Burning Blood":0},{"Lantern":9,"Centennial Puzzle":16,"Shuriken":24,"Omamori":2,"Bag of Preparation":6,"Art of War":37,"Ancient Tea Set":28,"MawBank":33,"Burning Blood":0}],"Burning Blood":43},"card_choices":[{"not_picked":["Rage","Thunderclap","Heavy Blade"],"picked":"SKIP","floor":6},{"not_picked":["Wild Strike","Pommel Strike","True Grit"],"picked":"SKIP","floor":8}],"player_experience":1800139,"relics_obtained":[{"floor":1,"key":"Omamori"},{"floor":2,"key":"Bag of Preparation"},{"floor":4,"key":"Lantern"},{"floor":5,"key":"Centennial Puzzle"},{"floor":6,"key":"Shuriken"},{"floor":7,"key":"Ancient Tea Set"},{"floor":8,"key":"MawBank"},{"floor":11,"key":"Art of War"}],"event_choices":[{"damage_healed":0,"gold_gain":0,"cards_transformed":["Armaments"],"player_choice":"Transformed","damage_taken":0,"max_hp_gain":0,"max_hp_loss":0,"event_name":"Transmorgrifier","floor":3,"gold_loss":0,"cards_obtained":["Feel No Pain"]}],"is_beta":false,"boss_relics":[],"items_purged_floors":[],"is_endless":false,"potions_floor_spawned":[1,5,6,7],"killed_by":"Lagavulin","ascension_level":20}}