{"host":"1a3cjta80tad0aqj","time":1611056915,"event":{"mods":["2.2 Compatiblity","AchievementEnabler","BaseMod","Colored Map","DeckTracker","KOR Keyword Fix","Keyboard Shortcuts","Minty Spire (QoL Compilation)","Permanent Neow","Quick Restart","Random Character Button","StSLib","SuperFastMode","everything is the same but u backflip on backflip"],"gold_per_floor":[111,131,143,143,218,218,253,253,253,11,31,49,84,49,49,128,128,142,70,88,13,13,13,13,13,64,64,81,91,91,121,121,196,196,206,220,67,85,85,85,85],"floor_reached":40,"language":"KOR","playtime":1341,"items_purged":["Defend_P"],"score":928,"play_id":"6d46ecbd-f78b-418b-bf8c-75713090d928","local_time":"20210119204835","is_ascension_mode":true,"campfire_choices":[{"floor":6.0,"key":"REST"},{"data":"Eruption","floor":8.0,"key":"SMITH"},{"data":"Blasphemy","floor":15.0,"key":"SMITH"},{"data":"Conclude","floor":23.0,"key":"SMITH"},{"floor":25.0,"key":"REST"},{"data":"BowlingBash","floor":27.0,"key":"SMITH"},{"floor":30.0,"key":"REST"},{"floor":32.0,"key":"REST"}],"circlet_count":0,"master_deck":["AscendersBane","Strike_P","Strike_P","Strike_P+1","Strike_P","Defend_P","Defend_P+1","Defend_P","Eruption+1","Vigilance","Conclude+1","SashWhip","BowlingBash+1","CrushJoints","Perseverance","Blasphemy+1","Meditate","Halt","ReachHeaven+1","Ragnarok+1","FlurryOfBlows+1","Adaptation","CutThroughFate+1","SpiritShield","Scrawl"],"relics":["HolyWater","Pocketwatch","Molten Egg 2","Singing Bowl","Oddly Smooth Stone","StrikeDummy","Bag of Marbles","StoneCalendar","VioletLotus"],"acts_visited":["Exordium","TheCity","TheBeyond"],"potions_floor_usage":[],"damage_taken":[{"damage":1.0,"enemies":"Cultist","floor":1.0,"turns":4.0},{"damage":8.0,"enemies":"Jaw Worm","floor":2.0,"turns":4.0},{"damage":0.0,"enemies":"2 Louse","floor":3.0,"turns":2.0},{"damage":35.0,"enemies":"Gremlin Nob","floor":7.0,"turns":4.0},{"damage":6.0,"enemies":"2 Fungi Beasts","floor":11.0,"turns":4.0},{"damage":0.0,"enemies":"Red Slaver","floor":12.0,"turns":2.0},{"damage":3.0,"enemies":"Lagavulin","floor":13.0,"turns":5.0},{"damage":0.0,"enemies":"Slime Boss","floor":16.0,"turns":4.0},{"damage":18.0,"enemies":"Chosen","floor":18.0,"turns":4.0},{"damage":0.0,"enemies":"Spheric Guardian","floor":20.0,"turns":2.0},{"damage":0.0,"enemies":"Cultist and Chosen","floor":28.0,"turns":1.0},{"damage":29.0,"enemies":"Sentry and Sphere","floor":29.0,"turns":4.0},{"damage":7.0,"enemies":"Slavers","floor":31.0,"turns":2.0},{"damage":43.0,"enemies":"Champ","floor":33.0,"turns":7.0},{"damage":12.0,"enemies":"3 Darklings","floor":35.0,"turns":3.0},{"damage":2.0,"enemies":"3 Shapes","floor":36.0,"turns":3.0},{"damage":0.0,"enemies":"Jaw Worm Horde","floor":38.0,"turns":2.0},{"damage":37,"enemies":"Giant Head","floor":40,"turns":5}],"seed_played":"5937668727490732998","potions_obtained":[{"floor":1.0,"key":"SkillPotion"},{"floor":2.0,"key":"SkillPotion"},{"floor":7.0,"key":"FairyPotion"},{"floor":18.0,"key":"DuplicationPotion"},{"floor":33.0,"key":"CultistPotion"}],"is_trial":false,"path_per_floor":["M","M","M","?","?","R","E","R","T","$","M","M","E","?","R","B",null,"M","?","M","$","T","R","?","R","T","R","M","M","R","E","R","B",null,"M","M","$","M","?","E"],"character_chosen":"WATCHER","items_purchased":["Blasphemy","StancePotion","Scrawl"],"campfire_rested":4,"item_purchase_floors":[10,10,37],"current_hp_per_floor":[60,52,52,32,21,41,6,6,6,6,20,20,17,34,34,34,60,42,42,44,44,44,44,24,46,46,46,48,19,42,35,58,15,62,50,50,50,52,52,15,15],"gold":85,"neow_bonus":"THREE_CARDS","is_daily":false,"chose_seed":false,"campfire_upgraded":4,"win_rate":0.0,"timestamp":1611056915,"path_taken":["M","M","?","?","?","R","E","R","T","$","M","M","E","?","R","BOSS","M","?","?","$","?","R","?","R","T","R","M","M","R","E","R","BOSS","M","M","$","M","?","E"],"items_purchased_type":["Card","Potion","Card"],"build_version":"2020-12-22","purchased_purges":1,"victory":false,"max_hp_per_floor":[68,68,68,68,68,68,68,68,68,68,68,68,68,68,68,68,68,68,68,70,70,70,70,75,75,75,75,77,77,77,77,77,77,77,77,79,79,81,81,81,81],"card_choices":[{"not_picked":["Protect","EmptyFist"],"picked":"Conclude","floor":0.0},{"not_picked":["WheelKick","Protect"],"picked":"SashWhip","floor":1.0},{"not_picked":["EmptyFist","JustLucky"],"picked":"BowlingBash","floor":2.0},{"not_picked":["PathToVictory","Nirvana"],"picked":"CrushJoints","floor":3.0},{"not_picked":["SashWhip","BowlingBash"],"picked":"Perseverance","floor":7.0},{"not_picked":["EmptyFist+1","Halt"],"picked":"Meditate","floor":11.0},{"not_picked":["Evaluate","Protect"],"picked":"Halt","floor":12.0},{"not_picked":["Nirvana","JustLucky+1"],"picked":"ReachHeaven+1","floor":13.0},{"not_picked":["Blasphemy","DevaForm"],"picked":"Ragnarok+1","floor":16.0},{"not_picked":["CutThroughFate+1","BowlingBash+1"],"picked":"FlurryOfBlows+1","floor":18.0},{"not_picked":["Crescendo","FlyingSleeves+1","Nirvana"],"picked":"Singing Bowl","floor":20.0},{"not_picked":["Protect","SashWhip+1","Halt+1"],"picked":"Singing Bowl","floor":28.0},{"not_picked":["Pray","Sanctity"],"picked":"Adaptation","floor":29.0},{"not_picked":["Crescendo","WindmillStrike+1"],"picked":"CutThroughFate+1","floor":31.0},{"not_picked":["Blasphemy","Judgement"],"picked":"SpiritShield","floor":33.0},{"not_picked":["Halt","Sanctity"],"picked":"EmptyBody","floor":35.0},{"not_picked":["Protect","SashWhip+1","ClearTheMind"],"picked":"Singing Bowl","floor":36.0},{"not_picked":["Vengeance","EmptyFist+1","WaveOfTheHand"],"picked":"Singing Bowl","floor":38.0}],"player_experience":782746,"relics_obtained":[{"floor":7.0,"key":"Pocketwatch"},{"floor":9.0,"key":"Molten Egg 2"},{"floor":13.0,"key":"Singing Bowl"},{"floor":22.0,"key":"StrikeDummy"},{"floor":26.0,"key":"Bag of Marbles"},{"floor":31.0,"key":"StoneCalendar"}],"event_choices":[{"damage_healed":0.0,"max_hp_gain":0.0,"max_hp_loss":0.0,"gold_gain":0.0,"event_name":"Shining Light","player_choice":"Entered Light","floor":4.0,"gold_loss":0.0,"damage_taken":20.0,"cards_upgraded":["Strike_P","Defend_P"]},{"damage_healed":0.0,"max_hp_gain":0.0,"max_hp_loss":0.0,"gold_gain":75.0,"event_name":"World of Goop","player_choice":"Gather Gold","floor":5.0,"gold_loss":0.0,"damage_taken":11.0},{"damage_healed":17.0,"max_hp_gain":0.0,"max_hp_loss":0.0,"gold_gain":0.0,"event_name":"The Cleric","player_choice":"Healed","floor":14.0,"gold_loss":35.0,"damage_taken":0.0},{"damage_healed":0.0,"max_hp_gain":0.0,"max_hp_loss":0.0,"gold_gain":0.0,"event_name":"WeMeetAgain","player_choice":"Paid Gold","floor":19.0,"gold_loss":72.0,"damage_taken":0.0,"relics_obtained":["Oddly Smooth Stone"]},{"damage_healed":0.0,"max_hp_gain":5.0,"max_hp_loss":0.0,"gold_gain":0.0,"event_name":"Forgotten Altar","player_choice":"Shed Blood","floor":24.0,"gold_loss":0.0,"damage_taken":25.0},{"cards_removed":["EmptyBody"],"damage_healed":0.0,"max_hp_gain":0.0,"max_hp_loss":0.0,"gold_gain":0.0,"event_name":"Falling","player_choice":"Removed Skill","floor":39.0,"gold_loss":0.0,"damage_taken":0.0}],"is_beta":false,"boss_relics":[{"not_picked":["SlaversCollar","Busted Crown"],"picked":"HolyWater"},{"not_picked":["Cursed Key","Calling Bell"],"picked":"VioletLotus"}],"items_purged_floors":[21],"is_endless":false,"potions_floor_spawned":[1,2,7,18,33,38],"killed_by":"Giant Head","ascension_level":20}}