{"host":"e3fr1g3um1afn0bb","time":1611017476,"event":{"mods":["2.2 Compatiblity","Act Like it!","Arknights The Spire","BaseMod","CapriCore","Colored Map","Custom Start","Hermit","Luminous","Marisa£¨Ùöéë¡¡Øª×âÞÞ£©","Minty Spire (QoL Compilation)","Prisma Mod","Rare Cards Sparkle","Shade Mod","StSLib","Td1madao Mod","The Alterego","The Animator","The Dragon Tamer","The Fake Hero","The Jungle","TheHero","WarShipGirlsR/??á´Ò³R mod","Yakumo Yukari mod"],"gold_per_floor":[113,123,139,139,157,157,190,190,217,234,234,253,328,345,345,345,345],"floor_reached":16,"language":"KOR","playtime":934,"items_purged":[],"score":104,"play_id":"9a2c6b63-37a6-459d-b7af-fe2935b6f333","local_time":"20210119095116","is_ascension_mode":false,"campfire_choices":[{"data":"ats:Wolf Pack","floor":6,"key":"SMITH"},{"floor":8,"key":"REST"},{"floor":15,"key":"REST"}],"circlet_count":0,"master_deck":["ats:Strike C","ats:Strike G","ats:Strike S","ats:Strike V","ats:Armor Crushing Shot","ats:Defend","ats:Defend","ats:Defend","ats:Defend","ats:Emotion Absorption","ats:Encircling Forest","ats:Poison Spread","ats:Neurotoxin","ats:Wolf Pack+1","ats:Closed Bolt Burst Fire","ats:Hammer On","ats:Explosion Area Strengthen","ats:Mental Burst","ats:Magnetic Hammer","ats:Ignite","ats:Ignite"],"relics":["ats:Sanity","ats:Originium","Dream Catcher"],"acts_visited":["Exordium"],"potions_floor_usage":[7,16],"damage_taken":[{"damage":9,"enemies":"2 Louse","floor":1,"turns":4},{"damage":4,"enemies":"Cultist","floor":2,"turns":5},{"damage":0,"enemies":"Small Slimes","floor":3,"turns":3},{"damage":10,"enemies":"Looter","floor":5,"turns":4},{"damage":46,"enemies":"Gremlin Nob","floor":7,"turns":6},{"damage":4,"enemies":"3 Louse","floor":10,"turns":2},{"damage":8,"enemies":"2 Fungi Beasts","floor":12,"turns":3},{"damage":2,"enemies":"Blue Slaver","floor":14,"turns":3},{"damage":45,"enemies":"The Guardian","floor":16,"turns":8}],"seed_played":"5821451006611502829","potions_obtained":[{"floor":1,"key":"Regen Potion"},{"floor":10,"key":"AttackPotion"}],"is_trial":false,"path_per_floor":["M","M","M","?","M","R","E","R","T","M","?","M","?","M","R","B"],"character_chosen":"DOCTOR_CLASS","items_purchased":[],"campfire_rested":2,"item_purchase_floors":[],"current_hp_per_floor":[70,66,66,66,56,56,22,45,45,41,41,33,22,20,43,0,0],"gold":345,"neow_bonus":"TEN_PERCENT_HP_BONUS","is_daily":false,"chose_seed":false,"campfire_upgraded":1,"win_rate":0.0,"timestamp":1611017476,"path_taken":["M","M","M","?","?","R","E","R","T","M","?","M","?","M","R","BOSS"],"items_purchased_type":[],"build_version":"2020-12-22","purchased_purges":0,"victory":false,"max_hp_per_floor":[79,79,79,79,79,79,79,79,79,79,79,79,79,79,79,79,79],"card_choices":[{"not_picked":["ats:Cat Scratch","ats:Assault Order"],"picked":"ats:Encircling Forest","floor":1},{"not_picked":["ats:Chain Hook","ats:Counter Healing Mode"],"picked":"ats:Poison Spread","floor":2},{"not_picked":["ats:Explosion Area Strengthen","ats:Revitalization"],"picked":"ats:Neurotoxin","floor":3},{"not_picked":["ats:Cat Scratch","ats:Support Order"],"picked":"ats:Closed Bolt Burst Fire","floor":5},{"not_picked":["ats:Curse Doll","ats:Rapid Magazine"],"picked":"ats:Hammer On","floor":7},{"not_picked":["ats:Hammer On","ats:Shell Defense"],"picked":"ats:Explosion Area Strengthen","floor":8},{"not_picked":["ats:Apocalypse","ats:Shadow Raid"],"picked":"ats:Mental Burst","floor":10},{"not_picked":["ats:Dogmatic Field","ats:Assault Order"],"picked":"ats:Magnetic Hammer","floor":12},{"not_picked":["ats:Apocalypse","ats:Charging Defense"],"picked":"ats:Ignite","floor":14},{"not_picked":["ats:Encircling Forest","ats:Hook Shot"],"picked":"ats:Ignite","floor":15}],"player_experience":200609,"relics_obtained":[{"floor":7,"key":"ats:Originium"},{"floor":7,"key":"Dream Catcher"}],"event_choices":[{"damage_healed":0,"gold_gain":0,"player_choice":"1 cards matched","damage_taken":0,"max_hp_gain":0,"max_hp_loss":0,"event_name":"Match and Keep!","floor":4,"gold_loss":0,"cards_obtained":["ats:Wolf Pack"]},{"damage_healed":0,"gold_gain":0,"player_choice":"Ignored","damage_taken":0,"max_hp_gain":0,"max_hp_loss":0,"event_name":"Golden Idol","floor":11,"gold_loss":0},{"damage_healed":0,"gold_gain":75,"player_choice":"Gather Gold","damage_taken":11,"max_hp_gain":0,"max_hp_loss":0,"event_name":"World of Goop","floor":13,"gold_loss":0}],"is_beta":false,"boss_relics":[],"items_purged_floors":[],"is_endless":false,"potions_floor_spawned":[1,10],"killed_by":"The Guardian","ascension_level":0}}