{"host":"v1m5rkjj38qutr02","time":1611039704,"event":{"mods":["Act Like it!","BaseMod","Challenge The Spire","Conspire","Gensokyo","GungeonMod","Hallownest","Minty Spire (QoL Compilation)","Replay The Spire","StSLib","The Bug Knight","Youmu£®ªÍ∆«—˝√Œ£©"],"gold_per_floor":[115,127,141,107,107,107,122,46,71,71,81,81,91,110,110,211,211,231,243,269,71,71,71,71,90,114,141,141,169,169,203,203,304,304,325,325,325,347,362,368,368],"floor_reached":40,"language":"ZHS","playtime":2159,"items_purged":[],"score":881,"play_id":"50a0a81e-8290-411c-8664-d940076e6934","local_time":"20210119150144","is_ascension_mode":true,"campfire_choices":[{"data":"Creative AI","floor":6.0,"key":"SMITH"},{"data":"ReplayTheSpireMod:Fabricate Wheel","floor":10.0,"key":"SMITH"},{"floor":12.0,"key":"REST"},{"floor":15.0,"key":"REST"},{"floor":23.0,"key":"REST"},{"floor":28.0,"key":"REST"},{"floor":32.0,"key":"REST"}],"circlet_count":0,"master_deck":["AscendersBane","Zap","Dualcast","Creative AI+1","Cold Snap","White Noise","ReplayTheSpireMod:Calculation Training","Coolheaded","Thunder Strike","Turbo","Steam Power","Conserve Battery","ReplayTheSpireMod:Calculation Training","Electrodynamics","Undo","Ball Lightning","Storm","White Noise","Auto Shields","Redo","Double Energy+1","Static Discharge","Machine Learning","Turbo","Thunder Strike","Amplify","FIFO Queue","Creative AI","Turbo","Heatsinks","Seek","Chill+1","Blind","Hologram+1","Turbo+1"],"relics":["Cracked Core","Tiny Chest","Prayer Wheel","Pandora\u0027s Box","Replay:Bandana","Juzu Bracelet","Anchor","Divine Protection","DemoMod:ClearGuonStone","Carrot","conspire:InfiniteJournal","Painkiller Herb","DemoMod:GlassGuonStoneRelic"],"acts_visited":["Exordium","TheCity","TheBeyond"],"potions_floor_usage":[40],"damage_taken":[{"damage":0.0,"enemies":"Cultist","floor":1.0,"turns":3.0},{"damage":20.0,"enemies":"Jaw Worm","floor":2.0,"turns":4.0},{"damage":9.0,"enemies":"Small Slimes","floor":3.0,"turns":4.0},{"damage":6.0,"enemies":"3 Louse","floor":7.0,"turns":8.0},{"damage":10.0,"enemies":"Exordium Thugs","floor":11.0,"turns":5.0},{"damage":12.0,"enemies":"2 Fungi Beasts","floor":13.0,"turns":3.0},{"damage":13.0,"enemies":"Large Slime","floor":14.0,"turns":5.0},{"damage":18.0,"enemies":"Hexaghost","floor":16.0,"turns":9.0},{"damage":7.0,"enemies":"2 Thieves","floor":18.0,"turns":3.0},{"damage":3.0,"enemies":"3 Byrds","floor":19.0,"turns":3.0},{"damage":10.0,"enemies":"Centurion and Healer","floor":25.0,"turns":4.0},{"damage":37.0,"enemies":"conspire:SneckoGhost","floor":27.0,"turns":5.0},{"damage":0.0,"enemies":"conspire:Head Lice","floor":29.0,"turns":5.0},{"damage":0.0,"enemies":"Replay:Snechameleon","floor":31.0,"turns":5.0},{"damage":0.0,"enemies":"Champ","floor":33.0,"turns":8.0},{"damage":24.0,"enemies":"3 Darklings","floor":35.0,"turns":4.0},{"damage":0,"enemies":"Orb Walker","floor":38,"turns":5},{"damage":0,"enemies":"4 Shapes","floor":39,"turns":1},{"damage":0,"enemies":"Giant Head","floor":40,"turns":7}],"seed_played":"-5510447633813799639","potions_obtained":[{"floor":1.0,"key":"BlessingOfTheForge"},{"floor":3.0,"key":"Elixir"},{"floor":13.0,"key":"FocusPotion"},{"floor":18.0,"key":"Dexterity Potion"},{"floor":29.0,"key":"EssenceOfDarkness"},{"floor":35.0,"key":"Swift Potion"}],"is_trial":false,"path_per_floor":["M","M","M","$","?","R","M","$","T","R","M","R","M","M","R","B",null,"M","M","T","$","?","R","?","M","T","E","R","E","T","E","R","B",null,"?","?","?","?","?","E"],"character_chosen":"DEFECT","items_purchased":["ReplayTheSpireMod:Calculation Training","ReplayTheSpireMod:Fabricate Wheel","Juzu Bracelet","Turbo"],"campfire_rested":5,"item_purchase_floors":[4,8,21,21],"current_hp_per_floor":[68,48,39,39,39,39,33,33,33,33,23,43,31,18,38,20,56,49,46,46,46,46,66,66,56,56,19,39,39,39,39,59,59,66,42,42,42,42,42,42,42],"gold":368,"neow_bonus":"THREE_RARE_CARDS","is_daily":false,"chose_seed":false,"campfire_upgraded":2,"win_rate":0.0,"timestamp":1611039704,"path_taken":["M","?","M","$","?","R","M","?","T","R","M","R","M","M","R","BOSS","M","M","?","$","?","R","?","M","T","E","R","E","?","E","R","BOSS","?","?","?","?","?","E"],"items_purchased_type":["Card","Card","Relic","Card"],"build_version":"2020-12-22","purchased_purges":0,"victory":false,"max_hp_per_floor":[68,68,68,68,68,68,68,68,68,68,68,68,68,68,68,68,68,68,68,68,68,68,68,68,68,68,68,68,68,68,68,68,68,68,68,68,68,68,68,68,68],"card_choices":[{"not_picked":["Rainbow","Machine Learning"],"picked":"Creative AI","floor":0.0},{"not_picked":["Leap","Steam"],"picked":"Cold Snap","floor":1.0},{"not_picked":["Blizzard","Panic Button"],"picked":"White Noise","floor":2.0},{"not_picked":["Aggregate","conspire:Rain"],"picked":"Coolheaded","floor":3.0},{"not_picked":["Leap","Auto Shields"],"picked":"Coolheaded","floor":7.0},{"not_picked":["Recycle","Stack"],"picked":"Turbo","floor":11.0},{"not_picked":["Steam","Redo","Melter"],"picked":"SKIP","floor":11.0},{"not_picked":["Reprogram","Beam Cell"],"picked":"Steam Power","floor":13.0},{"not_picked":["Reinforced Body","ReplayTheSpireMod:Dual Polarity","ReplayGash"],"picked":"SKIP","floor":13.0},{"not_picked":["Steam","Turbo"],"picked":"Conserve Battery","floor":14.0},{"not_picked":["Hyperbeam","Panic Button"],"picked":"ReplayTheSpireMod:Calculation Training","floor":14.0},{"not_picked":["Multi-Cast","Machine Learning"],"picked":"Electrodynamics","floor":16.0},{"not_picked":["Consume","Sunder+1"],"picked":"Double Energy+1","floor":18.0},{"not_picked":["Chill+1","BasicCrystalCard"],"picked":"Static Discharge","floor":18.0},{"not_picked":["Coolheaded","Gash"],"picked":"Machine Learning","floor":19.0},{"not_picked":["Stack","Reprogram","Darkness"],"picked":"SKIP","floor":19.0},{"not_picked":["Beam Cell+1","BasicCrystalCard"],"picked":"FIFO Queue","floor":25.0},{"not_picked":["Streamline","Gash","Sweeping Beam"],"picked":"SKIP","floor":25.0},{"not_picked":["Streamline","Compile Driver"],"picked":"Creative AI","floor":27.0},{"not_picked":["Rebound+1","Hyperbeam"],"picked":"Turbo","floor":29.0},{"not_picked":["Core Surge","Self Repair"],"picked":"Heatsinks","floor":31.0},{"not_picked":["Creative AI","Biased Cognition"],"picked":"Seek","floor":33.0},{"not_picked":["Blizzard","Leap+1"],"picked":"Chill+1","floor":35.0},{"not_picked":["Compile Driver+1","Sweeping Beam","Genetic Algorithm+1"],"picked":"SKIP","floor":35.0},{"not_picked":["Replay:Sssssssssshield","Swift Strike"],"picked":"Blind","floor":36.0},{"not_picked":["FIFO Queue+1","Steam+1","Fusion+1"],"picked":"SKIP","floor":38},{"not_picked":["Compile Driver","Electrodynamics","Streamline"],"picked":"SKIP","floor":38},{"not_picked":["FIFO Queue","Recycle+1"],"picked":"Hologram+1","floor":39},{"not_picked":["Beam Cell","Stack+1"],"picked":"Turbo+1","floor":39}],"player_experience":416251,"relics_obtained":[{"floor":9.0,"key":"Tiny Chest"},{"floor":20.0,"key":"Replay:Bandana"},{"floor":26.0,"key":"Anchor"},{"floor":27.0,"key":"Divine Protection"},{"floor":29.0,"key":"DemoMod:ClearGuonStone"},{"floor":30.0,"key":"Carrot"},{"floor":31.0,"key":"conspire:InfiniteJournal"}],"event_choices":[{"cards_removed":["Strike_B"],"damage_healed":0.0,"max_hp_gain":0.0,"max_hp_loss":0.0,"gold_gain":0.0,"event_name":"Purifier","player_choice":"Purged","floor":5.0,"gold_loss":0.0,"damage_taken":0.0},{"damage_healed":0.0,"max_hp_gain":0.0,"max_hp_loss":0.0,"gold_gain":0.0,"cards_transformed":["Reinforced Body","Coolheaded"],"event_name":"Drug Dealer","player_choice":"Became Test Subject","floor":24.0,"gold_loss":0.0,"damage_taken":0.0,"cards_obtained":["Thunder Strike","Amplify"]},{"damage_healed":0.0,"max_hp_gain":0.0,"max_hp_loss":0.0,"gold_gain":0.0,"event_name":"SensoryStone","player_choice":"Memory 1","floor":36.0,"gold_loss":0.0,"damage_taken":0.0},{"damage_healed":0,"gold_gain":0,"player_choice":"Ignored","damage_taken":0,"max_hp_gain":0,"max_hp_loss":0,"event_name":"Mysterious Sphere","floor":37,"gold_loss":0}],"is_beta":false,"boss_relics":[{"not_picked":["conspire:SeveredTorchhead","FrozenCore"],"picked":"Pandora\u0027s Box"},{"not_picked":["Philosopher\u0027s Stone","SacredBark"],"picked":"Painkiller Herb"}],"items_purged_floors":[],"is_endless":false,"potions_floor_spawned":[1,3,13,14,18,27,29,33,35],"killed_by":"Giant Head","ascension_level":11}}