{"host":"og6lam4kt3nibbw0","time":1611079267,"event":{"mods":["AchievementEnabler","BaseMod","Colored Map","DeckTracker","Highlight Path","Keyboard Shortcuts","Minty Spire (QoL Compilation)","Permanent Neow","Quick Restart","StSLib","SuperFastMode"],"gold_per_floor":[13,28,28,42,55,55,85,85,109,126,126,137,212,228,228,301,301,317,317,85,97,97,97],"floor_reached":22,"language":"KOR","playtime":786,"items_purged":["Strike_R"],"score":376,"play_id":"522d2c1f-bd81-4544-be05-a4337b631e60","local_time":"20210120030107","is_ascension_mode":true,"campfire_choices":[{"data":"Shrug It Off","floor":6.0,"key":"SMITH"},{"data":"Fire Breathing","floor":8.0,"key":"SMITH"},{"data":"Heavy Blade","floor":11.0,"key":"SMITH"},{"floor":15.0,"key":"REST"}],"circlet_count":0,"master_deck":["AscendersBane","Defend_R","Defend_R","Defend_R","Defend_R","Bash","Heavy Blade+1","Headbutt","Shrug It Off+1","Heavy Blade+1","Fire Breathing+1","Armaments","Pommel Strike","Warcry","Demon Form"],"relics":["Burning Blood","Strawberry","Red Skull","Empty Cage","Medical Kit"],"acts_visited":["Exordium","TheCity"],"potions_floor_usage":[],"damage_taken":[{"damage":11.0,"enemies":"Jaw Worm","floor":1.0,"turns":5.0},{"damage":1.0,"enemies":"Cultist","floor":2.0,"turns":4.0},{"damage":22.0,"enemies":"Small Slimes","floor":4.0,"turns":4.0},{"damage":8.0,"enemies":"Blue Slaver","floor":5.0,"turns":4.0},{"damage":32.0,"enemies":"3 Sentries","floor":7.0,"turns":11.0},{"damage":1.0,"enemies":"Exordium Thugs","floor":10.0,"turns":3.0},{"damage":3.0,"enemies":"Red Slaver","floor":12.0,"turns":2.0},{"damage":7.0,"enemies":"3 Louse","floor":14.0,"turns":5.0},{"damage":43.0,"enemies":"Hexaghost","floor":16.0,"turns":9.0},{"damage":42.0,"enemies":"Shell Parasite","floor":18.0,"turns":4.0},{"damage":23.0,"enemies":"Spheric Guardian","floor":21.0,"turns":4.0},{"damage":31,"enemies":"Centurion and Healer","floor":22,"turns":7}],"seed_played":"-3982908358485522285","potions_obtained":[{"floor":1.0,"key":"Dexterity Potion"},{"floor":5.0,"key":"AttackPotion"},{"floor":7.0,"key":"Explosive Potion"},{"floor":10.0,"key":"ElixirPotion"}],"is_trial":false,"path_per_floor":["M","M","?","M","M","R","E","R","T","M","R","M","?","M","R","B",null,"M","?","$","M","M"],"character_chosen":"IRONCLAD","items_purchased":["Medical Kit"],"campfire_rested":1,"item_purchase_floors":[20],"current_hp_per_floor":[63,68,68,52,50,50,31,31,31,36,36,39,28,27,51,14,65,29,45,45,28,0,0],"gold":97,"neow_bonus":"REMOVE_TWO","is_daily":false,"chose_seed":false,"campfire_upgraded":3,"win_rate":0.0,"timestamp":1611079267,"path_taken":["M","M","?","?","M","R","E","R","T","M","R","M","?","M","R","BOSS","M","?","?","M","M"],"items_purchased_type":["Relic"],"build_version":"2020-12-22","purchased_purges":1,"victory":false,"max_hp_per_floor":[75,75,75,75,75,75,82,82,82,82,82,82,82,82,82,82,82,82,82,82,82,82,82],"card_choices":[{"not_picked":["Dual Wield","Battle Trance"],"picked":"Heavy Blade","floor":1.0},{"not_picked":["Sentinel","Rupture"],"picked":"Headbutt","floor":2.0},{"not_picked":["Bloodletting","Warcry"],"picked":"Shrug It Off","floor":4.0},{"not_picked":["Ghostly Armor","Flame Barrier"],"picked":"Heavy Blade","floor":5.0},{"not_picked":["True Grit","Pommel Strike"],"picked":"Fire Breathing","floor":7.0},{"not_picked":["Sword Boomerang","Dark Embrace"],"picked":"Armaments","floor":10.0},{"not_picked":["Entrench","Disarm"],"picked":"Pommel Strike","floor":12.0},{"not_picked":["Juggernaut","Searing Blow"],"picked":"Warcry","floor":14.0},{"not_picked":["Double Tap","Berserk"],"picked":"Demon Form","floor":16.0},{"not_picked":["Clash+1","Hemokinesis","Clothesline"],"picked":"SKIP","floor":18.0},{"not_picked":["Heavy Blade","Shrug It Off","Perfected Strike"],"picked":"SKIP","floor":21.0}],"player_experience":928568,"relics_obtained":[{"floor":7.0,"key":"Strawberry"},{"floor":9.0,"key":"Red Skull"}],"event_choices":[{"damage_healed":0.0,"max_hp_gain":0.0,"max_hp_loss":0.0,"gold_gain":0.0,"event_name":"Upgrade Shrine","player_choice":"Upgraded","floor":3.0,"gold_loss":0.0,"damage_taken":0.0,"cards_upgraded":["Heavy Blade"]},{"damage_healed":0.0,"max_hp_gain":0.0,"max_hp_loss":0.0,"gold_gain":75.0,"event_name":"World of Goop","player_choice":"Gather Gold","floor":13.0,"gold_loss":0.0,"damage_taken":11.0},{"damage_healed":16.0,"max_hp_gain":0.0,"max_hp_loss":0.0,"gold_gain":0.0,"event_name":"The Library","player_choice":"Heal","floor":19.0,"gold_loss":0.0,"damage_taken":0.0}],"is_beta":false,"boss_relics":[{"not_picked":["Philosopher\u0027s Stone","Runic Dome"],"picked":"Empty Cage"}],"items_purged_floors":[20],"is_endless":false,"potions_floor_spawned":[1,5,7,10,14],"killed_by":"Centurion and Healer","ascension_level":20}}