{"host":"1a32ffxog1zcqoh0","time":1611097575,"event":{"mods":["BaseMod","Block Reminder","Colored Map","Colored Powertips","Googly Eyes","Minty Spire (QoL Compilation)","Quick Restart","Rare Cards Sparkle","Relic Stats","StSLib","Unceasing Turn Reminder","everything is the same but u backflip on backflip","slay the spire mod where everything is the same but ironclad has a cowboy hat"],"gold_per_floor":[112,125,141,141,141,141,160,160,160,5,37,37,49,49,49,154,154,154,154],"floor_reached":18,"language":"ENG","playtime":1127,"items_purged":["Regret"],"score":208,"play_id":"5a51acbf-24a7-467a-9af1-f53bfe1d0699","local_time":"20210119180615","is_ascension_mode":true,"campfire_choices":[{"data":"Secret Weapon","floor":6,"key":"SMITH"},{"data":"Dagger Throw","floor":8,"key":"SMITH"},{"floor":12,"key":"REST"},{"data":"Setup","floor":15,"key":"SMITH"}],"circlet_count":0,"master_deck":["Strike_G","Strike_G","Strike_G","Strike_G","Defend_G","Defend_G","Defend_G","Defend_G","Defend_G","Survivor","Neutralize","Secret Weapon+1","Dagger Throw+1","Endless Agony","Deadly Poison","Regret","Acrobatics","Noxious Fumes","Setup+1","Footwork","Concentrate","Storm of Steel"],"relics":["Ring of the Snake","Molten Egg 2","Dream Catcher","Centennial Puzzle","Ectoplasm"],"acts_visited":["Exordium","TheCity"],"potions_floor_usage":[11,16,16],"damage_taken":[{"damage":2,"enemies":"Cultist","floor":1,"turns":4},{"damage":2,"enemies":"Jaw Worm","floor":2,"turns":4},{"damage":3,"enemies":"Small Slimes","floor":3,"turns":4},{"damage":3,"enemies":"3 Louse","floor":7,"turns":4},{"damage":25,"enemies":"3 Sentries","floor":11,"turns":9},{"damage":3,"enemies":"Blue Slaver","floor":13,"turns":5},{"damage":40,"enemies":"Slime Boss","floor":16,"turns":11},{"damage":35,"enemies":"3 Byrds","floor":18,"turns":5}],"seed_played":"4275130863579894282","potions_obtained":[{"floor":2,"key":"Swift Potion"},{"floor":3,"key":"Fire Potion"},{"floor":7,"key":"LiquidMemories"}],"is_trial":false,"path_per_floor":["M","M","M","?","?","R","M","R","T","$","E","R","M","$","R","B",null,"M"],"character_chosen":"THE_SILENT","items_purchased":["Noxious Fumes"],"campfire_rested":1,"item_purchase_floors":[10],"current_hp_per_floor":[61,59,56,56,56,56,53,53,53,53,28,49,46,46,46,6,54,19,19],"gold":154,"neow_bonus":"RANDOM_COLORLESS_2","is_daily":false,"chose_seed":false,"campfire_upgraded":3,"win_rate":0.0,"timestamp":1611097575,"path_taken":["M","M","?","?","?","R","M","R","T","$","E","R","M","$","R","BOSS","M"],"items_purchased_type":["Card"],"build_version":"2020-12-22","purchased_purges":1,"victory":false,"max_hp_per_floor":[70,70,70,70,70,70,70,70,70,70,70,70,70,70,70,70,70,70,70],"relic_stats":{"Dream Catcher":1,"Centennial Puzzle":[10],"counters":[8,46],"Ectoplasm":0,"obtain_stats":[{"Dream Catcher":9,"Centennial Puzzle":11,"Molten Egg 2":5,"Ectoplasm":17,"Ring of the Snake":0},{"Dream Catcher":4,"Centennial Puzzle":5,"Molten Egg 2":3,"Ectoplasm":7,"Ring of the Snake":0},{"Dream Catcher":16,"Centennial Puzzle":25,"Molten Egg 2":12,"Ectoplasm":41,"Ring of the Snake":0}],"Ring of the Snake":[17]},"card_choices":[{"not_picked":["Thinking Ahead","HandOfGreed"],"picked":"Secret Weapon","floor":0},{"not_picked":["Dash","Bouncing Flask"],"picked":"Dagger Throw","floor":1},{"not_picked":["Dagger Spray","Sucker Punch"],"picked":"Endless Agony","floor":2},{"not_picked":["Outmaneuver","Dash"],"picked":"Deadly Poison","floor":3},{"not_picked":["Finisher+1","Deflect"],"picked":"Acrobatics","floor":7},{"not_picked":["Distraction","Wraith Form v2"],"picked":"Setup","floor":11},{"not_picked":["Bane+1","Dagger Spray+1"],"picked":"Footwork","floor":12},{"not_picked":["Acrobatics","Sucker Punch+1"],"picked":"Concentrate","floor":13},{"not_picked":["Venomology","Doppelganger"],"picked":"Storm of Steel","floor":16}],"player_experience":275161,"relics_obtained":[{"floor":9,"key":"Dream Catcher"},{"floor":11,"key":"Centennial Puzzle"}],"event_choices":[{"cards_removed":["Strike_G"],"damage_healed":0,"gold_gain":0,"player_choice":"Forget","damage_taken":0,"max_hp_gain":0,"max_hp_loss":0,"event_name":"Living Wall","floor":4,"gold_loss":0},{"damage_healed":0,"gold_gain":0,"player_choice":"Box","damage_taken":0,"relics_obtained":["Molten Egg 2"],"max_hp_gain":0,"max_hp_loss":0,"event_name":"Big Fish","floor":5,"gold_loss":0,"cards_obtained":["Regret"]}],"is_beta":false,"boss_relics":[{"not_picked":["Snecko Eye","SacredBark"],"picked":"Ectoplasm"}],"items_purged_floors":[10],"is_endless":false,"potions_floor_spawned":[2,3,7],"killed_by":"3 Byrds","ascension_level":6}}