{"host":"r53pw7z744tg3fxg","time":1611099744,"event":{"mods":["AchievementEnabler","BaseMod","Colored Map","Colored Powertips","Highlight Path","Minty Spire (QoL Compilation)","Quick Restart","Transform Curses"],"gold_per_floor":[114,133,146,146,146,182,182,15,15,34,48,7,7,25,25,123,123,148,128,144,69,69,69],"floor_reached":22,"language":"ENG","playtime":2345,"items_purged":["Injury"],"score":335,"play_id":"7734d7b4-4edd-40b9-bfbd-b34f05c91e28","local_time":"20210119164224","is_ascension_mode":true,"campfire_choices":[{"floor":7.0,"key":"REST"},{"floor":13.0,"key":"REST"},{"floor":15.0,"key":"REST"}],"circlet_count":0,"master_deck":["AscendersBane","Strike_P","Strike_P","Strike_P","Strike_P","Defend_P","Defend_P","Defend_P","Defend_P","Eruption","Vigilance","CutThroughFate","Consecrate","PathToVictory","Devotion","ThirdEye","Conclude","EmptyBody","DevaForm","WheelKick+1","TalkToTheHand"],"relics":["PureWater","Golden Idol","Girya","MealTicket","GoldenEye","SacredBark"],"acts_visited":["Exordium","TheCity"],"potions_floor_usage":[22],"damage_taken":[{"damage":0.0,"enemies":"Small Slimes","floor":1.0,"turns":3.0},{"damage":2.0,"enemies":"Jaw Worm","floor":2.0,"turns":5.0},{"damage":0.0,"enemies":"2 Louse","floor":3.0,"turns":1.0},{"damage":29.0,"enemies":"3 Sentries","floor":6.0,"turns":8.0},{"damage":32.0,"enemies":"Lots of Slimes","floor":10.0,"turns":5.0},{"damage":5.0,"enemies":"Red Slaver","floor":11.0,"turns":3.0},{"damage":16.0,"enemies":"Large Slime","floor":14.0,"turns":5.0},{"damage":8.0,"enemies":"Slime Boss","floor":16.0,"turns":7.0},{"damage":33,"enemies":"2 Thieves","floor":18,"turns":5},{"damage":36,"enemies":"Spheric Guardian","floor":20,"turns":6},{"damage":50,"enemies":"Shelled Parasite and Fungi","floor":22,"turns":4}],"seed_played":"-7939941821393563332","potions_obtained":[{"floor":1.0,"key":"ColorlessPotion"},{"floor":11.0,"key":"BlessingOfTheForge"},{"floor":14.0,"key":"LiquidMemories"},{"floor":16.0,"key":"FearPotion"},{"floor":19,"key":"Ancient Potion"}],"is_trial":false,"path_per_floor":["M","M","M","?","?","E","R","$","T","M","M","$","R","M","R","B",null,"M","?","M","$","M"],"character_chosen":"WATCHER","items_purchased":["MealTicket","Conclude"],"campfire_rested":3,"item_purchase_floors":[8,12],"current_hp_per_floor":[67,65,65,65,65,36,58,58,58,26,21,36,58,42,64,56,70,37,37,1,16,0,0],"gold":69,"neow_bonus":"TEN_PERCENT_HP_BONUS","is_daily":false,"chose_seed":false,"campfire_upgraded":0,"win_rate":0.0,"timestamp":1611099744,"path_taken":["M","M","M","?","?","E","R","$","T","M","?","$","R","M","R","BOSS","M","?","?","?","M"],"items_purchased_type":["Relic","Card"],"build_version":"2020-12-22","purchased_purges":1,"victory":false,"max_hp_per_floor":[74,74,74,74,74,74,74,74,74,74,74,74,74,74,74,74,74,74,74,74,74,74,74],"card_choices":[{"not_picked":["Vengeance","CrushJoints","ThirdEye"],"picked":"SKIP","floor":1.0},{"not_picked":["SandsOfTime","Meditate"],"picked":"CutThroughFate","floor":2.0},{"not_picked":["EmptyMind","JustLucky"],"picked":"Consecrate","floor":3.0},{"not_picked":["SashWhip","InnerPeace"],"picked":"PathToVictory","floor":6.0},{"not_picked":["Wireheading","Consecrate"],"picked":"Devotion","floor":10.0},{"not_picked":["Meditate","Study"],"picked":"ThirdEye","floor":11.0},{"not_picked":["Nirvana","SashWhip"],"picked":"EmptyBody","floor":14.0},{"not_picked":["Vault","Omniscience"],"picked":"DevaForm","floor":16.0},{"not_picked":["TalkToTheHand","FlyingSleeves"],"picked":"WheelKick+1","floor":18},{"not_picked":["CrushJoints","Indignation"],"picked":"TalkToTheHand","floor":20}],"player_experience":1321847,"relics_obtained":[{"floor":6.0,"key":"Girya"},{"floor":9.0,"key":"GoldenEye"}],"event_choices":[{"damage_healed":0.0,"max_hp_gain":0.0,"max_hp_loss":0.0,"gold_gain":0.0,"event_name":"The Cleric","player_choice":"Leave","floor":4.0,"gold_loss":0.0,"damage_taken":0.0},{"damage_healed":0.0,"max_hp_gain":0.0,"max_hp_loss":0.0,"gold_gain":0.0,"event_name":"Golden Idol","player_choice":"Take Wound","floor":5.0,"gold_loss":0.0,"damage_taken":0.0,"relics_obtained":["Golden Idol"],"cards_obtained":["Injury"]},{"damage_healed":0,"gold_gain":0,"player_choice":"Bought 1 Potion","damage_taken":0,"max_hp_gain":0,"max_hp_loss":0,"event_name":"The Woman in Blue","floor":19,"gold_loss":0}],"is_beta":false,"boss_relics":[{"not_picked":["Empty Cage","Cursed Key"],"picked":"SacredBark"}],"items_purged_floors":[21],"is_endless":false,"potions_floor_spawned":[1,11,14,16],"killed_by":"Shelled Parasite and Fungi","ascension_level":16}}