{"host":"r53pw7z744tg3fxg","time":1611086316,"event":{"mods":["AchievementEnabler","BaseMod","Colored Map","Colored Powertips","Highlight Path","Minty Spire (QoL Compilation)","Quick Restart","Transform Curses"],"gold_per_floor":[109,128,145,48,68,68,100,100,100,113,166,199,199,199,199,275,275,286,36,36,36,36],"floor_reached":21,"language":"ENG","playtime":716,"items_purged":[],"score":382,"play_id":"984a1c0f-b340-456a-a8d0-a8d2d487a25e","local_time":"20210119125836","is_ascension_mode":true,"campfire_choices":[{"data":"Eruption","floor":6,"key":"SMITH"},{"floor":13,"key":"REST"},{"floor":15,"key":"REST"}],"circlet_count":0,"master_deck":["AscendersBane","Strike_P","Strike_P","Strike_P","Strike_P","Defend_P","Defend_P","Defend_P","Defend_P","Eruption+1","Vigilance","PathToVictory","WheelKick","CutThroughFate","Dramatic Entrance+1","Halt","WindmillStrike+1","Evaluate","Devotion","MasterReality","Worship+1"],"relics":["PureWater","Molten Egg 2","Darkstone Periapt","Toxic Egg 2","Vajra","VioletLotus","Pen Nib","MutagenicStrength"],"acts_visited":["Exordium","TheCity"],"potions_floor_usage":[7,12,21,21],"damage_taken":[{"damage":2.0,"enemies":"Cultist","floor":1.0,"turns":3.0},{"damage":3,"enemies":"Jaw Worm","floor":2,"turns":5},{"damage":0,"enemies":"2 Louse","floor":3,"turns":1},{"damage":8,"enemies":"Blue Slaver","floor":5,"turns":3},{"damage":30,"enemies":"Gremlin Nob","floor":7,"turns":4},{"damage":0,"enemies":"3 Louse","floor":10,"turns":1},{"damage":0,"enemies":"3 Sentries","floor":12,"turns":1},{"damage":25,"enemies":"Slime Boss","floor":16,"turns":7},{"damage":32,"enemies":"Spheric Guardian","floor":18,"turns":5},{"damage":46,"enemies":"3 Byrds","floor":21,"turns":4}],"seed_played":"-610229985728993314","potions_obtained":[{"floor":5,"key":"Regen Potion"},{"floor":7,"key":"AttackPotion"},{"floor":16,"key":"Energy Potion"}],"is_trial":false,"path_per_floor":["M","M","M","$","M","R","E","?","T","M","?","E","R","?","R","B",null,"M","$","?","M"],"character_chosen":"WATCHER","items_purchased":["Dramatic Entrance","Pen Nib","Regen Potion"],"campfire_rested":2,"item_purchase_floors":[4,19,19],"current_hp_per_floor":[65,62,62,62,54,54,36,36,36,36,36,36,58,32,54,29,63,31,31,31,0,0],"gold":36,"neow_bonus":"TEN_PERCENT_HP_BONUS","is_daily":false,"chose_seed":false,"campfire_upgraded":1,"win_rate":0.0,"timestamp":1611086316,"path_taken":["M","M","M","?","M","R","E","?","T","?","?","E","R","?","R","BOSS","M","$","?","M"],"items_purchased_type":["Card","Relic","Potion"],"build_version":"2020-12-22","purchased_purges":0,"victory":false,"max_hp_per_floor":[74,74,74,74,74,74,74,74,74,74,74,74,74,74,74,74,74,74,74,74,74,74],"card_choices":[{"not_picked":["CrushJoints","Weave"],"picked":"PathToVictory","floor":1.0},{"not_picked":["Study","Halt"],"picked":"WheelKick","floor":2},{"not_picked":["EmptyFist","SandsOfTime"],"picked":"CutThroughFate","floor":3},{"not_picked":["EmptyFist","Consecrate"],"picked":"Halt","floor":5},{"not_picked":["WheelKick+1","DeceiveReality"],"picked":"WindmillStrike+1","floor":7},{"not_picked":["WreathOfFlame","EmptyFist+1"],"picked":"Evaluate","floor":10},{"not_picked":["WaveOfTheHand+1","Collect+1"],"picked":"Devotion","floor":12},{"not_picked":["Blasphemy+1","Wish+1"],"picked":"MasterReality","floor":16},{"not_picked":["EmptyFist+1","Fasting2"],"picked":"Worship+1","floor":18}],"player_experience":1311990,"relics_obtained":[{"floor":7,"key":"Molten Egg 2"},{"floor":9,"key":"Darkstone Periapt"},{"floor":12,"key":"Toxic Egg 2"}],"event_choices":[{"damage_healed":0,"gold_gain":0,"player_choice":"Upgraded","damage_taken":0,"max_hp_gain":0,"max_hp_loss":0,"event_name":"Upgrade Shrine","floor":8,"gold_loss":0,"cards_upgraded":["Dramatic Entrance"]},{"damage_healed":0,"gold_gain":53,"player_choice":"Gained Gold","damage_taken":0,"max_hp_gain":0,"max_hp_loss":0,"event_name":"Golden Wing","floor":11,"gold_loss":0},{"damage_healed":0,"gold_gain":0,"player_choice":"Success","damage_taken":26,"relics_obtained":["Vajra"],"max_hp_gain":0,"max_hp_loss":0,"event_name":"Scrap Ooze","floor":14,"gold_loss":0},{"damage_healed":0,"gold_gain":0,"player_choice":"Inject Mutagens","damage_taken":0,"relics_obtained":["MutagenicStrength"],"max_hp_gain":0,"max_hp_loss":0,"event_name":"Drug Dealer","floor":20,"gold_loss":0}],"is_beta":false,"boss_relics":[{"not_picked":["Runic Pyramid","Astrolabe"],"picked":"VioletLotus"}],"items_purged_floors":[],"is_endless":false,"potions_floor_spawned":[5,7,16],"killed_by":"3 Byrds","ascension_level":16}}