{"host":"mp3zbolja7t2zuvr","time":1611021732,"event":{"mods":["AchievementEnabler","BaseMod","Curses Come First","Minty Spire (QoL Compilation)","Permanent Neow","Relic Stats","StSLib","Synergy Search","Uncapped"],"gold_per_floor":[109,119,119,138,11,38,38,58,58,68,101,116,134,17,17,120,120,132,3,18,18,36,36,36],"floor_reached":23,"language":"ENG","playtime":1212,"items_purged":[],"score":236,"play_id":"d81a1b21-4647-4cb3-8273-240fc815771f","local_time":"20210118210212","is_ascension_mode":true,"campfire_choices":[{"data":"Neutralize","floor":7.0,"key":"SMITH"},{"data":"Terror","floor":15.0,"key":"SMITH"}],"circlet_count":0,"master_deck":["Strike_G","Strike_G","Strike_G","Strike_G","Strike_G","Defend_G","Defend_G","Defend_G","Defend_G","Defend_G","Survivor","Neutralize+1","Finisher+1","Backstab","PiercingWail","Leg Sweep","Flying Knee","Flechettes","Deadly Poison","All Out Attack","Terror+1","Blade Dance","Backflip","Footwork","Deflect","Wraith Form v2","Deadly Poison","Acrobatics","Dodge and Roll","Dagger Spray","Bouncing Flask+1","Acrobatics"],"relics":["Runic Pyramid","Meat on the Bone","Pantograph","InkBottle","HoveringKite","Nilry\u0027s Codex"],"acts_visited":["Exordium","TheCity"],"potions_floor_usage":[],"damage_taken":[{"damage":0.0,"enemies":"Cultist","floor":1.0,"turns":5.0},{"damage":0.0,"enemies":"Jaw Worm","floor":2.0,"turns":4.0},{"damage":0.0,"enemies":"Small Slimes","floor":4.0,"turns":3.0},{"damage":27.0,"enemies":"Gremlin Nob","floor":6.0,"turns":5.0},{"damage":5.0,"enemies":"Gremlin Gang","floor":8.0,"turns":5.0},{"damage":8.0,"enemies":"Exordium Thugs","floor":10.0,"turns":4.0},{"damage":23.0,"enemies":"Lagavulin","floor":11.0,"turns":7.0},{"damage":6.0,"enemies":"Lots of Slimes","floor":12.0,"turns":3.0},{"damage":0.0,"enemies":"Blue Slaver","floor":13.0,"turns":4.0},{"damage":3.0,"enemies":"The Guardian","floor":16.0,"turns":13.0},{"damage":19.0,"enemies":"2 Thieves","floor":18.0,"turns":4.0},{"damage":9.0,"enemies":"3 Byrds","floor":20.0,"turns":4.0},{"damage":21.0,"enemies":"Shelled Parasite and Fungi","floor":22.0,"turns":5.0},{"damage":7,"enemies":"Gremlin Leader","floor":23,"turns":3}],"seed_played":"467483582483773546","potions_obtained":[{"floor":6.0,"key":"Weak Potion"},{"floor":8.0,"key":"Block Potion"},{"floor":12.0,"key":"BlessingOfTheForge"},{"floor":18.0,"key":"Swift Potion"}],"is_trial":false,"path_per_floor":["M","M","?","M","$","E","R","M","T","M","E","M","M","$","R","B",null,"M","$","M","?","M","E"],"character_chosen":"THE_SILENT","items_purchased":["Leg Sweep","Flying Knee","Footwork","Deflect","Acrobatics","Dodge and Roll","Dagger Spray"],"campfire_rested":0,"item_purchase_floors":[5,5,14,14,19,19,19],"current_hp_per_floor":[70,70,70,70,70,43,43,38,38,42,31,37,37,37,37,59,70,51,51,42,26,17,10,10],"gold":36,"neow_bonus":"BOSS_RELIC","is_daily":false,"chose_seed":false,"campfire_upgraded":2,"win_rate":0.0,"timestamp":1611021732,"path_taken":["M","M","?","M","$","E","R","M","T","M","E","M","M","$","R","BOSS","M","$","M","?","M","E"],"items_purchased_type":["Card","Card","Card","Card","Card","Card","Card"],"build_version":"2020-12-22","purchased_purges":0,"victory":false,"max_hp_per_floor":[70,70,70,70,70,70,70,70,70,70,70,70,70,70,70,70,70,70,70,70,70,70,70,70],"relic_stats":{"counters":[14,69],"Pantograph":25,"HoveringKite":[7],"obtain_stats":[{"Nilry\u0027s Codex":21,"Pantograph":9,"HoveringKite":17,"InkBottle":11,"Ring of the Snake":0,"Runic Pyramid":0,"Meat on the Bone":6},{"Nilry\u0027s Codex":12,"Pantograph":5,"HoveringKite":10,"InkBottle":7,"Ring of the Snake":0,"Runic Pyramid":0,"Meat on the Bone":4},{"Nilry\u0027s Codex":61,"Pantograph":22,"HoveringKite":53,"InkBottle":33,"Ring of the Snake":0,"Runic Pyramid":0,"Meat on the Bone":17}],"InkBottle":[11],"Meat on the Bone":48},"card_choices":[{"not_picked":["Dodge and Roll","Quick Slash"],"picked":"Finisher","floor":1.0},{"not_picked":["All Out Attack","Riddle With Holes"],"picked":"Backstab","floor":2.0},{"not_picked":["Endless Agony","Blade Dance"],"picked":"PiercingWail","floor":4.0},{"not_picked":["Escape Plan","Infinite Blades"],"picked":"Flechettes","floor":6.0},{"not_picked":["Blade Dance","Acrobatics"],"picked":"Deadly Poison","floor":8.0},{"not_picked":["Predator","Footwork"],"picked":"All Out Attack","floor":10.0},{"not_picked":["Underhanded Strike","Calculated Gamble"],"picked":"Terror","floor":11.0},{"not_picked":["Skewer","Outmaneuver"],"picked":"Blade Dance","floor":12.0},{"not_picked":["Flechettes","Deflect"],"picked":"Backflip","floor":13.0},{"not_picked":["Doppelganger","Phantasmal Killer"],"picked":"Wraith Form v2","floor":16.0},{"not_picked":["Blade Dance+1","Endless Agony"],"picked":"Deadly Poison","floor":18.0},{"not_picked":["Blade Dance","Skewer+1"],"picked":"Bouncing Flask+1","floor":20.0},{"not_picked":["Well Laid Plans","Finisher"],"picked":"Acrobatics","floor":22.0}],"player_experience":116411,"relics_obtained":[{"floor":6.0,"key":"Meat on the Bone"},{"floor":9.0,"key":"Pantograph"},{"floor":11.0,"key":"InkBottle"},{"floor":21.0,"key":"Nilry\u0027s Codex"}],"event_choices":[{"damage_healed":0.0,"max_hp_gain":0.0,"max_hp_loss":0.0,"gold_gain":0.0,"event_name":"Living Wall","player_choice":"Grow","floor":3.0,"gold_loss":0.0,"damage_taken":0.0,"cards_upgraded":["Finisher"]},{"damage_healed":0.0,"max_hp_gain":0.0,"max_hp_loss":0.0,"gold_gain":0.0,"event_name":"Cursed Tome","player_choice":"Obtained Book","floor":21.0,"gold_loss":0.0,"damage_taken":16.0}],"is_beta":false,"boss_relics":[{"not_picked":["Black Star","Sozu"],"picked":"HoveringKite"}],"items_purged_floors":[],"is_endless":false,"potions_floor_spawned":[6,8,12,18],"killed_by":"Gremlin Leader","ascension_level":3}}