{"host":"l15sdf2mmi0nobpi","time":1611066242,"event":{"mods":["ATMod(°¢èªMod)","BaseMod","Highlight Path","Minty Spire (QoL Compilation)","Quick Restart","StSLib","¡¾¹¦ÄÜMod¡¿Neow½±Àø"],"gold_per_floor":[369,39,39,56,68,97,172,172,172,182,214,224,254,270,270,270,270],"floor_reached":16,"language":"ZHS","playtime":543,"items_purged":["Strike_B"],"score":244,"play_id":"849d2d48-428f-48e8-bcf1-058cfe4dc407","local_time":"20210119222402","is_ascension_mode":true,"campfire_choices":[{"floor":8.0,"key":"REST"},{"floor":15.0,"key":"REST"}],"circlet_count":0,"master_deck":["AscendersBane","Strike_B","Strike_B","Defend_B","Defend_B","Defend_B","Defend_B","Zap","Dualcast","AT_ShrugMaster","Ball Lightning","Creative AI","Turbo","Hologram","Consume","Cold Snap"],"relics":["Cracked Core","AT_ATBox","AT_EbonyIvory","Torii","TungstenRod","MealTicket","Art of War"],"acts_visited":["Exordium"],"potions_floor_usage":[16],"damage_taken":[{"damage":0.0,"enemies":"Cultist","floor":1.0,"turns":3.0},{"damage":2.0,"enemies":"Jaw Worm","floor":4.0,"turns":3.0},{"damage":3.0,"enemies":"2 Louse","floor":5.0,"turns":2.0},{"damage":28.0,"enemies":"Gremlin Nob","floor":6.0,"turns":4.0},{"damage":0.0,"enemies":"Blue Slaver","floor":10.0,"turns":3.0},{"damage":9.0,"enemies":"3 Sentries","floor":11.0,"turns":8.0},{"damage":0.0,"enemies":"2 Fungi Beasts","floor":12.0,"turns":3.0},{"damage":18.0,"enemies":"Lagavulin","floor":13.0,"turns":6.0},{"damage":0.0,"enemies":"Lots of Slimes","floor":14.0,"turns":2.0},{"damage":28,"enemies":"Slime Boss","floor":16,"turns":7}],"seed_played":"6986920334644099826","potions_obtained":[{"floor":1.0,"key":"Dexterity Potion"},{"floor":4.0,"key":"FearPotion"},{"floor":5.0,"key":"DistilledChaos"},{"floor":13.0,"key":"AttackPotion"}],"is_trial":false,"path_per_floor":["M","$","?","M","M","E","?","R","T","M","E","M","E","M","R","B"],"character_chosen":"DEFECT","items_purchased":["AT_EbonyIvory","Creative AI"],"campfire_rested":2,"item_purchase_floors":[2,2],"current_hp_per_floor":[64,64,57,55,52,24,13,32,32,32,23,23,5,5,24,0,0],"gold":270,"neow_bonus":"TWO_FIFTY_GOLD","is_daily":false,"chose_seed":false,"campfire_upgraded":0,"win_rate":0.0,"timestamp":1611066242,"path_taken":["M","$","?","M","M","E","?","R","T","M","E","M","E","M","R","BOSS"],"items_purchased_type":["Relic","Card"],"build_version":"2020-12-22","purchased_purges":1,"victory":false,"max_hp_per_floor":[64,64,64,64,64,64,64,64,64,64,64,64,64,64,64,64,64],"card_choices":[{"not_picked":["Streamline","Redo"],"picked":"Ball Lightning","floor":1.0},{"not_picked":["Barrage","Stack"],"picked":"Turbo","floor":4.0},{"not_picked":["Compile Driver","Rebound","Redo"],"picked":"SKIP","floor":5.0},{"not_picked":["Fission","Ball Lightning","AT_WarpDrive"],"picked":"SKIP","floor":6.0},{"not_picked":["Go for the Eyes","Redo"],"picked":"Hologram","floor":10.0},{"not_picked":["Sweeping Beam","Steam"],"picked":"Consume","floor":11.0},{"not_picked":["Streamline","Chill","BootSequence"],"picked":"SKIP","floor":12.0},{"not_picked":["Fission","Sweeping Beam"],"picked":"Cold Snap","floor":13.0},{"not_picked":["Gash","Undo","Steam"],"picked":"SKIP","floor":14.0}],"player_experience":462107,"relics_obtained":[{"floor":6.0,"key":"Torii"},{"floor":9.0,"key":"TungstenRod"},{"floor":11.0,"key":"MealTicket"},{"floor":13.0,"key":"Art of War"}],"event_choices":[{"cards_removed":["Strike_B"],"damage_healed":0.0,"max_hp_gain":0.0,"max_hp_loss":0.0,"gold_gain":0.0,"event_name":"Golden Wing","player_choice":"Card Removal","floor":3.0,"gold_loss":0.0,"damage_taken":7.0},{"damage_healed":0.0,"max_hp_gain":0.0,"max_hp_loss":0.0,"gold_gain":75.0,"event_name":"World of Goop","player_choice":"Gather Gold","floor":7.0,"gold_loss":0.0,"damage_taken":11.0}],"is_beta":false,"boss_relics":[],"items_purged_floors":[2],"is_endless":false,"potions_floor_spawned":[1,4,5,13],"killed_by":"Slime Boss","ascension_level":20}}