{"host":"8dhn6p16jorj0i1s","time":1611094381,"event":{"mods":["BaseMod","Colored Map","DeckTracker","Minty Spire (QoL Compilation)","Permanent Neow","Quick Restart"],"gold_per_floor":[19,34,12,25,41,66,66,66,140,140,140,140,153,6,6,106,106,124,140,154,52,52,86,103,23,23,41,41,67,67,85,85,186,186,199,44,58,74,91,91,91,91],"floor_reached":41,"language":"ENG","playtime":2366,"items_purged":["Strike_G","Strike_G"],"score":656,"play_id":"57eba8e1-bfdf-411b-ade0-9160b88bdcff","local_time":"20210119231301","is_ascension_mode":true,"campfire_choices":[{"data":"Envenom","floor":8.0,"key":"SMITH"},{"data":"Neutralize","floor":10.0,"key":"SMITH"},{"data":"Noxious Fumes","floor":12.0,"key":"SMITH"},{"floor":15.0,"key":"REST"},{"data":"Infinite Blades","floor":28.0,"key":"SMITH"},{"data":"Accuracy","floor":30.0,"key":"SMITH"},{"data":"Accuracy","floor":32.0,"key":"SMITH"},{"data":"Concentrate","floor":40,"key":"SMITH"}],"circlet_count":0,"master_deck":["Strike_G","Strike_G","Defend_G","Defend_G","Defend_G","Defend_G","Defend_G","Survivor","Neutralize+1","Envenom+1","Poisoned Stab","Deadly Poison","Blade Dance","Blade Dance","Noxious Fumes+1","Blade Dance","Infinite Blades+1","Corpse Explosion","Cloak And Dagger+1","Accuracy+1","Accuracy+1","Deadly Poison","Blade Dance","Accuracy+1","Deadly Poison+1","Outmaneuver","Concentrate+1","Accuracy","Outmaneuver+1"],"relics":["Ring of the Snake","Strawberry","Mummified Hand","HornCleat","WristBlade","The Courier","Prayer Wheel","Girya","Black Star","Nunchaku"],"acts_visited":["Exordium","TheCity","TheBeyond"],"potions_floor_usage":[35,38],"damage_taken":[{"damage":6.0,"enemies":"Cultist","floor":1.0,"turns":5.0},{"damage":4.0,"enemies":"Jaw Worm","floor":2.0,"turns":3.0},{"damage":4.0,"enemies":"2 Louse","floor":4.0,"turns":3.0},{"damage":17.0,"enemies":"Exordium Thugs","floor":5.0,"turns":5.0},{"damage":22.0,"enemies":"Gremlin Nob","floor":6.0,"turns":4.0},{"damage":3.0,"enemies":"Lots of Slimes","floor":13.0,"turns":4.0},{"damage":7.0,"enemies":"Hexaghost","floor":16.0,"turns":7.0},{"damage":0.0,"enemies":"2 Thieves","floor":18.0,"turns":3.0},{"damage":0.0,"enemies":"Chosen","floor":19.0,"turns":4.0},{"damage":5.0,"enemies":"Snake Plant","floor":20.0,"turns":3.0},{"damage":5.0,"enemies":"Book of Stabbing","floor":23.0,"turns":4.0},{"damage":9.0,"enemies":"Centurion and Healer","floor":24.0,"turns":4.0},{"damage":0.0,"enemies":"Snecko","floor":27.0,"turns":3.0},{"damage":7.0,"enemies":"Gremlin Leader","floor":29.0,"turns":2.0},{"damage":5.0,"enemies":"Shelled Parasite and Fungi","floor":31.0,"turns":3.0},{"damage":0.0,"enemies":"Automaton","floor":33.0,"turns":4.0},{"damage":19,"enemies":"3 Darklings","floor":35,"turns":3},{"damage":8,"enemies":"3 Shapes","floor":37,"turns":3},{"damage":0,"enemies":"Maw","floor":38,"turns":4},{"damage":0,"enemies":"3 Darklings","floor":39,"turns":1},{"damage":76,"enemies":"Nemesis","floor":41,"turns":4}],"seed_played":"5085971911088860034","potions_obtained":[{"floor":2.0,"key":"EntropicBrew"},{"floor":4.0,"key":"ColorlessPotion"},{"floor":6.0,"key":"SpeedPotion"},{"floor":18.0,"key":"Weak Potion"},{"floor":24.0,"key":"Poison Potion"},{"floor":27.0,"key":"Ancient Potion"},{"floor":31.0,"key":"Dexterity Potion"},{"floor":33.0,"key":"EssenceOfSteel"},{"floor":37,"key":"Regen Potion"},{"floor":39,"key":"Swift Potion"}],"is_trial":false,"path_per_floor":["M","M","$","M","M","E","T","R","T","R","?","R","M","$","R","B",null,"M","M","M","$","?","E","M","$","T","M","R","E","R","M","R","B",null,"M","$","M","M","M","R","E"],"character_chosen":"THE_SILENT","items_purchased":["Blade Dance","Infinite Blades","Accuracy","Deadly Poison","Nunchaku","Outmaneuver"],"campfire_rested":1,"item_purchase_floors":[3,14,21,21,36,36],"current_hp_per_floor":[64,60,60,56,39,24,24,24,24,24,24,24,21,21,44,37,67,67,67,62,62,48,43,34,34,34,34,34,27,27,22,22,22,67,48,48,40,52,52,52,0,0],"gold":91,"neow_bonus":"THREE_RARE_CARDS","is_daily":false,"chose_seed":false,"campfire_upgraded":7,"win_rate":0.0,"timestamp":1611094381,"path_taken":["M","M","$","M","M","E","?","R","T","R","?","R","M","$","R","BOSS","M","M","?","$","?","E","M","?","T","?","R","E","R","M","R","BOSS","M","$","M","M","M","R","E"],"items_purchased_type":["Card","Card","Card","Card","Relic","Card"],"build_version":"2020-12-22","purchased_purges":2,"victory":false,"max_hp_per_floor":[70,70,70,70,70,77,77,77,77,77,77,77,77,77,77,77,77,77,77,77,77,82,82,82,82,82,82,82,82,82,82,82,82,82,82,82,82,82,82,82,82,82],"card_choices":[{"not_picked":["After Image","Malaise"],"picked":"Envenom","floor":0.0},{"not_picked":["Dagger Throw","Outmaneuver"],"picked":"Poisoned Stab","floor":1.0},{"not_picked":["Sucker Punch","Bane"],"picked":"Deadly Poison","floor":2.0},{"not_picked":["Distraction","Tactician"],"picked":"Blade Dance","floor":4.0},{"not_picked":["Caltrops","Underhanded Strike"],"picked":"Noxious Fumes","floor":5.0},{"not_picked":["Unload","Deflect"],"picked":"Blade Dance","floor":6.0},{"not_picked":["Prepared","Sucker Punch","Concentrate"],"picked":"SKIP","floor":13.0},{"not_picked":["Grand Finale","Glass Knife"],"picked":"Corpse Explosion","floor":16.0},{"not_picked":["Choke","Deflect"],"picked":"Cloak And Dagger+1","floor":18.0},{"not_picked":["Dodge and Roll","Dagger Throw","PiercingWail"],"picked":"SKIP","floor":19.0},{"not_picked":["Cloak And Dagger","Well Laid Plans"],"picked":"Accuracy","floor":20.0},{"not_picked":["Setup","Deadly Poison"],"picked":"Blade Dance","floor":23.0},{"not_picked":["Flying Knee","Eviscerate","Acrobatics"],"picked":"SKIP","floor":24.0},{"not_picked":["Quick Slash","Eviscerate"],"picked":"Accuracy+1","floor":27.0},{"not_picked":["All Out Attack","Quick Slash"],"picked":"Deadly Poison+1","floor":27.0},{"not_picked":["Sucker Punch","Quick Slash+1","Phantasmal Killer"],"picked":"SKIP","floor":29.0},{"not_picked":["Backflip","Flying Knee","Sucker Punch+1"],"picked":"SKIP","floor":31.0},{"not_picked":["Tactician+1","Bane+1","Prepared"],"picked":"SKIP","floor":31.0},{"not_picked":["Skewer+1","Deadly Poison+1","Dash"],"picked":"SKIP","floor":35},{"not_picked":["Flying Knee","Expertise","Underhanded Strike"],"picked":"SKIP","floor":35},{"not_picked":["Prepared","Dodge and Roll+1"],"picked":"Concentrate","floor":37},{"not_picked":["Quick Slash+1","Blur+1","Dodge and Roll"],"picked":"SKIP","floor":37},{"not_picked":["Well Laid Plans","Reflex+1"],"picked":"Accuracy","floor":38},{"not_picked":["Predator+1","Dodge and Roll"],"picked":"Outmaneuver+1","floor":38},{"not_picked":["Grand Finale","Poisoned Stab+1","Setup+1"],"picked":"SKIP","floor":39},{"not_picked":["Dagger Spray","Underhanded Strike","Caltrops"],"picked":"SKIP","floor":39}],"player_experience":418297,"relics_obtained":[{"floor":6.0,"key":"Strawberry"},{"floor":7.0,"key":"Mummified Hand"},{"floor":9.0,"key":"HornCleat"},{"floor":23.0,"key":"The Courier"},{"floor":26.0,"key":"Prayer Wheel"},{"floor":29.0,"key":"Girya"}],"event_choices":[{"cards_removed":["Strike_G"],"damage_healed":0.0,"max_hp_gain":0.0,"max_hp_loss":0.0,"gold_gain":0.0,"event_name":"Purifier","player_choice":"Purged","floor":11.0,"gold_loss":0.0,"damage_taken":0.0},{"damage_healed":0.0,"max_hp_gain":5.0,"max_hp_loss":0.0,"gold_gain":0.0,"event_name":"Forgotten Altar","player_choice":"Shed Blood","floor":22.0,"gold_loss":0.0,"damage_taken":19.0}],"is_beta":false,"boss_relics":[{"not_picked":["Calling Bell","Empty Cage"],"picked":"WristBlade"},{"not_picked":["Ring of the Serpent","Sozu"],"picked":"Black Star"}],"items_purged_floors":[14,25],"is_endless":false,"potions_floor_spawned":[2,4,6,18,24,27,31,33,37,39],"killed_by":"Nemesis","ascension_level":5}}