{"host":"Jinnai","time":1611028248,"event":{"mods":["BaseMod","Bestiary","Block Reminder","Colored Map","Colored Powertips","Highlight Path","Minty Spire (QoL Compilation)","Quick Restart","Relic Stats","StSLib"],"gold_per_floor":[109,34,34,34,34,64,64,91,140,140,140],"floor_reached":10,"language":"ENG","playtime":216,"items_purged":[],"score":238,"play_id":"49da7dea-4966-418a-8367-a6d8586cf6db","local_time":"20210118225048","is_ascension_mode":true,"campfire_choices":[{"data":"BowlingBash","floor":7,"key":"SMITH"}],"circlet_count":0,"master_deck":["AscendersBane","Strike_P","Strike_P","Strike_P","Strike_P","Defend_P","Defend_P","Defend_P","Defend_P","Eruption","Vigilance","BowlingBash+1","Adaptation","JustLucky","Devotion"],"relics":["PureWater","NeowsBlessing","Boot","Calipers","MealTicket","Smiling Mask"],"acts_visited":["Exordium"],"potions_floor_usage":[],"damage_taken":[{"damage":0,"enemies":"Small Slimes","floor":1,"turns":1},{"damage":0,"enemies":"3 Sentries","floor":6,"turns":2},{"damage":0,"enemies":"Gremlin Nob","floor":8,"turns":1},{"damage":48,"enemies":"3 Sentries","floor":10,"turns":11}],"seed_played":"-2501382987986398293","potions_obtained":[],"is_trial":false,"path_per_floor":["M","$","?","?","$","E","R","E","T","E"],"character_chosen":"WATCHER","items_purchased":["Adaptation"],"campfire_rested":0,"item_purchase_floors":[2],"current_hp_per_floor":[61,61,43,48,48,48,48,48,48,0,0],"gold":140,"neow_bonus":"THREE_ENEMY_KILL","is_daily":false,"chose_seed":false,"campfire_upgraded":1,"win_rate":0.0,"timestamp":1611028248,"path_taken":["M","$","?","?","$","E","R","E","T","E"],"items_purchased_type":["Card"],"build_version":"2020-12-18","purchased_purges":0,"victory":false,"max_hp_per_floor":[68,68,68,73,73,73,73,73,73,73,73],"relic_stats":{"counters":[4,15],"MealTicket":0,"Boot":[4],"Smiling Mask":0,"obtain_stats":[{"Calipers":6,"NeowsBlessing":0,"MealTicket":8,"PureWater":0,"Boot":3,"Smiling Mask":9},{"Calipers":2,"NeowsBlessing":0,"MealTicket":3,"PureWater":0,"Boot":1,"Smiling Mask":3},{"Calipers":3,"NeowsBlessing":0,"MealTicket":4,"PureWater":0,"Boot":1,"Smiling Mask":4}]},"card_choices":[{"not_picked":["Prostrate","Wireheading"],"picked":"BowlingBash","floor":1},{"not_picked":["WreathOfFlame","BowlingBash"],"picked":"JustLucky","floor":6},{"not_picked":["PathToVictory","Swivel"],"picked":"Devotion","floor":8}],"player_experience":1529850,"relics_obtained":[{"floor":6,"key":"Calipers"},{"floor":8,"key":"MealTicket"},{"floor":9,"key":"Smiling Mask"}],"event_choices":[{"damage_healed":0,"gold_gain":0,"player_choice":"Success","damage_taken":18,"relics_obtained":["Boot"],"max_hp_gain":0,"max_hp_loss":0,"event_name":"Scrap Ooze","floor":3,"gold_loss":0},{"damage_healed":0,"gold_gain":0,"player_choice":"Donut","damage_taken":0,"max_hp_gain":5,"max_hp_loss":0,"event_name":"Big Fish","floor":4,"gold_loss":0}],"is_beta":true,"boss_relics":[],"items_purged_floors":[],"is_endless":false,"potions_floor_spawned":[],"killed_by":"3 Sentries","ascension_level":19}}