{"host":"kerxro2ytzukjey9","time":1611099329,"event":{"mods":["BaseMod","Colored Map","Downfall","Minty Spire (QoL Compilation)","Permanent Neow","StSLib"],"gold_per_floor":[199,215,233,67,84,84,111,146,158,172,189,205,205,224,241,345,345,345,361,374,374,394,409,409,441,461,472,472,303,303,336,346,346,346,346],"floor_reached":33,"language":"ENG","playtime":3217,"items_purged":["Normality"],"score":297,"play_id":"f7de9717-1d84-4bf0-9cd1-eba8bf855aa3","local_time":"20210119183529","is_ascension_mode":false,"campfire_choices":[{"data":"bronze:Replicate","floor":1.0,"key":"SMITH"},{"data":"bronze:RecursiveStrike","floor":6.0,"key":"SMITH"},{"data":"Dual Wield","floor":13.0,"key":"SMITH"},{"data":"bronze:FineTuning","floor":18.0,"key":"SMITH"},{"floor":28.0,"key":"REST"},{"floor":30.0,"key":"REST"}],"circlet_count":0,"master_deck":["bronze:Strike","bronze:Strike","bronze:Strike","bronze:Strike","bronze:Defend","bronze:Defend","bronze:Defend","bronze:Defend","bronze:Replicate+1","bronze:Goto","bronze:BitShift","bronze:Frontload","bronze:RecursiveStrike+1","Crescendo","Dual Wield+1","sneckomod:SoulCleanse","Ghostly Armor","Slimebound:Schlurp","bronze:FineTuning+1","Exhume","Slimebound:SplitLeeching+1","bronze:Flail+1","Study+1","sneckomod:UnknownWeak","Perfected Strike+1","Guardian:Clone","bronze:Terminator","Expertise","Leap+1"],"relics":["bronze:BronzeCore","PrismaticShard","Lantern","Mercury Hourglass","Cursed Key","Happy Flower","Dream Catcher","Oddly Smooth Stone"],"acts_visited":["Exordium","TheCity"],"potions_floor_usage":[31,33],"damage_taken":[{"damage":0.0,"enemies":"Cultist","floor":2.0,"turns":3.0},{"damage":5.0,"enemies":"Jaw Worm","floor":3.0,"turns":4.0},{"damage":0.0,"enemies":"downfall:FleeingMerchant","floor":4.0,"turns":4.0},{"damage":0.0,"enemies":"2 Louse","floor":5.0,"turns":2.0},{"damage":1.0,"enemies":"3 Sentries","floor":8.0,"turns":4.0},{"damage":11.0,"enemies":"Gremlin Gang","floor":9.0,"turns":4.0},{"damage":0.0,"enemies":"2 Fungi Beasts","floor":10.0,"turns":3.0},{"damage":1.0,"enemies":"Large Slime","floor":11.0,"turns":2.0},{"damage":2.0,"enemies":"Gremlin Gang","floor":12.0,"turns":3.0},{"damage":0.0,"enemies":"Exordium Thugs","floor":14.0,"turns":2.0},{"damage":0.0,"enemies":"3 Louse","floor":15.0,"turns":2.0},{"damage":12.0,"enemies":"WA_ARCHETYPE_RETAIN","floor":16.0,"turns":5.0},{"damage":6.0,"enemies":"3 Byrds","floor":19.0,"turns":4.0},{"damage":7.0,"enemies":"Shell Parasite","floor":20.0,"turns":3.0},{"damage":0.0,"enemies":"Snecko","floor":22.0,"turns":3.0},{"damage":8.0,"enemies":"Centurion and Healer","floor":23.0,"turns":4.0},{"damage":8.0,"enemies":"Book of Stabbing","floor":25.0,"turns":4.0},{"damage":7.0,"enemies":"Shelled Parasite and Fungi","floor":26.0,"turns":3.0},{"damage":11.0,"enemies":"Cultist and Chosen","floor":27.0,"turns":6.0},{"damage":6.0,"enemies":"downfall:FleeingMerchant","floor":29.0,"turns":4.0},{"damage":20,"enemies":"Slavers","floor":31,"turns":3},{"damage":5,"enemies":"Centurion and Healer","floor":32,"turns":4},{"damage":39,"enemies":"DF_ARCHETYPE_CLAW","floor":33,"turns":4}],"seed_played":"-7137697068093340795","potions_obtained":[{"floor":5.0,"key":"SneckoOil"},{"floor":9.0,"key":"Guardian:BlockOnCardUsePotion"},{"floor":10.0,"key":"Ancient Potion"},{"floor":14.0,"key":"sneckomod:MuddlingPotion"},{"floor":15.0,"key":"Strength Potion"},{"floor":23.0,"key":"SmokeBomb"},{"floor":25.0,"key":"PowerPotion"},{"floor":26.0,"key":"bronze:BuildAFunctionPotion"},{"floor":32,"key":"FearPotion"}],"is_trial":false,"path_per_floor":["R","M","M","$","M","R","T","E","M","M","M","M","R","M","M","B",null,"R","M","M","?","M","M","T","E","M","M","R","$","R","E","M","B"],"character_chosen":"THE_AUTOMATON","items_purchased":["PrismaticShard","bronze:Terminator"],"campfire_rested":2,"item_purchase_floors":[4,29],"current_hp_per_floor":[70,70,65,65,65,65,65,64,53,53,52,50,50,50,50,38,70,70,64,57,47,47,39,39,31,24,13,34,28,49,29,24,0,0,0],"gold":346,"neow_bonus":"HUNDRED_GOLD","is_daily":false,"chose_seed":false,"campfire_upgraded":4,"win_rate":0.0,"timestamp":1611099329,"path_taken":["R","M","M","$","M","R","T","E","M","M","M","M","R","M","M","BOSS","R","?","M","?","M","?","T","E","M","M","R","$","R","E","M","BOSS"],"items_purchased_type":["Relic","Card"],"build_version":"2020-12-22","purchased_purges":1,"victory":false,"max_hp_per_floor":[70,70,70,70,70,70,70,70,70,70,70,70,70,70,70,70,70,70,70,70,70,70,70,70,70,70,70,70,70,70,70,70,70,70,70],"card_choices":[{"not_picked":["bronze:DelayedSlice","bronze:DarkDash"],"picked":"bronze:BitShift","floor":2.0},{"not_picked":["bronze:BitShift","bronze:ChildClass"],"picked":"bronze:Frontload","floor":3.0},{"not_picked":["bronze:Terminator","bronze:BugBarrage"],"picked":"bronze:RecursiveStrike","floor":4.0},{"not_picked":["Rebound","Slimebound:ViciousTackle"],"picked":"Crescendo","floor":5.0},{"not_picked":["Eviscerate","hexamod:HeatMetal"],"picked":"Dual Wield","floor":8.0},{"not_picked":["EmptyBody","Steam Power"],"picked":"sneckomod:SoulCleanse","floor":9.0},{"not_picked":["expansioncontent:Hexaburn","Slimebound:GrowthPunch"],"picked":"Ghostly Armor","floor":10.0},{"not_picked":["hexamod:CatchUp","Entrench"],"picked":"Slimebound:Schlurp","floor":11.0},{"not_picked":["champ:BerserkersShout","Slimebound:LeechEnergy"],"picked":"bronze:FineTuning","floor":12.0},{"not_picked":["Guardian:PolyBeam","Poisoned Stab","Uppercut"],"picked":"SKIP","floor":14.0},{"not_picked":["Dramatic Entrance","ConjureBlade","sneckomod:UnknownCommonAttack"],"picked":"SKIP","floor":15.0},{"not_picked":["champ:StrikeOfGenius","sneckomod:MorePower"],"picked":"Exhume","floor":16.0},{"not_picked":["Flying Knee","Poisoned Stab"],"picked":"Slimebound:SplitLeeching+1","floor":19.0},{"not_picked":["Pommel Strike","Slimebound:LivingWall"],"picked":"bronze:Flail+1","floor":20.0},{"not_picked":["Deep Breath","bronze:DelayedGuard","hexamod:SpectersWail"],"picked":"SKIP","floor":22.0},{"not_picked":["champ:Parry","sneckomod:UnknownClassTHE_BRONZE_AUTOMATON"],"picked":"Study+1","floor":23.0},{"not_picked":["hexamod:FlamesFromBeyond","CarveReality+1"],"picked":"sneckomod:UnknownWeak","floor":25.0},{"not_picked":["champ:RecklessLeap","hexamod:GhostShield"],"picked":"Perfected Strike+1","floor":26.0},{"not_picked":["Steam Power","champ:RageSigil","Warcry"],"picked":"SKIP","floor":27.0},{"not_picked":["Ball Lightning","Clash"],"picked":"Guardian:Clone","floor":28.0},{"not_picked":["hexamod:SearingWound","expansioncontent:GuardianWhirl","hexamod:SuperheatedStrike"],"picked":"SKIP","floor":29.0},{"not_picked":["Slimebound:SlimeBrawl","Distraction+1"],"picked":"Expertise","floor":31},{"not_picked":["hexamod:HeatMetal+1","Guardian:CrystalBeam"],"picked":"Leap+1","floor":32}],"player_experience":763919,"relics_obtained":[{"floor":7.0,"key":"Lantern"},{"floor":8.0,"key":"Mercury Hourglass"},{"floor":24.0,"key":"Happy Flower"},{"floor":25.0,"key":"Dream Catcher"},{"floor":31,"key":"Oddly Smooth Stone"}],"event_choices":[],"is_beta":false,"boss_relics":[{"not_picked":["Philosopher\u0027s Stone","Calling Bell"],"picked":"Cursed Key"}],"items_purged_floors":[29],"is_endless":false,"potions_floor_spawned":[5,9,10,14,15,16,20,23,25,26,32],"killed_by":"DF_ARCHETYPE_CLAW","ascension_level":0}}