{"host":"0ueeacaatm8t6jyh","time":1611042629,"event":{"mods":["AchievementEnabler","BaseMod","Colored Powertips","Minty Spire (QoL Compilation)","Quick Restart","Rare Cards Sparkle","Shop Mod","StSLib"],"gold_per_floor":[115,40,40,40,40,40,57,57,82,114,127,302,3,78,78,182,182,194,194,194,194,294,294,294,173,200,200,218,218,243,260,260,358,358,374,374,424,439,439,464,480,480,529,542,542,561,229,260,260,260],"floor_reached":51,"language":"ZHS","playtime":3753,"items_purged":["Defend_P","Doubt","Vigilance"],"score":1040,"play_id":"5b2361ef-f265-4df9-9fd8-26730b6e8463","local_time":"20210119155029","is_ascension_mode":true,"campfire_choices":[{"data":"Eruption","floor":6.0,"key":"SMITH"},{"data":"Adaptation","floor":8.0,"key":"SMITH"},{"data":"Ragnarok","floor":15.0,"key":"SMITH"},{"data":"MentalFortress","floor":23.0,"key":"SMITH"},{"data":"TalkToTheHand","floor":29.0,"key":"SMITH"},{"data":"BowlingBash","floor":32.0,"key":"SMITH"},{"floor":42.0,"key":"REST"},{"floor":49,"key":"REST"}],"circlet_count":0,"master_deck":["Eruption+1","Adaptation+1","FollowUp","MentalFortress+1","Ragnarok+1","BowlingBash+1","Necronomicurse","TalkToTheHand+1","InnerPeace","Wireheading","Evaluate","Worship","DevaForm","CurseOfTheBell","Meditate+1","Madness","Madness","ClearTheMind+1","Master of Strategy","Master of Strategy"],"relics":["PureWater","Anchor","Juzu Bracelet","Bag of Preparation","Empty Cage","Necronomicon","Bronze Scales","Ornamental Fan","Calling Bell","PreservedInsect","White Beast Statue","Prayer Wheel","Mango","The Courier","Omamori","DollysMirror","Pen Nib","Orichalcum"],"acts_visited":["TheCity","TheBeyond"],"potions_floor_usage":[50,50],"damage_taken":[{"damage":0.0,"enemies":"2 Louse","floor":1.0,"turns":2.0},{"damage":0.0,"enemies":"Cultist","floor":7.0,"turns":3.0},{"damage":0.0,"enemies":"Gremlin Nob","floor":10.0,"turns":2.0},{"damage":0.0,"enemies":"Small Slimes","floor":11.0,"turns":3.0},{"damage":18.0,"enemies":"Hexaghost","floor":16.0,"turns":7.0},{"damage":0.0,"enemies":"Spheric Guardian","floor":18.0,"turns":2.0},{"damage":0.0,"enemies":"Chosen","floor":28.0,"turns":1.0},{"damage":3.0,"enemies":"Slavers","floor":30.0,"turns":2.0},{"damage":0.0,"enemies":"3 Cultists","floor":31.0,"turns":2.0},{"damage":22.0,"enemies":"Automaton","floor":33.0,"turns":4.0},{"damage":0.0,"enemies":"3 Darklings","floor":35.0,"turns":2.0},{"damage":7.0,"enemies":"Mind Bloom Boss Battle","floor":37.0,"turns":5.0},{"damage":29.0,"enemies":"3 Shapes","floor":38.0,"turns":4.0},{"damage":0.0,"enemies":"Reptomancer","floor":40.0,"turns":2.0},{"damage":0.0,"enemies":"Transient","floor":41.0,"turns":5.0},{"damage":2.0,"enemies":"3 Darklings","floor":44.0,"turns":2.0},{"damage":0.0,"enemies":"Jaw Worm Horde","floor":46.0,"turns":2.0},{"damage":17,"enemies":"Nemesis","floor":48,"turns":5},{"damage":24,"enemies":"Donu and Deca","floor":50,"turns":3}],"seed_played":"5847518633851205510","potions_obtained":[{"floor":7.0,"key":"DistilledChaos"},{"floor":11.0,"key":"Regen Potion"},{"floor":16.0,"key":"SkillPotion"},{"floor":33.0,"key":"ColorlessPotion"},{"floor":35.0,"key":"SpeedPotion"},{"floor":37.0,"key":"ColorlessPotion"},{"floor":38.0,"key":"Explosive Potion"},{"floor":40.0,"key":"FairyPotion"},{"floor":41.0,"key":"CultistPotion"},{"floor":44.0,"key":"Strength Potion"}],"is_trial":false,"path_per_floor":["M","$","?","$","?","R","M","R","T","E","M","?","$","?","R","B",null,"M","?","?","?","?","R","?","$","T","?","M","R","E","M","R","B",null,"M","?","?","M","$","E","M","R","T","M","?","M","$","E","R","B",null],"character_chosen":"WATCHER","items_purchased":["Bag of Preparation","BowlingBash","TalkToTheHand","InnerPeace","DollysMirror","Pen Nib"],"campfire_rested":2,"item_purchase_floors":[13,13,25,25,47,47],"current_hp_per_floor":[65,65,58,58,58,58,58,58,58,58,58,58,58,47,47,44,60,60,60,44,44,44,44,44,44,44,44,44,44,41,41,41,19,54,54,46,53,24,24,24,24,47,47,45,40,40,40,23,46,22],"gold":260,"neow_bonus":"REMOVE_TWO","is_daily":false,"chose_seed":false,"campfire_upgraded":6,"win_rate":0.0,"timestamp":1611042629,"path_taken":["M","$","?","$","?","R","M","R","T","E","M","?","$","?","R","BOSS","M","?","?","?","?","R","?","$","T","?","M","R","E","M","R","BOSS","M","?","?","M","$","E","M","R","T","M","?","M","$","E","R","BOSS"],"items_purchased_type":["Relic","Card","Card","Card","Relic","Relic"],"build_version":"2020-12-22","purchased_purges":3,"victory":true,"max_hp_per_floor":[65,65,65,65,65,65,65,65,65,65,65,65,65,65,65,65,65,65,65,65,65,65,65,65,65,65,65,65,65,65,65,65,65,65,65,65,79,79,79,79,79,79,79,79,79,79,79,79,79,79],"card_choices":[{"not_picked":["FlurryOfBlows","WheelKick"],"picked":"Adaptation","floor":1.0},{"not_picked":["PathToVictory","ThirdEye"],"picked":"FollowUp","floor":7.0},{"not_picked":["EmptyFist","BowlingBash"],"picked":"MentalFortress","floor":10.0},{"not_picked":["JustLucky","Halt"],"picked":"Ragnarok","floor":11.0},{"not_picked":["SignatureMove","Crescendo","BowlingBash"],"picked":"SKIP","floor":18.0},{"not_picked":["Pray","FlyingSleeves","TalkToTheHand"],"picked":"SKIP","floor":28.0},{"not_picked":["Crescendo+1","CutThroughFate"],"picked":"Evaluate","floor":30.0},{"not_picked":["Crescendo","ReachHeaven+1"],"picked":"Worship","floor":31.0},{"not_picked":["Establishment","MasterReality"],"picked":"DevaForm","floor":33.0},{"not_picked":["Study","CrushJoints"],"picked":"Meditate+1","floor":35.0},{"not_picked":["JustLucky+1","WheelKick+1","CrushJoints+1"],"picked":"SKIP","floor":35.0},{"not_picked":["EmptyBody+1","JustLucky"],"picked":"ClearTheMind+1","floor":37.0},{"not_picked":["MentalFortress","JustLucky+1","Study+1"],"picked":"SKIP","floor":38.0},{"not_picked":["SignatureMove","FollowUp","Halt"],"picked":"SKIP","floor":38.0},{"not_picked":["SashWhip","Devotion","EmptyFist+1"],"picked":"SKIP","floor":40.0},{"not_picked":["BowlingBash","Evaluate","ReachHeaven"],"picked":"SKIP","floor":41.0},{"not_picked":["FlurryOfBlows+1","Swivel","EmptyFist+1"],"picked":"SKIP","floor":41.0},{"not_picked":["EmptyFist","Worship","Meditate+1"],"picked":"SKIP","floor":44.0},{"not_picked":["ConjureBlade","ClearTheMind","Halt"],"picked":"SKIP","floor":44.0},{"not_picked":["Swift Strike","Trip"],"picked":"Master of Strategy","floor":45.0},{"not_picked":["InnerPeace","WindmillStrike","EmptyFist+1"],"picked":"SKIP","floor":46.0},{"not_picked":["Wallop+1","Indignation+1","EmptyFist+1"],"picked":"SKIP","floor":46.0},{"not_picked":["WheelKick","InnerPeace","JustLucky+1"],"picked":"SKIP","floor":48}],"player_experience":400651,"relics_obtained":[{"floor":9.0,"key":"Anchor"},{"floor":10.0,"key":"Juzu Bracelet"},{"floor":20.0,"key":"Necronomicon"},{"floor":26.0,"key":"Bronze Scales"},{"floor":30.0,"key":"Ornamental Fan"},{"floor":34.0,"key":"PreservedInsect"},{"floor":34.0,"key":"White Beast Statue"},{"floor":34.0,"key":"Prayer Wheel"},{"floor":37.0,"key":"Mango"},{"floor":40.0,"key":"The Courier"},{"floor":43.0,"key":"Omamori"},{"floor":48,"key":"Orichalcum"}],"event_choices":[{"cards_removed":["Strike_P"],"damage_healed":0.0,"max_hp_gain":0.0,"max_hp_loss":0.0,"gold_gain":0.0,"event_name":"Golden Wing","player_choice":"Card Removal","floor":3.0,"gold_loss":0.0,"damage_taken":7.0},{"damage_healed":0.0,"max_hp_gain":0.0,"max_hp_loss":0.0,"gold_gain":0.0,"event_name":"WeMeetAgain","player_choice":"Ignored","floor":5.0,"gold_loss":0.0,"damage_taken":0.0},{"damage_healed":0.0,"max_hp_gain":0.0,"max_hp_loss":0.0,"gold_gain":175.0,"event_name":"Liars Game","player_choice":"AGREE","floor":12.0,"gold_loss":0.0,"damage_taken":0.0,"cards_obtained":["Doubt"]},{"damage_healed":0.0,"max_hp_gain":0.0,"max_hp_loss":0.0,"gold_gain":75.0,"event_name":"World of Goop","player_choice":"Gather Gold","floor":14.0,"gold_loss":0.0,"damage_taken":11.0},{"cards_removed":["Strike_P"],"damage_healed":0.0,"max_hp_gain":0.0,"max_hp_loss":0.0,"gold_gain":0.0,"event_name":"Back to Basics","player_choice":"Elegance","floor":19.0,"gold_loss":0.0,"damage_taken":0.0},{"damage_healed":0.0,"max_hp_gain":0.0,"max_hp_loss":0.0,"gold_gain":0.0,"event_name":"Cursed Tome","player_choice":"Obtained Book","floor":20.0,"gold_loss":0.0,"damage_taken":16.0},{"damage_healed":0.0,"max_hp_gain":0.0,"max_hp_loss":0.0,"gold_gain":100.0,"event_name":"Golden Shrine","player_choice":"Pray","floor":22.0,"gold_loss":0.0,"damage_taken":0.0},{"cards_removed":["Defend_P"],"damage_healed":0.0,"max_hp_gain":0.0,"max_hp_loss":0.0,"gold_gain":0.0,"event_name":"Purifier","player_choice":"Purged","floor":24.0,"gold_loss":0.0,"damage_taken":0.0},{"damage_healed":0.0,"max_hp_gain":0.0,"max_hp_loss":0.0,"gold_gain":0.0,"event_name":"The Library","player_choice":"Read","floor":27.0,"gold_loss":0.0,"damage_taken":0.0,"cards_obtained":["Wireheading"]},{"damage_healed":0.0,"max_hp_gain":0.0,"max_hp_loss":0.0,"gold_gain":0.0,"event_name":"Winding Halls","player_choice":"Embrace Madness","floor":36.0,"gold_loss":0.0,"damage_taken":8.0,"cards_obtained":["Madness","Madness"]},{"damage_healed":0.0,"max_hp_gain":0.0,"max_hp_loss":0.0,"gold_gain":0.0,"event_name":"MindBloom","player_choice":"Fight","floor":37.0,"gold_loss":0.0,"damage_taken":0.0},{"damage_healed":0.0,"max_hp_gain":0.0,"max_hp_loss":0.0,"gold_gain":0.0,"event_name":"SensoryStone","player_choice":"Memory 2","floor":45.0,"gold_loss":0.0,"damage_taken":5.0}],"is_beta":false,"boss_relics":[{"not_picked":["Black Star","SacredBark"],"picked":"Empty Cage"},{"not_picked":["Cursed Key","Runic Dome"],"picked":"Calling Bell"}],"items_purged_floors":[2,13,47],"is_endless":false,"potions_floor_spawned":[7,11,16,33,35,37,38,40,41,44,46,48],"ascension_level":9}}