{"host":"xbs6xfa3tvu21mfl","time":1611043727,"event":{"mods":["BaseMod","Downfall","Minty Spire (QoL Compilation)","Quick Restart","StSLib"],"gold_per_floor":[99,111,121,133,144,319,368,368,386,413,413,431,447,459,475,475,475],"floor_reached":16,"language":"ZHS","playtime":1139,"items_purged":[],"score":108,"play_id":"c0dc8347-30a9-4e17-bb97-4eb24de478d0","local_time":"20210119160847","is_ascension_mode":false,"campfire_choices":[{"data":"bronze:Mutator","floor":1.0,"key":"SMITH"},{"floor":8.0,"key":"REST"}],"circlet_count":0,"master_deck":["bronze:Strike","bronze:Strike","bronze:Strike","bronze:Strike","bronze:Defend","bronze:Defend+1","bronze:Defend+1","bronze:Defend","bronze:Replicate","bronze:Goto","Doubt","bronze:Mutator+1","bronze:Repulsor","bronze:ForceShield","bronze:Constructor","bronze:DarkDash","Doubt","bronze:Optimize","bronze:SpaghettiCode","bronze:Terminator","bronze:Constructor","bronze:Deprecate"],"relics":["bronze:BronzeCore","War Paint","Smiling Mask"],"acts_visited":["Exordium"],"potions_floor_usage":[16,16,16],"damage_taken":[{"damage":0.0,"enemies":"Small Slimes","floor":2.0,"turns":4.0},{"damage":0.0,"enemies":"2 Louse","floor":3.0,"turns":4.0},{"damage":1.0,"enemies":"Cultist","floor":4.0,"turns":3.0},{"damage":18.0,"enemies":"3 Louse","floor":5.0,"turns":5.0},{"damage":0.0,"enemies":"Large Slime","floor":9.0,"turns":8.0},{"damage":16.0,"enemies":"Lagavulin","floor":10.0,"turns":10.0},{"damage":4.0,"enemies":"Exordium Wildlife","floor":12.0,"turns":5.0},{"damage":11.0,"enemies":"Gremlin Gang","floor":13.0,"turns":9.0},{"damage":13.0,"enemies":"Lots of Slimes","floor":14.0,"turns":5.0},{"damage":0.0,"enemies":"3 Louse","floor":15.0,"turns":3.0},{"damage":54,"enemies":"DF_ARCHETYPE_STREAMLINE","floor":16,"turns":14}],"seed_played":"7962896529195831566","potions_obtained":[{"floor":2.0,"key":"BlessingOfTheForge"},{"floor":3.0,"key":"Fire Potion"},{"floor":5.0,"key":"FearPotion"},{"floor":11.0,"key":"Strength Potion"},{"floor":11.0,"key":"SteroidPotion"},{"floor":11.0,"key":"bronze:FreeFunctionsPotion"},{"floor":14.0,"key":"Fire Potion"}],"is_trial":false,"path_per_floor":["R","M","M","M","M","?","T","R","M","E","?","M","M","M","M","B"],"character_chosen":"THE_AUTOMATON","items_purchased":[],"campfire_rested":1,"item_purchase_floors":[],"current_hp_per_floor":[70,70,70,69,51,51,51,70,70,54,54,50,39,26,26,0,0],"gold":475,"neow_bonus":"THREE_RARE_CARDS","is_daily":false,"chose_seed":false,"campfire_upgraded":1,"win_rate":0.0,"timestamp":1611043727,"path_taken":["R","M","M","M","M","?","T","R","M","E","?","M","?","M","M","BOSS"],"items_purchased_type":[],"build_version":"2020-12-22","purchased_purges":0,"victory":false,"max_hp_per_floor":[70,70,70,70,70,70,70,70,70,70,70,70,70,70,70,70,70],"card_choices":[{"not_picked":["bronze:CleanCode","bronze:FindAndReplace"],"picked":"bronze:Mutator","floor":0.0},{"not_picked":["bronze:Separator","bronze:ClassDefault"],"picked":"bronze:Repulsor","floor":2.0},{"not_picked":["bronze:Invalidate","bronze:Allocate"],"picked":"bronze:ForceShield","floor":3.0},{"not_picked":["bronze:Optimize","bronze:Deprecate"],"picked":"bronze:Constructor","floor":4.0},{"not_picked":["bronze:BugBarrage","bronze:Turbo"],"picked":"bronze:DarkDash","floor":5.0},{"not_picked":["bronze:Iterate","bronze:OilSpill","bronze:Backtrace"],"picked":"SKIP","floor":9.0},{"not_picked":["bronze:ChildClass","bronze:Allocate"],"picked":"bronze:Optimize","floor":10.0},{"not_picked":["bronze:BugBarrage","bronze:ChildClass"],"picked":"bronze:SpaghettiCode","floor":12.0},{"not_picked":["bronze:Invalidate","bronze:WhirlingStrike"],"picked":"bronze:Terminator","floor":13.0},{"not_picked":["bronze:Branch","bronze:Return"],"picked":"bronze:Constructor","floor":14.0},{"not_picked":["bronze:Fortify","bronze:ClassDefault"],"picked":"bronze:Deprecate","floor":15.0}],"player_experience":137463,"relics_obtained":[{"floor":7.0,"key":"War Paint"},{"floor":10.0,"key":"Smiling Mask"}],"event_choices":[{"damage_healed":0.0,"max_hp_gain":0.0,"max_hp_loss":0.0,"gold_gain":0.0,"event_name":"Lab","player_choice":"Got Potions","floor":11.0,"gold_loss":0.0,"damage_taken":0.0}],"is_beta":false,"boss_relics":[],"items_purged_floors":[],"is_endless":false,"potions_floor_spawned":[2,3,5,14],"killed_by":"DF_ARCHETYPE_STREAMLINE","ascension_level":0}}