{"host":"m4zn6rtsd36lrr22","time":1611025880,"event":{"mods":["2.2 Compatiblity","ATMod(阿瑾Mod)","Act Like it!","BaseMod","Better Synergies","CapriCore","Colored Map","Custom Start","Gensokyo","GungeonMod","HololiveMod","Ironclad Rager","Lobotomy","LobotomyExtend","Luminous","Minty Spire (QoL Compilation)","Permanent Neow","Prisma Mod","Quick Restart","Rare Cards Sparkle","Reimu（博丽灵梦）","Relic Stats","Remilia（蕾米莉亚）","Replay The Spire","RumiaBox-露米娅的神秘盒子","Ryuuou龙王","Shop Mod","Spicy Shops","StSLib","The Animator","The Immortal","The Senshi","Waifu the Spire","WarShipGirlsR/战舰少女R mod","Yakumo Yukari mod","【功能Mod】混沌之环修复补丁","【遗物卡牌】REMEMod"],"gold_per_floor":[118,43,53,53,133,133,617,434,434,394,47,47,58,162,162,162,474,691,726,736,736,833,833,851,504,517,517,331,331,647,647,697,572,587,587,607,638,638,738,738,756,756,756,756,791,843,912,997,1022,1022,1022],"floor_reached":50,"language":"ZHS","playtime":6119,"items_purged":["SpecialBullet","SpecialBullet","Writhe"],"score":670,"play_id":"cfe5d2f6-409c-48eb-bce1-03a027e46e85","local_time":"20210119111120","is_ascension_mode":false,"campfire_choices":[],"circlet_count":0,"master_deck":["Apo_SoulSlash","Apo_Charge","Apo_Charge","HereticApostle","Apo_Charge","Apo_Beam","Apo_Beam","Apo_Beam","Apo_Execute","Apo_Slash","Apo_Slash","Apo_SoulSlash","Penitence+1","Noise+1","Horn+1"],"relics":["CogitoBucket","RabbitCall","REME_ComplimentaryCards","LetterFromLob","Unceasing Top","REME_CardOfGreed","Pantograph","Centennial Puzzle","ScarletDevilRocket","Empty Cage","Medical Kit","Happy Flower","Mastiff:ReiMu","SSSystem","Gambling Chip","REME_ChargedStone","AtMidnight","Durian","ApostleMask","theSenshi:SailorFukuRelic","DemoMod:AgedBell","Whetstone"],"acts_visited":["Gensokyo:Gensokyo","Gensokyo:Gensokyoer","Gensokyo:Gensokyoest"],"potions_floor_usage":[],"damage_taken":[{"damage":3.0,"enemies":"Gensokyo:2_Kodama","floor":1.0,"turns":2.0},{"damage":37.0,"enemies":"Gensokyo:Gryphon","floor":3.0,"turns":20.0},{"damage":22.0,"enemies":"Gensokyo:3_Fairies","floor":7.0,"turns":4.0},{"damage":73.0,"enemies":"Gensokyo:LivingMonolith","floor":13.0,"turns":11.0},{"damage":39.0,"enemies":"Gensokyo:VengefulSpirit","floor":17.0,"turns":15.0},{"damage":52.0,"enemies":"Gensokyo:5_Fairies","floor":18.0,"turns":3.0},{"damage":17.0,"enemies":"Gensokyo:Aya","floor":19.0,"turns":13.0},{"damage":106.0,"enemies":"Gensokyo:Kitsune","floor":20.0,"turns":17.0},{"damage":95.0,"enemies":"Gensokyo:Kokoro","floor":22.0,"turns":28.0},{"damage":71.0,"enemies":"Gensokyo:Chomper","floor":24.0,"turns":10.0},{"damage":99.0,"enemies":"Gensokyo:3_Dogs","floor":26.0,"turns":12.0},{"damage":82.0,"enemies":"Gensokyo:Swordslinger","floor":30.0,"turns":9.0},{"damage":37.0,"enemies":"Gensokyo:Slime_Group","floor":34.0,"turns":8.0},{"damage":24.0,"enemies":"Gensokyo:Wraith","floor":36.0,"turns":8.0},{"damage":101.0,"enemies":"Gensokyo:Reisen","floor":37.0,"turns":9.0},{"damage":30,"enemies":"Gensokyo:Eiki","floor":39,"turns":14},{"damage":76,"enemies":"Gensokyo:3_Bats","floor":41,"turns":12},{"damage":28,"enemies":"Gensokyo:3_Boulders","floor":45,"turns":3},{"damage":18,"enemies":"Gensokyo:Marisa","floor":46,"turns":2},{"damage":10,"enemies":"Gensokyo:Rafflesia","floor":47,"turns":3},{"damage":0,"enemies":"Gensokyo:Doremy","floor":48,"turns":2},{"damage":279,"enemies":"Gensokyo:AtlasGolem","floor":50,"turns":15}],"seed_played":"-5347628077314660352","potions_obtained":[{"floor":17.0,"key":"ColorlessPotion"},{"floor":18.0,"key":"Fire Potion"},{"floor":19.0,"key":"PowerPotion"},{"floor":45,"key":"DistilledChaos"}],"is_trial":false,"path_per_floor":["M","$","M","?","?","R","M","$","T","?","COS","R","M","?","T","$","M","M","E","M","R","B",null,"M","COS","M","M","$","R","M","?","T","$","M","R","M","E","R","B",null,"M","?","M","?","M","E","M","E","T","M"],"character_chosen":"Angela","items_purchased":["REME_BattleFury","Madness"],"campfire_rested":0,"item_purchase_floors":[8,28],"current_hp_per_floor":[67,67,30,30,30,30,288,288,288,288,288,288,246,126,126,126,127,86,115,85,85,300,300,256,256,171,171,171,171,159,159,159,159,130,130,127,31,31,70,300,266,151,120,120,305,287,277,277,277,0,0],"gold":1022,"neow_bonus":"REMOVE_CARD","is_daily":false,"chose_seed":false,"campfire_upgraded":0,"win_rate":0.0,"timestamp":1611025880,"path_taken":["M","$","M","?","?","R","M","?","?","?","COS","R","?","?","T","$","M","M","E","M","R","BOSS","M","COS","M","M","$","R","M","?","T","$","M","R","M","E","R","BOSS","M","?","M","?","M","E","M","E","T","M"],"items_purchased_type":["Card","Card"],"build_version":"2020-12-22","purchased_purges":3,"victory":false,"max_hp_per_floor":[70,70,70,70,70,70,300,300,300,300,300,300,300,300,300,300,300,300,300,300,300,300,300,300,300,300,300,300,300,300,300,300,300,300,300,300,300,300,300,300,300,305,305,305,305,305,305,305,305,305,305],"relic_stats":{"Centennial Puzzle":[54],"Happy Flower":[30],"counters":[27,225],"Pantograph":50,"Gambling Chip":[36],"Whetstone":[],"Medical Kit":[2],"obtain_stats":[{"RabbitCall":0,"ScarletDevilRocket":19,"DemoMod:AgedBell":48,"Happy Flower":30,"SSSystem":34,"REME_ChargedStone":40,"DemoMod:GlassGuonStoneRelic":7,"Whetstone":49,"Empty Cage":23,"Medical Kit":25,"CogitoBucket":0,"Centennial Puzzle":17,"Mastiff:ReiMu":32,"Pantograph":15,"Gambling Chip":37,"AtMidnight":41,"LetterFromLob":1,"Durian":42,"REME_CardOfGreed":11,"theSenshi:SailorFukuRelic":46,"Unceasing Top":0,"ApostleMask":43,"REME_ComplimentaryCards":0},{"RabbitCall":0,"ScarletDevilRocket":8,"DemoMod:AgedBell":25,"Happy Flower":14,"SSSystem":15,"REME_ChargedStone":18,"DemoMod:GlassGuonStoneRelic":3,"Whetstone":25,"Empty Cage":10,"Medical Kit":11,"CogitoBucket":0,"Centennial Puzzle":5,"Mastiff:ReiMu":14,"Pantograph":4,"Gambling Chip":17,"AtMidnight":20,"LetterFromLob":1,"Durian":20,"REME_CardOfGreed":3,"theSenshi:SailorFukuRelic":23,"Unceasing Top":0,"ApostleMask":21,"REME_ComplimentaryCards":0},{"RabbitCall":0,"ScarletDevilRocket":67,"DemoMod:AgedBell":209,"Happy Flower":134,"SSSystem":143,"REME_ChargedStone":181,"DemoMod:GlassGuonStoneRelic":25,"Whetstone":209,"Empty Cage":110,"Medical Kit":120,"CogitoBucket":0,"Centennial Puzzle":39,"Mastiff:ReiMu":142,"Pantograph":36,"Gambling Chip":167,"AtMidnight":194,"LetterFromLob":2,"Durian":194,"REME_CardOfGreed":25,"theSenshi:SailorFukuRelic":204,"Unceasing Top":0,"ApostleMask":199,"REME_ComplimentaryCards":0}],"Unceasing Top":[46]},"card_choices":[{"not_picked":["GrinderMk4"],"picked":"Penitence","floor":1.0},{"not_picked":["Noise"],"picked":"Soda","floor":3.0},{"not_picked":["Heaven","BlueScar"],"picked":"SKIP","floor":7.0},{"not_picked":[],"picked":"Adoration","floor":10.0},{"not_picked":["Lamp","Loneliness"],"picked":"SKIP","floor":13.0},{"not_picked":["Regret_ego"],"picked":"Horn","floor":14.0},{"not_picked":["GoldRush","CENSORED_ego"],"picked":"SKIP","floor":17.0},{"not_picked":["TodaysExpression","Amita"],"picked":"SKIP","floor":17.0},{"not_picked":["Noise","Soda"],"picked":"SKIP","floor":18.0},{"not_picked":["GrinderMk4","Penitence"],"picked":"SKIP","floor":19.0},{"not_picked":["GrinderMk4","Wingbeat"],"picked":"SKIP","floor":20.0},{"not_picked":["Discord+1","Soda"],"picked":"SKIP","floor":24.0},{"not_picked":["ShedSkin","RedEyes"],"picked":"SKIP","floor":24.0},{"not_picked":["WristCuter+1","Ecstasy+1"],"picked":"SKIP","floor":26.0},{"not_picked":["MagicBullet+1","Tough+1"],"picked":"SKIP","floor":26.0},{"not_picked":["WristCuter","Hornet+1"],"picked":"SKIP","floor":26.0},{"not_picked":["BlackSwan_ego","Penitence"],"picked":"CherryBlossom","floor":30.0},{"not_picked":["Adoration","CENSORED_ego","Pinks"],"picked":"SKIP","floor":30.0},{"not_picked":["RedEyes","TodaysExpression+1","Lantern"],"picked":"SKIP","floor":30.0},{"not_picked":["Pleasure","Horn+1"],"picked":"Spore+1","floor":34.0},{"not_picked":["Galaxy","BlueScar","Reverberation"],"picked":"SKIP","floor":34.0},{"not_picked":["OldLady","MeatLantern","MeltingLove"],"picked":"Singing Bowl","floor":36.0},{"not_picked":["Beak","Ecstasy","FourthMatchFlame"],"picked":"SKIP","floor":36.0},{"not_picked":["FeatherOfHonor","RedEyes","Tough"],"picked":"SKIP","floor":36.0},{"not_picked":["BlackSwan","SingingMachine","BlackArmy"],"picked":"Singing Bowl","floor":37.0},{"not_picked":["TodaysExpression","WristCuter","ScreamingWedge"],"picked":"SKIP","floor":37.0},{"not_picked":["BlueScar+1","Discord","Galaxy"],"picked":"SKIP","floor":37.0},{"not_picked":["BigBadWolf","LaLuna","BlackSwan"],"picked":"Singing Bowl","floor":39},{"not_picked":["Funeral","LongBird","BlueStar"],"picked":"Singing Bowl","floor":41},{"not_picked":["CrumblingArmor","Alriune"],"picked":"PlagueDoctor","floor":41},{"not_picked":["Noise+1","Hypocrisy+1","Lantern+1"],"picked":"SKIP","floor":41},{"not_picked":["RedEyes+1","BlueScar+1","BearPaw+1"],"picked":"SKIP","floor":41},{"not_picked":["Noise+1","Hypocrisy+1","Lantern+1"],"picked":"SKIP","floor":41},{"not_picked":["RedEyes+1","BlueScar+1","BearPaw+1"],"picked":"SKIP","floor":41},{"not_picked":["SnowQueen","Rudolta","MeatLantern"],"picked":"Singing Bowl","floor":45},{"not_picked":["Beak+1","SolemnVow+1"],"picked":"Penitence+1","floor":45},{"not_picked":["Alriune","Scarecrow","SilentOrchestra"],"picked":"Singing Bowl","floor":46},{"not_picked":["Soda+1","SolemnVow+1"],"picked":"Noise+1","floor":46},{"not_picked":["UniverseFragment","WallGazer","WhitesApple"],"picked":"Singing Bowl","floor":47},{"not_picked":["LifeForTheDareDevil+1","Logging+1"],"picked":"Horn+1","floor":47},{"not_picked":["NothingThere","HappyTeddy"],"picked":"WhiteNight","floor":48},{"not_picked":["BlueScar+1","ShedSkin+1","FeatherOfHonor+1"],"picked":"SKIP","floor":48}],"player_experience":322181,"relics_obtained":[{"floor":1.0,"key":"LetterFromLob"},{"floor":15.0,"key":"Pantograph"},{"floor":19.0,"key":"ScarletDevilRocket"},{"floor":32.0,"key":"Mastiff:ReiMu"},{"floor":37.0,"key":"Gambling Chip"},{"floor":41,"key":"AtMidnight"},{"floor":46,"key":"theSenshi:SailorFukuRelic"},{"floor":48,"key":"DemoMod:AgedBell"},{"floor":49,"key":"Whetstone"}],"event_choices":[],"is_beta":false,"boss_relics":[{"not_picked":["AddBug","Replay:Ancient Bell"],"picked":"Empty Cage"},{"not_picked":["SlaversCollar","Hololive_Finger"],"picked":"REME_ChargedStone"}],"items_purged_floors":[2,28,33],"is_endless":false,"potions_floor_spawned":[17,18,19,20,24,30,34,45,46],"killed_by":"Gensokyo:AtlasGolem","ascension_level":0}}