{"host":"hn99riirbf0lv0ml","time":1611097150,"event":{"mods":["AchievementEnabler","Act Like it!","Bard","BaseMod","Beaked The Cultist","Colored Map","Colored Powertips","Conspire","Duelist Mod","Friendly Minions","Gensokyo","GifTheSpireLib","Glutton Mod","Halation","Jorbs\u0027s Wanderer Trilogy","Mad Scientist","Marisa????????","Minty Spire (QoL Compilation)","Rare Cards Sparkle","Replay The Spire","StSLib","The Blackbeard","The Bug Knight","The Construct","The Cursed","The Disciple","The Mystic","The Runesmith","The Servant 0.9.4","The Witch"],"gold_per_floor":[110,110,40,56,24,34,34,50,50,50,64,78,96,109,109,109,109],"floor_reached":16,"language":"ENG","playtime":1578,"items_purged":[],"score":96,"play_id":"665cf018-5557-4969-b859-3333e7f947d9","local_time":"20210119175910","is_ascension_mode":false,"campfire_choices":[{"floor":10,"key":"REST"},{"floor":15,"key":"REST"}],"circlet_count":0,"master_deck":["Strike_P","Strike_P","Strike_P","Strike_P","Defend_P+1","Defend_P","Defend_P","Defend_P","Eruption+1","Vigilance","Replay:Hum","Replay:ManipulateFuture","Replay:Battleflow","SashWhip","WaveOfTheHand","Collect","Halt","Evaluate","Indignation","EmptyBody"],"relics":["PureWater","StoneCalendar"],"acts_visited":["Gensokyo:Gensokyo"],"potions_floor_usage":[14,14,16,16],"damage_taken":[{"damage":8,"enemies":"Gensokyo:3_Fairies","floor":1,"turns":5},{"damage":23,"enemies":"Gensokyo:Gryphon","floor":4,"turns":3},{"damage":0,"enemies":"Gensokyo:2_Kodama","floor":6,"turns":1},{"damage":4,"enemies":"Gensokyo:Kitsune","floor":8,"turns":2},{"damage":0,"enemies":"Gensokyo:3_Kodama","floor":11,"turns":1},{"damage":11,"enemies":"Gensokyo:CorruptedTreant","floor":12,"turns":3},{"damage":31,"enemies":"Gensokyo:Python_and_Kodama","floor":13,"turns":6},{"damage":14,"enemies":"Gensokyo:2_Rabbits","floor":14,"turns":5},{"damage":55,"enemies":"Gensokyo:Yukari","floor":16,"turns":6}],"seed_played":"3915445992632313245","potions_obtained":[{"floor":4,"key":"AttackPotion"},{"floor":8,"key":"BottledMiracle"},{"floor":11,"key":"Languid Potion"},{"floor":14,"key":"Dexterity Potion"}],"is_trial":false,"path_per_floor":["M","?","?","M","COS","M","$","M","T","R","M","M","M","M","R","B"],"character_chosen":"WATCHER","items_purchased":[],"campfire_rested":2,"item_purchase_floors":[],"current_hp_per_floor":[71,71,71,48,48,48,48,44,44,67,67,56,25,11,34,0,0],"gold":109,"neow_bonus":"TEN_PERCENT_HP_BONUS","is_daily":false,"chose_seed":false,"campfire_upgraded":0,"win_rate":0.0,"timestamp":1611097150,"path_taken":["M","?","?","M","COS","M","$","M","T","R","M","M","?","M","R","BOSS"],"items_purchased_type":[],"build_version":"2020-12-22","purchased_purges":0,"victory":false,"max_hp_per_floor":[79,79,79,79,79,79,79,79,79,79,79,79,79,79,79,79,79],"card_choices":[{"not_picked":["Evaluate","ThirdEye"],"picked":"Replay:Hum","floor":1},{"not_picked":["Swivel","WreathOfFlame"],"picked":"Replay:ManipulateFuture","floor":2},{"not_picked":["SignatureMove","Evaluate"],"picked":"Replay:Battleflow","floor":2},{"not_picked":["CrushJoints","FlurryOfBlows"],"picked":"SashWhip","floor":4},{"not_picked":["TalkToTheHand","LikeWater"],"picked":"WaveOfTheHand","floor":6},{"not_picked":["FlurryOfBlows","ClearTheMind"],"picked":"Collect","floor":8},{"not_picked":["Fasting2","Sanctity"],"picked":"Halt","floor":11},{"not_picked":["Replay:ManipulateFuture","Scrawl"],"picked":"Evaluate","floor":12},{"not_picked":["CutThroughFate","ThirdEye"],"picked":"Indignation","floor":13},{"not_picked":["Swivel","EmptyFist"],"picked":"EmptyBody","floor":14}],"player_experience":175764,"relics_obtained":[{"floor":9,"key":"StoneCalendar"}],"event_choices":[],"is_beta":false,"boss_relics":[],"items_purged_floors":[],"is_endless":false,"potions_floor_spawned":[4,8,11,14],"killed_by":"Gensokyo:Yukari","ascension_level":0}}