{"host":"df48i9djcn92c5sx","time":1611061290,"event":{"mods":["BaseMod","Downfall","Marisa£®ÏF”Í°°ƒß¿Ì…≥£©","Minty Spire (QoL Compilation)","READ ME - Guardian Mod","READ ME - Snecko Mod","Reimu£®≤©¿ˆ¡È√Œ£©","Remilia£®¿Ÿ√◊¿Ú—«£©","Shop Mod","StSLib","The Jungle","The Servant 0.9.4"],"gold_per_floor":[0,0,11,74,92,119,144,144,162,162,194,194],"floor_reached":11,"language":"ZHS","playtime":488,"items_purged":[],"score":85,"play_id":"96a67f8f-734a-454f-96cc-574112138c84","local_time":"20210119210130","is_ascension_mode":true,"campfire_choices":[{"data":"bronze:Replicate","floor":1,"key":"SMITH"},{"data":"bronze:Virus","floor":8,"key":"SMITH"}],"circlet_count":0,"master_deck":["bronze:Strike","bronze:Strike","bronze:Strike","bronze:Strike","bronze:Defend","bronze:Defend","bronze:Defend","bronze:Defend+1","bronze:Replicate+1","bronze:Goto","bronze:Assembly+1","bronze:Backtrace","bronze:Constructor","bronze:Return","bronze:Virus+1","Parasite","bronze:BronzeArmor"],"relics":["bronze:BronzeCore","Juzu Bracelet","Smiling Mask","Potion Belt","War Paint","Lizard Tail"],"acts_visited":["Exordium"],"potions_floor_usage":[11],"damage_taken":[{"damage":0,"enemies":"Small Slimes","floor":3,"turns":3},{"damage":32,"enemies":"Gremlin Nob","floor":4,"turns":4},{"damage":0,"enemies":"2 Louse","floor":5,"turns":2},{"damage":21,"enemies":"3 Sentries","floor":6,"turns":10},{"damage":0,"enemies":"Cultist","floor":9,"turns":2},{"damage":30,"enemies":"Gremlin Nob","floor":11,"turns":4}],"seed_played":"-1873209728540415629","potions_obtained":[{"floor":6,"key":"Explosive Potion"},{"floor":9,"key":"Swift Potion"},{"floor":11,"key":"Fire Potion"}],"is_trial":false,"path_per_floor":["R","?","M","?","M","E","T","R","M","?","E"],"character_chosen":"THE_AUTOMATON","items_purchased":[],"campfire_rested":0,"item_purchase_floors":[],"current_hp_per_floor":[70,67,67,35,35,14,14,14,14,31,1,1],"gold":194,"neow_bonus":"THREE_RARE_CARDS","is_daily":false,"chose_seed":false,"campfire_upgraded":2,"win_rate":0.0,"timestamp":1611061290,"path_taken":["R","?","M","?","M","E","T","R","M","?","E"],"items_purchased_type":[],"build_version":"2020-12-22","purchased_purges":0,"victory":false,"max_hp_per_floor":[70,70,70,70,70,70,70,70,70,70,70,70],"card_choices":[{"not_picked":["bronze:ShipIt","bronze:BurnOut"],"picked":"bronze:Assembly","floor":0},{"not_picked":["bronze:Branch","bronze:BuggyMess"],"picked":"bronze:Backtrace","floor":3},{"not_picked":["bronze:Boost","bronze:Optimize"],"picked":"bronze:Constructor","floor":4},{"not_picked":["bronze:DelayedSlice","bronze:WildBeam"],"picked":"bronze:Return","floor":5},{"not_picked":["bronze:Assembly","bronze:Overload"],"picked":"bronze:Virus","floor":6},{"not_picked":["bronze:BugBarrage","bronze:BitShift","bronze:Frontload"],"picked":"SKIP","floor":9},{"not_picked":["bronze:CutThrough","bronze:Backtrace"],"picked":"bronze:BronzeArmor","floor":11}],"player_experience":1438180,"relics_obtained":[{"floor":6,"key":"Potion Belt"},{"floor":7,"key":"War Paint"},{"floor":11,"key":"Lizard Tail"}],"event_choices":[{"damage_healed":0,"gold_gain":0,"player_choice":"Success","damage_taken":3,"relics_obtained":["Juzu Bracelet"],"max_hp_gain":0,"max_hp_loss":0,"event_name":"Scrap Ooze","floor":2,"gold_loss":0},{"damage_healed":17,"gold_gain":0,"player_choice":"Healed and dodged fight","damage_taken":0,"max_hp_gain":0,"max_hp_loss":0,"event_name":"Mushrooms","floor":10,"gold_loss":0,"cards_obtained":["Parasite"]}],"is_beta":false,"boss_relics":[],"items_purged_floors":[],"is_endless":false,"potions_floor_spawned":[6,9,11],"killed_by":"Gremlin Nob","ascension_level":1}}