{"host":"irrizrmw64do51k7","time":1611082546,"event":{"mods":["AchievementEnabler","BaseMod","BetterRewards","Card Forge","Colored Map","Colored Powertips","Curses Come First","Good Game Mod","Minty Spire (QoL Compilation)","Shop Mod","StSLib"],"gold_per_floor":[109,126,140,150,81,95,123,123,123,123,184,216,229,246,246,341,341,361,361,214,231,250,250,3,32,32,66,66,91,91,109,109,208,208,224,244,244,294,69,102,102,136,136,155,173,173,186,186,186,186,186,186,42,67,67],"floor_reached":56,"language":"ENG","playtime":3916,"items_purged":[],"score":2366,"play_id":"a1524f06-1468-4d6f-9736-886f51112d94","local_time":"20210119105546","is_ascension_mode":true,"campfire_choices":[{"data":"White Noise","floor":8,"key":"SMITH"},{"data":"Streamline","floor":10,"key":"SMITH"},{"floor":15,"key":"RECALL"},{"data":"Creative AI","floor":23,"key":"SMITH"},{"data":"Heatsinks","floor":30,"key":"SMITH"},{"data":"Capacitor","floor":32,"key":"SMITH"},{"data":"Madness","floor":41,"key":"SMITH"},{"data":"Madness","floor":49,"key":"SMITH"},{"data":"Seeing Red","floor":52,"key":"SMITH"}],"circlet_count":0,"master_deck":["AscendersBane","Strike_B","Strike_B","Strike_B","Strike_B","Defend_B","Defend_B","Defend_B","Zap","Dualcast","Static Discharge+1","Amplify+1","Capacitor+1","Buffer+1","Defragment+1","Electrodynamics+1","Echo Form+1","Genetic Algorithm+1","Seeing Red+1","BootSequence","Chill","Self Repair","Conserve Battery","Streamline+1","Streamline","Glacier","White Noise+1","Capacitor+1","Coolheaded","Cold Snap","Storm","Ball Lightning","Heatsinks+1","Coolheaded","Creative AI+1","Double Energy+1","Streamline+1","Coolheaded","Static Discharge+1","Coolheaded+1","J.A.X.","Self Repair+1","Biased Cognition+1","Self Repair+1","Machine Learning+1","Heatsinks+1","Defragment+1","Madness+1","Madness+1","Loop+1","Heatsinks+1","Loop+1","Machine Learning+1","White Noise+1","Loop+1"],"relics":["Cracked Core","Hammer of Thor","Seething Fire","Anvil of the Gods","REME:ComplimentaryCards","FossilizedHelix","Prayer Wheel","Bird Faced Urn","Mummified Hand","Bottled Flame","Question Card","Black Star","Orichalcum","Eternal Feather","Art of War","Emotion Chip","Turnip","Blood Vial","Frozen Egg 2","Oddly Smooth Stone","Nuclear Battery","Thread and Needle","Omamori","Bag of Marbles","Bottled Tornado","PreservedInsect","Nunchaku","Peace Pipe","Akabeko","Boot"],"acts_visited":["Exordium","TheCity","TheBeyond","TheEnding"],"potions_floor_usage":[12,22,25,27,27,29,55,55],"damage_taken":[{"damage":0,"enemies":"Small Slimes","floor":1,"turns":3},{"damage":0,"enemies":"2 Louse","floor":2,"turns":1},{"damage":0,"enemies":"Jaw Worm","floor":3,"turns":4},{"damage":0,"enemies":"Red Slaver","floor":4,"turns":3},{"damage":0,"enemies":"2 Fungi Beasts","floor":6,"turns":3},{"damage":20,"enemies":"Lagavulin","floor":7,"turns":5},{"damage":12,"enemies":"3 Sentries","floor":12,"turns":6},{"damage":0,"enemies":"3 Louse","floor":13,"turns":3},{"damage":0,"enemies":"Blue Slaver","floor":14,"turns":3},{"damage":7,"enemies":"Hexaghost","floor":16,"turns":5},{"damage":0,"enemies":"Spheric Guardian","floor":18,"turns":3},{"damage":5,"enemies":"Shell Parasite","floor":21,"turns":5},{"damage":31,"enemies":"Shelled Parasite and Fungi","floor":22,"turns":4},{"damage":0,"enemies":"Gremlin Leader","floor":25,"turns":6},{"damage":0,"enemies":"Slavers","floor":27,"turns":3},{"damage":0,"enemies":"Gremlin Leader","floor":29,"turns":6},{"damage":0,"enemies":"Cultist and Chosen","floor":31,"turns":7},{"damage":30,"enemies":"Champ","floor":33,"turns":7},{"damage":6,"enemies":"3 Darklings","floor":35,"turns":5},{"damage":9,"enemies":"3 Shapes","floor":36,"turns":2},{"damage":0,"enemies":"Mind Bloom Boss Battle","floor":38,"turns":3},{"damage":41,"enemies":"Nemesis","floor":40,"turns":6},{"damage":0,"enemies":"Giant Head","floor":42,"turns":6},{"damage":0,"enemies":"Maw","floor":44,"turns":6},{"damage":3,"enemies":"Spire Growth","floor":45,"turns":3},{"damage":0,"enemies":"Transient","floor":47,"turns":5},{"damage":46,"enemies":"Time Eater","floor":50,"turns":6},{"damage":12,"enemies":"Shield and Spear","floor":54,"turns":3},{"damage":10,"enemies":"The Heart","floor":55,"turns":5}],"seed_played":"-5438115427119254830","potions_obtained":[{"floor":2,"key":"LiquidMemories"},{"floor":3,"key":"Regen Potion"},{"floor":4,"key":"SteroidPotion"},{"floor":12,"key":"BlessingOfTheForge"},{"floor":13,"key":"Ancient Potion"},{"floor":22,"key":"ColorlessPotion"},{"floor":25,"key":"LiquidBronze"},{"floor":27,"key":"PowerPotion"},{"floor":35,"key":"PotionOfCapacity"},{"floor":36,"key":"Fire Potion"}],"is_trial":false,"path_per_floor":["M","M","M","M","$","M","E","R","T","R","?","E","M","M","R","B",null,"M","?","$","M","M","R","$","E","T","E","?","E","R","M","R","B",null,"M","M","?","?","$","E","R","E","T","M","M","?","M","?","R","B",null,"R","$","E","B",null],"character_chosen":"DEFECT","items_purchased":["Prayer Wheel","Static Discharge","Amplify","Capacitor","Orichalcum","Eternal Feather","Omamori","Loop+1","Loop+1","PotionOfCapacity"],"campfire_rested":0,"item_purchase_floors":[0,0,0,5,20,24,39,39,53,53],"current_hp_per_floor":[75,75,75,75,75,75,59,59,59,59,59,75,75,75,75,75,75,75,75,75,75,60,60,60,75,75,75,75,75,75,75,75,70,74,75,75,66,75,75,75,75,75,75,75,75,75,75,75,75,71,74,75,75,75,75],"gold":67,"neow_bonus":"","is_daily":false,"chose_seed":false,"campfire_upgraded":8,"win_rate":0.0,"timestamp":1611082546,"path_taken":["M","M","M","M","$","M","E","R","T","R","?","E","M","M","R","BOSS","M","?","$","M","M","R","$","E","T","E","?","E","R","M","R","BOSS","M","M","?","?","?","E","R","E","T","M","?","?","M","?","R","BOSS","R","$","E","BOSS"],"items_purchased_type":["Relic","Card","Card","Card","Relic","Relic","Relic","Card","Card","Potion"],"build_version":"2020-12-22","purchased_purges":0,"victory":true,"max_hp_per_floor":[75,75,75,75,75,75,75,75,75,75,75,75,75,75,75,75,75,75,75,75,75,75,75,75,75,75,75,75,75,75,75,75,75,75,75,75,75,75,75,75,75,75,75,75,75,75,75,75,75,75,75,75,75,75,75],"card_choices":[{"not_picked":["Rebound","Leap"],"picked":"BootSequence","floor":1},{"not_picked":["Compile Driver","Hologram"],"picked":"Chill","floor":1},{"not_picked":["Storm","Leap"],"picked":"Self Repair","floor":2},{"not_picked":["Rebound","Undo"],"picked":"Conserve Battery","floor":2},{"not_picked":["Skim","Chill"],"picked":"Streamline","floor":3},{"not_picked":["Scrape","Ball Lightning"],"picked":"Streamline","floor":3},{"not_picked":["Thunder Strike","Heatsinks"],"picked":"Glacier","floor":4},{"not_picked":["Undo","Sunder"],"picked":"White Noise","floor":4},{"not_picked":["Consume","Compile Driver"],"picked":"Coolheaded","floor":6},{"not_picked":["Hologram","Go for the Eyes"],"picked":"Cold Snap","floor":6},{"not_picked":["Melter","Reinforced Body","Hologram"],"picked":"SKIP","floor":7},{"not_picked":["Redo","Leap"],"picked":"Storm","floor":12},{"not_picked":["FTL","Compile Driver","Scrape"],"picked":"Ball Lightning","floor":13},{"not_picked":["Steam Power","Compile Driver","Barrage"],"picked":"Heatsinks","floor":13},{"not_picked":["Beam Cell","Go for the Eyes","Gash"],"picked":"Coolheaded","floor":14},{"not_picked":["Leap","Fission","Sweeping Beam","Barrage"],"picked":"SKIP","floor":14},{"not_picked":["Buffer","Amplify","Fission"],"picked":"Creative AI","floor":16},{"not_picked":["Ball Lightning","Redo","Sweeping Beam","Hologram"],"picked":"SKIP","floor":18},{"not_picked":["Rainbow","Sweeping Beam","Leap","Doom and Gloom"],"picked":"SKIP","floor":18},{"not_picked":["Gash","Conserve Battery","Ball Lightning"],"picked":"Double Energy+1","floor":21},{"not_picked":["Rebound","Sweeping Beam+1","Turbo"],"picked":"Streamline+1","floor":21},{"not_picked":["Rebound","Leap","Streamline"],"picked":"Coolheaded","floor":22},{"not_picked":["Gash+1","Doom and Gloom","Auto Shields","Turbo+1"],"picked":"SKIP","floor":22},{"not_picked":["Beam Cell","Stack","Fission"],"picked":"Static Discharge+1","floor":25},{"not_picked":["Turbo+1","Stack","FTL"],"picked":"Coolheaded+1","floor":27},{"not_picked":["Skim","Scrape+1","Turbo"],"picked":"Self Repair+1","floor":29},{"not_picked":["Conserve Battery","Beam Cell","Reprogram"],"picked":"Biased Cognition+1","floor":31},{"not_picked":["Conserve Battery","Hello World+1","Coolheaded"],"picked":"Self Repair+1","floor":31},{"not_picked":["Thunder Strike","Meteor Strike","Hyperbeam"],"picked":"Machine Learning+1","floor":33},{"not_picked":["Streamline","Turbo+1","Aggregate+1"],"picked":"Heatsinks+1","floor":35},{"not_picked":["Gash+1","Chill+1","Undo","Doom and Gloom"],"picked":"SKIP","floor":35},{"not_picked":["Hello World+1","Recycle+1","Streamline"],"picked":"Defragment+1","floor":36},{"not_picked":["Steam+1","Leap+1","Beam Cell","Doom and Gloom"],"picked":"SKIP","floor":36},{"not_picked":["Thunder Strike","Aggregate","Steam"],"picked":"Heatsinks+1","floor":40},{"not_picked":["Coolheaded+1","Streamline","Conserve Battery+1","Rip and Tear+1"],"picked":"SKIP","floor":42},{"not_picked":["Rebound+1","Compile Driver+1","Skim"],"picked":"Loop+1","floor":44},{"not_picked":["Undo","Melter+1","Cold Snap+1","Turbo+1"],"picked":"SKIP","floor":44},{"not_picked":["Beam Cell+1","Aggregate+1","Conserve Battery+1"],"picked":"Machine Learning+1","floor":45},{"not_picked":["Go for the Eyes","Gash","Stack+1","Darkness+1"],"picked":"SKIP","floor":45},{"not_picked":["Coolheaded","Undo+1","Gash+1"],"picked":"White Noise+1","floor":47},{"not_picked":["Hologram+1","Steam","Sunder+1","Go for the Eyes"],"picked":"SKIP","floor":47},{"not_picked":["Auto Shields+1","Fusion+1","Hologram","Core Surge"],"picked":"SKIP","floor":54}],"player_experience":448757,"relics_obtained":[{"floor":7,"key":"Mummified Hand"},{"floor":9,"key":"Bottled Flame"},{"floor":12,"key":"Question Card"},{"floor":25,"key":"Art of War"},{"floor":25,"key":"Emotion Chip"},{"floor":27,"key":"Turnip"},{"floor":27,"key":"Blood Vial"},{"floor":29,"key":"Frozen Egg 2"},{"floor":29,"key":"Oddly Smooth Stone"},{"floor":38,"key":"Thread and Needle"},{"floor":40,"key":"Bag of Marbles"},{"floor":40,"key":"Bottled Tornado"},{"floor":42,"key":"PreservedInsect"},{"floor":42,"key":"Nunchaku"},{"floor":43,"key":"Peace Pipe"},{"floor":54,"key":"Akabeko"},{"floor":54,"key":"Boot"}],"event_choices":[{"damage_healed":0,"gold_gain":61,"player_choice":"Gained Gold","damage_taken":0,"max_hp_gain":0,"max_hp_loss":0,"event_name":"Golden Wing","floor":11,"gold_loss":0},{"damage_healed":0,"gold_gain":0,"player_choice":"Ignored","damage_taken":0,"max_hp_gain":0,"max_hp_loss":0,"event_name":"Ghosts","floor":19,"gold_loss":0},{"damage_healed":0,"gold_gain":0,"player_choice":"Obtain J.A.X.","damage_taken":0,"max_hp_gain":0,"max_hp_loss":0,"event_name":"Drug Dealer","floor":28,"gold_loss":0,"cards_obtained":["J.A.X."]},{"damage_healed":0,"gold_gain":0,"player_choice":"Embrace Madness","damage_taken":9,"max_hp_gain":0,"max_hp_loss":0,"event_name":"Winding Halls","floor":37,"gold_loss":0,"cards_obtained":["Madness","Madness"]},{"damage_healed":0,"gold_gain":0,"player_choice":"Fight","damage_taken":0,"max_hp_gain":0,"max_hp_loss":0,"event_name":"MindBloom","floor":38,"gold_loss":0},{"damage_healed":0,"gold_gain":0,"player_choice":"Memory 1","damage_taken":0,"max_hp_gain":0,"max_hp_loss":0,"event_name":"SensoryStone","floor":46,"gold_loss":0},{"cards_removed":["Defend_B"],"damage_healed":0,"gold_gain":0,"player_choice":"Removed Skill","damage_taken":0,"max_hp_gain":0,"max_hp_loss":0,"event_name":"Falling","floor":48,"gold_loss":0}],"is_beta":false,"boss_relics":[{"not_picked":["Snecko Eye","Runic Pyramid"],"picked":"Black Star"},{"not_picked":["Cursed Key","Calling Bell"],"picked":"Nuclear Battery"}],"items_purged_floors":[],"is_endless":false,"potions_floor_spawned":[2,3,4,12,13,16,18,22,25,27,35,36,42,45,54],"ascension_level":10}}