{"host":"xp5rvh2jwe2ejyfm","time":1611066845,"event":{"mods":["BaseMod","Hermit","Minty Spire (QoL Compilation)","Replay The Spire","StSLib","The Construct","The Cursed","The Disciple","The Hierophant","The Necromancer","The Runesmith"],"gold_per_floor":[112,112,132,150,167,167,199,199,279,299,77,94,94,110,110,231,231,251,103,127,148,148,148,148,148],"floor_reached":24,"language":"ENG","playtime":872,"items_purged":[],"score":350,"play_id":"90774d6f-30d9-4ba4-94f2-ec1d2718650a","local_time":"20210119093405","is_ascension_mode":false,"campfire_choices":[{"data":"TheCursedMod:ReleasedStrength","floor":6,"key":"SMITH"},{"floor":8,"key":"REST"},{"data":"TheCursedMod:SoulReap","floor":15,"key":"SMITH"},{"floor":23,"key":"REST"}],"circlet_count":0,"master_deck":["TheCursedMod:Strike_TheCursed","TheCursedMod:Strike_TheCursed","TheCursedMod:Strike_TheCursed","TheCursedMod:Strike_TheCursed","TheCursedMod:Defend_TheCursed","TheCursedMod:Defend_TheCursed","TheCursedMod:Defend_TheCursed","TheCursedMod:Defend_TheCursed","TheCursedMod:CursedWand","TheCursedMod:CleanUpWorkshop","TheCursedMod:Dregs","TheCursedMod:ReleasedStrength+1","TheCursedMod:Torture","TheCursedMod:VitalStrike","TheCursedMod:DoubleShield","TheCursedMod:CursedShiv","TheCursedMod:SoulReap+1","TheCursedMod:HellfireBreathing","TheCursedMod:EmpowerCircles","Injury","TheCursedMod:TacticalStrike","TheCursedMod:StunningStrike","CurseOfTheBell","TheCursedMod:Dregs","ReplayTheSpireMod:IOU","TheCursedMod:WearCloak","TheCursedMod:HellfireBreathing","TheCursedMod:CircleOfCorruption","TheCursedMod:CursedBoomerang","TheCursedMod:VoidForm+1","TheCursedMod:CursedShiv+1","TheCursedMod:VitalStrike","TheCursedMod:HellfireBreathing"],"relics":["TheCursedMod:BlackMagic101","NeowsBlessing","Torii","Replay:Ringing Soul","HandDrill","Bloody Idol","Replay:Ancient Bell","Gremlin Food","Replay:Bottled Steam","TheCursedMod:CrystalBall","Orrery"],"acts_visited":["Exordium","TheCity"],"potions_floor_usage":[16,16,21],"damage_taken":[{"damage":0,"enemies":"Jaw Worm","floor":1,"turns":1},{"damage":0,"enemies":"Cultist","floor":3,"turns":1},{"damage":0,"enemies":"2 Louse","floor":4,"turns":1},{"damage":10,"enemies":"Looter","floor":5,"turns":4},{"damage":9,"enemies":"Gremlin Nob","floor":7,"turns":4},{"damage":1,"enemies":"Exordium Wildlife","floor":10,"turns":4},{"damage":8,"enemies":"3 Louse","floor":12,"turns":3},{"damage":5,"enemies":"Gremlin Gang","floor":14,"turns":5},{"damage":58,"enemies":"Slime Boss","floor":16,"turns":14},{"damage":9,"enemies":"Shell Parasite","floor":18,"turns":6},{"damage":18,"enemies":"Chosen","floor":20,"turns":6},{"damage":47,"enemies":"Shelled Parasite and Fungi","floor":21,"turns":5},{"damage":95,"enemies":"Slavers","floor":24,"turns":5}],"seed_played":"1060149013035925714","potions_obtained":[{"floor":4,"key":"Weak Potion"},{"floor":7,"key":"Swift Potion"},{"floor":20,"key":"LiquidMemories"}],"is_trial":false,"path_per_floor":["M","?","M","M","M","R","E","R","T","M","$","M","?","M","R","B",null,"M","$","M","M","?","R","E"],"character_chosen":"THE_CURSED","items_purchased":["HandDrill","TheCursedMod:HellfireBreathing","Orrery"],"campfire_rested":2,"item_purchase_floors":[11,11,19],"current_hp_per_floor":[75,75,75,75,65,65,56,75,75,77,80,80,83,85,85,35,96,90,93,85,48,48,80,0,0],"gold":148,"neow_bonus":"THREE_ENEMY_KILL","is_daily":false,"chose_seed":false,"campfire_upgraded":2,"win_rate":0.0,"timestamp":1611066845,"path_taken":["M","?","M","M","M","R","E","R","T","M","$","?","?","M","R","BOSS","M","$","M","M","?","R","E"],"items_purchased_type":["Relic","Card","Relic"],"build_version":"2020-12-22","purchased_purges":0,"victory":false,"max_hp_per_floor":[75,75,75,75,75,75,75,75,75,78,81,84,87,90,90,93,96,99,102,105,108,108,108,108,108],"card_choices":[{"not_picked":["TheCursedMod:RapidMovement","TheCursedMod:Obscuration"],"picked":"TheCursedMod:ReleasedStrength","floor":1},{"not_picked":["TheCursedMod:SurpriseAttack","TheCursedMod:RavingStaff"],"picked":"TheCursedMod:Torture","floor":3},{"not_picked":["TheCursedMod:CircleOfAmplification","TheCursedMod:Wield"],"picked":"TheCursedMod:VitalStrike","floor":4},{"not_picked":["TheCursedMod:Stretching","TheCursedMod:CursedShiv"],"picked":"TheCursedMod:DoubleShield","floor":5},{"not_picked":["TheCursedMod:CircleOfCorruption","TheCursedMod:LuckyCharm"],"picked":"TheCursedMod:CursedShiv","floor":7},{"not_picked":["TheCursedMod:SpitefulPlan","TheCursedMod:Mangle"],"picked":"TheCursedMod:SoulReap","floor":10},{"not_picked":["TheCursedMod:TacticalStrike","TheCursedMod:CursedAmulet"],"picked":"TheCursedMod:EmpowerCircles","floor":12},{"not_picked":["TheCursedMod:Neurasthenia","TheCursedMod:FuryStrike"],"picked":"TheCursedMod:TacticalStrike","floor":14},{"not_picked":["TheCursedMod:NeowsMight","TheCursedMod:ManaCirculation"],"picked":"TheCursedMod:StunningStrike","floor":16},{"not_picked":["ReplayTheSpireMod:Faulty Equipment","Languid"],"picked":"CurseOfTheBell","floor":17},{"not_picked":["Normality","Pain"],"picked":"TheCursedMod:Dregs","floor":17},{"not_picked":["Pain","hermit:ImpendingDoom"],"picked":"ReplayTheSpireMod:IOU","floor":17},{"not_picked":["TheCursedMod:VitalStrike","TheCursedMod:Stretching"],"picked":"TheCursedMod:WearCloak","floor":18},{"not_picked":["TheCursedMod:Wield+1","TheCursedMod:ParallelWorld"],"picked":"TheCursedMod:HellfireBreathing","floor":19},{"not_picked":["TheCursedMod:SpitefulPlan","TheCursedMod:VitalStrike+1"],"picked":"TheCursedMod:CircleOfCorruption","floor":19},{"not_picked":["TheCursedMod:Evocation","TheCursedMod:FuryStrike+1"],"picked":"TheCursedMod:CursedBoomerang","floor":19},{"not_picked":["TheCursedMod:RavingStaff","TheCursedMod:CursedStaff+1"],"picked":"TheCursedMod:VoidForm","floor":19},{"not_picked":["TheCursedMod:StingEye","TheCursedMod:Stigma"],"picked":"TheCursedMod:CursedShiv+1","floor":19},{"not_picked":["TheCursedMod:Wield","TheCursedMod:RavingStaff+1"],"picked":"TheCursedMod:VitalStrike","floor":20},{"not_picked":["TheCursedMod:Stigma","TheCursedMod:PrepareRite"],"picked":"TheCursedMod:HellfireBreathing","floor":21}],"player_experience":248310,"relics_obtained":[{"floor":7,"key":"Torii"},{"floor":9,"key":"Replay:Ringing Soul"}],"event_choices":[{"damage_healed":0,"gold_gain":0,"player_choice":"Ignored","damage_taken":0,"max_hp_gain":0,"max_hp_loss":0,"event_name":"Purifier","floor":2,"gold_loss":0},{"damage_healed":0,"gold_gain":0,"player_choice":"Take Wound","damage_taken":0,"relics_obtained":["Golden Idol"],"max_hp_gain":0,"max_hp_loss":0,"event_name":"Golden Idol","floor":13,"gold_loss":0,"cards_obtained":["Injury"]},{"damage_healed":0,"gold_gain":0,"player_choice":"Gave Idol","damage_taken":0,"relics_obtained":["Bloody Idol"],"max_hp_gain":0,"max_hp_loss":0,"event_name":"Forgotten Altar","floor":22,"relics_lost":["Golden Idol"],"gold_loss":0}],"is_beta":false,"boss_relics":[{"not_picked":["Sozu","Astrolabe"],"picked":"Replay:Ancient Bell"},{"not_picked":["CeramicFish","Potion Belt"],"picked":"Gremlin Food"},{"not_picked":["Blue Candle","InkBottle"],"picked":"Replay:Bottled Steam"},{"not_picked":["construct:BoolHorns","Runesmith:Locket"],"picked":"TheCursedMod:CrystalBall"}],"items_purged_floors":[],"is_endless":false,"potions_floor_spawned":[4,7,20],"killed_by":"Slavers","ascension_level":0}}