{"host":"ELF","time":1611041447,"event":{"mods":["BaseMod","Bestiary","Minty Spire (QoL Compilation)","Relic Stats","Slay the Relics Exporter"],"gold_per_floor":[115,29,46,58,18,45,59,59,59,59,87,87,101,113,113,190,190,202,219,68,81,81,81],"floor_reached":22,"language":"ENG","playtime":1191,"items_purged":["Defend_R","Strike_R"],"score":386,"play_id":"b8dfaa8b-38ae-43f0-a940-ee27f72b20e3","local_time":"20210119013047","is_ascension_mode":true,"campfire_choices":[{"data":"True Grit","floor":8,"key":"SMITH"},{"floor":15,"key":"REST"}],"circlet_count":0,"master_deck":["AscendersBane","Strike_R","Strike_R","Strike_R","Defend_R+1","Defend_R","Defend_R+1","Bash","Ghostly Armor","Feel No Pain","Clothesline","Anger","True Grit+1","Fire Breathing","Demon Form","Spot Weakness","Impervious","Dark Embrace","True Grit"],"relics":["Burning Blood","Smiling Mask","Red Skull","War Paint","Singing Bowl","Velvet Choker"],"acts_visited":["Exordium","TheCity"],"potions_floor_usage":[6,11,16,18,21],"damage_taken":[{"damage":7,"enemies":"Small Slimes","floor":1,"turns":6},{"damage":2,"enemies":"Cultist","floor":3,"turns":4},{"damage":2,"enemies":"Jaw Worm","floor":4,"turns":4},{"damage":34,"enemies":"3 Sentries","floor":6,"turns":12},{"damage":7,"enemies":"Looter","floor":7,"turns":4},{"damage":34,"enemies":"Lagavulin","floor":11,"turns":9},{"damage":12,"enemies":"Gremlin Gang","floor":13,"turns":6},{"damage":4,"enemies":"3 Louse","floor":14,"turns":4},{"damage":16,"enemies":"The Guardian","floor":16,"turns":11},{"damage":45,"enemies":"3 Byrds","floor":18,"turns":8},{"damage":21,"enemies":"Shell Parasite","floor":19,"turns":7},{"damage":23,"enemies":"Snecko","floor":21,"turns":8},{"damage":26,"enemies":"Shelled Parasite and Fungi","floor":22,"turns":2}],"seed_played":"932357493303574854","potions_obtained":[{"floor":1,"key":"SkillPotion"},{"floor":5,"key":"Regen Potion"},{"floor":5,"key":"BloodPotion"},{"floor":11,"key":"DistilledChaos"},{"floor":13,"key":"SpeedPotion"},{"floor":14,"key":"Energy Potion"},{"floor":16,"key":"BloodPotion"},{"floor":18,"key":"CultistPotion"},{"floor":19,"key":"LiquidMemories"}],"is_trial":false,"path_per_floor":["M","$","M","M","?","E","M","R","T","?","E","?","M","M","R","B",null,"M","M","$","M","M"],"character_chosen":"IRONCLAD","items_purchased":["Feel No Pain","Dark Embrace","True Grit"],"campfire_rested":1,"item_purchase_floors":[2,20,20],"current_hp_per_floor":[67,67,71,75,75,62,61,61,61,54,41,30,26,28,51,41,68,46,33,33,18,0,0],"gold":81,"neow_bonus":"RANDOM_COMMON_RELIC","is_daily":false,"chose_seed":false,"campfire_upgraded":1,"win_rate":0.0,"timestamp":1611041447,"path_taken":["M","$","M","M","?","E","?","R","T","?","E","?","M","M","R","BOSS","M","M","$","?","M"],"items_purchased_type":["Card","Card","Card"],"build_version":"2020-12-18","purchased_purges":2,"victory":false,"max_hp_per_floor":[75,75,75,75,75,75,75,75,75,75,75,75,77,77,77,77,77,79,81,81,83,83,83],"relic_stats":{"Singing Bowl":8,"counters":[13,85],"War Paint":["Defend_R","Defend_R"],"Smiling Mask":75,"obtain_stats":[{"Singing Bowl":11,"Velvet Choker":17,"War Paint":9,"Smiling Mask":0,"Burning Blood":0,"Red Skull":6},{"Singing Bowl":6,"Velvet Choker":9,"War Paint":5,"Smiling Mask":0,"Burning Blood":0,"Red Skull":4},{"Singing Bowl":39,"Velvet Choker":60,"War Paint":30,"Smiling Mask":0,"Burning Blood":0,"Red Skull":26}],"Burning Blood":72},"card_choices":[{"not_picked":["Evolve","Uppercut"],"picked":"Ghostly Armor","floor":1},{"not_picked":["Sever Soul","Thunderclap"],"picked":"Clothesline","floor":3},{"not_picked":["Feel No Pain","Pommel Strike"],"picked":"Anger","floor":4},{"not_picked":["Bloodletting","Sever Soul"],"picked":"True Grit","floor":6},{"not_picked":["Combust","Intimidate"],"picked":"Fire Breathing","floor":7},{"not_picked":["Rage","Havoc"],"picked":"Demon Form","floor":11},{"not_picked":["Iron Wave","Ghostly Armor","Pummel"],"picked":"Singing Bowl","floor":13},{"not_picked":["Bloodletting","Headbutt"],"picked":"Spot Weakness","floor":14},{"not_picked":["Double Tap","Demon Form"],"picked":"Impervious","floor":16},{"not_picked":["Sword Boomerang","Metallicize","Thunderclap"],"picked":"Singing Bowl","floor":18},{"not_picked":["Headbutt","Sword Boomerang","Metallicize"],"picked":"Singing Bowl","floor":19},{"not_picked":["Flex","Shockwave","Rupture"],"picked":"Singing Bowl","floor":21}],"player_experience":3226074,"relics_obtained":[{"floor":6,"key":"Red Skull"},{"floor":9,"key":"War Paint"},{"floor":11,"key":"Singing Bowl"}],"event_choices":[{"damage_healed":0,"gold_gain":0,"player_choice":"Bought 3 Potions","damage_taken":0,"max_hp_gain":0,"max_hp_loss":0,"event_name":"The Woman in Blue","floor":5,"gold_loss":0},{"cards_removed":["Strike_R"],"damage_healed":0,"gold_gain":0,"player_choice":"Card Removal","damage_taken":7,"max_hp_gain":0,"max_hp_loss":0,"event_name":"Golden Wing","floor":10,"gold_loss":0},{"damage_healed":0,"gold_gain":0,"player_choice":"Damaged","damage_taken":11,"max_hp_gain":0,"max_hp_loss":0,"event_name":"Wheel of Change","floor":12,"gold_loss":0}],"is_beta":true,"boss_relics":[{"not_picked":["Empty Cage","Tiny House"],"picked":"Velvet Choker"}],"items_purged_floors":[2,20],"is_endless":false,"potions_floor_spawned":[1,11,13,14,16,18,19],"killed_by":"Shelled Parasite and Fungi","ascension_level":19}}