{"host":"xp5rvh2jwe2ejyfm","time":1611083026,"event":{"mods":["BaseMod","Hermit","Minty Spire (QoL Compilation)","Replay The Spire","StSLib","The Construct","The Cursed","The Disciple","The Hierophant","The Necromancer","The Runesmith"],"gold_per_floor":[109,123,137,152,8,35,46,46,46,11,25,41,60,99,99,225,225,195,211,224,264,264,264,295,11,11,54,72,237,237,260,260,260,260],"floor_reached":33,"language":"ENG","playtime":1793,"items_purged":[],"score":501,"play_id":"796c1d92-12f4-4025-8105-f6600dcd7537","local_time":"20210119140346","is_ascension_mode":false,"campfire_choices":[{"floor":15,"key":"REST"},{"floor":23,"key":"REST"},{"data":"1","floor":30,"key":"LIFT"},{"data":"2","floor":32,"key":"LIFT"}],"circlet_count":0,"master_deck":["TheCursedMod:Strike_TheCursed","TheCursedMod:Strike_TheCursed","TheCursedMod:Strike_TheCursed","TheCursedMod:Strike_TheCursed","TheCursedMod:Defend_TheCursed","TheCursedMod:Defend_TheCursed","TheCursedMod:Defend_TheCursed","TheCursedMod:Defend_TheCursed","TheCursedMod:CursedWand","TheCursedMod:CleanUpWorkshop","TheCursedMod:Dregs","TheCursedMod:AntiAging","TheCursedMod:CursedShiv","TheCursedMod:CursedShiv","TheCursedMod:WearCloak","TheCursedMod:Torture","TheCursedMod:UltimatePain","TheCursedMod:SpreadPlague","Injury","TheCursedMod:EmpowerCircles","TheCursedMod:Hemoplague","TheCursedMod:VitalStrike","TheCursedMod:ManaBullet","TheCursedMod:AntiAging","CurseOfTheBell","TheCursedMod:CircleOfBlood","TheCursedMod:CircleOfCorruption","TheCursedMod:Stigma+1","TheCursedMod:Stigma","Shame","TheCursedMod:CircleOfFlame","TheCursedMod:CursedWand","Jack Of All Trades","TheCursedMod:DemonSword","TheCursedMod:CircleOfBlood","ReplayTheSpireMod:Splinters","TheCursedMod:Torture+1","TheCursedMod:BloodBarrier","TheCursedMod:FleshFromBone+1"],"relics":["TheCursedMod:BlackMagic101","Chemical X","Art of War","Golden Idol","Matryoshka","Toy Ornithopter","Calling Bell","Eternal Feather","Nunchaku","Replay:Arrowhead","Red Mask","Shovel","Girya","DollysMirror","Centennial Puzzle","construct:BoolHorns","Runesmith:AutoHammer","Bronze Scales","ReplayTheSpireMod:TigerMarble"],"acts_visited":["Exordium","TheCity"],"potions_floor_usage":[14,21,27,27,31],"damage_taken":[{"damage":0,"enemies":"Cultist","floor":1,"turns":4},{"damage":0,"enemies":"Small Slimes","floor":2,"turns":3},{"damage":8,"enemies":"2 Louse","floor":3,"turns":3},{"damage":4,"enemies":"2 Fungi Beasts","floor":4,"turns":4},{"damage":44,"enemies":"Lagavulin","floor":6,"turns":9},{"damage":0,"enemies":"3 Louse","floor":7,"turns":4},{"damage":14,"enemies":"Large Slime","floor":11,"turns":5},{"damage":3,"enemies":"Exordium Wildlife","floor":12,"turns":5},{"damage":14,"enemies":"Blue Slaver","floor":13,"turns":3},{"damage":0,"enemies":"Replay:BlueRogue","floor":14,"turns":4},{"damage":62,"enemies":"Fading Forest","floor":16,"turns":11},{"damage":35,"enemies":"2 Thieves","floor":18,"turns":5},{"damage":21,"enemies":"Shell Parasite","floor":19,"turns":3},{"damage":46,"enemies":"Snecko","floor":20,"turns":7},{"damage":65,"enemies":"Masked Bandits","floor":21,"turns":6},{"damage":29,"enemies":"Replay:Snechameleon","floor":24,"turns":5},{"damage":9,"enemies":"Book of Stabbing","floor":27,"turns":4},{"damage":35,"enemies":"Centurion and Healer","floor":28,"turns":8},{"damage":17,"enemies":"Shelled Parasite and Fungi","floor":31,"turns":4},{"damage":46,"enemies":"Champ","floor":33,"turns":8}],"seed_played":"7504276197585789229","potions_obtained":[{"floor":4,"key":"FairyPotion"},{"floor":6,"key":"Reflective Coating"},{"floor":7,"key":"BlessingOfTheForge"},{"floor":11,"key":"Strength Potion"},{"floor":18,"key":"FairyPotion"},{"floor":24,"key":"Block Potion"},{"floor":27,"key":"Elixir"},{"floor":28,"key":"Elixir"},{"floor":29,"key":"Swift Potion"},{"floor":29,"key":"SneckoOil"}],"is_trial":false,"path_per_floor":["M","M","M","M","$","E","M","?","T","?","M","M","M","E","R","B",null,"M","M","M","?","?","R","E","$","T","E","M","?","R","M","R","B"],"character_chosen":"THE_CURSED","items_purchased":["Chemical X","DollysMirror","ColorlessPotion","Jack Of All Trades"],"campfire_rested":2,"item_purchase_floors":[5,25,25,25],"current_hp_per_floor":[77,79,73,71,71,29,29,29,29,50,38,37,25,27,54,4,95,62,43,3,3,3,50,27,27,27,32,3,3,24,14,35,0,0],"gold":260,"neow_bonus":"ONE_RANDOM_RARE_CARD","is_daily":false,"chose_seed":false,"campfire_upgraded":0,"win_rate":0.0,"timestamp":1611083026,"path_taken":["M","M","M","M","?","E","M","?","T","?","M","M","M","E","R","BOSS","M","M","M","?","?","R","E","$","T","E","M","?","R","M","R","BOSS"],"items_purchased_type":["Relic","Relic","Potion","Card"],"build_version":"2020-12-22","purchased_purges":0,"victory":false,"max_hp_per_floor":[77,79,81,83,83,85,85,85,85,85,87,89,91,93,93,95,95,97,97,99,99,99,99,101,101,101,101,105,105,105,107,107,107,107],"card_choices":[{"not_picked":["TheCursedMod:RapidMovement","TheCursedMod:WearCloak"],"picked":"TheCursedMod:CursedShiv","floor":1},{"not_picked":["TheCursedMod:PrepareRite","TheCursedMod:RavingStaff"],"picked":"TheCursedMod:CursedShiv","floor":2},{"not_picked":["TheCursedMod:CursedBoomerang","TheCursedMod:FleshFromBone"],"picked":"TheCursedMod:WearCloak","floor":3},{"not_picked":["TheCursedMod:SmokeScreen","TheCursedMod:CursedMace"],"picked":"TheCursedMod:Torture","floor":4},{"not_picked":["TheCursedMod:SpreadPlague","TheCursedMod:CircleOfCorruption"],"picked":"TheCursedMod:UltimatePain","floor":6},{"not_picked":["TheCursedMod:Evocation","TheCursedMod:ManaBullet"],"picked":"TheCursedMod:SpreadPlague","floor":7},{"not_picked":["TheCursedMod:Stretching","TheCursedMod:HellsGateOpen"],"picked":"TheCursedMod:EmpowerCircles","floor":11},{"not_picked":["TheCursedMod:SpitefulStrike","TheCursedMod:TroublousMinions"],"picked":"TheCursedMod:Hemoplague","floor":12},{"not_picked":["TheCursedMod:SurpriseAttack","TheCursedMod:CursedShiv"],"picked":"TheCursedMod:VitalStrike","floor":13},{"not_picked":["TheCursedMod:CircleOfAmplification","TheCursedMod:DarkBarrier"],"picked":"TheCursedMod:ManaBullet","floor":14},{"not_picked":["TheCursedMod:ShockAndAwe","TheCursedMod:DarkBarrier"],"picked":"TheCursedMod:AntiAging","floor":16},{"not_picked":["TheCursedMod:PrepareRite+1","TheCursedMod:Stigma"],"picked":"TheCursedMod:CircleOfBlood","floor":18},{"not_picked":["TheCursedMod:CursedMace","TheCursedMod:StingEye"],"picked":"TheCursedMod:CircleOfCorruption","floor":19},{"not_picked":["TheCursedMod:CursedAmulet","TheCursedMod:Evocation+1"],"picked":"TheCursedMod:Stigma+1","floor":20},{"not_picked":["TheCursedMod:Wield+1","TheCursedMod:CursedStaff"],"picked":"TheCursedMod:Stigma","floor":21},{"not_picked":["TheCursedMod:Obscuration+1","TheCursedMod:CircleOfWindfury"],"picked":"TheCursedMod:CircleOfFlame","floor":24},{"not_picked":["TheCursedMod:Stretching+1","TheCursedMod:SurpriseAttack"],"picked":"TheCursedMod:DemonSword","floor":27},{"not_picked":["TheCursedMod:Torture","TheCursedMod:CircleOfFlame"],"picked":"TheCursedMod:CircleOfBlood","floor":28},{"not_picked":["TheCursedMod:TacticalStrike","TheCursedMod:CursedStaff"],"picked":"TheCursedMod:Torture+1","floor":29},{"not_picked":["TheCursedMod:Wield","TheCursedMod:CursedBoomerang"],"picked":"TheCursedMod:BloodBarrier","floor":29},{"not_picked":["TheCursedMod:CursedArmor","TheCursedMod:Hemoplague"],"picked":"TheCursedMod:FleshFromBone+1","floor":31}],"player_experience":256623,"relics_obtained":[{"floor":6,"key":"Art of War"},{"floor":9,"key":"Matryoshka"},{"floor":14,"key":"Toy Ornithopter"},{"floor":17,"key":"Eternal Feather"},{"floor":17,"key":"Nunchaku"},{"floor":17,"key":"Replay:Arrowhead"},{"floor":21,"key":"Red Mask"},{"floor":24,"key":"Girya"},{"floor":26,"key":"Centennial Puzzle"},{"floor":26,"key":"construct:BoolHorns"},{"floor":27,"key":"Runesmith:AutoHammer"},{"floor":29,"key":"Bronze Scales"},{"floor":29,"key":"ReplayTheSpireMod:TigerMarble"}],"event_choices":[{"damage_healed":0,"gold_gain":0,"player_choice":"Take Wound","damage_taken":0,"relics_obtained":["Golden Idol"],"max_hp_gain":0,"max_hp_loss":0,"event_name":"Golden Idol","floor":8,"gold_loss":0,"cards_obtained":["Injury"]},{"damage_healed":21,"gold_gain":0,"player_choice":"Healed","damage_taken":0,"max_hp_gain":0,"max_hp_loss":0,"event_name":"The Cleric","floor":10,"gold_loss":35},{"damage_healed":0,"gold_gain":0,"player_choice":"Fought Bandits","damage_taken":0,"max_hp_gain":0,"max_hp_loss":0,"event_name":"Masked Bandits","floor":21,"gold_loss":0},{"damage_healed":0,"gold_gain":0,"player_choice":"Stole Relic","damage_taken":0,"relics_obtained":["Shovel"],"max_hp_gain":0,"max_hp_loss":0,"event_name":"Addict","floor":22,"gold_loss":0,"cards_obtained":["Shame"]}],"is_beta":false,"boss_relics":[{"not_picked":["Velvet Choker","TheCursedMod:BlackMagicAdvanced"],"picked":"Calling Bell"}],"items_purged_floors":[],"is_endless":false,"potions_floor_spawned":[4,6,7,11,18,24,27,28],"killed_by":"Champ","ascension_level":0}}