{"host":"bczg3e1yq3rp3pkk","time":1611018920,"event":{"mods":["BaseMod","Hermit","Marisa（F雨　魔理沙）","Minty Spire (QoL Compilation)","Quick Restart","Replay The Spire","RumiaBox-露米娅的神秘盒子","Shop Mod","StSLib","The Construct","The Cursed","The Poker Player","The Runesmith","The Servant 0.9.4","[GremlinLeader]The Maniac","vexMod"],"gold_per_floor":[109,109,128,128,20,54,66,66,66,66,94,107,138,146,146,241,241,254,259,80,80,86,86,104,62,62,62,80,80,89,97,97,191,191,203,219,38,38,48,72,84,84,107,128,128,128,128,150,150,140],"floor_reached":51,"language":"ZHS","playtime":3064,"items_purged":["Looming Evil","maniac:Strike"],"score":777,"play_id":"be6f7520-fd0a-4f88-a28e-d2d758c81255","local_time":"20210119091520","is_ascension_mode":false,"campfire_choices":[{"data":"maniac:BladesInCloak","floor":8,"key":"SMITH"},{"data":"maniac:Deal+1","floor":15,"key":"SMITH"},{"data":"maniac:BladeArtist","floor":23,"key":"SMITH"},{"data":"maniac:Collecting","floor":27,"key":"SMITH"},{"data":"maniac:Deal+2","floor":29,"key":"SMITH"},{"data":"maniac:Deal+3","floor":32,"key":"SMITH"},{"floor":42,"key":"REST"},{"data":"maniac:BladesInCloak","floor":47,"key":"SMITH"},{"floor":49,"key":"REST"}],"circlet_count":0,"master_deck":["maniac:Strike","maniac:Strike","maniac:Strike","maniac:Defend","maniac:Defend","maniac:Defend","maniac:Defend+1","maniac:BurnBlood+1","maniac:AbyssShackle","maniac:BladesInCloak+1","maniac:Refine+1","maniac:BladesInCloak+1","maniac:BladesInCloak+1","maniac:ShadowContact+1","maniac:PanickyParry","maniac:UnseenTerror","maniac:BladeShoot","maniac:SeeingDetails+1","maniac:Intimidate+1","maniac:Deal+5","maniac:WardAndDefend+1","maniac:BladeArtist+1","maniac:Collecting+1","maniac:RallyToMe","maniac:Simulacrum+1","maniac:ShelteringEdge+1","maniac:BladeArtist+1","maniac:UniversalPerception","Parasite","maniac:BladeArtist+1","Writhe","maniac:BladesInCloak+1"],"relics":["maniac:EnchantedAnvil","maniac:BrokenHorn","NeowsBlessing","Ring of Hypnosis","vexMod:HeadHunter","Orichalcum","Divine Protection","Toxic Egg 2","MerchantsRug","Replay:Baseball","Blood Vial","ReplayTheSpireMod:Ninjato","Singing Bowl","Simple Rune","Replay:Kaleidoscope","Lizard Tail","vexMod:ScavengeHelm","vexMod:PaidLearning","GodSword3","Replay:Bottled Steam","SSSystem","Ancient Tea Set","SecretRecord","construct:FoamFinger"],"acts_visited":["Exordium","TheCity","TheBeyond"],"potions_floor_usage":[13,16,33,36,45,50,50],"damage_taken":[{"damage":0,"enemies":"2 Louse","floor":1,"turns":1},{"damage":0,"enemies":"Small Slimes","floor":3,"turns":2},{"damage":0,"enemies":"Gremlin Nob","floor":6,"turns":1},{"damage":5,"enemies":"Cultist","floor":7,"turns":4},{"damage":13,"enemies":"3 Sentries","floor":11,"turns":6},{"damage":7,"enemies":"Lots of Slimes","floor":12,"turns":4},{"damage":0,"enemies":"Gremlin Nob","floor":13,"turns":2},{"damage":0,"enemies":"2 Fungi Beasts","floor":14,"turns":3},{"damage":0,"enemies":"The Guardian","floor":16,"turns":7},{"damage":0,"enemies":"Chosen","floor":18,"turns":4},{"damage":3,"enemies":"Spheric Guardian","floor":19,"turns":4},{"damage":18,"enemies":"Centurion and Healer","floor":22,"turns":6},{"damage":1,"enemies":"Replay:Snechameleon","floor":24,"turns":4},{"damage":0,"enemies":"3 Cultists","floor":28,"turns":4},{"damage":37,"enemies":"Snake Plant","floor":30,"turns":9},{"damage":5,"enemies":"Shelled Parasite and Fungi","floor":31,"turns":5},{"damage":44,"enemies":"Collector","floor":33,"turns":7},{"damage":0,"enemies":"Orb Walker","floor":35,"turns":3},{"damage":12,"enemies":"3 Darklings","floor":36,"turns":4},{"damage":9,"enemies":"Writhing Mass","floor":39,"turns":6},{"damage":36,"enemies":"Nemesis","floor":40,"turns":8},{"damage":59,"enemies":"Sphere and 2 Shapes","floor":41,"turns":6},{"damage":9,"enemies":"R_Hoarder","floor":44,"turns":7},{"damage":0,"enemies":"4 Shapes","floor":45,"turns":1},{"damage":32,"enemies":"Nemesis","floor":48,"turns":5},{"damage":28,"enemies":"Replay:Hell Engine","floor":50,"turns":6}],"seed_played":"-9186588882046570728","potions_obtained":[{"floor":11,"key":"Adrenaline Potion"},{"floor":12,"key":"SmokeBomb"},{"floor":14,"key":"BlessingOfTheForge"},{"floor":16,"key":"Ancient Potion"},{"floor":22,"key":"construct:ShiftPotion"},{"floor":30,"key":"Strength Potion"},{"floor":35,"key":"Weak Potion"},{"floor":39,"key":"SmokeBomb"},{"floor":40,"key":"Toxic Potion"}],"is_trial":false,"path_per_floor":["M","?","M","?","$","E","M","R","T","?","E","M","E","M","R","B",null,"M","M","$","?","M","R","E","$","T","R","M","R","M","M","R","B",null,"M","M","$","?","M","E","M","R","T","E","M","?","R","E","R","B",null],"character_chosen":"THE_MANIAC","items_purchased":["maniac:BladesInCloak","maniac:BladeArtist","MerchantsRug","Blood Vial","maniac:BladeArtist","vexMod:PaidLearning"],"campfire_rested":2,"item_purchase_floors":[5,20,20,25,37,37],"current_hp_per_floor":[80,80,80,55,55,55,50,50,50,50,37,30,30,30,30,30,110,110,107,107,96,78,78,77,77,77,77,79,79,46,45,45,3,114,114,104,104,104,97,67,12,48,48,49,51,83,83,55,93,67],"gold":140,"neow_bonus":"THREE_ENEMY_KILL","is_daily":false,"chose_seed":false,"campfire_upgraded":7,"win_rate":0.0,"timestamp":1611018920,"path_taken":["M","?","M","?","$","E","M","R","T","?","E","M","E","?","R","BOSS","M","?","$","?","M","R","E","$","T","R","M","R","M","?","R","BOSS","M","M","$","?","?","E","M","R","T","E","?","?","R","E","R","BOSS"],"items_purchased_type":["Card","Card","Relic","Relic","Card","Relic"],"build_version":"2020-12-22","purchased_purges":2,"victory":true,"max_hp_per_floor":[80,80,80,80,80,80,80,80,80,80,80,80,80,80,80,80,110,110,110,110,110,110,110,110,110,110,110,110,110,112,114,114,114,114,114,116,116,116,116,120,122,122,122,126,126,126,126,128,128,128],"card_choices":[{"not_picked":["maniac:Whirlscythe","maniac:BladeShoot"],"picked":"maniac:BladesInCloak","floor":1},{"not_picked":["maniac:ColdHeart","maniac:Retrospect"],"picked":"maniac:Refine","floor":3},{"not_picked":["maniac:FanTheHammer","maniac:ForsakenHand"],"picked":"maniac:ShadowContact","floor":6},{"not_picked":["maniac:WardAndDefend","maniac:Trap"],"picked":"maniac:PanickyParry","floor":6},{"not_picked":["maniac:PanickyParry","maniac:UntravelledPath","maniac:DashForward"],"picked":"SKIP","floor":7},{"not_picked":["maniac:ShadowContact","maniac:TwistedEddies"],"picked":"maniac:UnseenTerror","floor":11},{"not_picked":["maniac:MeleeStrike","maniac:Confront"],"picked":"maniac:BladeShoot","floor":11},{"not_picked":["maniac:ReconstructWounds","maniac:ExpectedMoves"],"picked":"maniac:SeeingDetails","floor":12},{"not_picked":["maniac:ListenToNone+1","maniac:SpectralKnives"],"picked":"maniac:Intimidate+1","floor":13},{"not_picked":["maniac:ShadowContact","maniac:TimeForm"],"picked":"maniac:Deal+1","floor":13},{"not_picked":["maniac:Exterminator","maniac:DashForward","maniac:ReconstructWounds+1"],"picked":"SKIP","floor":14},{"not_picked":["maniac:Lacerate","maniac:Retrospect+1","maniac:ListenToNone+1"],"picked":"SKIP","floor":18},{"not_picked":["maniac:Refine+1","maniac:BladesInCloak+1"],"picked":"maniac:WardAndDefend+1","floor":19},{"not_picked":["maniac:WardAndDefend+1","maniac:ShiftingShadows+1","maniac:UndyingDesire+1"],"picked":"SKIP","floor":22},{"not_picked":["maniac:Deal","maniac:ForsakenHand"],"picked":"maniac:Collecting","floor":24},{"not_picked":["maniac:SpectralFlash","maniac:HammerStrike","maniac:TorturousScreams"],"picked":"SKIP","floor":24},{"not_picked":["maniac:Refine+1","maniac:BladeShoot"],"picked":"maniac:RallyToMe","floor":28},{"not_picked":["maniac:UndyingDesire+1","maniac:SeeingDetails+1","maniac:Exterminator+1"],"picked":"Singing Bowl","floor":30},{"not_picked":["maniac:MeleeStrike","maniac:LootBarrage+1","maniac:BladeShoot"],"picked":"Singing Bowl","floor":31},{"not_picked":["maniac:UnseenTerror+1","maniac:StormOfTime"],"picked":"maniac:Simulacrum+1","floor":33},{"not_picked":["maniac:MeleeStrike","maniac:DashForward"],"picked":"maniac:ShelteringEdge+1","floor":35},{"not_picked":["maniac:DashForward","maniac:Traceback+1","maniac:ExceedEnchantment+1"],"picked":"Singing Bowl","floor":36},{"not_picked":["maniac:Intimidate+1","maniac:DashForward"],"picked":"maniac:BladeArtist+1","floor":39},{"not_picked":["maniac:HammerDown","maniac:TimeForm","maniac:ExceedEnchantment"],"picked":"Singing Bowl","floor":40},{"not_picked":["maniac:Confront","maniac:Recollect","maniac:WardAndDefend+1"],"picked":"Singing Bowl","floor":40},{"not_picked":["maniac:PerceiveDanger+1","maniac:SpectralFlash","maniac:BladeArtist"],"picked":"Singing Bowl","floor":41},{"not_picked":["maniac:HammerDown","maniac:TimeForm","maniac:UnseenTerror"],"picked":"Singing Bowl","floor":44},{"not_picked":["maniac:MortalSteel","maniac:WardAndDefend+1","maniac:EndOfTheRoad"],"picked":"Singing Bowl","floor":44},{"not_picked":["maniac:TimeForm","maniac:FanTheHammer","maniac:Deal"],"picked":"Singing Bowl","floor":48},{"not_picked":["maniac:SeeingDetails+1","maniac:MeleeStrike+1"],"picked":"maniac:BladesInCloak+1","floor":48}],"player_experience":369760,"relics_obtained":[{"floor":2,"key":"Ring of Hypnosis"},{"floor":6,"key":"Orichalcum"},{"floor":9,"key":"PlanX"},{"floor":11,"key":"Divine Protection"},{"floor":13,"key":"Toxic Egg 2"},{"floor":24,"key":"Replay:Baseball"},{"floor":26,"key":"ReplayTheSpireMod:Ninjato"},{"floor":40,"key":"Replay:Bottled Steam"},{"floor":43,"key":"SSSystem"},{"floor":44,"key":"Ancient Tea Set"},{"floor":48,"key":"construct:FoamFinger"}],"event_choices":[{"damage_healed":0,"gold_gain":0,"player_choice":"Success","damage_taken":25,"relics_obtained":["vexMod:HeadHunter"],"max_hp_gain":0,"max_hp_loss":0,"event_name":"Scrap Ooze","floor":4,"gold_loss":0},{"damage_healed":0,"gold_gain":0,"player_choice":"Forge","damage_taken":0,"max_hp_gain":0,"max_hp_loss":0,"event_name":"Accursed Blacksmith","floor":10,"gold_loss":0,"cards_upgraded":["maniac:BladesInCloak"]},{"damage_healed":0,"gold_gain":0,"player_choice":"Damaged","damage_taken":11,"max_hp_gain":0,"max_hp_loss":0,"event_name":"Wheel of Change","floor":21,"gold_loss":0},{"damage_healed":0,"gold_gain":0,"cards_transformed":["maniac:Strike"],"player_choice":"Transformed","damage_taken":0,"max_hp_gain":0,"max_hp_loss":0,"event_name":"Transmorgrifier","floor":38,"gold_loss":0,"cards_obtained":["maniac:UniversalPerception"]},{"damage_healed":32,"gold_gain":0,"player_choice":"Writhe","damage_taken":0,"max_hp_gain":0,"max_hp_loss":0,"event_name":"Winding Halls","floor":46,"gold_loss":0,"cards_obtained":["Writhe"]}],"is_beta":false,"boss_relics":[{"not_picked":["Snecko Eye","vexMod:NewClearReactor"],"picked":"vexMod:BigBerry"},{"not_picked":["vexMod:RockOfEvil","SacredBark"],"picked":"maniac:EnchantedAnvil"}],"items_purged_floors":[5,25],"is_endless":false,"potions_floor_spawned":[11,12,14,16,22,30,35,39,40,45],"ascension_level":0}}