{"host":"h4lp0eeso8a0ssq0","time":1611022167,"event":{"mods":["2.2 Compatiblity","AchievementEnabler","BaseMod","CapriCore","Colored Map","Minty Spire (QoL Compilation)","Replay The Spire","StSLib","SuperFastMode"],"gold_per_floor":[115,190,16,16,16,47,47,58,111,122,134,149,159,174,174,277,277,287,202,222,88,288,288,288],"floor_reached":23,"language":"KOR","playtime":572,"items_purged":["Strike_P","Defend_P"],"score":218,"play_id":"ba063d36-9011-4fc1-858c-8d0a857ed0e3","local_time":"20210119110927","is_ascension_mode":false,"campfire_choices":[{"data":"Eruption","floor":7.0,"key":"SMITH"},{"data":"Collect","floor":15.0,"key":"SMITH"}],"circlet_count":0,"master_deck":["Strike_P+1","Strike_P+1","Strike_P","Defend_P","Defend_P","Defend_P","Eruption+1","Vigilance","Collect+1","Prostrate","BattleHymn+1","Study+1","FearNoEvil","DeusExMachina","Collect"],"relics":["PureWater","NeowsBlessing","Matryoshka","Frozen Egg 2","Whetstone","Replay:Wax Seal","Sozu","Girya"],"acts_visited":["Exordium","TheCity"],"potions_floor_usage":[],"damage_taken":[{"damage":0.0,"enemies":"Jaw Worm","floor":1.0,"turns":1.0},{"damage":0.0,"enemies":"Gremlin Nob","floor":6.0,"turns":1.0},{"damage":0.0,"enemies":"Cultist","floor":8.0,"turns":1.0},{"damage":1.0,"enemies":"Small Slimes","floor":10.0,"turns":3.0},{"damage":0.0,"enemies":"2 Fungi Beasts","floor":11.0,"turns":4.0},{"damage":0.0,"enemies":"Gremlin Gang","floor":12.0,"turns":4.0},{"damage":14.0,"enemies":"3 Louse","floor":13.0,"turns":3.0},{"damage":11.0,"enemies":"Exordium Wildlife","floor":14.0,"turns":3.0},{"damage":26.0,"enemies":"Hexaghost","floor":16.0,"turns":8.0},{"damage":11.0,"enemies":"3 Byrds","floor":18.0,"turns":6.0},{"damage":5.0,"enemies":"Spheric Guardian","floor":20.0,"turns":3.0},{"damage":33,"enemies":"Gremlin Leader","floor":23,"turns":3}],"seed_played":"48079069099585140","potions_obtained":[{"floor":6.0,"key":"BlessingOfTheForge"},{"floor":8.0,"key":"Dexterity Potion"},{"floor":12.0,"key":"LifebloodPotion"}],"is_trial":false,"path_per_floor":["M","?","$","T","$","E","R","M","T","M","M","M","M","M","R","B",null,"M","?","M","$","?","E"],"character_chosen":"WATCHER","items_purchased":["FairyPotion","Collect"],"campfire_rested":0,"item_purchase_floors":[3,21],"current_hp_per_floor":[72,65,65,65,65,65,65,65,65,64,64,64,50,39,39,13,72,61,61,56,56,56,23,23],"gold":288,"neow_bonus":"THREE_ENEMY_KILL","is_daily":false,"chose_seed":false,"campfire_upgraded":2,"win_rate":0.0,"timestamp":1611022167,"path_taken":["M","?","$","?","?","E","R","M","T","M","M","M","?","M","R","BOSS","M","?","M","$","?","E"],"items_purchased_type":["Potion","Card"],"build_version":"2020-12-22","purchased_purges":2,"victory":false,"max_hp_per_floor":[72,72,72,72,72,72,72,72,72,72,72,72,72,72,72,72,72,72,72,72,72,72,72,72],"card_choices":[{"not_picked":["FollowUp","Replay:AtTheReady","Crescendo"],"picked":"SKIP","floor":1.0},{"not_picked":["ClearTheMind","Evaluate"],"picked":"Collect","floor":6.0},{"not_picked":["Replay:BluntJabs","Swivel"],"picked":"Prostrate","floor":8.0},{"not_picked":["Evaluate","JustLucky","Replay:DivineShield"],"picked":"SKIP","floor":10.0},{"not_picked":["Evaluate","JustLucky","Replay:DivineShield"],"picked":"SKIP","floor":10.0},{"not_picked":["JustLucky","Prostrate"],"picked":"BattleHymn+1","floor":11.0},{"not_picked":["Replay:Vibes","BattleHymn+1"],"picked":"Study+1","floor":12.0},{"not_picked":["ThirdEye","Vengeance"],"picked":"FearNoEvil","floor":13.0},{"not_picked":["PathToVictory","FollowUp","Indignation"],"picked":"SKIP","floor":14.0},{"not_picked":["Devotion+1","Replay:AllIn"],"picked":"DeusExMachina","floor":16.0},{"not_picked":["BowlingBash+1","Crescendo+1","EmptyBody"],"picked":"SKIP","floor":18.0},{"not_picked":["Replay:ManipulateFuture","ForeignInfluence+1","FlurryOfBlows"],"picked":"SKIP","floor":20.0}],"player_experience":176101,"relics_obtained":[{"floor":4.0,"key":"Matryoshka"},{"floor":6.0,"key":"Frozen Egg 2"},{"floor":9.0,"key":"Whetstone"},{"floor":9.0,"key":"Replay:Wax Seal"}],"event_choices":[{"damage_healed":0.0,"max_hp_gain":0.0,"max_hp_loss":0.0,"gold_gain":75.0,"event_name":"FaceTrader","player_choice":"Touch","floor":2.0,"gold_loss":0.0,"damage_taken":7.0},{"damage_healed":0.0,"max_hp_gain":0.0,"max_hp_loss":0.0,"gold_gain":0.0,"event_name":"Addict","player_choice":"Obtained Relic","floor":19.0,"gold_loss":85.0,"damage_taken":0.0,"relics_obtained":["Girya"]},{"damage_healed":0,"gold_gain":250,"player_choice":"Bet on Owner","damage_taken":0,"max_hp_gain":0,"max_hp_loss":0,"event_name":"The Joust","floor":22,"gold_loss":50}],"is_beta":false,"boss_relics":[{"not_picked":["ChewingGum","Honey Jar"],"picked":"Sozu"}],"items_purged_floors":[3,21],"is_endless":false,"potions_floor_spawned":[6,8,12,14],"killed_by":"Gremlin Leader","ascension_level":0}}