{"host":"61xbmbtf5zrn7rzc","time":1611036292,"event":{"mods":["BaseMod","Challenge The Spire","Hubris","Infinite Spire","Minty Spire (QoL Compilation)","Replay The Spire","StSLib","SuperFastMode"],"gold_per_floor":[115,127,127,147,158,158,158,158,158,207,132,161,161,174,174,276,276,295,245,255,255,267,267,267,312,312],"floor_reached":25,"language":"ENG","playtime":1044,"items_purged":["Strike_R","Fiend Fire"],"score":253,"play_id":"fc4312fe-c536-4eb2-bf61-0473248ec999","local_time":"20210119010452","is_ascension_mode":true,"campfire_choices":[{"data":"Body Slam","floor":6,"key":"SMITH"},{"data":"Bash","floor":8,"key":"SMITH"},{"floor":15,"key":"DIG"},{"data":"J.A.X.","floor":23,"key":"SMITH"}],"circlet_count":0,"master_deck":["Strike_R","Strike_R","Defend_R","Defend_R","Defend_R","Defend_R","Bash+1","Body Slam+1","Cleave","infinitespire:OneForAll","Thunderclap","Headbutt+1","True Grit+1","J.A.X.+1"],"relics":["Burning Blood","Ring of Misfortune","ReplayTheSpireMod:Ring of Challenge","Turnip","Quantum Egg","Smiling Mask","infinitespire:Beetle Shell","ChewingGum","hubris:BottledHeart"],"acts_visited":["Exordium","TheCity"],"potions_floor_usage":[10,16],"damage_taken":[{"damage":14,"enemies":"Small Slimes","floor":1,"turns":5},{"damage":9,"enemies":"Jaw Worm","floor":2,"turns":4},{"damage":1,"enemies":"Cultist","floor":4,"turns":3},{"damage":8,"enemies":"Large Slime","floor":5,"turns":5},{"damage":29,"enemies":"3 Sentries","floor":10,"turns":9},{"damage":37,"enemies":"Gremlin Nob","floor":12,"turns":5},{"damage":15,"enemies":"Exordium Wildlife","floor":14,"turns":4},{"damage":31,"enemies":"Fading Forest","floor":16,"turns":11},{"damage":7,"enemies":"Chosen","floor":18,"turns":4},{"damage":17,"enemies":"3 Byrds","floor":20,"turns":5},{"damage":39,"enemies":"Centurion and Healer","floor":22,"turns":8},{"damage":5,"enemies":"Book of Stabbing","floor":25,"turns":4}],"seed_played":"-3949765999768369536","potions_obtained":[{"floor":2,"key":"LiquidBronze"},{"floor":10,"key":"FairyPotion"},{"floor":14,"key":"Languid Potion"},{"floor":20,"key":"Weak Potion"}],"is_trial":false,"path_per_floor":["M","M","?","M","M","R","?","R","T","E","$","E","?","M","R","B",null,"M","$","M","?","M","R","?","E"],"character_chosen":"IRONCLAD","items_purchased":[],"campfire_rested":0,"item_purchase_floors":[],"current_hp_per_floor":[72,69,69,74,72,72,77,77,77,54,54,23,23,14,14,37,85,84,84,73,73,40,40,1,0,0],"gold":312,"neow_bonus":"RANDOM_EVENT","is_daily":false,"chose_seed":false,"campfire_upgraded":3,"win_rate":0.0,"timestamp":1611036292,"path_taken":["M","M","?","M","M","R","?","R","T","E","?","E","?","?","R","BOSS","M","$","M","?","M","R","?","E"],"items_purchased_type":[],"build_version":"2020-12-22","purchased_purges":2,"victory":false,"max_hp_per_floor":[80,80,80,80,80,80,85,85,85,85,85,85,85,85,85,85,85,85,85,85,85,85,85,1,1,1],"card_choices":[{"not_picked":["Iron Wave","Havoc"],"picked":"Body Slam","floor":1},{"not_picked":["Clash","hubris:ReadiedAction"],"picked":"Cleave","floor":2},{"not_picked":["Headbutt","ReplayReversal","Burning Pact"],"picked":"SKIP","floor":4},{"not_picked":["Havoc","ReplayTheSpireMod:Corrosion Curse","Sword Boomerang"],"picked":"SKIP","floor":5},{"not_picked":["Seeing Red","Dark Embrace"],"picked":"infinitespire:OneForAll","floor":10},{"not_picked":["Body Slam","Replay:Undeath\u0027s Touch"],"picked":"Thunderclap","floor":12},{"not_picked":["Feel No Pain","Body Slam","Pommel Strike"],"picked":"SKIP","floor":14},{"not_picked":["Bludgeon","Juggernaut"],"picked":"Fiend Fire","floor":16},{"not_picked":["Havoc","ReplayTheSpireMod:Strike From Hell"],"picked":"True Grit+1","floor":18},{"not_picked":["Warcry","hubris:ReadiedAction","Headbutt"],"picked":"SKIP","floor":20},{"not_picked":["True Grit+1","Body Slam","ReplayTheSpireMod:LeadingStrike"],"picked":"SKIP","floor":22}],"player_experience":134041,"relics_obtained":[{"floor":3,"key":"Ring of Misfortune"},{"floor":3,"key":"ReplayTheSpireMod:Ring of Challenge"},{"floor":9,"key":"Turnip"},{"floor":10,"key":"Quantum Egg"},{"floor":12,"key":"Smiling Mask"},{"floor":15,"key":"infinitespire:Beetle Shell"}],"event_choices":[{"cards_removed":["Strike_R"],"damage_healed":0,"gold_gain":0,"player_choice":"Forget","damage_taken":0,"max_hp_gain":0,"max_hp_loss":0,"event_name":"Living Wall","floor":0,"gold_loss":0},{"damage_healed":0,"gold_gain":0,"player_choice":"Donut","damage_taken":0,"max_hp_gain":5,"max_hp_loss":0,"event_name":"Big Fish","floor":7,"gold_loss":0},{"damage_healed":0,"gold_gain":0,"player_choice":"Obtain J.A.X.","damage_taken":0,"max_hp_gain":0,"max_hp_loss":0,"event_name":"Drug Dealer","floor":21,"gold_loss":0,"cards_obtained":["J.A.X."]}],"is_beta":false,"boss_relics":[{"not_picked":["Velvet Choker","Painkiller Herb"],"picked":"ChewingGum"}],"items_purged_floors":[11,19],"is_endless":false,"potions_floor_spawned":[2,10,14,20],"killed_by":"Book of Stabbing","ascension_level":4}}