{"host":"y7sd46uq4xlni546","time":1611081171,"event":{"mods":["AchievementEnabler","BaseMod","Colored Map","Colored Powertips","Curses Come First","Filter the Spire","Minty Spire (QoL Compilation)","Quick Restart","Random Character Button","Rare Cards Sparkle","StSLib"],"gold_per_floor":[113,127,202,377,377,377,327,358,382,382,394,410,420,420,420,518,518,538,548,558,472,472,472,472,491,491,491,187,268,268,288,288,387,437,452,471,245,295,295,295,327,327,407,427,235,247,247,261,261,261],"floor_reached":51,"language":"ENG","playtime":3081,"items_purged":[],"score":750,"play_id":"1d155978-8a28-41bb-bca5-5bd793a20780","local_time":"20210119193251","is_ascension_mode":false,"campfire_choices":[{"data":"Deflect","floor":6.0,"key":"SMITH"},{"floor":10.0,"key":"REST"},{"data":"Doppelganger","floor":15.0,"key":"SMITH"},{"floor":23.0,"key":"REST"},{"data":"Venomology","floor":30.0,"key":"SMITH"},{"data":"Mind Blast","floor":32.0,"key":"SMITH"},{"data":"Night Terror","floor":40,"key":"SMITH"},{"floor":42,"key":"REST"},{"data":"Dash","floor":49,"key":"SMITH"}],"circlet_count":0,"master_deck":["Strike_G","Strike_G","Strike_G+1","Defend_G","Defend_G","Defend_G","Defend_G","Survivor","Neutralize","Backstab+1","Flying Knee+1","Catalyst+1","Crippling Poison+1","Deflect+1","Accuracy","All Out Attack","Backstab","Doppelganger+1","Venomology+1","Underhanded Strike+1","Mind Blast+1","Doppelganger+1","Acrobatics+1","Dash+1","Quick Slash","Night Terror+1","Dagger Throw","Madness","Madness","Blade Dance+1","Heel Hook+1","Noxious Fumes+1","Accuracy","Reflex+1"],"relics":["Astrolabe","Du-Vu Doll","Potion Belt","Gremlin Horn","Busted Crown","Enchiridion","Mango","Membership Card","Ice Cream","Pear","Tiny House","Anchor","OrangePellets","Juzu Bracelet","TungstenRod","Oddly Smooth Stone","Bottled Lightning","InkBottle","Orrery"],"acts_visited":["Exordium","TheCity","TheBeyond"],"potions_floor_usage":[33,33,33,33,33,36,38,41,41,41,46,46,50,50,50,50,50,50],"damage_taken":[{"damage":0.0,"enemies":"Cultist","floor":1.0,"turns":3.0},{"damage":0.0,"enemies":"2 Louse","floor":2.0,"turns":2.0},{"damage":17.0,"enemies":"3 Sentries","floor":8.0,"turns":12.0},{"damage":1.0,"enemies":"Small Slimes","floor":11.0,"turns":3.0},{"damage":0.0,"enemies":"3 Louse","floor":12.0,"turns":2.0},{"damage":2.0,"enemies":"Exordium Thugs","floor":13.0,"turns":3.0},{"damage":51.0,"enemies":"Slime Boss","floor":16.0,"turns":14.0},{"damage":1.0,"enemies":"Chosen","floor":18.0,"turns":4.0},{"damage":3.0,"enemies":"Spheric Guardian","floor":19.0,"turns":3.0},{"damage":14.0,"enemies":"Shelled Parasite and Fungi","floor":20.0,"turns":6.0},{"damage":6.0,"enemies":"3 Cultists","floor":25.0,"turns":4.0},{"damage":3.0,"enemies":"Centurion and Healer","floor":31.0,"turns":4.0},{"damage":19,"enemies":"Automaton","floor":33,"turns":10},{"damage":2,"enemies":"3 Shapes","floor":35,"turns":4},{"damage":1,"enemies":"Orb Walker","floor":36,"turns":2},{"damage":12,"enemies":"Mind Bloom Boss Battle","floor":38,"turns":4},{"damage":21,"enemies":"Giant Head","floor":41,"turns":6},{"damage":3,"enemies":"4 Shapes","floor":44,"turns":4},{"damage":4,"enemies":"Writhing Mass","floor":46,"turns":6},{"damage":2,"enemies":"Sphere and 2 Shapes","floor":48,"turns":4},{"damage":49,"enemies":"Awakened One","floor":50,"turns":12}],"seed_played":"-7600406373780845662","potions_obtained":[{"floor":1.0,"key":"LiquidMemories"},{"floor":11.0,"key":"Poison Potion"},{"floor":12.0,"key":"GamblersBrew"},{"floor":31.0,"key":"Explosive Potion"},{"floor":33,"key":"Regen Potion"},{"floor":34,"key":"PowerPotion"},{"floor":35,"key":"Swift Potion"},{"floor":41,"key":"GhostInAJar"},{"floor":47,"key":"AttackPotion"},{"floor":47,"key":"PowerPotion"},{"floor":48,"key":"LiquidBronze"}],"is_trial":false,"path_per_floor":["M","M","?","?","?","R","?","E","T","R","M","M","M","T","R","B",null,"M","M","M","$","?","R","?","M","T","?","$","T","R","M","R","B",null,"M","M","$","?","?","R","E","R","T","M","$","M","?","M","R","B",null],"character_chosen":"THE_SILENT","items_purchased":["Mind Blast","Membership Card","Ice Cream","Quick Slash","Anchor","OrangePellets","Juzu Bracelet","InkBottle","Orrery"],"campfire_rested":3,"item_purchase_floors":[21,28,28,28,37,37,37,45,45],"current_hp_per_floor":[70,70,59,59,59,59,59,42,42,63,62,62,60,60,60,9,70,69,66,52,52,36,57,57,51,65,65,65,75,75,72,72,53,99,97,96,96,91,80,80,59,88,88,85,85,81,81,79,79,30],"gold":261,"neow_bonus":"BOSS_RELIC","is_daily":false,"chose_seed":false,"campfire_upgraded":6,"win_rate":0.0,"timestamp":1611081171,"path_taken":["M","M","?","?","?","R","?","E","T","R","M","M","?","?","R","BOSS","M","M","?","$","?","R","?","?","T","?","$","?","R","?","R","BOSS","M","M","$","?","?","R","E","R","T","M","$","M","?","M","R","BOSS"],"items_purchased_type":["Card","Relic","Relic","Card","Relic","Relic","Relic","Relic","Relic"],"build_version":"2020-12-22","purchased_purges":0,"victory":true,"max_hp_per_floor":[70,70,70,70,70,70,70,70,70,70,70,70,70,70,70,70,70,70,70,70,70,70,70,70,70,84,84,84,94,94,94,94,94,99,99,99,99,99,99,99,99,99,99,99,99,99,99,99,99,99],"card_choices":[{"not_picked":["Well Laid Plans","Deflect"],"picked":"Crippling Poison","floor":1.0},{"not_picked":["Flying Knee","Endless Agony"],"picked":"Deflect","floor":2.0},{"not_picked":["Terror","Blur"],"picked":"Accuracy","floor":8.0},{"not_picked":["Outmaneuver","Flying Knee"],"picked":"All Out Attack","floor":11.0},{"not_picked":["Caltrops","Outmaneuver"],"picked":"Backstab","floor":12.0},{"not_picked":["Acrobatics","Choke"],"picked":"Doppelganger","floor":13.0},{"not_picked":["Corpse Explosion","Burst"],"picked":"Venomology","floor":16.0},{"not_picked":["Underhanded Strike"],"picked":"SKIP","floor":18.0},{"not_picked":["Infinite Blades"],"picked":"SKIP","floor":19.0},{"not_picked":[],"picked":"Underhanded Strike+1","floor":20.0},{"not_picked":[],"picked":"Acrobatics+1","floor":25.0},{"not_picked":["Flying Knee"],"picked":"SKIP","floor":31.0},{"not_picked":[],"picked":"Night Terror","floor":33},{"not_picked":[],"picked":"Dagger Throw","floor":34},{"not_picked":["Prepared"],"picked":"SKIP","floor":35},{"not_picked":["Backflip"],"picked":"SKIP","floor":36},{"not_picked":[],"picked":"Blade Dance+1","floor":41},{"not_picked":[],"picked":"Heel Hook+1","floor":44},{"not_picked":[],"picked":"Noxious Fumes+1","floor":45},{"not_picked":[],"picked":"Accuracy","floor":45},{"not_picked":[],"picked":"Reflex+1","floor":45},{"not_picked":["Dagger Throw"],"picked":"SKIP","floor":46},{"not_picked":["Setup+1"],"picked":"SKIP","floor":48}],"player_experience":666743,"relics_obtained":[{"floor":8.0,"key":"Du-Vu Doll"},{"floor":9.0,"key":"Potion Belt"},{"floor":14.0,"key":"Gremlin Horn"},{"floor":22.0,"key":"Enchiridion"},{"floor":26.0,"key":"Mango"},{"floor":29.0,"key":"Pear"},{"floor":38,"key":"TungstenRod"},{"floor":41,"key":"Oddly Smooth Stone"},{"floor":43,"key":"Bottled Lightning"}],"event_choices":[{"damage_healed":0.0,"max_hp_gain":0.0,"max_hp_loss":0.0,"gold_gain":75.0,"event_name":"World of Goop","player_choice":"Gather Gold","floor":3.0,"gold_loss":0.0,"damage_taken":11.0},{"damage_healed":0.0,"max_hp_gain":0.0,"max_hp_loss":0.0,"gold_gain":175.0,"event_name":"Liars Game","player_choice":"AGREE","floor":4.0,"gold_loss":0.0,"damage_taken":0.0,"cards_obtained":["Doubt"]},{"damage_healed":0.0,"max_hp_gain":0.0,"max_hp_loss":0.0,"gold_gain":0.0,"event_name":"Living Wall","player_choice":"Grow","floor":5.0,"gold_loss":0.0,"damage_taken":0.0,"cards_upgraded":["Crippling Poison"]},{"cards_removed":["Doubt"],"damage_healed":0.0,"max_hp_gain":0.0,"max_hp_loss":0.0,"gold_gain":0.0,"event_name":"The Cleric","player_choice":"Card Removal","floor":7.0,"gold_loss":50.0,"damage_taken":0.0},{"damage_healed":0.0,"max_hp_gain":0.0,"max_hp_loss":0.0,"gold_gain":0.0,"event_name":"Cursed Tome","player_choice":"Obtained Book","floor":22.0,"gold_loss":0.0,"damage_taken":16.0},{"damage_healed":0.0,"max_hp_gain":0.0,"max_hp_loss":0.0,"gold_gain":0.0,"event_name":"Duplicator","player_choice":"Copied","floor":24.0,"gold_loss":0.0,"damage_taken":0.0,"cards_obtained":["Doppelganger"]},{"damage_healed":0.0,"max_hp_gain":0.0,"max_hp_loss":0.0,"gold_gain":0.0,"event_name":"The Library","player_choice":"Read","floor":27.0,"gold_loss":0.0,"damage_taken":0.0,"cards_obtained":["Dash"]},{"damage_healed":0,"gold_gain":0,"player_choice":"Fight","damage_taken":0,"max_hp_gain":0,"max_hp_loss":0,"event_name":"MindBloom","floor":38,"gold_loss":0},{"damage_healed":0,"gold_gain":0,"player_choice":"Embrace Madness","damage_taken":12,"max_hp_gain":0,"max_hp_loss":0,"event_name":"Winding Halls","floor":39,"gold_loss":0,"cards_obtained":["Madness","Madness"]},{"damage_healed":0,"gold_gain":0,"player_choice":"Got Potions","damage_taken":0,"max_hp_gain":0,"max_hp_loss":0,"event_name":"Lab","floor":47,"gold_loss":0}],"is_beta":false,"boss_relics":[{"not_picked":["HoveringKite","SacredBark"],"picked":"Busted Crown"},{"not_picked":["Philosopher\u0027s Stone","Cursed Key"],"picked":"Tiny House"}],"items_purged_floors":[],"is_endless":false,"potions_floor_spawned":[1,11,12,31,33,35,41,48],"ascension_level":0}}