{"host":"sdjng9zhqonqi3uc","time":1611082143,"event":{"mods":["2.2 Compatiblity","AchievementEnabler","BaseMod","Better Third Choice","BetterRewards","Colored Powertips","Downfall","Hero for Fun","Minty Spire (QoL Compilation)","Quick Restart","Shop Mod","Spicy Shops","StSLib","Td1madao Mod","The Animator","The Cursed","The Servant 0.9.4"],"gold_per_floor":[15,15,15,15,30,59,59,87,87,101,132,149,74,86,86,183,183,201,217,234,234,534,567,584,610,610,610,111,137,137,154,154,249,249,267,267,267,317,334,366,366,376,446,475,495,513,546,565,565,565],"floor_reached":51,"language":"ENG","playtime":367,"items_purged":["Defend_Y","Defend_Y","Defend_Y"],"score":2020,"play_id":"09edf0c9-bf37-4064-a47d-3db6238ef775","local_time":"20210119194903","is_ascension_mode":true,"campfire_choices":[{"data":"Strike_Y","floor":7,"key":"SMITH"},{"data":"Slap","floor":15,"key":"SMITH"},{"data":"Strike_Y","floor":27,"key":"SMITH"},{"data":"Strike_Y","floor":32,"key":"SMITH"},{"data":"Serious_Punch","floor":41,"key":"SMITH"},{"data":"1","floor":49,"key":"LIFT"}],"circlet_count":0,"master_deck":["Strike_Y+1","Strike_Y+1","Strike_Y","Strike_Y","Strike_Y+1","Slap+1","Serious_Punch+1"],"relics":["Cape","Calipers","Question Card","StrikeDummy","Nunchaku","Empty Cage","Tiny Chest","Old Coin","Regal Pillow","Bottled Flame","InkBottle","Shuriken","PreservedInsect","Kunai","Runic Pyramid","White Beast Statue","StoneCalendar","Oddly Smooth Stone","Blue Candle","Girya","Centennial Puzzle"],"acts_visited":["Exordium","TheCity","TheBeyond"],"potions_floor_usage":[],"damage_taken":[{"damage":0,"enemies":"Cultist","floor":1,"turns":1},{"damage":0,"enemies":"Jaw Worm","floor":2,"turns":1},{"damage":0,"enemies":"2 Louse","floor":5,"turns":1},{"damage":0,"enemies":"Gremlin Nob","floor":6,"turns":1},{"damage":0,"enemies":"3 Sentries","floor":8,"turns":2},{"damage":0,"enemies":"Lots of Slimes","floor":10,"turns":2},{"damage":0,"enemies":"Gremlin Nob","floor":11,"turns":1},{"damage":0,"enemies":"Gremlin Gang","floor":12,"turns":2},{"damage":0,"enemies":"Red Slaver","floor":14,"turns":1},{"damage":0,"enemies":"The Guardian","floor":16,"turns":1},{"damage":0,"enemies":"Shell Parasite","floor":18,"turns":1},{"damage":0,"enemies":"3 Byrds","floor":19,"turns":1},{"damage":0,"enemies":"Cultist and Chosen","floor":20,"turns":1},{"damage":0,"enemies":"Gremlin Leader","floor":23,"turns":1},{"damage":0,"enemies":"Sentry and Sphere","floor":24,"turns":1},{"damage":0,"enemies":"Slavers","floor":25,"turns":1},{"damage":0,"enemies":"Gremlin Leader","floor":29,"turns":1},{"damage":0,"enemies":"Centurion and Healer","floor":31,"turns":1},{"damage":0,"enemies":"Champ","floor":33,"turns":1},{"damage":0,"enemies":"3 Darklings","floor":35,"turns":1},{"damage":0,"enemies":"Mind Bloom Boss Battle","floor":38,"turns":1},{"damage":0,"enemies":"Orb Walker","floor":39,"turns":1},{"damage":0,"enemies":"Reptomancer","floor":40,"turns":1},{"damage":0,"enemies":"Maw","floor":42,"turns":1},{"damage":0,"enemies":"Nemesis","floor":44,"turns":1},{"damage":0,"enemies":"3 Darklings","floor":45,"turns":1},{"damage":0,"enemies":"4 Shapes","floor":46,"turns":1},{"damage":0,"enemies":"Reptomancer","floor":47,"turns":1},{"damage":0,"enemies":"Transient","floor":48,"turns":1},{"damage":0,"enemies":"Time Eater","floor":50,"turns":1}],"seed_played":"-3735170891215479232","potions_obtained":[{"floor":10,"key":"bronze:BurnAndBuffPotion"},{"floor":11,"key":"Dexterity Potion"},{"floor":14,"key":"EntropicBrew"}],"is_trial":false,"path_per_floor":["M","M","?","?","M","E","R","E","T","M","E","M","$","M","R","B",null,"M","M","M","T","?","E","M","E","T","R","$","E","$","M","R","B",null,"M","T","?","?","M","E","R","M","T","E","M","M","E","M","R","B",null],"character_chosen":"OPM","items_purchased":["Shuriken","PreservedInsect"],"campfire_rested":0,"item_purchase_floors":[28,28],"current_hp_per_floor":[899,899,899,899,899,899,899,899,899,899,899,899,899,899,899,899,974,974,974,974,974,974,974,974,974,974,974,974,974,974,974,974,974,993,993,993,949,949,949,949,949,949,949,949,949,949,949,949,949,949],"gold":565,"neow_bonus":"","is_daily":false,"chose_seed":false,"campfire_upgraded":5,"win_rate":0.0,"timestamp":1611082143,"path_taken":["M","?","?","?","M","E","R","E","T","?","E","M","$","?","R","BOSS","M","M","M","?","?","E","M","E","T","R","$","E","?","?","R","BOSS","M","?","?","?","M","E","R","M","T","E","M","M","E","M","R","BOSS"],"items_purchased_type":["Relic","Relic"],"build_version":"2020-12-22","purchased_purges":3,"victory":true,"max_hp_per_floor":[999,999,999,999,999,999,999,999,999,999,999,999,999,999,999,999,999,999,999,999,999,999,999,999,999,999,999,999,999,999,999,999,999,999,999,999,949,949,949,949,949,949,949,949,949,949,949,949,949,949],"card_choices":[{"not_picked":["Yawn","Ignore","Toss_Stone"],"picked":"SKIP","floor":1},{"not_picked":["Consecutive_Normal_Punch","Ignore","Yawn"],"picked":"SKIP","floor":2},{"not_picked":["Side_Hop","Slap","Do_Nothing"],"picked":"SKIP","floor":5},{"not_picked":["Hop","Ignore","Side_Hop"],"picked":"SKIP","floor":6},{"not_picked":["Side_Hop","Hop","Consecutive_Normal_Punch"],"picked":"SKIP","floor":8},{"not_picked":["Do_Nothing","Yawn","Hop"],"picked":"Slap","floor":10},{"not_picked":["Side_Hop","Toss_Stone","Do_Nothing","Normal_Punch"],"picked":"SKIP","floor":11},{"not_picked":["Slap","Consecutive_Normal_Punch","Yawn","Normal_Punch"],"picked":"SKIP","floor":12},{"not_picked":["Hop","Wear_Disguise","Toss_Stone","Slap"],"picked":"SKIP","floor":14},{"not_picked":["Normal_Punch","Toss_Stone","Do_Nothing","Yawn"],"picked":"SKIP","floor":18},{"not_picked":["Toss_Stone+1","Do_Nothing+1","Hop","Ignore"],"picked":"SKIP","floor":19},{"not_picked":["Ignore+1","Slap","Yawn","Hop+1"],"picked":"SKIP","floor":20},{"not_picked":["Consecutive_Normal_Punch","Do_Nothing","Hip_Strike","Ignore"],"picked":"SKIP","floor":23},{"not_picked":["Do_Nothing","Slap","Yawn","Wear_Disguise"],"picked":"SKIP","floor":24},{"not_picked":["Normal_Punch","Side_Hop+1","Ignore+1","Toss_Stone"],"picked":"SKIP","floor":25},{"not_picked":["Side_Hop+1","Normal_Punch+1","Ignore","Yawn"],"picked":"SKIP","floor":29},{"not_picked":["Do_Nothing","Wear_Disguise","Normal_Punch","Terrifying_Presence"],"picked":"SKIP","floor":31},{"not_picked":["Do_Nothing","Wear_Disguise","Normal_Punch","Terrifying_Presence"],"picked":"SKIP","floor":31},{"not_picked":["Hip_Strike","Terrifying_Presence","Get_Hopes_Up"],"picked":"Serious_Punch","floor":33},{"not_picked":["Slap","Consecutive_Normal_Punch+1","Do_Nothing","Wear_Disguise+1"],"picked":"SKIP","floor":35},{"not_picked":["Wear_Disguise","Ignore","Hop","Side_Hop"],"picked":"SKIP","floor":39},{"not_picked":["Normal_Punch","Ignore","Wear_Disguise+1","Side_Hop+1"],"picked":"SKIP","floor":40},{"not_picked":["Slap","Toss_Stone","Normal_Punch","Consecutive_Normal_Punch+1"],"picked":"SKIP","floor":42},{"not_picked":["Hip_Strike","Normal_Punch+1","Ignore+1","Wear_Disguise"],"picked":"SKIP","floor":44},{"not_picked":["Toss_Stone","Wear_Disguise+1","Yawn","Normal_Punch"],"picked":"SKIP","floor":45},{"not_picked":["Yawn+1","Side_Hop","Hop","Slap"],"picked":"SKIP","floor":46},{"not_picked":["Yawn+1","Toss_Stone","Side_Hop","Normal_Punch"],"picked":"SKIP","floor":47},{"not_picked":["Ignore+1","Yawn+1","Toss_Stone+1","Slap"],"picked":"SKIP","floor":48}],"player_experience":343575,"relics_obtained":[{"floor":6,"key":"Calipers"},{"floor":8,"key":"Question Card"},{"floor":9,"key":"StrikeDummy"},{"floor":11,"key":"Nunchaku"},{"floor":21,"key":"Tiny Chest"},{"floor":23,"key":"Regal Pillow"},{"floor":25,"key":"Bottled Flame"},{"floor":26,"key":"InkBottle"},{"floor":29,"key":"Kunai"},{"floor":36,"key":"White Beast Statue"},{"floor":38,"key":"StoneCalendar"},{"floor":40,"key":"Oddly Smooth Stone"},{"floor":43,"key":"Blue Candle"},{"floor":44,"key":"Girya"},{"floor":47,"key":"Centennial Puzzle"}],"event_choices":[{"damage_healed":899,"gold_gain":0,"player_choice":"Leave","damage_taken":0,"max_hp_gain":0,"max_hp_loss":999,"event_name":"betterThird:BetterShining","floor":3,"gold_loss":0},{"damage_healed":0,"gold_gain":0,"player_choice":"Ignored","damage_taken":0,"max_hp_gain":0,"max_hp_loss":0,"event_name":"Purifier","floor":4,"gold_loss":0},{"damage_healed":0,"gold_gain":0,"player_choice":"Opened","damage_taken":0,"relics_obtained":["Old Coin"],"max_hp_gain":0,"max_hp_loss":0,"event_name":"The Mausoleum","floor":22,"gold_loss":0},{"damage_healed":0,"gold_gain":0,"player_choice":"Max HP","damage_taken":0,"max_hp_gain":0,"max_hp_loss":50,"event_name":"Winding Halls","floor":37,"gold_loss":0},{"damage_healed":0,"gold_gain":0,"player_choice":"Fight","damage_taken":0,"max_hp_gain":0,"max_hp_loss":0,"event_name":"MindBloom","floor":38,"gold_loss":0}],"is_beta":false,"boss_relics":[{"not_picked":["Runic Dome","Cursed Key"],"picked":"Empty Cage"},{"not_picked":["Snecko Eye","SacredBark"],"picked":"Runic Pyramid"}],"items_purged_floors":[13,28,28],"is_endless":false,"potions_floor_spawned":[5,10,11,14,20,24,25,38,39,40,42,44,45,46,47,48],"ascension_level":6}}