{"host":"e6sgj53qqwx3piqv","time":1611074871,"event":{"mods":["AchievementEnabler","Aspiration","BaseMod","BetterRewards","Colored Powertips","Downfall","Hermit","Hubris","Infinite Spire","Minty Spire (QoL Compilation)","Quick Restart","Rare Cards Sparkle","Shop Mod","StSLib","The Cursed","The Disciple","The Jungle","The Runesmith"],"gold_per_floor":[109,109,180,180,192,218,236,236,236,60,75,90,165,184,184,281,281,300,317,317,407,420,420,420,432,486,486,486,486],"floor_reached":28,"language":"ENG","playtime":1078,"items_purged":[],"score":245,"play_id":"e7af147a-dadd-432d-a41e-141775b6add4","local_time":"20210119114751","is_ascension_mode":false,"campfire_choices":[{"data":"Heatsinks","floor":8.0,"key":"SMITH"},{"data":"Zap","floor":15.0,"key":"SMITH"},{"floor":23,"key":"REST"}],"circlet_count":0,"master_deck":["Strike_B","Strike_B","Strike_B","Strike_B","Defend_B","Defend_B","Defend_B","Defend_B","Zap+1","Dualcast","Scrape","Compile Driver","Heatsinks+1","Coolheaded","Redo","Lockon","Steam Power","Storm","Echo Form","Pommel Strike","Metallicize+1","Trip","Doom and Gloom","infinitespire:Punishment","infinitespire:FinalStrike","Double Energy+1"],"relics":["Cracked Core","NeowsBlessing","infinitespire:CheckeredPen","hubris:Towel","Question Card","hubris:RGBLights","aspiration:Nostalgia","hexamod:SpiritBrand","aspiration:IroncladSkillbook","hubris:Icosahedron","Gambling Chip","CeramicFish","MutagenicStrength"],"acts_visited":["Exordium","TheCity"],"potions_floor_usage":[22,28],"damage_taken":[{"damage":0.0,"enemies":"Cultist","floor":1.0,"turns":1.0},{"damage":0.0,"enemies":"Jaw Worm","floor":5.0,"turns":1.0},{"damage":0.0,"enemies":"Lagavulin","floor":6.0,"turns":1.0},{"damage":1.0,"enemies":"Small Slimes","floor":7.0,"turns":3.0},{"damage":4.0,"enemies":"Exordium Thugs","floor":11.0,"turns":5.0},{"damage":19.0,"enemies":"2 Fungi Beasts","floor":12.0,"turns":3.0},{"damage":24.0,"enemies":"Exordium Wildlife","floor":14.0,"turns":4.0},{"damage":13.0,"enemies":"Slime Boss","floor":16.0,"turns":11.0},{"damage":26.0,"enemies":"Shell Parasite","floor":18.0,"turns":4.0},{"damage":10.0,"enemies":"Chosen","floor":19.0,"turns":3.0},{"damage":32,"enemies":"Snake Plant","floor":22,"turns":4},{"damage":22,"enemies":"Centurion and Healer","floor":25,"turns":5},{"damage":17,"enemies":"Nightmare","floor":28,"turns":3}],"seed_played":"-6563862718288187422","potions_obtained":[{"floor":1.0,"key":"infinitespire:BlackPotion"},{"floor":5.0,"key":"EssenceOfSteel"},{"floor":12.0,"key":"BlessingOfTheForge"},{"floor":19.0,"key":"BlessingOfTheForge"}],"is_trial":false,"path_per_floor":["M","?","T","?","M","E","M","R","T","$","M","M","?","M","R","B",null,"M","M","?","?","M","R","AVR","M","T","?","NM"],"character_chosen":"DEFECT","items_purchased":["aspiration:Nostalgia","Redo"],"campfire_rested":1,"item_purchase_floors":[10,10],"current_hp_per_floor":[75,80,80,80,80,80,79,79,79,79,75,56,45,21,21,8,80,58,52,52,34,6,30,30,12,12,12,0,0],"gold":486,"neow_bonus":"THREE_ENEMY_KILL","is_daily":false,"chose_seed":false,"campfire_upgraded":2,"win_rate":0.0,"timestamp":1611074871,"path_taken":["M","?","?","?","M","E","M","R","T","$","M","?","?","M","R","BOSS","M","M","?","?","?","R","AVR","M","T","?","NM"],"items_purchased_type":["Relic","Card"],"build_version":"2020-12-22","purchased_purges":0,"victory":false,"max_hp_per_floor":[75,80,80,80,80,80,80,80,80,80,80,80,80,80,80,80,80,80,80,80,80,80,80,80,80,80,80,80,80],"card_choices":[{"not_picked":["Compile Driver","Gash"],"picked":"Scrape","floor":1.0},{"not_picked":["Skim","Beam Cell"],"picked":"Compile Driver","floor":5.0},{"not_picked":["BootSequence","Sweeping Beam"],"picked":"Heatsinks","floor":6.0},{"not_picked":["Turbo","Self Repair","Barrage"],"picked":"Coolheaded","floor":7.0},{"not_picked":["Coolheaded","Undo","Rebound"],"picked":"Lockon","floor":11.0},{"not_picked":["Hologram","Stack","Leap"],"picked":"Steam Power","floor":12.0},{"not_picked":["Chaos","hubris:PowerSurge","Melter"],"picked":"Storm","floor":14.0},{"not_picked":["Meteor Strike","Thunder Strike","All For One"],"picked":"Echo Form","floor":16.0},{"not_picked":["Stack","Sword Boomerang+1","Havoc","Hologram"],"picked":"Pommel Strike","floor":18.0},{"not_picked":["Uppercut","Twin Strike+1","Seeing Red","Rip and Tear"],"picked":"Metallicize+1","floor":19.0},{"not_picked":["Echo Form","Leap","Streamline+1","Intimidate"],"picked":"Doom and Gloom","floor":22},{"not_picked":["Flex","Shrug It Off","Wild Strike","True Grit"],"picked":"Double Energy+1","floor":25}],"player_experience":174071,"relics_obtained":[{"floor":3.0,"key":"infinitespire:CheckeredPen"},{"floor":6.0,"key":"Question Card"},{"floor":9.0,"key":"hubris:RGBLights"},{"floor":26,"key":"CeramicFish"}],"event_choices":[{"damage_healed":0.0,"max_hp_gain":5.0,"max_hp_loss":0.0,"gold_gain":0.0,"event_name":"Big Fish","player_choice":"Donut","floor":2.0,"gold_loss":0.0,"damage_taken":0.0},{"damage_healed":0.0,"max_hp_gain":0.0,"max_hp_loss":0.0,"gold_gain":75.0,"event_name":"World of Goop","player_choice":"Gather Gold","floor":13.0,"gold_loss":0.0,"damage_taken":11.0},{"damage_healed":0.0,"max_hp_gain":0.0,"max_hp_loss":0.0,"gold_gain":90.0,"event_name":"Knowing Skull","player_choice":"GOLD CARD ","floor":21.0,"potions_obtained":[],"gold_loss":0.0,"damage_taken":18.0,"cards_obtained":["Trip"]},{"damage_healed":0,"gold_gain":0,"player_choice":"Inject Mutagens","damage_taken":0,"relics_obtained":["MutagenicStrength"],"max_hp_gain":0,"max_hp_loss":0,"event_name":"Drug Dealer","floor":27,"gold_loss":0}],"is_beta":false,"boss_relics":[{"not_picked":["hubris:VirtuousBlindfold","bronze:MakeshiftBattery"],"picked":"aspiration:IroncladSkillbook"}],"items_purged_floors":[],"is_endless":false,"potions_floor_spawned":[1,5,12,19],"killed_by":"Nightmare","ascension_level":0}}