{"host":"dowi7cgbhepuzvpj","time":1611028665,"event":{"mods":["AchievementEnabler","BaseMod","Colored Map","Highlight Path","Keyboard Shortcuts","Minty Spire (QoL Compilation)","Permanent Neow","Quick Restart","StSLib","SuperFastMode"],"gold_per_floor":[111,111,186,186,22,22,37,37,60,81,102,127,154,180,180,261,261,285,302,45,45,45,45,64,104,131,174,174,183,14,51,51,132,132,155,168,191,26,35,35,61,61,143,167,192,22,31,31,31,31,31],"floor_reached":52,"language":"KOR","playtime":1443,"items_purged":["Strike_R","Strike_R"],"score":1870,"play_id":"806fb163-6eab-417b-af4c-6d91cdd977a5","local_time":"20210119125745","is_ascension_mode":true,"campfire_choices":[{"floor":6.0,"key":"REST"},{"data":"Twin Strike","floor":8.0,"key":"SMITH"},{"data":"Demon Form","floor":15.0,"key":"SMITH"},{"data":"Apotheosis","floor":23.0,"key":"SMITH"},{"data":"Limit Break","floor":32.0,"key":"SMITH"},{"data":"Flex","floor":40,"key":"SMITH"},{"data":"Berserk","floor":42,"key":"SMITH"},{"data":"Shockwave","floor":49,"key":"SMITH"}],"circlet_count":0,"master_deck":["AscendersBane","Strike_R","Strike_R","Strike_R","Defend_R","Defend_R","Defend_R","Defend_R+1","Bash+1","Twin Strike+1","Shrug It Off","Demon Form+1","Pommel Strike","Shrug It Off","Limit Break+1","Power Through","Apotheosis+1","Spot Weakness","Pummel","Pummel","Reaper","Heavy Blade","True Grit+1","Wild Strike+1","Flex+1","Heavy Blade","Limit Break+1","Shockwave+1","Ghostly Armor","Pummel","Doubt"],"relics":["Burning Blood","Gambling Chip","WingedGreaves","Oddly Smooth Stone","CeramicFish","Coffee Dripper","Boot","PreservedInsect","Bronze Scales","MutagenicStrength","Vajra","Red Mask","Sozu","HornCleat","Pantograph"],"acts_visited":["Exordium","TheCity","TheBeyond"],"potions_floor_usage":[50],"damage_taken":[{"damage":3.0,"enemies":"2 Louse","floor":1.0,"turns":3.0},{"damage":3.0,"enemies":"Jaw Worm","floor":7.0,"turns":5.0},{"damage":0.0,"enemies":"Cultist","floor":10.0,"turns":3.0},{"damage":0.0,"enemies":"Red Slaver","floor":11.0,"turns":5.0},{"damage":4.0,"enemies":"Looter","floor":12.0,"turns":3.0},{"damage":7.0,"enemies":"Large Slime","floor":13.0,"turns":5.0},{"damage":7.0,"enemies":"Blue Slaver","floor":14.0,"turns":3.0},{"damage":38.0,"enemies":"The Guardian","floor":16.0,"turns":10.0},{"damage":10.0,"enemies":"2 Thieves","floor":18.0,"turns":4.0},{"damage":14.0,"enemies":"Spheric Guardian","floor":19.0,"turns":4.0},{"damage":3.0,"enemies":"Snake Plant","floor":24.0,"turns":3.0},{"damage":29.0,"enemies":"Gremlin Leader","floor":25.0,"turns":6.0},{"damage":20.0,"enemies":"Slavers","floor":27.0,"turns":6.0},{"damage":11.0,"enemies":"Masked Bandits","floor":31.0,"turns":4.0},{"damage":51,"enemies":"Collector","floor":33,"turns":7},{"damage":48,"enemies":"3 Darklings","floor":35,"turns":3},{"damage":16,"enemies":"Orb Walker","floor":36,"turns":4},{"damage":18,"enemies":"Writhing Mass","floor":37,"turns":7},{"damage":24,"enemies":"Maw","floor":41,"turns":5},{"damage":5,"enemies":"4 Shapes","floor":44,"turns":7},{"damage":60,"enemies":"Reptomancer","floor":45,"turns":5},{"damage":63,"enemies":"Time Eater","floor":50,"turns":6},{"damage":61,"enemies":"Donu and Deca","floor":51,"turns":8}],"seed_played":"4836737752954135110","potions_obtained":[{"floor":11.0,"key":"Ancient Potion"},{"floor":12.0,"key":"Dexterity Potion"},{"floor":13.0,"key":"CultistPotion"},{"floor":16.0,"key":"FairyPotion"}],"is_trial":false,"path_per_floor":["M","?","?","T","$","R","M","R","T","M","M","M","M","M","R","B",null,"M","M","$","?","?","R","M","E","T","E","?","?","$","?","R","B",null,"M","M","M","$","?","R","M","R","T","M","E","$","?","?","R","B","B",null],"character_chosen":"IRONCLAD","items_purchased":["Oddly Smooth Stone","Apotheosis","Spot Weakness","Vajra","Flex","Heavy Blade","Pummel"],"campfire_rested":1,"item_purchase_floors":[5,20,20,30,38,38,46],"current_hp_per_floor":[53,30,19,19,19,41,44,44,44,50,56,58,57,56,56,24,62,58,50,50,29,80,80,80,57,57,43,43,43,43,47,47,58,75,33,34,22,22,22,22,80,80,80,80,26,26,80,80,80,23,19],"gold":31,"neow_bonus":"ONE_RARE_RELIC","is_daily":false,"chose_seed":false,"campfire_upgraded":7,"win_rate":0.0,"timestamp":1611028665,"path_taken":["M","?","?","?","$","R","M","R","T","M","M","?","M","M","R","BOSS","M","M","$","?","?","R","?","E","T","E","?","?","?","?","R","BOSS","M","M","M","$","?","R","M","R","T","?","E","$","?","?","R","BOSS","BOSS"],"items_purchased_type":["Relic","Card","Card","Relic","Card","Card","Card"],"build_version":"2020-12-22","purchased_purges":2,"victory":true,"max_hp_per_floor":[75,75,75,75,75,75,75,75,75,75,75,75,75,75,75,75,75,75,75,75,80,80,80,80,80,80,80,80,80,80,80,80,80,80,80,80,80,80,80,80,80,80,80,80,80,80,80,80,80,80,80],"card_choices":[{"not_picked":["Havoc","Clash","Intimidate"],"picked":"SKIP","floor":1.0},{"not_picked":["Intimidate","Dual Wield"],"picked":"Twin Strike","floor":7.0},{"not_picked":["Heavy Blade","Warcry"],"picked":"Shrug It Off","floor":10.0},{"not_picked":["Armaments","Warcry"],"picked":"Uppercut","floor":11.0},{"not_picked":["Havoc","Thunderclap"],"picked":"Demon Form","floor":12.0},{"not_picked":["Wild Strike","Dual Wield"],"picked":"Pommel Strike","floor":13.0},{"not_picked":["Headbutt","Burning Pact"],"picked":"Shrug It Off","floor":14.0},{"not_picked":["Impervious","Feed"],"picked":"Limit Break","floor":16.0},{"not_picked":["Warcry","Rupture"],"picked":"Power Through","floor":18.0},{"not_picked":["Anger","Thunderclap","Sever Soul"],"picked":"SKIP","floor":19.0},{"not_picked":["Cleave","Pommel Strike","Iron Wave"],"picked":"SKIP","floor":24.0},{"not_picked":["Armaments","Dual Wield"],"picked":"Pummel","floor":25.0},{"not_picked":["Wild Strike","Whirlwind"],"picked":"Pummel","floor":27.0},{"not_picked":["Rupture","Perfected Strike"],"picked":"Heavy Blade","floor":31.0},{"not_picked":["Juggernaut","Fiend Fire"],"picked":"Berserk","floor":33},{"not_picked":["Wild Strike","Warcry"],"picked":"True Grit+1","floor":35},{"not_picked":["Wild Strike","Sword Boomerang","Headbutt"],"picked":"SKIP","floor":36},{"not_picked":["Shrug It Off","Feel No Pain"],"picked":"Wild Strike+1","floor":37},{"not_picked":["Anger+1","Reckless Charge","Shockwave"],"picked":"SKIP","floor":41},{"not_picked":["Anger+1","Reckless Charge"],"picked":"Shockwave","floor":41},{"not_picked":["Twin Strike+1","Anger"],"picked":"Ghostly Armor","floor":44},{"not_picked":["Twin Strike","Searing Blow","Whirlwind"],"picked":"SKIP","floor":45}],"player_experience":823492,"relics_obtained":[{"floor":4.0,"key":"WingedGreaves"},{"floor":9.0,"key":"CeramicFish"},{"floor":25.0,"key":"Boot"},{"floor":26.0,"key":"PreservedInsect"},{"floor":27.0,"key":"Bronze Scales"},{"floor":31.0,"key":"Red Mask"},{"floor":43,"key":"HornCleat"},{"floor":45,"key":"Pantograph"}],"event_choices":[{"damage_healed":0.0,"max_hp_gain":0.0,"max_hp_loss":0.0,"gold_gain":0.0,"event_name":"Shining Light","player_choice":"Entered Light","floor":2.0,"gold_loss":0.0,"damage_taken":23.0,"cards_upgraded":["Bash","Defend_R"]},{"damage_healed":0.0,"max_hp_gain":0.0,"max_hp_loss":0.0,"gold_gain":75.0,"event_name":"World of Goop","player_choice":"Gather Gold","floor":3.0,"gold_loss":0.0,"damage_taken":11.0},{"damage_healed":0.0,"max_hp_gain":5.0,"max_hp_loss":0.0,"gold_gain":0.0,"event_name":"Forgotten Altar","player_choice":"Shed Blood","floor":21.0,"gold_loss":0.0,"damage_taken":26.0},{"cards_removed":["Uppercut"],"damage_healed":51.0,"max_hp_gain":0.0,"max_hp_loss":0.0,"gold_gain":0.0,"event_name":"Bonfire Elementals","player_choice":"Offered Uncommon","floor":22.0,"gold_loss":0.0,"damage_taken":0.0},{"damage_healed":0.0,"max_hp_gain":0.0,"max_hp_loss":0.0,"gold_gain":0.0,"event_name":"Drug Dealer","player_choice":"Inject Mutagens","floor":28.0,"gold_loss":0.0,"damage_taken":0.0,"relics_obtained":["MutagenicStrength"]},{"damage_healed":0.0,"max_hp_gain":0.0,"max_hp_loss":0.0,"gold_gain":0.0,"event_name":"The Library","player_choice":"Read","floor":29.0,"gold_loss":0.0,"damage_taken":0.0,"cards_obtained":["Reaper"]},{"damage_healed":0.0,"max_hp_gain":0.0,"max_hp_loss":0.0,"gold_gain":0.0,"event_name":"Masked Bandits","player_choice":"Fought Bandits","floor":31.0,"gold_loss":0.0,"damage_taken":0.0},{"damage_healed":0,"gold_gain":0,"player_choice":"Copied","damage_taken":0,"max_hp_gain":0,"max_hp_loss":0,"event_name":"Duplicator","floor":39,"gold_loss":0,"cards_obtained":["Limit Break"]},{"damage_healed":54,"gold_gain":0,"player_choice":"Heal","damage_taken":0,"max_hp_gain":0,"max_hp_loss":0,"event_name":"MindBloom","floor":47,"gold_loss":0,"cards_obtained":["Doubt"]},{"cards_removed":["Berserk"],"damage_healed":0,"gold_gain":0,"player_choice":"Removed Power","damage_taken":0,"max_hp_gain":0,"max_hp_loss":0,"event_name":"Falling","floor":48,"gold_loss":0}],"is_beta":false,"boss_relics":[{"not_picked":["Ectoplasm","SacredBark"],"picked":"Coffee Dripper"},{"not_picked":["Black Blood","Runic Dome"],"picked":"Sozu"}],"items_purged_floors":[38,46],"is_endless":false,"potions_floor_spawned":[11,12,13,14,16,18,19,27,37,41,45],"ascension_level":20}}