{"host":"0awa854l6bexpjrv","time":1611036134,"event":{"mods":["BaseMod","Block Reminder","Colored Map","Colored Powertips","Downfall","Highlight Path","Minty Spire (QoL Compilation)","Quick Restart","Rare Cards Sparkle","StSLib","SuperFastMode"],"gold_per_floor":[99,113,133,20,20,35,58,58,74,74,74,89,109,120,137,137,137],"floor_reached":16,"language":"ENG","playtime":1638,"items_purged":["bronze:Strike"],"score":96,"play_id":"d52a04c3-e9a7-4492-bd58-9b8b1c14e4a1","local_time":"20210118220214","is_ascension_mode":false,"campfire_choices":[{"data":"bronze:Goto","floor":1,"key":"SMITH"},{"data":"bronze:NullPointer","floor":8,"key":"SMITH"},{"data":"bronze:NullPointer","floor":10,"key":"SMITH"}],"circlet_count":0,"master_deck":["bronze:Strike","bronze:Strike","bronze:Defend","bronze:Defend","bronze:Defend","bronze:Defend","bronze:Replicate","bronze:Goto+1","bronze:NullPointer+1","bronze:Iterate","bronze:FollowUp","bronze:BitShift","bronze:NullPointer+1","bronze:BronzeOrb","bronze:Turbo","bronze:ItsAFeature","bronze:DarkDash"],"relics":["bronze:BronzeCore","Orichalcum","Vajra"],"acts_visited":["Exordium"],"potions_floor_usage":[12,14,14],"damage_taken":[{"damage":6,"enemies":"Jaw Worm","floor":2,"turns":3},{"damage":5,"enemies":"2 Louse","floor":3,"turns":3},{"damage":0,"enemies":"downfall:FleeingMerchant","floor":4,"turns":4},{"damage":0,"enemies":"Cultist","floor":6,"turns":2},{"damage":0,"enemies":"Red Slaver","floor":9,"turns":2},{"damage":2,"enemies":"Gremlin Gang","floor":12,"turns":2},{"damage":0,"enemies":"Large Slime","floor":13,"turns":4},{"damage":1,"enemies":"Lots of Slimes","floor":14,"turns":5},{"damage":0,"enemies":"Blue Slaver","floor":15,"turns":2},{"damage":53,"enemies":"SI_SHIV_ARCHETYPE","floor":16,"turns":10}],"seed_played":"3725305834352984950","potions_obtained":[{"floor":3,"key":"Explosive Potion"},{"floor":9,"key":"DistilledChaos"},{"floor":12,"key":"Guardian:BlockOnCardUsePotion"},{"floor":15,"key":"Dexterity Potion"}],"is_trial":false,"path_per_floor":["R","M","M","$","?","M","T","R","M","R","?","M","M","M","M","B"],"character_chosen":"THE_AUTOMATON","items_purchased":["bronze:BitShift"],"campfire_rested":0,"item_purchase_floors":[4],"current_hp_per_floor":[77,71,66,66,66,66,66,66,66,66,48,46,46,45,45,0,0],"gold":137,"neow_bonus":"TEN_PERCENT_HP_BONUS","is_daily":false,"chose_seed":false,"campfire_upgraded":3,"win_rate":0.0,"timestamp":1611036134,"path_taken":["R","M","M","$","?","M","T","R","M","R","?","M","M","M","M","BOSS"],"items_purchased_type":["Card"],"build_version":"2020-12-22","purchased_purges":1,"victory":false,"max_hp_per_floor":[77,77,77,77,77,77,77,77,77,77,77,77,77,77,77,77,77],"card_choices":[{"not_picked":["bronze:CutThrough","bronze:Invalidate"],"picked":"bronze:NullPointer","floor":2},{"not_picked":["bronze:Shield","bronze:Deprecate"],"picked":"bronze:Iterate","floor":3},{"not_picked":["bronze:BronzeArmor","bronze:GetLatest"],"picked":"bronze:FollowUp","floor":4},{"not_picked":["bronze:ChildClass","bronze:Safeguard"],"picked":"bronze:NullPointer","floor":6},{"not_picked":["bronze:CutThrough","bronze:DarkDash"],"picked":"bronze:BronzeOrb","floor":9},{"not_picked":["bronze:BuggyMess","bronze:Invalidate"],"picked":"bronze:Turbo","floor":12},{"not_picked":["bronze:FineTuning","bronze:Turbo"],"picked":"bronze:ItsAFeature","floor":13},{"not_picked":["bronze:Iterate","bronze:Overheat"],"picked":"bronze:DarkDash","floor":14},{"not_picked":["bronze:FollowUp","bronze:NullPointer","bronze:BugBarrage"],"picked":"SKIP","floor":15}],"player_experience":565737,"relics_obtained":[{"floor":7,"key":"Orichalcum"}],"event_choices":[{"cards_removed":["bronze:Strike"],"damage_healed":0,"gold_gain":0,"player_choice":"Forget","damage_taken":0,"max_hp_gain":0,"max_hp_loss":0,"event_name":"Living Wall","floor":5,"gold_loss":0},{"damage_healed":0,"gold_gain":0,"player_choice":"Success","damage_taken":18,"relics_obtained":["Vajra"],"max_hp_gain":0,"max_hp_loss":0,"event_name":"Scrap Ooze","floor":11,"gold_loss":0}],"is_beta":false,"boss_relics":[],"items_purged_floors":[4],"is_endless":false,"potions_floor_spawned":[3,9,12,15],"killed_by":"SI_SHIV_ARCHETYPE","ascension_level":0}}