{"host":"3oax8yz66k5njorr","time":1611035355,"event":{"mods":["AchievementEnabler","BaseMod","Colored Map","Colored Powertips","DeckTracker","Minty Spire (QoL Compilation)","Rare Cards Sparkle"],"gold_per_floor":[109,129,142,142,159,60,392,406,429,441,485,508,530,555,567,579,579],"floor_reached":16,"language":"KOR","playtime":647,"items_purged":[],"score":116,"play_id":"8b1229a6-7208-4a6b-bbd8-4fa52b6e21e4","local_time":"20210119144915","is_ascension_mode":false,"campfire_choices":[{"floor":10,"key":"REST"},{"data":"Dualcast","floor":15,"key":"SMITH"}],"circlet_count":0,"master_deck":["Strike_B","Strike_B","Strike_B","Strike_B","Defend_B","Defend_B","Defend_B","Defend_B","Zap","Dualcast+1","BootSequence","Coolheaded","White Noise","Streamline","Coolheaded","Gash","Hologram","Consume","Beam Cell","Ball Lightning","Gash"],"relics":["Cracked Core","NeowsBlessing","Old Coin","MawBank","Bag of Marbles"],"acts_visited":["Exordium"],"potions_floor_usage":[7,7,11,16,16],"damage_taken":[{"damage":0,"enemies":"Small Slimes","floor":1,"turns":1},{"damage":0,"enemies":"Cultist","floor":2,"turns":1},{"damage":0,"enemies":"Jaw Worm","floor":3,"turns":1},{"damage":14,"enemies":"Exordium Wildlife","floor":5,"turns":5},{"damage":20,"enemies":"Gremlin Nob","floor":7,"turns":4},{"damage":19,"enemies":"Gremlin Gang","floor":8,"turns":7},{"damage":8,"enemies":"Lagavulin","floor":11,"turns":8},{"damage":0,"enemies":"Blue Slaver","floor":12,"turns":3},{"damage":11,"enemies":"Lots of Slimes","floor":13,"turns":5},{"damage":1,"enemies":"Looter","floor":14,"turns":3},{"damage":34,"enemies":"Slime Boss","floor":16,"turns":5}],"seed_played":"-4016993984350709601","potions_obtained":[{"floor":1,"key":"Block Potion"},{"floor":2,"key":"ColorlessPotion"},{"floor":5,"key":"Fire Potion"},{"floor":8,"key":"Block Potion"},{"floor":13,"key":"SkillPotion"}],"is_trial":false,"path_per_floor":["M","M","M","?","M","$","E","M","T","R","E","M","M","M","R","B"],"character_chosen":"DEFECT","items_purchased":["Coolheaded","Gash"],"campfire_rested":1,"item_purchase_floors":[6,6],"current_hp_per_floor":[75,75,75,80,66,66,46,27,27,51,43,43,32,31,31,0,0],"gold":579,"neow_bonus":"THREE_ENEMY_KILL","is_daily":false,"chose_seed":false,"campfire_upgraded":1,"win_rate":0.0,"timestamp":1611035355,"path_taken":["M","M","M","?","M","$","E","M","T","R","E","M","M","M","R","BOSS"],"items_purchased_type":["Card","Card"],"build_version":"2020-12-22","purchased_purges":0,"victory":false,"max_hp_per_floor":[75,75,75,80,80,80,80,80,80,80,80,80,80,80,80,80,80],"card_choices":[{"not_picked":["Loop","Auto Shields"],"picked":"BootSequence","floor":1},{"not_picked":["Barrage","Rebound"],"picked":"Coolheaded","floor":2},{"not_picked":["Hologram","Heatsinks"],"picked":"White Noise","floor":3},{"not_picked":["Coolheaded","Stack"],"picked":"Streamline","floor":5},{"not_picked":["BootSequence","Cold Snap"],"picked":"Hologram","floor":7},{"not_picked":["Reinforced Body","Loop"],"picked":"Consume","floor":8},{"not_picked":["BootSequence","Stack"],"picked":"Beam Cell","floor":11},{"not_picked":["Double Energy","Cold Snap","Streamline"],"picked":"SKIP","floor":12},{"not_picked":["Streamline","Beam Cell"],"picked":"Ball Lightning","floor":13},{"not_picked":["Cold Snap","Steam"],"picked":"Gash","floor":14}],"player_experience":63806,"relics_obtained":[{"floor":7,"key":"Old Coin"},{"floor":9,"key":"MawBank"},{"floor":11,"key":"Bag of Marbles"}],"event_choices":[{"damage_healed":0,"gold_gain":0,"player_choice":"Donut","damage_taken":0,"max_hp_gain":5,"max_hp_loss":0,"event_name":"Big Fish","floor":4,"gold_loss":0}],"is_beta":false,"boss_relics":[],"items_purged_floors":[],"is_endless":false,"potions_floor_spawned":[1,2,5,8,13],"killed_by":"Slime Boss","ascension_level":0}}