{"host":"6749gst1gzuv21qf","time":1611026478,"event":{"mods":["BaseMod","Better Altar","Better Match","Better Note","Better Sensory Stone","Better Skull","Better Third Choice","BetterRewards","Colored Map","Colored Powertips","Downfall","Hermit","Highlight Path","Minty Spire (QoL Compilation)","Permanent Neow","Shop Mod","Spicy Shops","StSLib","The Cursed"],"gold_per_floor":[113,123,0,10,30,65,83,83,107,107,107,122,122,122],"floor_reached":13,"language":"ENG","playtime":977,"items_purged":[],"score":87,"play_id":"43ebfe21-b897-47f3-9588-b30ff3e9bd89","local_time":"20210118222118","is_ascension_mode":false,"campfire_choices":[{"data":"Enlightenment","floor":8,"key":"SMITH"},{"floor":10,"key":"REST"}],"circlet_count":0,"master_deck":["hermit:Strike_Hermit","hermit:Strike_Hermit","hermit:Strike_Hermit","hermit:Strike_Hermit","hermit:Defend_Hermit","hermit:Defend_Hermit","hermit:Defend_Hermit","hermit:Defend_Hermit","hermit:Snapshot","hermit:Covet","Blind","hermit:GhostlyPresence","hermit:Ricochet","Enlightenment+1","hermit:Combo","hermit:Coalescence","hermit:NoHoldsBarred","hermit:Snipe","hermit:Midnight"],"relics":["hermit:Momento","Omamori","WarpedTongs"],"acts_visited":["Exordium"],"potions_floor_usage":[7],"damage_taken":[{"damage":2,"enemies":"Small Slimes","floor":1,"turns":4},{"damage":0,"enemies":"Jaw Worm","floor":2,"turns":5},{"damage":0,"enemies":"Cultist","floor":4,"turns":3},{"damage":0,"enemies":"Large Slime","floor":5,"turns":4},{"damage":72,"enemies":"Gremlin Nob","floor":6,"turns":7},{"damage":3,"enemies":"Lots of Slimes","floor":7,"turns":2},{"damage":0,"enemies":"Looter","floor":12,"turns":2},{"damage":32,"enemies":"Lagavulin","floor":13,"turns":7}],"seed_played":"-4891574041167357135","potions_obtained":[{"floor":4,"key":"Explosive Potion"},{"floor":5,"key":"SpeedPotion"},{"floor":12,"key":"bronze:BurnAndBuffPotion"}],"is_trial":false,"path_per_floor":["M","M","?","M","M","E","M","R","T","R","?","M","E"],"character_chosen":"HERMIT","items_purchased":[],"campfire_rested":1,"item_purchase_floors":[],"current_hp_per_floor":[73,73,79,79,79,7,4,4,4,28,28,28,0,0],"gold":122,"neow_bonus":"RANDOM_COLORLESS","is_daily":false,"chose_seed":false,"campfire_upgraded":1,"win_rate":0.0,"timestamp":1611026478,"path_taken":["M","M","?","M","M","E","M","R","T","R","?","M","E"],"items_purchased_type":[],"build_version":"2020-12-22","purchased_purges":0,"victory":false,"max_hp_per_floor":[75,75,81,81,81,81,81,81,81,81,81,81,81,81],"card_choices":[{"not_picked":["Deep Breath","Dramatic Entrance"],"picked":"Blind","floor":0},{"not_picked":["hermit:Glare","hermit:Desperado"],"picked":"hermit:GhostlyPresence","floor":1},{"not_picked":["hermit:Manifest","hermit:Misfire"],"picked":"hermit:Ricochet","floor":2},{"not_picked":["hermit:Showdown","hermit:Grudge"],"picked":"hermit:Combo","floor":4},{"not_picked":["hermit:GhostlyPresence","hermit:CalledShot"],"picked":"hermit:Coalescence","floor":5},{"not_picked":["hermit:Manifest","hermit:Cheat"],"picked":"hermit:NoHoldsBarred","floor":6},{"not_picked":["hermit:Enervate","hermit:LowProfile"],"picked":"hermit:Snipe","floor":7},{"not_picked":["hermit:HoleUp","hermit:Vantage"],"picked":"hermit:Midnight","floor":12}],"player_experience":735342,"relics_obtained":[{"floor":6,"key":"Omamori"}],"event_choices":[{"damage_healed":0,"gold_gain":0,"player_choice":"RENOUNCE","damage_taken":123,"max_hp_gain":0,"max_hp_loss":0,"event_name":"betterThird:BetterSerpent","floor":3,"gold_loss":123,"cards_obtained":["Enlightenment"]},{"damage_healed":0,"gold_gain":0,"player_choice":"Rummage","damage_taken":0,"relics_obtained":["WarpedTongs"],"max_hp_gain":0,"max_hp_loss":0,"event_name":"Accursed Blacksmith","floor":11,"gold_loss":0,"cards_obtained":["Pain"]}],"is_beta":false,"boss_relics":[],"items_purged_floors":[],"is_endless":false,"potions_floor_spawned":[4,5,12],"killed_by":"Lagavulin","ascension_level":0}}