{"host":"h4390p13uu6iw1q5","time":1611027025,"event":{"mods":["BaseMod","Colored Map","Minty Spire (QoL Compilation)"],"gold_per_floor":[144,144,144,189,234,234,279,279,304,394,439,484,574,619,619,919,919,964,1009,7,52,97,97,187,187,212,212,257,123,123,213,213,513,513,558,6,51,96,0,0,0,90,115,160,160,250,50,50,50,50],"floor_reached":51,"language":"ENG","playtime":4105,"items_purged":["Strike_P","Strike_P","Strike_P","Regret"],"score":907,"play_id":"686cff59-51d8-4835-8183-d82551470842","local_time":"20210118223025","daily_mods":["Allstar","Time Dilation","Midas"],"is_ascension_mode":false,"campfire_choices":[{"floor":6,"key":"REST"},{"floor":8,"key":"REST"},{"floor":15,"key":"REST"},{"floor":23,"key":"REST"},{"floor":25,"key":"REST"},{"floor":27,"key":"REST"},{"floor":30,"key":"REST"},{"floor":32,"key":"REST"},{"floor":40,"key":"REST"},{"floor":45,"key":"REST"},{"floor":49,"key":"REST"}],"circlet_count":0,"master_deck":["Strike_P","Defend_P","Defend_P+1","Defend_P","Defend_P","Eruption","Vigilance","Impatience","Transmutation","Mind Blast","Secret Technique+1","Bandage Up","SandsOfTime","DeusExMachina","Wireheading","Weave","ThirdEye","DevaForm","CutThroughFate","FollowUp","Wish","CutThroughFate+1","Apotheosis","FollowUp","EmptyBody+1","ThirdEye","TalkToTheHand","Nirvana","CutThroughFate","Omniscience+1","Nirvana","Mind Blast","WaveOfTheHand","Weave+1","Madness","Sanctity+1","Establishment","Wallop","CutThroughFate+1"],"relics":["HolyWater","Boot","Damaru","Lantern","Ornamental Fan","Black Star","Yang","HandDrill","Ice Cream","Dead Branch","Question Card","Orichalcum","Mercury Hourglass","TeardropLocket","Ancient Tea Set","Red Mask","Oddly Smooth Stone","War Paint","Dream Catcher","Vajra","Kunai"],"acts_visited":["Exordium","TheCity","TheBeyond"],"potions_floor_usage":[10,10,13,19,21,22,28,38,50,50],"damage_taken":[{"damage":0,"enemies":"Small Slimes","floor":1,"turns":3},{"damage":14,"enemies":"Jaw Worm","floor":4,"turns":5},{"damage":1,"enemies":"2 Louse","floor":5,"turns":3},{"damage":15,"enemies":"2 Fungi Beasts","floor":7,"turns":6},{"damage":11,"enemies":"3 Sentries","floor":10,"turns":6},{"damage":6,"enemies":"Blue Slaver","floor":11,"turns":3},{"damage":3,"enemies":"Red Slaver","floor":12,"turns":3},{"damage":12,"enemies":"Lagavulin","floor":13,"turns":4},{"damage":0,"enemies":"Looter","floor":14,"turns":2},{"damage":27,"enemies":"Hexaghost","floor":16,"turns":5},{"damage":25,"enemies":"Spheric Guardian","floor":18,"turns":4},{"damage":20,"enemies":"3 Byrds","floor":19,"turns":3},{"damage":15,"enemies":"Shelled Parasite and Fungi","floor":21,"turns":5},{"damage":18,"enemies":"Snake Plant","floor":22,"turns":4},{"damage":0,"enemies":"Gremlin Leader","floor":24,"turns":5},{"damage":35,"enemies":"Sentry and Sphere","floor":28,"turns":6},{"damage":11,"enemies":"Slavers","floor":31,"turns":4},{"damage":4,"enemies":"Champ","floor":33,"turns":6},{"damage":9,"enemies":"3 Shapes","floor":35,"turns":5},{"damage":1,"enemies":"Orb Walker","floor":37,"turns":2},{"damage":5,"enemies":"Transient","floor":38,"turns":5},{"damage":18,"enemies":"Nemesis","floor":42,"turns":3},{"damage":0,"enemies":"Maw","floor":44,"turns":5},{"damage":8,"enemies":"Giant Head","floor":46,"turns":6},{"damage":6,"enemies":"Donu and Deca","floor":50,"turns":7}],"seed_played":"3706737729498028133","potions_obtained":[{"floor":1,"key":"Strength Potion"},{"floor":4,"key":"FearPotion"},{"floor":11,"key":"AttackPotion"},{"floor":16,"key":"Explosive Potion"},{"floor":18,"key":"SpeedPotion"},{"floor":22,"key":"DistilledChaos"},{"floor":33,"key":"ColorlessPotion"},{"floor":35,"key":"DuplicationPotion"},{"floor":46,"key":"SpeedPotion"}],"is_trial":false,"path_per_floor":["M","?","?","M","M","R","M","R","T","E","M","M","E","M","R","B",null,"M","M","$","M","M","R","E","R","T","R","M","$","R","E","R","B",null,"M","$","M","M","?","R","?","E","T","M","R","E","$","?","R","B",null],"character_chosen":"WATCHER","items_purchased":["Yang","Apotheosis","HandDrill","Ice Cream","Weak Potion","Nirvana","Nirvana","Ancient Tea Set","Mind Blast","DistilledChaos","WaveOfTheHand","Swift Potion"],"campfire_rested":11,"item_purchase_floors":[20,20,20,20,20,29,36,36,36,36,36,47],"current_hp_per_floor":[72,72,72,62,65,72,61,72,72,61,59,60,52,52,72,49,72,47,33,33,22,10,31,37,58,58,72,37,37,58,53,72,72,72,68,68,67,68,68,72,63,45,45,45,66,62,62,62,72,66],"gold":50,"neow_bonus":"","is_daily":true,"chose_seed":false,"campfire_upgraded":0,"win_rate":0.0,"timestamp":1611027025,"path_taken":["M","?","?","M","M","R","M","R","T","E","M","M","E","M","R","BOSS","M","M","$","M","M","R","E","R","T","R","M","$","R","E","R","BOSS","M","$","M","M","?","R","?","E","T","M","R","E","$","?","R","BOSS"],"items_purchased_type":["Relic","Card","Relic","Relic","Potion","Card","Card","Relic","Card","Potion","Card","Potion"],"build_version":"2020-12-22","purchased_purges":4,"victory":true,"max_hp_per_floor":[72,72,72,72,72,72,72,72,72,72,72,72,72,72,72,72,72,72,72,72,72,72,72,72,72,72,72,72,72,72,72,72,72,72,72,72,72,72,72,72,72,72,72,72,72,72,72,72,72,72],"card_choices":[{"not_picked":["Prostrate","Evaluate"],"picked":"SandsOfTime","floor":1},{"not_picked":["PathToVictory","Weave"],"picked":"DeusExMachina","floor":4},{"not_picked":["ClearTheMind","Evaluate"],"picked":"Wireheading","floor":5},{"not_picked":["Evaluate","Crescendo"],"picked":"Weave","floor":7},{"not_picked":["Crescendo","BattleHymn"],"picked":"ThirdEye","floor":10},{"not_picked":["FearNoEvil","FlyingSleeves"],"picked":"DevaForm","floor":11},{"not_picked":["BowlingBash","JustLucky"],"picked":"CutThroughFate","floor":12},{"not_picked":["FlurryOfBlows","EmptyBody","Perseverance"],"picked":"SKIP","floor":13},{"not_picked":["ClearTheMind","Prostrate"],"picked":"FollowUp","floor":14},{"not_picked":["Ragnarok","Scrawl"],"picked":"Wish","floor":16},{"not_picked":["Crescendo","FollowUp"],"picked":"CutThroughFate+1","floor":18},{"not_picked":["Halt","Prostrate","CutThroughFate"],"picked":"SKIP","floor":19},{"not_picked":["Adaptation","ClearTheMind"],"picked":"FollowUp","floor":21},{"not_picked":["CutThroughFate","Halt"],"picked":"EmptyBody+1","floor":22},{"not_picked":["Halt","Establishment"],"picked":"ThirdEye","floor":24},{"not_picked":["Halt","EmptyFist","Study"],"picked":"TalkToTheHand","floor":28},{"not_picked":["SashWhip","Halt","CrushJoints+1"],"picked":"CutThroughFate","floor":31},{"not_picked":["MasterReality","SpiritShield","DeusExMachina"],"picked":"Omniscience","floor":33},{"not_picked":["JustLucky+1","CutThroughFate+1","Perseverance+1","Evaluate"],"picked":"SKIP","floor":35},{"not_picked":["Evaluate","FearNoEvil+1","Crescendo+1","ClearTheMind"],"picked":"SKIP","floor":37},{"not_picked":["ThirdEye+1","Adaptation+1","Wallop+1"],"picked":"Weave+1","floor":38},{"not_picked":["Consecrate+1","PathToVictory+1","FlyingSleeves"],"picked":"Sanctity+1","floor":42},{"not_picked":["SashWhip","SandsOfTime+1","ForeignInfluence","BowlingBash"],"picked":"SKIP","floor":44},{"not_picked":["FlyingSleeves","Consecrate","SashWhip"],"picked":"Establishment","floor":45},{"not_picked":["Prostrate","Evaluate","Swivel"],"picked":"Wallop","floor":46},{"not_picked":["CarveReality","WaveOfTheHand+1","ThirdEye+1"],"picked":"CutThroughFate+1","floor":49}],"player_experience":2492605,"relics_obtained":[{"floor":9,"key":"Damaru"},{"floor":10,"key":"Lantern"},{"floor":13,"key":"Ornamental Fan"},{"floor":24,"key":"Dead Branch"},{"floor":24,"key":"Question Card"},{"floor":26,"key":"Orichalcum"},{"floor":31,"key":"Mercury Hourglass"},{"floor":31,"key":"TeardropLocket"},{"floor":42,"key":"Oddly Smooth Stone"},{"floor":42,"key":"War Paint"},{"floor":43,"key":"Dream Catcher"},{"floor":46,"key":"Vajra"},{"floor":46,"key":"Kunai"}],"event_choices":[{"damage_healed":0,"gold_gain":0,"player_choice":"Box","damage_taken":0,"relics_obtained":["Boot"],"max_hp_gain":0,"max_hp_loss":0,"event_name":"Big Fish","floor":2,"gold_loss":0,"cards_obtained":["Regret"]},{"damage_healed":0,"gold_gain":0,"player_choice":"Grow","damage_taken":0,"max_hp_gain":0,"max_hp_loss":0,"event_name":"Living Wall","floor":3,"gold_loss":0,"cards_upgraded":["Secret Technique"]},{"damage_healed":0,"gold_gain":0,"player_choice":"Paid","damage_taken":0,"relics_obtained":["Red Mask"],"max_hp_gain":0,"max_hp_loss":0,"event_name":"Tomb of Lord Red Mask","floor":39,"gold_loss":96},{"damage_healed":0,"gold_gain":0,"player_choice":"Embrace Madness","damage_taken":9,"max_hp_gain":0,"max_hp_loss":0,"event_name":"Winding Halls","floor":41,"gold_loss":0,"cards_obtained":["Madness","Madness"]},{"cards_removed":["Madness"],"damage_healed":0,"gold_gain":0,"player_choice":"Removed Skill","damage_taken":0,"max_hp_gain":0,"max_hp_loss":0,"event_name":"Falling","floor":48,"gold_loss":0}],"is_beta":false,"boss_relics":[{"not_picked":["Runic Pyramid","Velvet Choker"],"picked":"Black Star"},{"not_picked":["VioletLotus","Pandora\u0027s Box"],"picked":"HolyWater"}],"items_purged_floors":[20,29,36,47],"is_endless":false,"potions_floor_spawned":[1,4,11,16,18,22,33,35,37,46],"ascension_level":0}}