{"host":"ebj6lkgm8suah319","time":1611030887,"event":{"mods":["2.2 Compatiblity","AchievementEnabler","BaseMod","Block Reminder","Colored Map","Colored Powertips","Minty Spire (QoL Compilation)","Quick Restart","Rare Cards Sparkle","Relic Stats","SuperFastMode"],"gold_per_floor":[113,127,127,52,68,68,106,144,144,144,144,124,168,191,191,284,584,600,600,575,54,79,79,79,79,79],"floor_reached":25,"language":"ENG","playtime":669,"items_purged":["Decay","Strike_R"],"score":345,"play_id":"3cc7cd93-41b7-4628-9c22-0d0993099d4a","local_time":"20210118233447","is_ascension_mode":true,"campfire_choices":[{"data":"Perfected Strike","floor":6.0,"key":"SMITH"},{"data":"True Grit","floor":10.0,"key":"SMITH"},{"data":"Disarm","floor":15.0,"key":"SMITH"},{"floor":23,"key":"REST"}],"circlet_count":0,"master_deck":["AscendersBane","Strike_R","Strike_R","Strike_R","Defend_R","Defend_R","Defend_R","Defend_R","Bash","Pommel Strike","True Grit+1","Perfected Strike+1","Disarm+1","Blood for Blood+1","Impervious","Immolate+1","CurseOfTheBell","Power Through"],"relics":["Burning Blood","Gambling Chip","Golden Idol","Molten Egg 2","Odd Mushroom","Ancient Tea Set","Eternal Feather","Calling Bell","Omamori","White Beast Statue","Old Coin","Pen Nib","Nunchaku","Darkstone Periapt"],"acts_visited":["Exordium","TheCity"],"potions_floor_usage":[21,22,25,25],"damage_taken":[{"damage":20.0,"enemies":"Jaw Worm","floor":1.0,"turns":5.0},{"damage":2.0,"enemies":"2 Louse","floor":2.0,"turns":4.0},{"damage":7.0,"enemies":"Small Slimes","floor":5.0,"turns":3.0},{"damage":35.0,"enemies":"Lagavulin","floor":7.0,"turns":4.0},{"damage":19.0,"enemies":"The Mushroom Lair","floor":8.0,"turns":6.0},{"damage":20.0,"enemies":"3 Sentries","floor":13.0,"turns":8.0},{"damage":14.0,"enemies":"Red Slaver","floor":14.0,"turns":5.0},{"damage":12,"enemies":"The Guardian","floor":16,"turns":16},{"damage":32,"enemies":"Chosen","floor":18,"turns":7},{"damage":35,"enemies":"2 Thieves","floor":20,"turns":5},{"damage":25,"enemies":"Snecko","floor":22,"turns":5},{"damage":45,"enemies":"Gremlin Leader","floor":25,"turns":7}],"seed_played":"1301730273119366739","potions_obtained":[{"floor":2.0,"key":"SteroidPotion"},{"floor":5.0,"key":"Regen Potion"},{"floor":8.0,"key":"BloodPotion"},{"floor":13.0,"key":"EssenceOfSteel"},{"floor":18,"key":"PowerPotion"},{"floor":22,"key":"Dexterity Potion"}],"is_trial":false,"path_per_floor":["M","M","?","$","M","R","E","?","T","R","?","?","E","M","R","B",null,"M","?","M","$","M","R","T","E"],"character_chosen":"IRONCLAD","items_purchased":["Pen Nib","Nunchaku","BloodPotion","LiquidBronze"],"campfire_rested":1,"item_purchase_floors":[21,21,21,21],"current_hp_per_floor":[58,62,62,62,61,61,44,31,31,31,55,55,55,47,56,50,68,42,42,13,27,8,39,39,0,0],"gold":79,"neow_bonus":"ONE_RARE_RELIC","is_daily":false,"chose_seed":false,"campfire_upgraded":3,"win_rate":0.0,"timestamp":1611030887,"path_taken":["M","M","?","$","M","R","E","?","T","R","?","?","E","M","R","BOSS","M","?","M","$","?","R","?","E"],"items_purchased_type":["Relic","Relic","Potion","Potion"],"build_version":"2020-12-22","purchased_purges":2,"victory":false,"max_hp_per_floor":[80,80,74,74,74,74,74,74,74,74,74,74,74,74,74,74,74,74,74,74,74,74,74,74,74,74],"relic_stats":{"Darkstone Periapt":0,"Nunchaku":[2],"counters":[12,75],"Golden Idol":64,"Gambling Chip":[35],"Eternal Feather":18,"Pen Nib":[2],"obtain_stats":[{"Darkstone Periapt":24,"Golden Idol":3,"Eternal Feather":13,"Pen Nib":21,"Omamori":17,"Odd Mushroom":8,"Ancient Tea Set":9,"Burning Blood":0,"White Beast Statue":17,"Old Coin":17,"Calling Bell":17,"Nunchaku":21,"Gambling Chip":0,"Molten Egg 2":7},{"Darkstone Periapt":11,"Golden Idol":2,"Eternal Feather":6,"Pen Nib":10,"Omamori":8,"Odd Mushroom":5,"Ancient Tea Set":5,"Burning Blood":0,"White Beast Statue":8,"Old Coin":8,"Calling Bell":8,"Nunchaku":10,"Gambling Chip":0,"Molten Egg 2":4},{"Darkstone Periapt":68,"Golden Idol":9,"Eternal Feather":30,"Pen Nib":63,"Omamori":51,"Odd Mushroom":22,"Ancient Tea Set":22,"Burning Blood":0,"White Beast Statue":51,"Old Coin":51,"Calling Bell":51,"Nunchaku":63,"Gambling Chip":0,"Molten Egg 2":16}],"Burning Blood":66},"card_choices":[{"not_picked":["Anger","Cleave"],"picked":"Pommel Strike","floor":1.0},{"not_picked":["Warcry","Armaments"],"picked":"True Grit","floor":2.0},{"not_picked":["Infernal Blade","Fire Breathing"],"picked":"Perfected Strike","floor":5.0},{"not_picked":["Warcry","Body Slam+1"],"picked":"Disarm","floor":7.0},{"not_picked":["Clash+1","Iron Wave+1"],"picked":"Blood for Blood+1","floor":8.0},{"not_picked":["Pommel Strike+1","Thunderclap+1"],"picked":"Impervious","floor":13.0},{"not_picked":["Entrench","Iron Wave+1","Searing Blow+1"],"picked":"SKIP","floor":14.0},{"not_picked":["Feed+1","Exhume"],"picked":"Immolate+1","floor":16},{"not_picked":["Sword Boomerang+1","Wild Strike+1","Armaments"],"picked":"SKIP","floor":18},{"not_picked":["Flex+1","Rampage+1","Heavy Blade+1"],"picked":"SKIP","floor":20},{"not_picked":["Rage","Combust"],"picked":"Power Through","floor":22}],"player_experience":36415,"relics_obtained":[{"floor":7.0,"key":"Molten Egg 2"},{"floor":8.0,"key":"Odd Mushroom"},{"floor":9.0,"key":"Ancient Tea Set"},{"floor":13.0,"key":"Eternal Feather"},{"floor":17,"key":"Omamori"},{"floor":17,"key":"White Beast Statue"},{"floor":17,"key":"Old Coin"},{"floor":24,"key":"Darkstone Periapt"}],"event_choices":[{"damage_healed":0.0,"max_hp_gain":0.0,"max_hp_loss":6.0,"gold_gain":0.0,"event_name":"Golden Idol","player_choice":"Lose Max HP","floor":3.0,"gold_loss":0.0,"damage_taken":0.0,"relics_obtained":["Golden Idol"]},{"damage_healed":0.0,"max_hp_gain":0.0,"max_hp_loss":0.0,"gold_gain":0.0,"event_name":"Mushrooms","player_choice":"Fought Mushrooms","floor":8.0,"gold_loss":0.0,"damage_taken":0.0},{"damage_healed":24.0,"max_hp_gain":0.0,"max_hp_loss":0.0,"gold_gain":0.0,"event_name":"Big Fish","player_choice":"Banana","floor":11.0,"gold_loss":0.0,"damage_taken":0.0},{"damage_healed":0.0,"max_hp_gain":0.0,"max_hp_loss":0.0,"gold_gain":0.0,"event_name":"The Woman in Blue","player_choice":"Bought 1 Potion","floor":12.0,"gold_loss":0.0,"damage_taken":0.0},{"cards_removed":["Strike_R"],"damage_healed":0,"gold_gain":0,"player_choice":"Card Removal","damage_taken":0,"max_hp_gain":0,"max_hp_loss":0,"event_name":"Wheel of Change","floor":19,"gold_loss":0}],"is_beta":false,"boss_relics":[{"not_picked":["Velvet Choker","Black Blood"],"picked":"Calling Bell"}],"items_purged_floors":[4,21],"is_endless":false,"potions_floor_spawned":[2,5,8,13,18,20,22],"killed_by":"Gremlin Leader","ascension_level":13}}