{"host":"vi6yeph7oxdwzn8s","time":1611082934,"event":{"mods":["Act Like it!","BaseMod","CapriCore","Colored Powertips","Gensokyo","GifTheSpireLib","Koishi","Lobotomy","LobotomyExtend","Marisa£®ÏF”Í°°ƒß¿Ì…≥£©","Minty Spire (QoL Compilation)","Reimu£®≤©¿ˆ¡È√Œ£©","Remilia£®¿Ÿ√◊¿Ú—«£©","StSLib","The Animator","The Immortal","WarShipGirlsR/’ΩΩ¢…Ÿ≈ÆR mod","Yakumo Yukari mod","Youmu£®ªÍ∆«—˝√Œ£©","Yuyuko"],"gold_per_floor":[117,127,143,3,13,13,40,59,59,78,107,121,71,86,86,187,187,206,224,224,224],"floor_reached":20,"language":"ZHS","playtime":1254,"items_purged":[],"score":235,"play_id":"0c8c1fab-972b-4fae-b850-2864508f7194","local_time":"20210120030214","is_ascension_mode":true,"campfire_choices":[{"data":"ConstancyOfTheConventionalTruth","floor":6.0,"key":"SMITH"},{"data":"CelestialStarSword","floor":15.0,"key":"SMITH"}],"circlet_count":0,"master_deck":["Strike_YM","Strike_YM","Strike_YM","Strike_YM","Defend_YM","Defend_YM","Defend_YM","Defend_YM+1","SlashOfPresentWorld","WheelOfPainOfLivingAndDead","SuddenPhantomFormationSlashOfKarmicWind","FlashingScatteredFlowers","SwordExtraction+1","ConstancyOfTheConventionalTruth+1","HumanKnowledgeSword","CelestialStarSword+1","ObsessionWithThePresentWorld","CrescentMoonSlash","LowerRealmReflectionSlash","ObsessionSword","SpiritCuttingSword","HellRealmSword","HellFireSword","PretaSword"],"relics":["HalfPhantom","LetterFromLob","Ice Cream","Eternal Feather","Darkstone Periapt","War Paint","Snecko Eye"],"acts_visited":["Gensokyo:Gensokyo","Gensokyo:Gensokyoer"],"potions_floor_usage":[],"damage_taken":[{"damage":8.0,"enemies":"Gensokyo:Gryphon","floor":1.0,"turns":5.0},{"damage":1.0,"enemies":"Gensokyo:2_Kodama","floor":2.0,"turns":4.0},{"damage":0.0,"enemies":"Gensokyo:3_Fairies","floor":3.0,"turns":4.0},{"damage":2.0,"enemies":"Gensokyo:Kitsune","floor":5.0,"turns":5.0},{"damage":0.0,"enemies":"Gensokyo:Mamizou","floor":7.0,"turns":13.0},{"damage":0.0,"enemies":"Gensokyo:VengefulSpirit","floor":8.0,"turns":4.0},{"damage":12.0,"enemies":"Gensokyo:Gryphon_and_Rabbit","floor":10.0,"turns":5.0},{"damage":31.0,"enemies":"Gensokyo:Aya","floor":11.0,"turns":6.0},{"damage":4.0,"enemies":"Gensokyo:3_Kodama","floor":12.0,"turns":4.0},{"damage":10.0,"enemies":"Gensokyo:Python_and_Kodama","floor":14.0,"turns":5.0},{"damage":31.0,"enemies":"Gensokyo:Kokoro","floor":16.0,"turns":20.0},{"damage":19.0,"enemies":"Gensokyo:2_Gloops","floor":18.0,"turns":7.0},{"damage":5,"enemies":"Gensokyo:AngelMirror","floor":19,"turns":5},{"damage":29,"enemies":"Gensokyo:Chomper_and_Gloop","floor":20,"turns":7}],"seed_played":"602504525465360103","potions_obtained":[{"floor":2.0,"key":"CausticAgent"},{"floor":7.0,"key":"GamblersBrew"},{"floor":10.0,"key":"GrandPatriotsElixir:ReiMu"}],"is_trial":false,"path_per_floor":["M","M","M","?","M","R","E","M","T","M","E","M","?","M","R","B",null,"M","M","M"],"character_chosen":"YOUMU","items_purchased":[],"campfire_rested":0,"item_purchase_floors":[],"current_hp_per_floor":[67,66,66,66,64,64,64,64,64,52,21,17,17,7,19,56,75,88,83,54,54],"gold":224,"neow_bonus":"THREE_CARDS","is_daily":false,"chose_seed":false,"campfire_upgraded":2,"win_rate":0.0,"timestamp":1611082934,"path_taken":["M","M","M","?","?","R","E","M","T","M","E","?","?","M","R","BOSS","M","?","M"],"items_purchased_type":[],"build_version":"2020-12-22","purchased_purges":0,"victory":false,"max_hp_per_floor":[75,75,75,75,75,75,75,75,75,75,75,75,75,75,75,75,75,75,75,75,75],"card_choices":[{"not_picked":["PhosphoricSlash","PreachingAvici"],"picked":"SuddenPhantomFormationSlashOfKarmicWind","floor":0.0},{"not_picked":["HumanKnowledgeSword","PhosphoricSlash"],"picked":"FlashingScatteredFlowers","floor":1.0},{"not_picked":["LowerRealmReflectionSlash","TwoHundredYojanaInOneSlash"],"picked":"SwordExtraction","floor":2.0},{"not_picked":["SwordOfBindingDesires","CherryBlossomFlashing"],"picked":"ConstancyOfTheConventionalTruth","floor":3.0},{"not_picked":["TwoHundredYojanaInOneSlash","FlashingScatteredFlowers"],"picked":"HumanKnowledgeSword","floor":5.0},{"not_picked":["HeavenlyHaloSlash","SwordOfBindingDesires"],"picked":"CelestialStarSword","floor":7.0},{"not_picked":["PhosphoricSlash","HumanKnowledgeSword"],"picked":"ObsessionWithThePresentWorld","floor":8.0},{"not_picked":["ConstancyOfTheConventionalTruth","FlashingScatteredFlowers"],"picked":"CrescentMoonSlash","floor":10.0},{"not_picked":["LifeCuttingSword","FlashingScatteredFlowers"],"picked":"LowerRealmReflectionSlash","floor":11.0},{"not_picked":["BizarrenessOfSixRealms","SpiritCuttingSword"],"picked":"ObsessionSword","floor":12.0},{"not_picked":["LowerRealmReflectionSlash","ThoughtCuttingSword"],"picked":"SpiritCuttingSword","floor":14.0},{"not_picked":["IrresoluteSoul","ASingleThoughtAndInfiniteKalpas"],"picked":"HellRealmSword","floor":16.0},{"not_picked":["HumanKnowledgeSword","CherryBlossomFlashing"],"picked":"HellFireSword","floor":18.0},{"not_picked":["ObsessionSword","HumanKnowledgeSword"],"picked":"PretaSword","floor":19}],"player_experience":13033,"relics_obtained":[{"floor":1.0,"key":"LetterFromLob"},{"floor":7.0,"key":"Eternal Feather"},{"floor":9.0,"key":"Darkstone Periapt"},{"floor":11.0,"key":"War Paint"}],"event_choices":[],"is_beta":false,"boss_relics":[{"not_picked":["Coffee Dripper","SacredBark"],"picked":"Snecko Eye"}],"items_purged_floors":[],"is_endless":false,"potions_floor_spawned":[2,7,10,12,16],"killed_by":"Gensokyo:Chomper_and_Gloop","ascension_level":2}}