{"host":"03m7b8d5u2ige8va","time":1611039450,"event":{"mods":["BaseMod","Downfall","Minty Spire (QoL Compilation)","StSLib","SuperFastMode"],"gold_per_floor":[99,99,99,99,99,129,129,129,154,79,106,56,69,129,142,243,243,193,210,210,210,30,41,118,137,87,101,121,151,151,176,186,284,284,234,284,519,147,158,108,184,213,223,248,258,287,237,266,283,283],"floor_reached":51,"language":"ZHS","playtime":2745,"items_purged":["Slimebound:Recollect","downfall:Bewildered","Slimebound:CorrosiveSpit"],"score":920,"play_id":"a3552f19-5356-4449-95db-ce82c4eff4c0","local_time":"20210119145729","is_ascension_mode":true,"campfire_choices":[{"data":"Slimebound:Split","floor":1,"key":"SMITH"},{"data":"Slimebound:Nibble","floor":8,"key":"SMITH"},{"data":"Slimebound:Dissolve","floor":12,"key":"SMITH"},{"data":"Slimebound:Gluttony","floor":18,"key":"SMITH"},{"data":"Slimebound:SplitSpecialist","floor":26,"key":"SMITH"},{"data":"Slimebound:Overexert","floor":35,"key":"SMITH"},{"data":"Slimebound:LevelUp","floor":40,"key":"SMITH"},{"data":"Slimebound:Tackle","floor":47,"key":"PURGE"}],"circlet_count":0,"master_deck":["Slimebound:Strike_Slimebound+1","Slimebound:Strike_Slimebound+1","Slimebound:Defend_Slimebound","Slimebound:Defend_Slimebound","Slimebound:Defend_Slimebound","Slimebound:Defend_Slimebound","Slimebound:Split+1","Slimebound:Nibble+1","Slimebound:Dissolve+1","Slimebound:GoopSpray","Slimebound:SplitSpecialist+1","Slimebound:Gluttony+1","Slimebound:Darklings","Slimebound:LevelUp+1","Slimebound:MegaLick+1","Slimebound:SamplingLick","Slimebound:Nibble+1","Slimebound:PressTheAttack+1","Slimebound:TongueLash+1","Slimebound:TongueLash+1","Slimebound:LivingWall","Slimebound:Teamwork","Slimebound:TongueLash+1","Slimebound:SplitLeeching","Slimebound:SplitLeeching","Slimebound:ProtectTheBoss+1","Slimebound:Overexert+1","Slimebound:ForwardTackle+1","Slimebound:SlimeBarrage+1","Slimebound:SplitSpecialist+1","Slimebound:SlimeTap","Slimebound:Repurpose","Slimebound:Dissolve+1"],"relics":["Slimebound:AbsorbEndCombat","downfall:HeartsMalice","Tiny Chest","Molten Egg 2","The Courier","Thread and Needle","Prayer Wheel","Slimebound:GreedOozeRelic","Whetstone","Orichalcum","Philosopher\u0027s Stone","Incense Burner","InkBottle","MealTicket","sneckomod:BabySnecko","Boot","Coffee Dripper","Torii","Kunai","Question Card","Peace Pipe","Bronze Scales","Shovel","Omamori"],"acts_visited":["Exordium","TheCity","TheBeyond"],"potions_floor_usage":[37,37,50,50],"damage_taken":[{"damage":0,"enemies":"Cultist","floor":2,"turns":1},{"damage":0,"enemies":"Lagavulin","floor":6,"turns":1},{"damage":0,"enemies":"3 Sentries","floor":9,"turns":1},{"damage":0,"enemies":"2 Louse","floor":13,"turns":1},{"damage":7,"enemies":"Lagavulin Event","floor":14,"turns":5},{"damage":0,"enemies":"Jaw Worm","floor":15,"turns":2},{"damage":39,"enemies":"WA_ARCHETYPE_RETAIN","floor":16,"turns":7},{"damage":3,"enemies":"Shell Parasite","floor":19,"turns":3},{"damage":0,"enemies":"downfall:FleeingMerchant","floor":22,"turns":4},{"damage":10,"enemies":"Snake Plant","floor":23,"turns":3},{"damage":0,"enemies":"Snecko","floor":25,"turns":3},{"damage":0,"enemies":"Sentry and Sphere","floor":27,"turns":3},{"damage":0,"enemies":"Cultist and Chosen","floor":28,"turns":4},{"damage":0,"enemies":"Slavers","floor":29,"turns":3},{"damage":9,"enemies":"Gremlin Leader","floor":31,"turns":3},{"damage":0,"enemies":"3 Cultists","floor":32,"turns":3},{"damage":4,"enemies":"IC_MUSHROOM_ARCHETYPE","floor":33,"turns":6},{"damage":0,"enemies":"IC_MUSHROOM_ARCHETYPE","floor":36,"turns":4},{"damage":0,"enemies":"downfall:FleeingMerchant","floor":37,"turns":3},{"damage":0,"enemies":"Orb Walker","floor":39,"turns":3},{"damage":1,"enemies":"Nemesis","floor":42,"turns":3},{"damage":0,"enemies":"3 Darklings","floor":43,"turns":3},{"damage":0,"enemies":"Maw","floor":45,"turns":3},{"damage":1,"enemies":"Reptomancer","floor":46,"turns":4},{"damage":0,"enemies":"Giant Head","floor":48,"turns":6},{"damage":3,"enemies":"Transient","floor":49,"turns":5},{"damage":44,"enemies":"SI_POISON_ARCHETYPE","floor":50,"turns":4}],"seed_played":"-707643653911616449","potions_obtained":[{"floor":13,"key":"SteroidPotion"},{"floor":14,"key":"FearPotion"},{"floor":16,"key":"Weak Potion"},{"floor":25,"key":"Swift Potion"},{"floor":28,"key":"DistilledChaos"},{"floor":46,"key":"FearPotion"}],"is_trial":false,"path_per_floor":["R","M","T","?","T","E","T","R","E","?","T","R","M","?","M","B",null,"R","M","?","T","$","M","T","M","R","M","M","E","?","E","M","B",null,"R","?","$","?","M","R","T","E","M","T","M","E","R","E","M","B",null],"character_chosen":"SLIMEBOUND","items_purchased":["Slimebound:Nibble+1","Slimebound:PressTheAttack+1","Slimebound:SlimeBarrage+1","Kunai"],"campfire_rested":0,"item_purchase_floors":[22,22,38,38],"current_hp_per_floor":[65,65,65,65,65,65,65,65,65,65,65,65,65,64,65,26,65,65,62,62,62,65,59,59,65,65,65,65,65,65,62,65,65,65,65,65,65,65,65,65,65,65,65,65,65,65,65,65,65,25],"gold":283,"neow_bonus":"THREE_ENEMY_KILL","is_daily":false,"chose_seed":false,"campfire_upgraded":7,"win_rate":0.0,"timestamp":1611039449,"path_taken":["R","M","?","?","?","E","T","R","E","?","?","R","?","?","M","BOSS","R","M","?","?","$","M","T","M","R","M","M","E","?","E","M","BOSS","R","?","$","?","M","R","T","E","M","?","M","E","R","E","M","BOSS"],"items_purchased_type":["Card","Card","Card","Relic"],"build_version":"2020-12-22","purchased_purges":3,"victory":true,"max_hp_per_floor":[65,65,65,65,65,65,65,65,65,65,65,65,65,65,65,65,65,65,65,65,65,65,65,65,65,65,65,65,65,65,65,65,65,65,65,65,65,65,65,65,65,65,65,65,65,65,65,65,65,65],"card_choices":[{"not_picked":["Slimebound:SamplingLick","Slimebound:SlimeSpikes"],"picked":"Slimebound:Nibble","floor":2},{"not_picked":["Slimebound:FormOfPuddle","Slimebound:RollThrough+1"],"picked":"Slimebound:Dissolve","floor":6},{"not_picked":["Slimebound:AcidTongue","Slimebound:PressTheAttack+1","Slimebound:LevelUp"],"picked":"SKIP","floor":9},{"not_picked":["Slimebound:FinishingTackle+1","Slimebound:ForwardTackle+1"],"picked":"Slimebound:GoopSpray","floor":13},{"not_picked":["Slimebound:Chomp+1","Slimebound:ServeAndProtect","Slimebound:GoopSpray"],"picked":"SKIP","floor":13},{"not_picked":["Slimebound:FinishingTackle+1","Slimebound:ProtectTheBoss"],"picked":"Slimebound:Recollect","floor":14},{"not_picked":["Slimebound:DisruptingSlam+1","Slimebound:ProtectTheBoss"],"picked":"Slimebound:SplitSpecialist","floor":15},{"not_picked":["Slimebound:AcidTongue","Slimebound:SlimeBrawl"],"picked":"Slimebound:Gluttony","floor":15},{"not_picked":["Slimebound:RallyTheTroops+1","Slimebound:DouseInSlime"],"picked":"Slimebound:Darklings","floor":16},{"not_picked":["Slimebound:FinishingTackle+1","Slimebound:ItLooksTasty+1"],"picked":"Slimebound:LevelUp","floor":19},{"not_picked":["Slimebound:GoopTackle+1","Slimebound:ItLooksTasty+1"],"picked":"Slimebound:MegaLick+1","floor":19},{"not_picked":["Slimebound:SplitAcid","Slimebound:FinishingTackle+1"],"picked":"Slimebound:SamplingLick","floor":22},{"not_picked":["Slimebound:MegaLick","Slimebound:LeadByExample+1"],"picked":"Slimebound:TongueLash+1","floor":23},{"not_picked":["Slimebound:GoopTackle+1","Slimebound:SplitBruiser","Slimebound:RollThrough+1"],"picked":"SKIP","floor":23},{"not_picked":["Slimebound:DivideAndConquer+1","Slimebound:ServeAndProtect","Slimebound:Nibble+1"],"picked":"SKIP","floor":25},{"not_picked":["Slimebound:Recycling","Slimebound:Nibble+1","Slimebound:SlimeTap"],"picked":"SKIP","floor":25},{"not_picked":["Slimebound:GrowthPunch+1","Slimebound:RollThrough+1"],"picked":"Slimebound:TongueLash+1","floor":27},{"not_picked":["Slimebound:Prepare","Slimebound:ProtectTheBoss+1"],"picked":"Slimebound:LivingWall","floor":27},{"not_picked":["Slimebound:SamplingLick","Slimebound:Chomp+1"],"picked":"Slimebound:Teamwork","floor":28},{"not_picked":["Slimebound:RollThrough+1","Slimebound:FinishingTackle+1","Slimebound:Prepare"],"picked":"SKIP","floor":28},{"not_picked":["Slimebound:RollThrough+1","Slimebound:GrowthPunch+1"],"picked":"Slimebound:TongueLash+1","floor":29},{"not_picked":["Slimebound:SplitBruiser","Slimebound:LivingWall"],"picked":"Slimebound:SplitLeeching","floor":31},{"not_picked":["Slimebound:ProtectTheBoss","Slimebound:Dissolve"],"picked":"Slimebound:SplitLeeching","floor":32},{"not_picked":["Slimebound:LeechEnergy+1","Slimebound:SplitMire+1"],"picked":"Slimebound:ProtectTheBoss+1","floor":32},{"not_picked":["Slimebound:WasteNot","Slimebound:OozeBath"],"picked":"Slimebound:Overexert","floor":33},{"not_picked":["Slimebound:SlimeBrawl","Slimebound:Recollect"],"picked":"Slimebound:ForwardTackle+1","floor":37},{"not_picked":["Slimebound:RainOfGoop","Slimebound:SplitAcid","Slimebound:SplitMire+1"],"picked":"SKIP","floor":39},{"not_picked":["Slimebound:FinishingTackle+1","Slimebound:Prepare","Slimebound:LivingWall+1"],"picked":"SKIP","floor":39},{"not_picked":["Slimebound:Grow","Slimebound:HauntingLick+1","Slimebound:GoopSpray"],"picked":"Slimebound:SplitSpecialist+1","floor":42},{"not_picked":["Slimebound:SamplingLick","Slimebound:SlimeBrawl+1","Slimebound:LeechEnergy+1"],"picked":"Slimebound:SlimeTap","floor":43},{"not_picked":["Slimebound:GoopTackle+1","Slimebound:Grow+1","Slimebound:LeechingTouch+1","Slimebound:BestDefense+1"],"picked":"SKIP","floor":43},{"not_picked":["Slimebound:GoopTackle+1","Slimebound:Grow","Slimebound:LeechingTouch+1","Slimebound:SlimeBrawl"],"picked":"SKIP","floor":45},{"not_picked":["Slimebound:GoopSpray","Slimebound:SamplingLick","Slimebound:SplitAcid","Slimebound:LeechingTouch+1"],"picked":"SKIP","floor":45},{"not_picked":["Slimebound:TagTeam+1","Slimebound:LevelUp","Slimebound:SplitAcid+1"],"picked":"Slimebound:Repurpose","floor":46},{"not_picked":["Slimebound:SplitAcid","Slimebound:ItLooksTasty+1","Slimebound:ComboTackle+1"],"picked":"Slimebound:Dissolve+1","floor":48},{"not_picked":["Slimebound:AcidTongue","Slimebound:Prepare","Slimebound:ForwardTackle+1","Slimebound:RejuvenatingLick"],"picked":"SKIP","floor":49},{"not_picked":["Slimebound:Prepare+1","Slimebound:SlimeSpikes","Slimebound:PressTheAttack+1","Slimebound:GoopSpray"],"picked":"SKIP","floor":49}],"player_experience":344109,"relics_obtained":[{"floor":3,"key":"Tiny Chest"},{"floor":5,"key":"Molten Egg 2"},{"floor":6,"key":"The Courier"},{"floor":7,"key":"Thread and Needle"},{"floor":9,"key":"Prayer Wheel"},{"floor":11,"key":"Whetstone"},{"floor":14,"key":"Orichalcum"},{"floor":21,"key":"Incense Burner"},{"floor":24,"key":"InkBottle"},{"floor":29,"key":"MealTicket"},{"floor":31,"key":"Boot"},{"floor":36,"key":"Torii"},{"floor":41,"key":"Question Card"},{"floor":42,"key":"Peace Pipe"},{"floor":44,"key":"Bronze Scales"},{"floor":46,"key":"Shovel"},{"floor":48,"key":"Omamori"}],"event_choices":[],"is_beta":false,"boss_relics":[{"not_picked":["Snecko Eye","bronze:MakeshiftBattery"],"picked":"Philosopher\u0027s Stone"},{"not_picked":["SlaversCollar","Slimebound:TarBlob"],"picked":"Coffee Dripper"}],"items_purged_floors":[22,37,38],"is_endless":false,"potions_floor_spawned":[13,14,16,25,27,28,29,32,33,36,46,48,49],"ascension_level":1}}