{"host":"5jzx1090woovszu4","time":1611030119,"event":{"mods":["BaseMod","Minty Spire (QoL Compilation)","Robot Space Explorer","Spicy Shops","StSLib","The Dragon Tamer"],"gold_per_floor":[115,115,134,146,246,280,280,313,313,324,349,349,349,382,382,487,487,501,520,520,435,203,233,233,264,264,464,499,499,527,170,170,266,266,281,281,281,281,301,327,327,358,382,413,467,4,29,40,40,40],"floor_reached":51,"language":"ENG","playtime":1623,"items_purged":["Regret"],"score":1508,"play_id":"fa9bedbb-27d0-427f-a45c-47c1b60c7e3c","local_time":"20210119052159","daily_mods":["SealedDeck","Elite Swarm"],"is_ascension_mode":false,"metric_token":403,"campfire_choices":[{"data":"DTMod:BurningForce","floor":7,"key":"SMITH"},{"data":"DTMod:BurningForce","floor":13,"key":"SMITH"},{"data":"DTMod:BlazingStrike","floor":15,"key":"SMITH"},{"data":"DTMod:GearUp","floor":24,"key":"SMITH"},{"data":"DTMod:BlazingStrike","floor":29,"key":"SMITH"},{"data":"Secret Weapon","floor":32,"key":"SMITH"},{"data":"DTMod:EchoTactic","floor":41,"key":"SMITH"},{"data":"Master of Strategy","floor":49,"key":"SMITH"}],"dtmod_dragon_data":[56,56,0,1,4,8],"circlet_count":0,"master_deck":["DTMod:Hide","DTMod:BurningEnergy","DTMod:CleansingStrike","DTMod:Cover","DTMod:BurningEnergy","DTMod:BurningForce+1","DTMod:BlazingStrike+1","DTMod:BlazingStrike+1","DTMod:BurningForce+1","DTMod:BlazingStrike+1","DTMod:BurningEnergy+1","DTMod:Outburst","DTMod:GearUp+1","DTMod:BlazingStrike+1","DTMod:HeadStart+1","DTMod:EchoTactic+1","Secret Weapon+1","DTMod:Inferno+1","Master of Strategy+1","DTMod:BurningForce+1","DTMod:Inferno+1"],"relics":["DTMod:PactStone","Tiny Chest","HornCleat","Ancient Tea Set","Ginger","Lizard Tail","Philosopher\u0027s Stone","Incense Burner","Bag of Marbles","Membership Card","War Paint","Eternal Feather","Molten Egg 2","StrikeDummy","Mango","Prayer Wheel","PreservedInsect","Strange Spoon","DTMod:AncientBone","SlaversCollar","Bottled Lightning","Strawberry","Shuriken","Pear","Bronze Scales","Frozen Egg 2","CaptainsWheel","DollysMirror","Whetstone","Art of War"],"acts_visited":["Exordium","TheCity","TheBeyond"],"potions_floor_usage":[11,16,18,23,33,33,50,50],"damage_taken":[{"damage":0,"enemies":"Cultist","floor":1,"turns":1},{"damage":0,"enemies":"2 Louse","floor":3,"turns":1},{"damage":0,"enemies":"Small Slimes","floor":4,"turns":2},{"damage":0,"enemies":"Lagavulin","floor":6,"turns":2},{"damage":0,"enemies":"3 Sentries","floor":8,"turns":2},{"damage":0,"enemies":"Exordium Wildlife","floor":10,"turns":2},{"damage":0,"enemies":"Lagavulin","floor":11,"turns":2},{"damage":0,"enemies":"3 Sentries","floor":14,"turns":2},{"damage":0,"enemies":"The Guardian","floor":16,"turns":2},{"damage":0,"enemies":"2 Thieves","floor":18,"turns":1},{"damage":0,"enemies":"Spheric Guardian","floor":19,"turns":1},{"damage":0,"enemies":"Book of Stabbing","floor":23,"turns":2},{"damage":0,"enemies":"Slavers","floor":25,"turns":2},{"damage":0,"enemies":"Book of Stabbing","floor":28,"turns":2},{"damage":0,"enemies":"Gremlin Leader","floor":30,"turns":1},{"damage":0,"enemies":"Champ","floor":33,"turns":3},{"damage":0,"enemies":"3 Shapes","floor":35,"turns":1},{"damage":0,"enemies":"Orb Walker","floor":39,"turns":1},{"damage":0,"enemies":"Nemesis","floor":40,"turns":1},{"damage":0,"enemies":"Reptomancer","floor":42,"turns":1},{"damage":0,"enemies":"Giant Head","floor":44,"turns":1},{"damage":0,"enemies":"2 Orb Walkers","floor":45,"turns":1},{"damage":0,"enemies":"Transient","floor":48,"turns":5},{"damage":0,"enemies":"Donu and Deca","floor":50,"turns":2}],"seed_played":"-8598590694221516503","potions_obtained":[{"floor":3,"key":"SteroidPotion"},{"floor":4,"key":"AttackPotion"},{"floor":8,"key":"FearPotion"},{"floor":14,"key":"Dexterity Potion"},{"floor":16,"key":"Fire Potion"},{"floor":18,"key":"PowerPotion"},{"floor":23,"key":"Energy Potion"},{"floor":44,"key":"PowerPotion"}],"is_trial":true,"path_per_floor":["M","?","M","M","?","E","R","E","T","M","E","?","R","E","R","B",null,"M","M","T","?","$","E","R","E","T","?","E","R","E","$","R","B",null,"M","?","T","?","M","E","R","E","T","E","?","$","T","M","R","B",null],"character_chosen":"THE_DT","items_purchased":["Membership Card","War Paint","PreservedInsect","Strange Spoon","DTMod:AncientBone","Secret Weapon","Master of Strategy","DTMod:BurningForce+1","DollysMirror","Whetstone","PowerPotion"],"campfire_rested":0,"item_purchase_floors":[22,22,31,31,31,31,46,46,46,46,46],"current_hp_per_floor":[45,45,45,45,45,45,45,45,45,45,45,45,45,45,45,45,45,45,45,45,45,45,45,45,45,45,45,59,59,59,59,59,59,59,59,59,59,66,66,66,66,76,76,76,76,76,76,76,76,76],"gold":40,"neow_bonus":"","is_daily":false,"chose_seed":false,"campfire_upgraded":8,"win_rate":0.0,"timestamp":1611030119,"path_taken":["M","?","?","M","?","E","R","E","T","?","E","?","R","E","R","BOSS","M","?","?","?","$","E","R","E","T","?","E","R","E","$","R","BOSS","M","?","?","?","?","E","R","E","T","E","?","$","?","M","R","BOSS"],"items_purchased_type":["Relic","Relic","Relic","Relic","Relic","Card","Card","Card","Relic","Relic","Potion"],"build_version":"2020-12-22","purchased_purges":1,"victory":true,"max_hp_per_floor":[45,45,45,45,45,45,45,45,45,45,45,45,45,45,45,45,45,45,45,45,45,45,45,45,45,45,45,59,59,59,59,59,59,59,59,59,59,66,66,66,66,76,76,76,76,76,76,76,76,76],"card_choices":[{"not_picked":["DTMod:BizarreTactic","DTMod:MasterPlan"],"picked":"DTMod:BlazingStrike","floor":1},{"not_picked":["DTMod:BizarreTactic","DTMod:StarRain"],"picked":"DTMod:BurningEnergy","floor":3},{"not_picked":["DTMod:BreakAttack","DTMod:Threaten","DTMod:FlameSlash"],"picked":"SKIP","floor":4},{"not_picked":["DTMod:RepeatStrike","DTMod:FierySynthesis"],"picked":"DTMod:Outburst","floor":6},{"not_picked":["DTMod:Inferno","DTMod:LightShield"],"picked":"DTMod:GearUp","floor":8},{"not_picked":["DTMod:BizarreTactic","DTMod:MaximumCharge"],"picked":"DTMod:BlazingStrike","floor":10},{"not_picked":["DTMod:StunTrap","DTMod:LightShield","DTMod:GearUp"],"picked":"SKIP","floor":11},{"not_picked":["DTMod:Multitask","DTMod:StunTrap"],"picked":"DTMod:HeadStart","floor":14},{"not_picked":["DTMod:BreakAttack","DTMod:RecklessFlurry","DTMod:Observe+1"],"picked":"SKIP","floor":18},{"not_picked":["DTMod:Adaptation","DTMod:FlameSlash","DTMod:GhostSkin+1"],"picked":"SKIP","floor":19},{"not_picked":["DTMod:RepeatStrike","DTMod:Harmonize","DTMod:Outburst"],"picked":"SKIP","floor":23},{"not_picked":["DTMod:ResonanceForm","DTMod:OpeningTactic+1","DTMod:Safeguard"],"picked":"SKIP","floor":25},{"not_picked":["DTMod:GearUp","DTMod:OpeningTactic+1","DTMod:Prediction"],"picked":"SKIP","floor":28},{"not_picked":["DTMod:Multitask","DTMod:Harmonize"],"picked":"DTMod:EchoTactic","floor":30},{"not_picked":["DTMod:StunTrap","DTMod:EchoTactic"],"picked":"DTMod:Inferno+1","floor":33},{"not_picked":["DTMod:TagTeam","DTMod:HeatWave+1","DTMod:Haste"],"picked":"SKIP","floor":35},{"not_picked":["DTMod:Feint+1","DTMod:CleansingStrike+1","DTMod:Threaten+1"],"picked":"SKIP","floor":35},{"not_picked":["DTMod:Dissolve","DTMod:MasterPlan","DTMod:CleansingStrike+1"],"picked":"SKIP","floor":39},{"not_picked":["DTMod:LowKick+1","DTMod:LastStand","DTMod:BreakAttack+1"],"picked":"SKIP","floor":39},{"not_picked":["DTMod:RepeatStrike+1","DTMod:Prediction","DTMod:Multitask"],"picked":"SKIP","floor":40},{"not_picked":["DTMod:ShadowImage","DTMod:Outburst","DTMod:Multitask"],"picked":"SKIP","floor":42},{"not_picked":["DTMod:GearUp","DTMod:Multitask+1","DTMod:Harmonize+1"],"picked":"SKIP","floor":44},{"not_picked":["DTMod:BizarreTactic+1","DTMod:Feint+1","DTMod:BreakAttack+1"],"picked":"SKIP","floor":48},{"not_picked":["DTMod:Feint+1","DTMod:CalculatedDefense+1","DTMod:HeatWave+1"],"picked":"SKIP","floor":48}],"player_experience":637019,"relics_obtained":[{"floor":6,"key":"Tiny Chest"},{"floor":8,"key":"HornCleat"},{"floor":9,"key":"Ancient Tea Set"},{"floor":11,"key":"Ginger"},{"floor":14,"key":"Lizard Tail"},{"floor":20,"key":"Incense Burner"},{"floor":23,"key":"Eternal Feather"},{"floor":25,"key":"Molten Egg 2"},{"floor":26,"key":"StrikeDummy"},{"floor":28,"key":"Mango"},{"floor":30,"key":"Prayer Wheel"},{"floor":37,"key":"Bottled Lightning"},{"floor":40,"key":"Shuriken"},{"floor":42,"key":"Pear"},{"floor":43,"key":"Bronze Scales"},{"floor":44,"key":"Frozen Egg 2"},{"floor":45,"key":"CaptainsWheel"},{"floor":47,"key":"Art of War"}],"event_choices":[{"damage_healed":0,"gold_gain":0,"player_choice":"Ignored","damage_taken":0,"max_hp_gain":0,"max_hp_loss":0,"event_name":"NoteForYourself","floor":2,"gold_loss":0},{"damage_healed":0,"gold_gain":100,"player_choice":"Pray","damage_taken":0,"max_hp_gain":0,"max_hp_loss":0,"event_name":"Golden Shrine","floor":5,"gold_loss":0},{"cards_removed":["DTMod:FlameSlash"],"damage_healed":5,"gold_gain":0,"player_choice":"Offered Common","damage_taken":0,"max_hp_gain":0,"max_hp_loss":0,"event_name":"Bonfire Elementals","floor":12,"gold_loss":0},{"cards_removed":["DTMod:FlameSlash"],"damage_healed":5,"gold_gain":0,"player_choice":"Offered Special","damage_taken":0,"max_hp_gain":0,"max_hp_loss":0,"event_name":"Bonfire Elementals","floor":12,"gold_loss":0},{"damage_healed":0,"gold_gain":0,"player_choice":"Obtained Relic","damage_taken":0,"relics_obtained":["Bag of Marbles"],"max_hp_gain":0,"max_hp_loss":0,"event_name":"Addict","floor":21,"gold_loss":85},{"damage_healed":0,"gold_gain":200,"player_choice":"Gold","damage_taken":0,"max_hp_gain":0,"max_hp_loss":0,"event_name":"Wheel of Change","floor":27,"gold_loss":0},{"damage_healed":0,"gold_gain":0,"player_choice":"0 cards matched","damage_taken":0,"max_hp_gain":0,"max_hp_loss":0,"event_name":"Match and Keep!","floor":36,"gold_loss":0,"cards_obtained":[]},{"damage_healed":0,"gold_gain":0,"player_choice":"Gave Potion","damage_taken":0,"relics_obtained":["Strawberry"],"max_hp_gain":0,"max_hp_loss":0,"event_name":"WeMeetAgain","floor":38,"gold_loss":0},{"damage_healed":0,"gold_gain":0,"player_choice":"Fight","damage_taken":0,"max_hp_gain":0,"max_hp_loss":0,"event_name":"Mysterious Sphere","floor":45,"gold_loss":0}],"is_beta":false,"boss_relics":[{"not_picked":["Empty Cage","Cursed Key"],"picked":"Philosopher\u0027s Stone"},{"not_picked":["Snecko Eye","Astrolabe"],"picked":"SlaversCollar"}],"items_purged_floors":[31],"is_endless":false,"potions_floor_spawned":[3,4,8,14,16,18,19,23,44],"ascension_level":0}}