{"host":"evor8co6wap25kfw","time":1611029243,"event":{"mods":["100% Spire Juice","ATMod(°¢èªMod)","Act Like it!","BaseMod","Conspire","Dota2Spire","KinomotoSakuraMod(Ä¾Ö®±¾Ó£)","Koishi","KomeijiMod","Minty Spire (QoL Compilation)","MostiFishMod","Reimu£¨²©ÀöÁéÃÎ£©","Replay The Spire","SOS£¨Ë¹°Í´ïÖ®×Ó£©","StSLib","The Saiyan","The Servant 0.9.4","vexMod","¡¾ÒÅÎï¿¨ÅÆ¡¿REMEMod"],"gold_per_floor":[217,235,123,158,158,158,223,249,274,274,274],"floor_reached":10,"language":"ZHS","playtime":573,"items_purged":["Vault"],"score":116,"play_id":"7d8d9d37-ee40-4605-bc0a-de7ed7f18646","local_time":"20210119120723","is_ascension_mode":false,"campfire_choices":[{"data":"MostiFishMod:Nomercy","floor":6,"key":"SMITH"}],"circlet_count":0,"master_deck":["Strike_P","Strike_P","Strike_P","Strike_P","Defend_P","Defend_P","Defend_P","Eruption","Vigilance","AT_FamilyPortrait","Replay:BluntJabs","MostiFishMod:Nomercy+1","FearNoEvil","Pray","CarveReality+1","Conclude"],"relics":["PureWater","AT_ATBox","REME_ComplimentaryCards","DaveBox","DianDianMeat","SynthV:TestCard","Pen Nib","Bottled Lightning","Orichalcum"],"acts_visited":["Exordium"],"potions_floor_usage":[8],"damage_taken":[{"damage":0,"enemies":"Cultist","floor":1,"turns":2},{"damage":3,"enemies":"2 Louse","floor":2,"turns":2},{"damage":6,"enemies":"Jaw Worm","floor":4,"turns":2},{"damage":61,"enemies":"Lagavulin Event","floor":7,"turns":7},{"damage":22,"enemies":"Replay:BlueRogue","floor":8,"turns":2},{"damage":26,"enemies":"Lagavulin","floor":10,"turns":3}],"seed_played":"-7166718395135769750","potions_obtained":[{"floor":7,"key":"Dexterity Potion"},{"floor":8,"key":"GamblersBrew"}],"is_trial":false,"path_per_floor":["M","M","$","M","?","R","?","E","T","E"],"character_chosen":"WATCHER","items_purchased":["FearNoEvil"],"campfire_rested":0,"item_purchase_floors":[3],"current_hp_per_floor":[78,79,84,84,91,91,38,16,16,0,0],"gold":274,"neow_bonus":"HUNDRED_GOLD","is_daily":false,"chose_seed":false,"campfire_upgraded":1,"win_rate":0.0,"timestamp":1611029243,"path_taken":["M","M","$","?","?","R","?","E","T","E"],"items_purchased_type":["Card"],"build_version":"2020-12-22","purchased_purges":1,"victory":false,"max_hp_per_floor":[78,82,87,93,100,100,108,108,108,108,108],"card_choices":[{"not_picked":["Study","REME_Repentance"],"picked":"Replay:BluntJabs","floor":1},{"not_picked":["Replay:Hum","SashWhip","Replay:AtTheReady","ClearTheMind"],"picked":"MostiFishMod:Nomercy","floor":2},{"not_picked":["PathToVictory","CrushJoints","Replay:AtTheReady","Replay:BluntJabs"],"picked":"Pray","floor":4},{"not_picked":["PathToVictory","InnerPeace","Swivel","Evaluate"],"picked":"Conclude","floor":7},{"not_picked":["WindmillStrike","FollowUp","Swivel","LikeWater","REME_WorshipGod"],"picked":"SKIP","floor":8}],"player_experience":218342,"relics_obtained":[{"floor":1,"key":"SynthV:TestCard"},{"floor":7,"key":"Pen Nib"},{"floor":8,"key":"Bottled Lightning"},{"floor":9,"key":"Orichalcum"}],"event_choices":[{"damage_healed":0,"gold_gain":0,"player_choice":"Searched \u00271\u0027 times","damage_taken":0,"max_hp_gain":0,"max_hp_loss":0,"event_name":"Dead Adventurer","floor":7,"gold_loss":0}],"is_beta":false,"boss_relics":[],"items_purged_floors":[3],"is_endless":false,"potions_floor_spawned":[7,8],"killed_by":"Lagavulin","ascension_level":0}}