{"host":"xnrw1j8ho83czkv7","time":1611025961,"event":{"mods":["AchievementEnabler","BaseMod","Colored Map","Colored Powertips","Minty Spire (QoL Compilation)","Quick Restart","StSLib"],"gold_per_floor":[119,119,135,135,60,93,93,136,136,136,157,157,157,195,195,320,320,336,336,357,456,472,510,510,534,611,611,611],"floor_reached":27,"language":"ENG","playtime":1686,"items_purged":["Strike_B"],"score":299,"play_id":"6f3d615c-f563-4f32-a7c6-793362ce8d60","local_time":"20210119031241","is_ascension_mode":true,"campfire_choices":[{"data":"Zap","floor":7,"key":"SMITH"},{"data":"Dualcast","floor":10,"key":"SMITH"},{"data":"Compile Driver","floor":13,"key":"SMITH"},{"data":"Defend_B","floor":15,"key":"SMITH"},{"data":"Electrodynamics","floor":24,"key":"SMITH"}],"circlet_count":0,"master_deck":["Strike_B","Strike_B","Defend_B","Defend_B","Defend_B","Defend_B+1","Zap+1","Dualcast+1","Compile Driver+1","Coolheaded+1","Electrodynamics+1","Static Discharge","Leap+1","Auto Shields+1"],"relics":["Cracked Core","NeowsBlessing","Golden Idol","Matryoshka","Pen Nib","Omamori","Toxic Egg 2","Tiny Chest","Inserter","Enchiridion","Question Card","Blood Vial","Nunchaku","Mummified Hand"],"acts_visited":["Exordium","TheCity"],"potions_floor_usage":[8,16,22,23,23,27],"damage_taken":[{"damage":0,"enemies":"2 Louse","floor":1,"turns":1},{"damage":0,"enemies":"Cultist","floor":3,"turns":1},{"damage":0,"enemies":"Gremlin Nob","floor":6,"turns":1},{"damage":4,"enemies":"3 Sentries","floor":8,"turns":8},{"damage":0,"enemies":"Small Slimes","floor":11,"turns":3},{"damage":20,"enemies":"Lagavulin","floor":14,"turns":5},{"damage":17,"enemies":"The Guardian","floor":16,"turns":9},{"damage":8,"enemies":"3 Byrds","floor":18,"turns":2},{"damage":0,"enemies":"Spheric Guardian","floor":20,"turns":3},{"damage":26,"enemies":"Snake Plant","floor":22,"turns":3},{"damage":27,"enemies":"Gremlin Leader","floor":23,"turns":5},{"damage":13,"enemies":"Centurion and Healer","floor":27,"turns":4}],"seed_played":"2458379824842558136","potions_obtained":[{"floor":1,"key":"EssenceOfSteel"},{"floor":6,"key":"Block Potion"},{"floor":8,"key":"Regen Potion"},{"floor":14,"key":"FocusPotion"},{"floor":20,"key":"Weak Potion"},{"floor":22,"key":"SteroidPotion"}],"is_trial":false,"path_per_floor":["M","?","M","?","$","E","R","E","T","R","M","?","R","E","R","B",null,"M","?","M","?","M","E","R","T","T","M"],"character_chosen":"DEFECT","items_purchased":[],"campfire_rested":0,"item_purchase_floors":[],"current_hp_per_floor":[75,75,75,57,57,57,57,53,53,53,53,53,53,33,33,16,75,67,51,51,51,25,7,7,7,7,0,0],"gold":611,"neow_bonus":"THREE_ENEMY_KILL","is_daily":false,"chose_seed":false,"campfire_upgraded":5,"win_rate":0.0,"timestamp":1611025961,"path_taken":["M","?","?","?","?","E","R","E","T","R","?","?","R","E","R","BOSS","M","?","M","?","?","E","R","?","T","?"],"items_purchased_type":[],"build_version":"2020-12-22","purchased_purges":1,"victory":false,"max_hp_per_floor":[75,75,75,75,75,75,75,75,75,75,75,75,75,75,75,75,75,75,75,75,75,75,75,75,75,75,75,75],"card_choices":[{"not_picked":["Undo","Stack","Compile Driver"],"picked":"SKIP","floor":1},{"not_picked":["Barrage","Rebound"],"picked":"Coolheaded","floor":3},{"not_picked":["Darkness","Compile Driver","Heatsinks"],"picked":"SKIP","floor":6},{"not_picked":["Sweeping Beam","Go for the Eyes","Ball Lightning"],"picked":"SKIP","floor":8},{"not_picked":["FTL","Melter","Compile Driver"],"picked":"SKIP","floor":11},{"not_picked":["Double Energy+1","Go for the Eyes","Steam+1"],"picked":"SKIP","floor":14},{"not_picked":["Seek+1","Fission+1"],"picked":"Electrodynamics","floor":16},{"not_picked":["Go for the Eyes+1","Leap+1"],"picked":"Static Discharge","floor":18},{"not_picked":["Redo+1","Cold Snap"],"picked":"Leap+1","floor":20},{"not_picked":["Streamline+1","Hologram+1","Fusion+1"],"picked":"SKIP","floor":22},{"not_picked":["Cold Snap","Steam+1"],"picked":"Auto Shields+1","floor":23}],"player_experience":45200,"relics_obtained":[{"floor":6,"key":"Matryoshka"},{"floor":8,"key":"Pen Nib"},{"floor":9,"key":"Omamori"},{"floor":9,"key":"Toxic Egg 2"},{"floor":14,"key":"Tiny Chest"},{"floor":19,"key":"Enchiridion"},{"floor":23,"key":"Question Card"},{"floor":25,"key":"Blood Vial"},{"floor":25,"key":"Nunchaku"},{"floor":26,"key":"Mummified Hand"}],"event_choices":[{"damage_healed":0,"gold_gain":0,"cards_transformed":["Strike_B"],"player_choice":"Transformed","damage_taken":0,"max_hp_gain":0,"max_hp_loss":0,"event_name":"Transmorgrifier","floor":2,"gold_loss":0,"cards_obtained":["Compile Driver"]},{"damage_healed":0,"gold_gain":0,"player_choice":"Take Damage","damage_taken":18,"relics_obtained":["Golden Idol"],"max_hp_gain":0,"max_hp_loss":0,"event_name":"Golden Idol","floor":4,"gold_loss":0},{"damage_healed":0,"gold_gain":0,"player_choice":"Forge","damage_taken":0,"max_hp_gain":0,"max_hp_loss":0,"event_name":"Accursed Blacksmith","floor":12,"gold_loss":0,"cards_upgraded":["Coolheaded"]},{"damage_healed":0,"gold_gain":0,"player_choice":"Obtained Book","damage_taken":16,"max_hp_gain":0,"max_hp_loss":0,"event_name":"Cursed Tome","floor":19,"gold_loss":0},{"damage_healed":0,"gold_gain":99,"player_choice":"Stole From Cult","damage_taken":0,"max_hp_gain":0,"max_hp_loss":0,"event_name":"Nest","floor":21,"gold_loss":0}],"is_beta":false,"boss_relics":[{"not_picked":["Snecko Eye","SlaversCollar"],"picked":"Inserter"}],"items_purged_floors":[5],"is_endless":false,"potions_floor_spawned":[1,6,8,14,20,22],"killed_by":"Centurion and Healer","ascension_level":2}}