{"host":"81ky99ge2noxnhld","time":1611070737,"event":{"mods":["Act Like it!","BaseMod","Friendly Minions","Hallownest","Hermit","HornydragonMod","Minty Spire (QoL Compilation)","SOS¡]´µ¤Ú?¤§¤l¡^","StSLib","Youmu¡]»î¾z§¯?¡^"],"gold_per_floor":[114,131,192,267,277,277,302,312,336,364,392,404,416,442,454,567,579,608,635,572,584,609,649,661,699,711,723,258,258,258],"floor_reached":29,"language":"ZHS","playtime":2090,"items_purged":["hermit:Defend_Hermit"],"score":273,"play_id":"badaea54-4f22-4a3c-8ff1-695149bae79a","local_time":"20210119233857","is_ascension_mode":false,"campfire_choices":[{"floor":15,"key":"REST"},{"floor":24,"key":"REST"},{"floor":27,"key":"REST"}],"circlet_count":0,"master_deck":["hermit:Strike_Hermit","hermit:Strike_Hermit","hermit:Strike_Hermit","hermit:Strike_Hermit","hermit:Defend_Hermit","hermit:Defend_Hermit","hermit:Snapshot","hermit:Covet","Clumsy","hermit:Deadeye","hermit:Headshot","hermit:Dive","hermit:HighCaliber","hermit:Enervate","hermit:Showdown+1","hermit:Quickdraw","hermit:Horror","hermit:HeroicBravado","hermit:Headshot+1","hermit:BigShot","hermit:TakeCover","hermit:GhostlyPresence","Mayhem"],"relics":["hermit:Momento","hermit:RedScarf","Anchor","Blood Vial","MawBank","White Beast Statue","Black Star","Oddly Smooth Stone","Mercury Hourglass","hermit:RyeStalk","Juzu Bracelet","Membership Card","Regal Pillow","Ancient Tea Set"],"acts_visited":["Exordium","TheCity"],"potions_floor_usage":[10,16,16,19,22,22,22,22,23,23,25,25,29,29,29],"damage_taken":[{"damage":0,"enemies":"Small Slimes","floor":1,"turns":3},{"damage":6,"enemies":"Jaw Worm","floor":2,"turns":2},{"damage":0,"enemies":"2 Louse","floor":5,"turns":2},{"damage":15,"enemies":"3 Sentries","floor":7,"turns":7},{"damage":0,"enemies":"Blue Slaver","floor":8,"turns":2},{"damage":13,"enemies":"Gremlin Nob","floor":10,"turns":3},{"damage":2,"enemies":"Looter","floor":11,"turns":2},{"damage":2,"enemies":"2 Fungi Beasts","floor":14,"turns":2},{"damage":46,"enemies":"Slime Boss","floor":16,"turns":8},{"damage":2,"enemies":"Spheric Guardian","floor":18,"turns":3},{"damage":47,"enemies":"3 Byrds","floor":19,"turns":6},{"damage":2,"enemies":"Cultist and Chosen","floor":22,"turns":5},{"damage":40,"enemies":"Book of Stabbing","floor":23,"turns":4},{"damage":15,"enemies":"Slavers","floor":25,"turns":4},{"damage":31,"enemies":"Book of Stabbing","floor":29,"turns":4}],"seed_played":"-8238047373092331289","potions_obtained":[{"floor":7,"key":"LiquidMemories"},{"floor":8,"key":"Explosive Potion"},{"floor":10,"key":"Block Potion"},{"floor":14,"key":"SpeedPotion"},{"floor":16,"key":"hermit:Tonic"},{"floor":18,"key":"Regen Potion"},{"floor":19,"key":"EntropicBrew"},{"floor":22,"key":"SneckoOil"},{"floor":23,"key":"SteroidPotion"},{"floor":25,"key":"Explosive Potion"}],"is_trial":false,"path_per_floor":["M","M","?","?","M","?","E","M","T","E","M","T","$","M","R","B",null,"M","M","?","?","M","E","R","E","T","R","$","E"],"character_chosen":"HERMIT","items_purchased":["Membership Card","Regal Pillow","Ancient Tea Set","Mayhem","Explosive Potion","SkillPotion"],"campfire_rested":3,"item_purchase_floors":[28,28,28,28,28,28],"current_hp_per_floor":[75,69,69,58,58,58,43,43,43,32,32,32,32,32,54,10,75,73,40,40,40,40,2,24,11,11,33,33,4,4],"gold":258,"neow_bonus":"ONE_RARE_RELIC","is_daily":false,"chose_seed":false,"campfire_upgraded":0,"win_rate":0.0,"timestamp":1611070737,"path_taken":["M","M","?","?","?","?","E","M","T","E","M","?","$","M","R","BOSS","M","M","?","?","?","E","R","E","T","R","?","E"],"items_purchased_type":["Relic","Relic","Relic","Card","Potion","Potion"],"build_version":"2020-12-22","purchased_purges":1,"victory":false,"max_hp_per_floor":[75,75,75,75,75,75,75,75,75,75,75,75,75,75,75,75,75,75,75,75,75,75,75,75,75,75,75,75,75,75],"card_choices":[{"not_picked":["hermit:Manifest","hermit:LowProfile"],"picked":"hermit:Deadeye","floor":1},{"not_picked":["hermit:Quickdraw","hermit:CursedWeapon"],"picked":"hermit:Headshot","floor":2},{"not_picked":["hermit:LoneWolf","hermit:HighNoon"],"picked":"hermit:Dive","floor":5},{"not_picked":["hermit:Coalescence","hermit:Vantage"],"picked":"hermit:Enervate","floor":7},{"not_picked":["hermit:ItchyTrigger","hermit:Coalescence"],"picked":"hermit:Showdown","floor":8},{"not_picked":["hermit:Cheat","hermit:Feint"],"picked":"hermit:LoneWolf","floor":10},{"not_picked":["hermit:NoHoldsBarred","hermit:Coalescence"],"picked":"hermit:Quickdraw","floor":11},{"not_picked":["hermit:WideOpen","hermit:FullyLoaded"],"picked":"hermit:Horror","floor":14},{"not_picked":["hermit:FinalCanter","hermit:HighNoon"],"picked":"hermit:HeroicBravado","floor":16},{"not_picked":["hermit:LowProfile+1","hermit:ItchyTrigger"],"picked":"hermit:Headshot+1","floor":18},{"not_picked":["hermit:Virtue","hermit:Cheat"],"picked":"hermit:BigShot","floor":19},{"not_picked":["hermit:Roulette","hermit:BodyArmor"],"picked":"hermit:TakeCover","floor":22},{"not_picked":["hermit:TrackingShot","hermit:Glare+1"],"picked":"hermit:GhostlyPresence","floor":23},{"not_picked":["hermit:CalledShot","hermit:TakeCover","hermit:FatalDesire"],"picked":"SKIP","floor":25}],"player_experience":100217,"relics_obtained":[{"floor":7,"key":"Anchor"},{"floor":9,"key":"Blood Vial"},{"floor":10,"key":"MawBank"},{"floor":12,"key":"White Beast Statue"},{"floor":23,"key":"Oddly Smooth Stone"},{"floor":23,"key":"Mercury Hourglass"},{"floor":25,"key":"hermit:RyeStalk"},{"floor":25,"key":"Juzu Bracelet"}],"event_choices":[{"damage_healed":0,"gold_gain":61,"player_choice":"Gained Gold","damage_taken":0,"max_hp_gain":0,"max_hp_loss":0,"event_name":"Golden Wing","floor":3,"gold_loss":0},{"damage_healed":0,"gold_gain":75,"player_choice":"Gather Gold","damage_taken":11,"max_hp_gain":0,"max_hp_loss":0,"event_name":"World of Goop","floor":4,"gold_loss":0},{"damage_healed":0,"gold_gain":0,"cards_transformed":["hermit:Defend_Hermit"],"player_choice":"Change","damage_taken":0,"max_hp_gain":0,"max_hp_loss":0,"event_name":"Living Wall","floor":6,"gold_loss":0,"cards_obtained":["hermit:HighCaliber"]},{"cards_removed":["hermit:LoneWolf"],"damage_healed":0,"gold_gain":0,"player_choice":"Gave Gold","damage_taken":0,"max_hp_gain":0,"max_hp_loss":0,"event_name":"Beggar","floor":20,"gold_loss":75},{"damage_healed":0,"gold_gain":0,"player_choice":"Forge","damage_taken":0,"max_hp_gain":0,"max_hp_loss":0,"event_name":"Accursed Blacksmith","floor":21,"gold_loss":0,"cards_upgraded":["hermit:Showdown"]}],"is_beta":false,"boss_relics":[{"not_picked":["Fusion Hammer","Runic Pyramid"],"picked":"Black Star"}],"items_purged_floors":[28],"is_endless":false,"potions_floor_spawned":[7,8,10,14,16,18,19,22,23,25],"killed_by":"Book of Stabbing","ascension_level":0}}