{"host":"9n6i2vl93jt4o42q","time":1611080387,"event":{"mods":["BaseMod","Minty Spire (QoL Compilation)","Relic Stats"],"gold_per_floor":[117,167,178,178,194,221,221,271,298,326,342,25,25,55,55,130,130,130,130,130,130,55,55,55,55,55,55,55,55,55,55,55,55,55,55,55,55,55,55,55,55,55,55,55,55,5,5,5,5,5,5,5,5,5,5,5,5],"floor_reached":56,"language":"ENG","playtime":11550,"items_purged":["Shame"],"score":1903,"play_id":"2eb980c0-9db0-48b2-9c26-606056363c27","local_time":"20210119191947","is_ascension_mode":true,"campfire_choices":[{"floor":7.0,"key":"REST"},{"floor":13.0,"key":"REST"},{"floor":15.0,"key":"REST"},{"data":"Envenom","floor":23.0,"key":"SMITH"},{"data":"Calculated Gamble","floor":28.0,"key":"SMITH"},{"data":"Catalyst","floor":32.0,"key":"SMITH"},{"floor":41.0,"key":"REST"},{"floor":44.0,"key":"RECALL"},{"floor":49.0,"key":"REST"},{"data":"Wraith Form v2","floor":53.0,"key":"SMITH"}],"circlet_count":0,"master_deck":["AscendersBane","Strike_G","Defend_G","Defend_G","Defend_G","Defend_G","Survivor","Neutralize","Reflex","Eviscerate+1","Backstab","Dagger Throw","Dagger Spray+1","Footwork","Calculated Gamble+1","Calculated Gamble","Adrenaline","Outmaneuver+1","Underhanded Strike+1","Envenom+1","Deadly Poison","Blade Dance","Catalyst+1","Underhanded Strike+1","Predator+1","Storm of Steel","Poisoned Stab+1","Acrobatics+1","Blade Dance+1","Wraith Form v2+1","Backflip+1"],"relics":["Ring of the Snake","Blood Vial","Snake Skull","Anchor","Happy Flower","Ninja Scroll","Ectoplasm","Red Mask","Dead Branch","Strawberry","HornCleat","Meat on the Bone","WristBlade","Prayer Wheel","Smiling Mask","Whetstone","Calipers","InkBottle"],"acts_visited":["Exordium","TheCity","TheBeyond","TheEnding"],"potions_floor_usage":[],"damage_taken":[{"damage":0.0,"enemies":"Small Slimes","floor":1.0,"turns":3.0},{"damage":0.0,"enemies":"Cultist","floor":3.0,"turns":3.0},{"damage":4.0,"enemies":"Jaw Worm","floor":5.0,"turns":2.0},{"damage":23.0,"enemies":"Lagavulin","floor":6.0,"turns":5.0},{"damage":26.0,"enemies":"Gremlin Nob","floor":10.0,"turns":4.0},{"damage":0.0,"enemies":"2 Fungi Beasts","floor":11.0,"turns":2.0},{"damage":25.0,"enemies":"Lagavulin","floor":14.0,"turns":4.0},{"damage":32.0,"enemies":"Slime Boss","floor":16.0,"turns":9.0},{"damage":5.0,"enemies":"Shell Parasite","floor":18.0,"turns":2.0},{"damage":0.0,"enemies":"3 Byrds","floor":20.0,"turns":3.0},{"damage":0.0,"enemies":"Masked Bandits","floor":21.0,"turns":3.0},{"damage":3.0,"enemies":"Gremlin Leader","floor":24.0,"turns":7.0},{"damage":0.0,"enemies":"Snake Plant","floor":27.0,"turns":2.0},{"damage":14.0,"enemies":"Chosen and Byrds","floor":29.0,"turns":4.0},{"damage":0.0,"enemies":"3 Cultists","floor":31.0,"turns":1.0},{"damage":10.0,"enemies":"Automaton","floor":33.0,"turns":4.0},{"damage":0.0,"enemies":"Orb Walker","floor":35.0,"turns":1.0},{"damage":0.0,"enemies":"2 Orb Walkers","floor":36.0,"turns":2.0},{"damage":0.0,"enemies":"3 Darklings","floor":38.0,"turns":1.0},{"damage":50.0,"enemies":"Giant Head","floor":40.0,"turns":6.0},{"damage":13.0,"enemies":"Nemesis","floor":42.0,"turns":3.0},{"damage":4.0,"enemies":"Mind Bloom Boss Battle","floor":45.0,"turns":3.0},{"damage":0.0,"enemies":"Writhing Mass","floor":48.0,"turns":3.0},{"damage":25.0,"enemies":"Donu and Deca","floor":50.0,"turns":6.0},{"damage":46.0,"enemies":"Awakened One","floor":51.0,"turns":8.0},{"damage":3.0,"enemies":"Shield and Spear","floor":55.0,"turns":3.0},{"damage":65,"enemies":"The Heart","floor":56,"turns":6}],"seed_played":"6151054990244212369","potions_obtained":[{"floor":5.0,"key":"Block Potion"},{"floor":11.0,"key":"Swift Potion"},{"floor":16.0,"key":"CultistPotion"},{"floor":24.0,"key":"LiquidMemories"},{"floor":31.0,"key":"FairyPotion"}],"is_trial":false,"path_per_floor":["M","?","M","?","M","E","R","?","T","E","M","$","R","E","R","B",null,"M","?","M","?","?","R","E","?","T","M","R","M","T","M","R","B",null,"M","?","?","M","?","E","R","E","T","R","?","$","?","M","R","B","B",null,"R","$","E","B"],"character_chosen":"THE_SILENT","items_purchased":["Happy Flower","Footwork","Calculated Gamble"],"campfire_rested":5,"item_purchase_floors":[12,12,12],"current_hp_per_floor":[59,53,53,53,49,26,44,44,44,20,22,22,40,17,35,5,46,43,43,45,47,47,47,46,53,53,55,55,43,43,45,45,37,60,62,64,64,66,66,29,49,38,38,38,36,36,36,38,58,35,32,58,58,58,57,0,0],"gold":5,"neow_bonus":"TRANSFORM_TWO_CARDS","is_daily":false,"chose_seed":false,"campfire_upgraded":4,"win_rate":0.0,"timestamp":1611080387,"path_taken":["M","?","?","?","M","E","R","?","T","E","?","$","R","E","R","BOSS","M","?","M","?","?","R","E","?","T","M","R","M","?","?","R","BOSS","M","?","?","?","?","E","R","E","T","R","?","$","?","M","R","BOSS","BOSS","R","$","E","BOSS"],"items_purchased_type":["Relic","Card","Card"],"build_version":"2020-12-22","purchased_purges":1,"victory":false,"max_hp_per_floor":[60,60,60,60,60,60,60,60,60,60,60,60,60,60,60,60,60,60,60,60,60,60,60,60,67,67,67,67,67,67,67,67,67,67,67,67,67,67,67,67,67,67,67,67,67,67,67,67,67,67,67,67,67,67,67,67,67],"relic_stats":{"Happy Flower":[27],"counters":[27,100],"Dead Branch":[277],"Snake Skull":[310],"Whetstone":["Underhanded Strike","Dagger Spray"],"Smiling Mask":25,"Blood Vial":45,"Prayer Wheel":2,"Ectoplasm":470,"obtain_stats":[{"Calipers":45,"Happy Flower":12,"Dead Branch":24,"Snake Skull":9,"Whetstone":42,"Smiling Mask":40,"Blood Vial":6,"Anchor":10,"HornCleat":26,"WristBlade":34,"Ninja Scroll":14,"Strawberry":25,"Prayer Wheel":36,"Ectoplasm":17,"Red Mask":21,"InkBottle":55,"Ring of the Snake":0,"Meat on the Bone":30},{"Calipers":22,"Happy Flower":6,"Dead Branch":12,"Snake Skull":4,"Whetstone":21,"Smiling Mask":20,"Blood Vial":4,"Anchor":5,"HornCleat":12,"WristBlade":16,"Ninja Scroll":7,"Strawberry":12,"Prayer Wheel":18,"Ectoplasm":8,"Red Mask":11,"InkBottle":26,"Ring of the Snake":0,"Meat on the Bone":14},{"Calipers":74,"Happy Flower":19,"Dead Branch":47,"Snake Skull":13,"Whetstone":71,"Smiling Mask":68,"Blood Vial":13,"Anchor":17,"HornCleat":47,"WristBlade":58,"Ninja Scroll":23,"Strawberry":47,"Prayer Wheel":61,"Ectoplasm":32,"Red Mask":40,"InkBottle":94,"Ring of the Snake":0,"Meat on the Bone":53}],"InkBottle":[4],"Ring of the Snake":[54],"Meat on the Bone":24},"card_choices":[{"not_picked":["Blade Dance","Catalyst"],"picked":"Backstab","floor":1.0},{"not_picked":["Blade Dance","Dodge and Roll"],"picked":"Dagger Throw","floor":3.0},{"not_picked":["Quick Slash","Backflip"],"picked":"Dagger Spray","floor":5.0},{"not_picked":["Dagger Throw","Dagger Spray","Dodge and Roll"],"picked":"SKIP","floor":6.0},{"not_picked":["Slice","Quick Slash","Escape Plan"],"picked":"SKIP","floor":10.0},{"not_picked":["Dagger Throw","Acrobatics","Eviscerate"],"picked":"SKIP","floor":11.0},{"not_picked":["Acrobatics","Backstab"],"picked":"Calculated Gamble","floor":14.0},{"not_picked":["Die Die Die","Unload"],"picked":"Adrenaline","floor":16.0},{"not_picked":["Deflect","Cloak And Dagger"],"picked":"Outmaneuver+1","floor":18.0},{"not_picked":["Flying Knee","Underhanded Strike"],"picked":"Deadly Poison","floor":20.0},{"not_picked":["Skewer","Blur"],"picked":"Blade Dance","floor":21.0},{"not_picked":["Cloak And Dagger","Footwork"],"picked":"Catalyst","floor":24.0},{"not_picked":["Bullet Time","Quick Slash","Skewer"],"picked":"SKIP","floor":27.0},{"not_picked":["Dagger Throw","Flying Knee"],"picked":"Underhanded Strike+1","floor":29.0},{"not_picked":["Sucker Punch","Skewer"],"picked":"Predator+1","floor":31.0},{"not_picked":["Envenom","Die Die Die"],"picked":"Storm of Steel","floor":33.0},{"not_picked":["Prepared","Flechettes"],"picked":"Poisoned Stab+1","floor":35.0},{"not_picked":["Prepared","Dagger Throw"],"picked":"Acrobatics+1","floor":36.0},{"not_picked":["PiercingWail","Flying Knee"],"picked":"Blade Dance+1","floor":38.0},{"not_picked":["Acrobatics","Quick Slash"],"picked":"PiercingWail","floor":38.0},{"not_picked":["Bouncing Flask","Riddle With Holes","Expertise"],"picked":"SKIP","floor":40.0},{"not_picked":["Crippling Poison","Dagger Throw"],"picked":"Wraith Form v2","floor":42.0},{"not_picked":["Dagger Spray","Deadly Poison"],"picked":"Backflip+1","floor":48.0},{"not_picked":["Escape Plan","Bane","Outmaneuver"],"picked":"SKIP","floor":48.0},{"not_picked":["Acrobatics","Underhanded Strike","Blur"],"picked":"SKIP","floor":55.0}],"player_experience":2151940,"relics_obtained":[{"floor":6.0,"key":"Blood Vial"},{"floor":9.0,"key":"Snake Skull"},{"floor":10.0,"key":"Anchor"},{"floor":14.0,"key":"Ninja Scroll"},{"floor":21.0,"key":"Red Mask"},{"floor":24.0,"key":"Dead Branch"},{"floor":26.0,"key":"HornCleat"},{"floor":30.0,"key":"Meat on the Bone"},{"floor":36.0,"key":"Prayer Wheel"},{"floor":40.0,"key":"Smiling Mask"},{"floor":42.0,"key":"Whetstone"},{"floor":45.0,"key":"Calipers"},{"floor":55.0,"key":"InkBottle"}],"event_choices":[{"damage_healed":0.0,"max_hp_gain":0.0,"max_hp_loss":0.0,"gold_gain":50.0,"event_name":"FaceTrader","player_choice":"Touch","floor":2.0,"gold_loss":0.0,"damage_taken":6.0},{"damage_healed":0.0,"max_hp_gain":0.0,"max_hp_loss":0.0,"gold_gain":0.0,"event_name":"Living Wall","player_choice":"Grow","floor":4.0,"gold_loss":0.0,"damage_taken":0.0,"cards_upgraded":["Eviscerate"]},{"damage_healed":0.0,"max_hp_gain":0.0,"max_hp_loss":0.0,"gold_gain":50.0,"event_name":"Golden Shrine","player_choice":"Pray","floor":8.0,"gold_loss":0.0,"damage_taken":0.0},{"damage_healed":0.0,"max_hp_gain":0.0,"max_hp_loss":0.0,"gold_gain":0.0,"cards_transformed":["Strike_G","Strike_G"],"event_name":"Drug Dealer","player_choice":"Became Test Subject","floor":19.0,"gold_loss":0.0,"damage_taken":0.0,"cards_obtained":["Underhanded Strike","Envenom"]},{"damage_healed":0.0,"max_hp_gain":0.0,"max_hp_loss":0.0,"gold_gain":0.0,"event_name":"Masked Bandits","player_choice":"Fought Bandits","floor":21.0,"gold_loss":0.0,"damage_taken":0.0},{"cards_removed":["Strike_G"],"damage_healed":0.0,"max_hp_gain":0.0,"max_hp_loss":0.0,"gold_gain":0.0,"event_name":"Beggar","player_choice":"Gave Gold","floor":22.0,"gold_loss":75.0,"damage_taken":0.0},{"damage_healed":0.0,"max_hp_gain":0.0,"max_hp_loss":0.0,"gold_gain":0.0,"event_name":"Addict","player_choice":"Stole Relic","floor":25.0,"gold_loss":0.0,"damage_taken":0.0,"relics_obtained":["Strawberry"],"cards_obtained":["Shame"]},{"damage_healed":0.0,"max_hp_gain":0.0,"max_hp_loss":0.0,"gold_gain":0.0,"event_name":"Mysterious Sphere","player_choice":"Fight","floor":36.0,"gold_loss":0.0,"damage_taken":0.0},{"damage_healed":0.0,"max_hp_gain":0.0,"max_hp_loss":0.0,"gold_gain":0.0,"event_name":"Lab","player_choice":"Got Potions","floor":37.0,"gold_loss":0.0,"damage_taken":0.0},{"cards_removed":["PiercingWail"],"damage_healed":0.0,"max_hp_gain":0.0,"max_hp_loss":0.0,"gold_gain":0.0,"event_name":"Falling","player_choice":"Removed Skill","floor":39.0,"gold_loss":0.0,"damage_taken":0.0},{"damage_healed":0.0,"max_hp_gain":0.0,"max_hp_loss":0.0,"gold_gain":0.0,"event_name":"MindBloom","player_choice":"Fight","floor":45.0,"gold_loss":0.0,"damage_taken":0.0},{"damage_healed":0.0,"max_hp_gain":0.0,"max_hp_loss":0.0,"gold_gain":0.0,"event_name":"Tomb of Lord Red Mask","player_choice":"Ignored","floor":47.0,"gold_loss":0.0,"damage_taken":0.0}],"is_beta":false,"boss_relics":[{"not_picked":["Tiny House","Pandora\u0027s Box"],"picked":"Ectoplasm"},{"not_picked":["SacredBark","Fusion Hammer"],"picked":"WristBlade"}],"items_purged_floors":[46],"is_endless":false,"potions_floor_spawned":[5,11,16,24,27,31,38,40,48],"killed_by":"The Heart","ascension_level":20}}