{"host":"qik6c64y69p9jmph","time":1611030611,"event":{"mods":["AchievementEnabler","BaseMod","Downfall","Highlight Path","Minty Spire (QoL Compilation)","Quick Restart","StSLib","Synergy Search"],"gold_per_floor":[99,112,112,562,579,313,313,313,324,335,392,125,125,125,125,125],"floor_reached":14,"language":"ENG","playtime":673,"items_purged":["downfall:Icky","Regret"],"score":78,"play_id":"775dde56-76f1-414a-9ad3-b23749028686","local_time":"20210118233011","is_ascension_mode":false,"campfire_choices":[{"data":"hexamod:Sear","floor":1,"key":"SMITH"},{"floor":13,"key":"REST"}],"circlet_count":0,"master_deck":["hexamod:Strike","hexamod:Strike","hexamod:Strike","hexamod:Strike","hexamod:Defend","hexamod:Defend","hexamod:Defend","hexamod:Defend","hexamod:Sear+1","hexamod:Float","hexamod:SpectersWail","downfall:Icky","downfall:Icky","hexamod:BurningTouch","hexamod:BacktrackSmack","expansioncontent:StudyTheSpire","hexamod:TimeOfNeed","hexamod:AdvancingGuard","hexamod:HeatShield","hexamod:BacktrackSmack"],"relics":["hexamod:SpiritBrand","Boot","hexamod:MatchstickCase","Kunai","Darkstone Periapt","Medical Kit"],"acts_visited":["Exordium"],"potions_floor_usage":[],"damage_taken":[{"damage":6,"enemies":"Jaw Worm","floor":2,"turns":3},{"damage":8,"enemies":"Small Slimes","floor":5,"turns":4},{"damage":10,"enemies":"downfall:FleeingMerchant","floor":6,"turns":4},{"damage":1,"enemies":"Cultist","floor":9,"turns":3},{"damage":5,"enemies":"3 Louse","floor":10,"turns":3},{"damage":24,"enemies":"Gremlin Nob","floor":11,"turns":5},{"damage":11,"enemies":"downfall:FleeingMerchant","floor":12,"turns":4},{"damage":4,"enemies":"3 Sentries","floor":14,"turns":2}],"seed_played":"3187213847433007183","potions_obtained":[],"is_trial":false,"path_per_floor":["R","M","?","?","M","$","T","T","M","M","?","$","R","E"],"character_chosen":"THE_SPIRIT","items_purchased":["expansioncontent:StudyTheSpire","Medical Kit"],"campfire_rested":1,"item_purchase_floors":[6,12],"current_hp_per_floor":[77,71,71,71,63,53,53,53,52,47,23,12,35,31,31,31],"gold":125,"neow_bonus":"TEN_PERCENT_HP_BONUS","is_daily":false,"chose_seed":false,"campfire_upgraded":1,"win_rate":0.0,"timestamp":1611030611,"path_taken":["R","M","?","?","M","?","T","?","M","?","?","$","R","E"],"items_purchased_type":["Card","Relic"],"build_version":"2020-12-22","purchased_purges":2,"victory":false,"max_hp_per_floor":[77,77,77,77,77,77,77,77,77,77,77,77,77,77,77,77],"card_choices":[{"not_picked":["hexamod:Haunt","hexamod:ShieldOfDarkness"],"picked":"hexamod:SpectersWail","floor":2},{"not_picked":["hexamod:SpectersWail","hexamod:ChargedBarrage"],"picked":"hexamod:BurningTouch","floor":5},{"not_picked":["hexamod:Firestarter","hexamod:EmpoweredFlame"],"picked":"hexamod:BacktrackSmack","floor":6},{"not_picked":["hexamod:InspiringFlames","hexamod:AdvancingGuard"],"picked":"hexamod:TimeOfNeed","floor":9},{"not_picked":["hexamod:GhostShield","hexamod:SkipABeat"],"picked":"hexamod:AdvancingGuard","floor":10},{"not_picked":["hexamod:PhantomCloak","hexamod:GhostOfSpirePast"],"picked":"hexamod:HeatShield","floor":11},{"not_picked":["hexamod:HauntingEcho","hexamod:SpectralAdrenaline"],"picked":"hexamod:BacktrackSmack","floor":12}],"player_experience":559499,"relics_obtained":[{"floor":7,"key":"hexamod:MatchstickCase"},{"floor":8,"key":"Kunai"},{"floor":11,"key":"Darkstone Periapt"}],"event_choices":[{"damage_healed":0,"gold_gain":0,"player_choice":"Box","damage_taken":0,"relics_obtained":["Boot"],"max_hp_gain":0,"max_hp_loss":0,"event_name":"Big Fish","floor":3,"gold_loss":0,"cards_obtained":["Regret"]}],"is_beta":false,"boss_relics":[],"items_purged_floors":[6,12],"is_endless":false,"potions_floor_spawned":[],"killed_by":"3 Sentries","ascension_level":0}}