{"host":"z42sc0n2dozsmk72","time":1611044051,"event":{"mods":["AchievementEnabler","BaseMod","Better Third Choice","Colored Map","Curses Come First","Highlight Path","Minty Spire (QoL Compilation)","Permanent Neow","Quick Restart","Relic Stats","Shop Mod","StSLib","egg","slay the spire mod where everything is the same but ironclad has a cowboy hat"],"gold_per_floor":[111,111,61,75,112,112,112,138,191,191,240,240,16,16,16,151,151,197,211,211,221,121,121,121],"floor_reached":23,"language":"ENG","playtime":1538,"items_purged":["Strike_B","Defend_B"],"score":198,"play_id":"0562afb9-65b2-432c-9c40-75a6e0dcac30","local_time":"20210119211411","is_ascension_mode":true,"campfire_choices":[{"data":"Wish","floor":6.0,"key":"SMITH"},{"floor":10.0,"key":"REST"},{"data":"Recycle","floor":12.0,"key":"SMITH"},{"data":"Zap","floor":15.0,"key":"SMITH"}],"circlet_count":0,"master_deck":["Strike_B","Strike_B","Defend_B","Defend_B","Defend_B","Zap+1","Dualcast","Dark Shackles","Wish+1","Capacitor","Storm","Conserve Battery","Conserve Battery","Recycle+1","Wish+1","Thunder Strike","Go for the Eyes","Blind","Coolheaded"],"relics":["Cracked Core","DataDisk","Matryoshka","Orichalcum","Bag of Preparation","DollysMirror","Nunchaku","Eternal Feather","Velvet Choker"],"acts_visited":["Exordium","TheCity"],"potions_floor_usage":[23],"damage_taken":[{"damage":1.0,"enemies":"2 Louse","floor":1.0,"turns":2.0},{"damage":0.0,"enemies":"Small Slimes","floor":4.0,"turns":3.0},{"damage":0.0,"enemies":"Jaw Worm","floor":5.0,"turns":6.0},{"damage":0.0,"enemies":"Looter","floor":7.0,"turns":4.0},{"damage":8.0,"enemies":"Gremlin Nob","floor":8.0,"turns":4.0},{"damage":9.0,"enemies":"Lots of Slimes","floor":11.0,"turns":5.0},{"damage":7.0,"enemies":"The Guardian","floor":16.0,"turns":14.0},{"damage":13.0,"enemies":"Chosen","floor":18.0,"turns":5.0},{"damage":1.0,"enemies":"Spheric Guardian","floor":19.0,"turns":4.0},{"damage":38.0,"enemies":"3 Cultists","floor":21.0,"turns":8.0},{"damage":15,"enemies":"Slavers","floor":23,"turns":4}],"seed_played":"6878899468551680470","potions_obtained":[{"floor":5.0,"key":"Energy Potion"},{"floor":8.0,"key":"GamblersBrew"},{"floor":11.0,"key":"Dexterity Potion"},{"floor":16.0,"key":"ColorlessPotion"},{"floor":18.0,"key":"SkillPotion"},{"floor":21.0,"key":"PotionOfCapacity"}],"is_trial":false,"path_per_floor":["M","?","?","M","M","R","M","E","T","R","M","R","$","T","R","B",null,"M","M","?","M","$","E"],"character_chosen":"DEFECT","items_purchased":["DollysMirror"],"campfire_rested":1,"item_purchase_floors":[13],"current_hp_per_floor":[74,36,36,36,36,36,36,28,28,50,41,41,41,41,50,43,75,62,61,61,23,23,8,8],"gold":121,"neow_bonus":"RANDOM_COLORLESS","is_daily":false,"chose_seed":false,"campfire_upgraded":3,"win_rate":0.0,"timestamp":1611044051,"path_taken":["M","?","?","M","M","R","M","E","T","R","M","R","$","?","R","BOSS","M","M","?","?","$","E"],"items_purchased_type":["Relic"],"build_version":"2020-12-22","purchased_purges":2,"victory":false,"max_hp_per_floor":[75,75,75,75,75,75,75,75,75,75,75,75,75,75,75,75,75,75,75,75,75,75,75,75],"relic_stats":{"Nunchaku":[2],"counters":[11,59],"Eternal Feather":9,"Bag of Preparation":[12],"Orichalcum":[54],"obtain_stats":[{"DataDisk":2,"Nunchaku":14,"Matryoshka":8,"DollysMirror":13,"Velvet Choker":17,"Eternal Feather":14,"Bag of Preparation":9,"Orichalcum":9,"Cracked Core":0},{"DataDisk":1,"Nunchaku":6,"Matryoshka":5,"DollysMirror":6,"Velvet Choker":7,"Eternal Feather":6,"Bag of Preparation":5,"Orichalcum":5,"Cracked Core":0},{"DataDisk":2,"Nunchaku":24,"Matryoshka":19,"DollysMirror":24,"Velvet Choker":38,"Eternal Feather":24,"Bag of Preparation":19,"Orichalcum":19,"Cracked Core":0}]},"card_choices":[{"not_picked":["Madness","Jack Of All Trades"],"picked":"Dark Shackles","floor":0.0},{"not_picked":["Reinforced Body","Lockon","Hello World"],"picked":"SKIP","floor":1.0},{"not_picked":["Consume","Gash"],"picked":"Capacitor","floor":4.0},{"not_picked":["Coolheaded","Sunder"],"picked":"Storm","floor":5.0},{"not_picked":["Compile Driver","Chaos"],"picked":"Conserve Battery","floor":7.0},{"not_picked":["Cold Snap","Static Discharge"],"picked":"Conserve Battery","floor":8.0},{"not_picked":["Reprogram","Self Repair"],"picked":"Recycle","floor":11.0},{"not_picked":["Multi-Cast","All For One"],"picked":"Thunder Strike","floor":16.0},{"not_picked":["Reinforced Body","Steam+1","White Noise"],"picked":"SKIP","floor":18.0},{"not_picked":["Ball Lightning","Turbo","Compile Driver+1"],"picked":"SKIP","floor":19.0},{"not_picked":["Aggregate+1","BootSequence+1"],"picked":"Coolheaded","floor":21.0}],"player_experience":849026,"relics_obtained":[{"floor":8.0,"key":"Matryoshka"},{"floor":9.0,"key":"Orichalcum"},{"floor":9.0,"key":"Bag of Preparation"},{"floor":14.0,"key":"Nunchaku"},{"floor":14.0,"key":"Eternal Feather"}],"event_choices":[{"cards_removed":["Strike_B"],"damage_healed":0.0,"max_hp_gain":0.0,"max_hp_loss":0.0,"gold_gain":0.0,"event_name":"The Cleric","player_choice":"Card Removal","floor":3.0,"gold_loss":50.0,"damage_taken":0.0},{"damage_healed":0.0,"max_hp_gain":0.0,"max_hp_loss":0.0,"gold_gain":0.0,"event_name":"Match and Keep!","player_choice":"2 cards matched","floor":20.0,"gold_loss":0.0,"damage_taken":0.0,"cards_obtained":["Go for the Eyes","Blind"]}],"is_beta":false,"boss_relics":[{"not_picked":["Sozu","Coffee Dripper"],"picked":"Velvet Choker"}],"items_purged_floors":[13,22],"is_endless":false,"potions_floor_spawned":[5,8,11,16,18,21],"killed_by":"Slavers","ascension_level":1}}