{"host":"neshiy0twyn5josp","time":1611062351,"event":{"mods":["AchievementEnabler","Act Like it!","AlwaysNeverKeys","Aspiration","BaseMod","Better Note","Better Silent Start","Better Third Choice","Challenge The Spire","Colored Powertips","Conspire","Emptier Cage","Energized Spire","GifTheSpireLib","Hubris","Minty Spire (QoL Compilation)","Permanent Neow","Quick Restart","Rare Cards Sparkle","Replay The Spire","Reworked Bosses","Spicy Shops","StS++","StSLib","Stuff the Spire"],"gold_per_floor":[112,125,46,56,56,91,91,91,91,103,135,185,201,218,218,218,218],"floor_reached":16,"language":"ENG","playtime":1003,"items_purged":[],"score":143,"play_id":"3405893b-b8c5-4234-9857-43c19bdc3aff","local_time":"20210119051911","is_ascension_mode":true,"campfire_choices":[{"data":"StSpp:Dive","floor":8,"key":"SMITH"},{"data":"Prepared","floor":15,"key":"SMITH"}],"circlet_count":0,"master_deck":["conspire:GhostlyStrike","conspire:GhostlyStrike","conspire:GhostlyStrike","conspire:GhostlyDefend","conspire:GhostlyDefend","conspire:GhostlyDefend","conspire:GhostlyDefend","Survivor","Neutralize","aspiration:Lunge","StSpp:Dive+1","ReplayTheSpireMod:Scrap Shanks","Prepared+1","hubris:SlightOfHand","Concentrate","Dagger Throw"],"relics":["Ring of the Snake","hubris:Zylophone","StuffTheSpire:Rhapsscallions","ReplayFunnel","Quantum Egg","ReplayTheSpireMod:TigerMarble"],"acts_visited":["Exordium"],"potions_floor_usage":[11,16,16],"damage_taken":[{"damage":6,"enemies":"Cultist","floor":1,"turns":4},{"damage":0,"enemies":"Small Slimes","floor":2,"turns":2},{"damage":0,"enemies":"Jaw Worm","floor":4,"turns":5},{"damage":43,"enemies":"3 Sentries","floor":6,"turns":12},{"damage":6,"enemies":"Exordium Thugs","floor":10,"turns":4},{"damage":2,"enemies":"Gremlin Nob","floor":11,"turns":3},{"damage":2,"enemies":"Red Slaver","floor":13,"turns":2},{"damage":0,"enemies":"Blue Slaver","floor":14,"turns":2},{"damage":13,"enemies":"The Guardian","floor":16,"turns":3}],"seed_played":"1148343267853506968","potions_obtained":[{"floor":10,"key":"AttackPotion"},{"floor":11,"key":"SteroidPotion"},{"floor":13,"key":"Ancient Potion"}],"is_trial":false,"path_per_floor":["M","M","$","M","$","E","?","R","T","M","E","T","M","M","R","B"],"character_chosen":"THE_SILENT","items_purchased":["hubris:Zylophone"],"campfire_rested":0,"item_purchase_floors":[3],"current_hp_per_floor":[64,64,64,64,64,25,25,25,25,19,17,17,15,15,15,2,2],"gold":218,"neow_bonus":"ONE_RANDOM_RARE_CARD","is_daily":false,"chose_seed":false,"campfire_upgraded":2,"win_rate":0.0,"timestamp":1611062351,"path_taken":["M","M","$","?","$","E","?","R","T","M","E","?","?","M","R","BOSS"],"items_purchased_type":["Relic"],"build_version":"2020-12-22","purchased_purges":0,"victory":false,"max_hp_per_floor":[70,70,70,70,70,74,74,74,74,74,74,74,74,74,74,74,74],"card_choices":[{"not_picked":["Distraction","Footwork"],"picked":"StSpp:Dive","floor":1},{"not_picked":["Concentrate","ReplayTheSpireMod:Scrap Shanks","Draining Mist"],"picked":"SKIP","floor":2},{"not_picked":["Concentrate","Draining Mist"],"picked":"ReplayTheSpireMod:Scrap Shanks","floor":2},{"not_picked":["Dagger Spray","Reflex"],"picked":"Prepared","floor":4},{"not_picked":["ReplayTheSpireMod:The Works","ReplayTheSpireMod:Shiv Toss"],"picked":"hubris:SlightOfHand","floor":6},{"not_picked":["Dagger Throw","ReplayTheSpireMod:Exploit Weakness","StSpp:Dive"],"picked":"SKIP","floor":10},{"not_picked":["PiercingWail","StSpp:ChainedTrap"],"picked":"Concentrate","floor":11},{"not_picked":["StuffTheSpire:Injection","Cloak And Dagger"],"picked":"Dagger Throw","floor":13},{"not_picked":["StuffTheSpire:ReptileScales","Predator","Eviscerate"],"picked":"SKIP","floor":14}],"player_experience":299172,"relics_obtained":[{"floor":6,"key":"StuffTheSpire:Rhapsscallions"},{"floor":9,"key":"ReplayFunnel"},{"floor":11,"key":"Quantum Egg"},{"floor":12,"key":"ReplayTheSpireMod:TigerMarble"}],"event_choices":[{"damage_healed":0,"gold_gain":0,"player_choice":"Agree","damage_taken":0,"max_hp_gain":0,"max_hp_loss":0,"event_name":"conspire:LoneGhost","floor":7,"gold_loss":0}],"is_beta":false,"boss_relics":[],"items_purged_floors":[],"is_endless":false,"potions_floor_spawned":[10,11,13,14],"killed_by":"The Guardian","ascension_level":1}}