{"host":"6p0attdrtjqaih7v","time":1611043242,"event":{"mods":["2.2 Compatiblity","AchievementEnabler","Bard","BaseMod","Better Skull","Better Third Choice","Colored Powertips","Hermit","Highlight Path","Jorbs\u0027s Wanderer Trilogy","Key Reminder","Minty Spire (QoL Compilation)","Permanent Neow","Quick Restart","Random Character Button","Relic Stats","Replay The Spire","Robot Space Explorer","StSLib"],"gold_per_floor":[119,119,135,155,167,192,202,202,202,228,228,62,62,145,145,315,315,355,392,427,427,183,183,216,257,280,280,280,119,119,178,178,304,304,319,357,64,84,84,84,112,140,140,140,199,242,284,311,311,336],"floor_reached":51,"language":"ENG","playtime":2977,"items_purged":["RobotSpaceExplorer:Defend","RobotSpaceExplorer:Defend"],"score":1238,"play_id":"b4200abd-af93-46b8-9d54-12eb2a2c5a4d","local_time":"20210119030042","is_ascension_mode":true,"campfire_choices":[{"data":"RobotSpaceExplorer:ExhaustFan","floor":8,"key":"SMITH"},{"data":"RobotSpaceExplorer:ShovelStrike","floor":11,"key":"SMITH"},{"data":"HandOfGreed","floor":13,"key":"SMITH"},{"data":"RobotSpaceExplorer:IronShell","floor":15,"key":"SMITH"},{"data":"RobotSpaceExplorer:ShovelStrike","floor":23,"key":"SMITH"},{"data":"RobotSpaceExplorer:ExhaustFan","floor":28,"key":"SMITH"},{"data":"Impatience","floor":30,"key":"SMITH"},{"data":"Injury","floor":32,"key":"PURGE"},{"data":"RobotSpaceExplorer:Defend","floor":40,"key":"PURGE"},{"data":"RobotSpaceExplorer:Defend","floor":44,"key":"PURGE"},{"data":"RobotSpaceExplorer:Accelerator","floor":49,"key":"SMITH"}],"circlet_count":0,"master_deck":["AscendersBane","RobotSpaceExplorer:Strike","RobotSpaceExplorer:Strike","RobotSpaceExplorer:Strike","RobotSpaceExplorer:Strike+1","RobotSpaceExplorer:Scan","RobotSpaceExplorer:MiniLasers+1","RobotSpaceExplorer:MetalStrike+1","RobotSpaceExplorer:RigExplosive","RobotSpaceExplorer:MiniDrones","RobotSpaceExplorer:ShovelStrike+1","RobotSpaceExplorer:MiniDrones","RobotSpaceExplorer:ExhaustFan+1","RobotSpaceExplorer:IronShell+1","HandOfGreed+1","RobotSpaceExplorer:DroneSwarm","RobotSpaceExplorer:ExhaustFan+1","RobotSpaceExplorer:StunGrenade+1","RobotSpaceExplorer:Probe","RobotSpaceExplorer:ShovelStrike+1","RobotSpaceExplorer:ToxicBomb+1","RobotSpaceExplorer:StunGrenade","RobotSpaceExplorer:Accelerator","Impatience+1","RobotSpaceExplorer:Accelerator+1","RobotSpaceExplorer:StunGrenade+1","RobotSpaceExplorer:SwiftStep+1"],"relics":["RobotSpaceExplorer:RoboCore","Peace Pipe","Meat on the Bone","Replay:Wax Seal","Ancient Tea Set","Replay:Grab Bag","Cursed Key","RobotSpaceExplorer:SearchSpecs","ReplayFunnel","WingedGreaves","Whetstone","Replay:Bottled Snecko","Busted Crown","ReplayTheSpireMod:Lightbulb","Replay:Mystery Machine","CeramicFish","Pear","BranchBurnRelic"],"acts_visited":["Exordium","TheCity","TheBeyond"],"potions_floor_usage":[6,6,7,10,14,16,16,16,20,24,25,31,33,33,36,41,45,50,50,50],"damage_taken":[{"damage":4,"enemies":"Jaw Worm","floor":1,"turns":6},{"damage":5,"enemies":"Cultist","floor":3,"turns":4},{"damage":0,"enemies":"Small Slimes","floor":4,"turns":4},{"damage":3,"enemies":"Exordium Wildlife","floor":5,"turns":5},{"damage":2,"enemies":"3 Sentries","floor":6,"turns":5},{"damage":0,"enemies":"Large Slime","floor":7,"turns":6},{"damage":26,"enemies":"Lagavulin","floor":10,"turns":7},{"damage":3,"enemies":"3 Sentries","floor":14,"turns":7},{"damage":27,"enemies":"Slime Boss","floor":16,"turns":19},{"damage":1,"enemies":"Shell Parasite","floor":18,"turns":6},{"damage":0,"enemies":"Chosen","floor":19,"turns":5},{"damage":27,"enemies":"Shelled Parasite and Fungi","floor":20,"turns":7},{"damage":0,"enemies":"Book of Stabbing","floor":24,"turns":4},{"damage":1,"enemies":"3 Cultists","floor":25,"turns":5},{"damage":21,"enemies":"Gremlin Leader","floor":31,"turns":6},{"damage":6,"enemies":"Champ","floor":33,"turns":12},{"damage":4,"enemies":"3 Darklings","floor":35,"turns":5},{"damage":1,"enemies":"Orb Walker","floor":36,"turns":3},{"damage":0,"enemies":"Transient","floor":38,"turns":5},{"damage":0,"enemies":"Reptomancer","floor":41,"turns":5},{"damage":1,"enemies":"Writhing Mass","floor":42,"turns":7},{"damage":0,"enemies":"Giant Head","floor":45,"turns":8},{"damage":0,"enemies":"3 Darklings","floor":46,"turns":6},{"damage":24,"enemies":"Spire Growth","floor":47,"turns":4},{"damage":0,"enemies":"Transient","floor":48,"turns":5},{"damage":24,"enemies":"Donu and Deca","floor":50,"turns":10}],"seed_played":"-672808177032954151","potions_obtained":[{"floor":3,"key":"Weak Potion"},{"floor":6,"key":"DuplicationPotion"},{"floor":7,"key":"Dexterity Potion"},{"floor":18,"key":"RobotSpaceExplorer:PlasmaFlask"},{"floor":35,"key":"Swift Potion"},{"floor":48,"key":"Venom Potion"}],"is_trial":false,"path_per_floor":["M","?","M","M","M","E","M","R","T","E","R","$","R","E","R","B",null,"M","M","M","?","$","R","E","M","T","?","R","$","R","E","R","B",null,"M","M","$","M","?","R","E","M","T","R","E","M","M","M","R","B",null],"character_chosen":"RobotSpaceExplorer","items_purchased":["HandOfGreed","ReplayFunnel","RobotSpaceExplorer:Probe","RobotSpaceExplorer:ShovelStrike","Impatience","ReplayTheSpireMod:Lightbulb"],"campfire_rested":0,"item_purchase_floors":[12,22,22,22,29,37],"current_hp_per_floor":[64,64,59,59,56,54,54,54,54,40,40,40,40,49,49,34,65,64,64,49,49,49,49,49,48,48,48,48,48,48,39,39,45,68,64,63,63,63,30,30,52,51,51,51,51,51,39,51,51,54],"gold":336,"neow_bonus":"UPGRADE_CARD","is_daily":false,"chose_seed":false,"campfire_upgraded":8,"win_rate":0.0,"timestamp":1611043242,"path_taken":["M","?","M","?","M","E","M","R","T","E","R","$","R","E","R","BOSS","M","M","M","?","$","R","E","M","T","?","R","?","R","E","R","BOSS","M","M","$","M","?","R","E","M","T","R","E","?","M","?","R","BOSS"],"items_purchased_type":["Card","Relic","Card","Card","Card","Relic"],"build_version":"2020-12-22","purchased_purges":2,"victory":true,"max_hp_per_floor":[75,75,75,75,75,75,75,75,75,75,75,75,75,75,75,75,75,75,75,75,75,75,75,75,75,75,75,75,75,75,75,75,75,75,75,75,75,75,75,75,85,85,85,85,85,85,85,85,85,85],"relic_stats":{"Peace Pipe":3,"Busted Crown":18,"counters":[26,166],"CeramicFish":18,"Whetstone":["RobotSpaceExplorer:Strike","RobotSpaceExplorer:StunGrenade"],"Cursed Key":1,"obtain_stats":[{"ReplayFunnel":22,"Pear":41,"Replay:Grab Bag":17,"CeramicFish":39,"Dead Branch":45,"RobotSpaceExplorer:RoboCore":0,"Whetstone":26,"Replay:Mystery Machine":39,"Ancient Tea Set":14,"Cursed Key":17,"Peace Pipe":6,"BranchBurnRelic":49,"Busted Crown":34,"WingedGreaves":24,"RobotSpaceExplorer:SearchSpecs":17,"Replay:Bottled Snecko":31,"Replay:Wax Seal":10,"ReplayTheSpireMod:Lightbulb":37,"Meat on the Bone":9},{"ReplayFunnel":12,"Pear":20,"Replay:Grab Bag":9,"CeramicFish":19,"Dead Branch":22,"RobotSpaceExplorer:RoboCore":0,"Whetstone":14,"Replay:Mystery Machine":19,"Ancient Tea Set":8,"Cursed Key":9,"Peace Pipe":5,"BranchBurnRelic":25,"Busted Crown":16,"WingedGreaves":13,"RobotSpaceExplorer:SearchSpecs":9,"Replay:Bottled Snecko":15,"Replay:Wax Seal":7,"ReplayTheSpireMod:Lightbulb":18,"Meat on the Bone":6},{"ReplayFunnel":81,"Pear":126,"Replay:Grab Bag":63,"CeramicFish":121,"Dead Branch":141,"RobotSpaceExplorer:RoboCore":0,"Whetstone":90,"Replay:Mystery Machine":121,"Ancient Tea Set":44,"Cursed Key":63,"Peace Pipe":24,"BranchBurnRelic":156,"Busted Crown":108,"WingedGreaves":85,"RobotSpaceExplorer:SearchSpecs":63,"Replay:Bottled Snecko":96,"Replay:Wax Seal":37,"ReplayTheSpireMod:Lightbulb":116,"Meat on the Bone":30}],"Meat on the Bone":120},"card_choices":[{"not_picked":["RobotSpaceExplorer:MakeshiftVolley","RobotSpaceExplorer:SurgingStrike"],"picked":"RobotSpaceExplorer:MetalStrike","floor":1},{"not_picked":["RobotSpaceExplorer:MiniBoosters","RobotSpaceExplorer:Ammunition"],"picked":"RobotSpaceExplorer:RigExplosive","floor":3},{"not_picked":["RobotSpaceExplorer:IronShell","RobotSpaceExplorer:SurgingShield"],"picked":"RobotSpaceExplorer:MiniDrones","floor":4},{"not_picked":["RobotSpaceExplorer:FranticSearch","RobotSpaceExplorer:JunkDive"],"picked":"RobotSpaceExplorer:ShovelStrike","floor":5},{"not_picked":["RobotSpaceExplorer:SurgingStrike","RobotSpaceExplorer:GlueShot"],"picked":"RobotSpaceExplorer:MiniDrones","floor":6},{"not_picked":["RobotSpaceExplorer:SurgingStrike","RobotSpaceExplorer:ImprovisedAttack"],"picked":"RobotSpaceExplorer:ExhaustFan","floor":7},{"not_picked":["RobotSpaceExplorer:Fix","RobotSpaceExplorer:FranticSearch"],"picked":"RobotSpaceExplorer:IronShell","floor":10},{"not_picked":["RobotSpaceExplorer:HighVoltage","RobotSpaceExplorer:FreezingShield","RobotSpaceExplorer:Reload"],"picked":"SKIP","floor":14},{"not_picked":["RobotSpaceExplorer:BlastShield","RobotSpaceExplorer:Explosion"],"picked":"RobotSpaceExplorer:DroneSwarm","floor":16},{"not_picked":["RobotSpaceExplorer:SwiftStep","RobotSpaceExplorer:FreezeRay+1","RobotSpaceExplorer:PowerCollector"],"picked":"SKIP","floor":18},{"not_picked":["RobotSpaceExplorer:Discharger","RobotSpaceExplorer:Probe"],"picked":"RobotSpaceExplorer:ExhaustFan","floor":19},{"not_picked":["RobotSpaceExplorer:Blitz","RobotSpaceExplorer:GlueShot+1"],"picked":"RobotSpaceExplorer:StunGrenade","floor":20},{"not_picked":["RobotSpaceExplorer:GlueShot","RobotSpaceExplorer:SlimeMissile"],"picked":"RobotSpaceExplorer:ToxicBomb+1","floor":24},{"not_picked":["RobotSpaceExplorer:Electropulse","RobotSpaceExplorer:ScrapMissile+1"],"picked":"RobotSpaceExplorer:StunGrenade","floor":25},{"not_picked":["RobotSpaceExplorer:BlastShield","RobotSpaceExplorer:Counterblock","RobotSpaceExplorer:SurgingStrike+1"],"picked":"SKIP","floor":31},{"not_picked":["RobotSpaceExplorer:Asteroid","RobotSpaceExplorer:Autoloader"],"picked":"RobotSpaceExplorer:Accelerator","floor":33},{"not_picked":["RobotSpaceExplorer:Pulsar+1"],"picked":"SKIP","floor":35},{"not_picked":["RobotSpaceExplorer:FrostMissile"],"picked":"SKIP","floor":36},{"not_picked":["RobotSpaceExplorer:FranticSearch+1"],"picked":"SKIP","floor":38},{"not_picked":["RobotSpaceExplorer:GlueShot"],"picked":"SKIP","floor":41},{"not_picked":[],"picked":"RobotSpaceExplorer:StunGrenade+1","floor":42},{"not_picked":["RobotSpaceExplorer:Reload+1"],"picked":"SKIP","floor":45},{"not_picked":["RobotSpaceExplorer:Discharger"],"picked":"SKIP","floor":46},{"not_picked":["RobotSpaceExplorer:BigMissile+1"],"picked":"SKIP","floor":47},{"not_picked":[],"picked":"RobotSpaceExplorer:SwiftStep+1","floor":48}],"player_experience":876098,"relics_obtained":[{"floor":6,"key":"Peace Pipe"},{"floor":9,"key":"Meat on the Bone"},{"floor":10,"key":"Replay:Wax Seal"},{"floor":14,"key":"Ancient Tea Set"},{"floor":24,"key":"WingedGreaves"},{"floor":26,"key":"Whetstone"},{"floor":31,"key":"Replay:Bottled Snecko"},{"floor":41,"key":"Pear"},{"floor":45,"key":"Dead Branch"}],"event_choices":[{"damage_healed":0,"gold_gain":0,"player_choice":"Upgraded","damage_taken":0,"max_hp_gain":0,"max_hp_loss":0,"event_name":"Upgrade Shrine","floor":2,"gold_loss":0,"cards_upgraded":["RobotSpaceExplorer:MetalStrike"]},{"damage_healed":0,"gold_gain":0,"player_choice":"Read","damage_taken":0,"max_hp_gain":0,"max_hp_loss":0,"event_name":"The Library","floor":27,"gold_loss":0,"cards_obtained":["RobotSpaceExplorer:Accelerator"]},{"damage_healed":0,"gold_gain":0,"player_choice":"Random: Green","damage_taken":0,"max_hp_gain":0,"max_hp_loss":0,"event_name":"betterThird:BetterPortal","floor":39,"gold_loss":0},{"damage_healed":0,"gold_gain":0,"player_choice":"RE RE ","damage_taken":37,"relics_obtained":["Replay:Mystery Machine","CeramicFish"],"max_hp_gain":0,"max_hp_loss":0,"event_name":"betterSkull:BetterSkull","floor":39,"gold_loss":0,"cards_upgraded":[]}],"is_beta":false,"boss_relics":[{"not_picked":["Ectoplasm","Snecko Heart"],"picked":"Replay:Grab Bag"},{"not_picked":["Replay:Bronze Core","Replay:Wanted Poster"],"picked":"Cursed Key"},{"not_picked":["Pandora\u0027s Box","Black Star"],"picked":"RobotSpaceExplorer:SearchSpecs"},{"not_picked":["Ring of Chaos","Philosopher\u0027s Stone"],"picked":"Busted Crown"}],"items_purged_floors":[29,37],"is_endless":false,"potions_floor_spawned":[3,6,7,18,19,25,31,35,42,45,46,47,48],"ascension_level":10}}