{"host":"6h0diz2ap0m56grs","time":1611038021,"event":{"mods":["2.2 Compatiblity","BaseMod","Colored Map","Marisa????????","Minty Spire (QoL Compilation)","Quick Restart","Replay The Spire","Shop Mod","StSLib","The Servant 0.9.4"],"gold_per_floor":[117,132,132,132,132,157,187,216,216,243,8,68,68,86,86,186,186,200,250,150,168,168,193,220,220,220,14,14,43,43,93,93,219,219,238,238,265,265,635,682,682,682],"floor_reached":41,"language":"ENG","playtime":1314,"items_purged":["SprinkleStarSeal"],"score":936,"play_id":"98b5df60-eae7-4a1c-9b2a-cde1a8d538b6","local_time":"20210119003341","daily_mods":["SealedDeck","Heirloom","Time Dilation","Flight"],"is_ascension_mode":true,"campfire_choices":[{"data":"MilkyWay","floor":13,"key":"SMITH"},{"data":"MilkyWay","floor":15,"key":"SMITH"},{"data":"MilkyWay","floor":25,"key":"SMITH"},{"data":"Pot Of Greed","floor":28,"key":"SMITH"},{"data":"Pot Of Greed","floor":32,"key":"SMITH"}],"circlet_count":0,"master_deck":["6A+1","OortCloud+1","MachineGunSpark+1","MachineGunSpark","StarBarrage","6A","PowerUp","MilkyWay+1","PowerUp","MilkyWay+1","OortCloud+1","MilkyWay+1","MilkyWay+1","UnstableBomb","Pot Of Greed+1","Pot Of Greed+1","CurseOfTheBell","SprinkleStarSeal+1","PulseMagic"],"relics":["MiniHakkero","replay:Trail_Library","Prayer Wheel","Chameleon Ring","Garlic","Replay:Bottled Steam","MerchantsRug","Runic Dome","Bag of Preparation","Enchiridion","Replay:Bottled Eggs","Bag of Marbles","Lantern","Replay:Bandana","Eternal Feather","Calling Bell","Strawberry","Sundial","TungstenRod","Oddly Smooth Stone","Old Coin","Frozen Egg 2"],"acts_visited":["Exordium","TheCity","TheBeyond"],"potions_floor_usage":[7],"damage_taken":[{"damage":0,"enemies":"Cultist","floor":1,"turns":3},{"damage":0,"enemies":"Jaw Worm","floor":2,"turns":2},{"damage":0,"enemies":"3 Sentries","floor":6,"turns":5},{"damage":0,"enemies":"Gremlin Nob","floor":7,"turns":2},{"damage":0,"enemies":"Lagavulin","floor":8,"turns":4},{"damage":0,"enemies":"3 Sentries","floor":10,"turns":5},{"damage":0,"enemies":"Gremlin Nob","floor":12,"turns":4},{"damage":0,"enemies":"Small Slimes","floor":14,"turns":3},{"damage":0,"enemies":"Fading Forest","floor":16,"turns":10},{"damage":0,"enemies":"Shell Parasite","floor":18,"turns":2},{"damage":0,"enemies":"2 Thieves","floor":21,"turns":3},{"damage":0,"enemies":"Gremlin Leader","floor":23,"turns":4},{"damage":0,"enemies":"Slavers","floor":24,"turns":4},{"damage":0,"enemies":"Book of Stabbing","floor":29,"turns":1},{"damage":0,"enemies":"Gremlin Leader","floor":31,"turns":3},{"damage":0,"enemies":"Champ","floor":33,"turns":3},{"damage":0,"enemies":"3 Shapes","floor":35,"turns":1},{"damage":0,"enemies":"3 Darklings","floor":37,"turns":2},{"damage":0,"enemies":"2 Orb Walkers","floor":39,"turns":3},{"damage":0,"enemies":"Reptomancer","floor":40,"turns":2},{"damage":0,"enemies":"Nemesis","floor":41,"turns":1}],"seed_played":"5461243979233843730","potions_obtained":[{"floor":1,"key":"Explosive Potion"},{"floor":6,"key":"SkillPotion"},{"floor":8,"key":"BlessingOfTheForge"},{"floor":14,"key":"PowerPotion"},{"floor":18,"key":"LiquidBronze"},{"floor":24,"key":"StarNLove"},{"floor":30,"key":"Ancient Potion"}],"is_trial":true,"path_per_floor":["M","M","$","?","?","E","E","E","T","E","$","?","R","M","R","B",null,"M","?","$","M","?","E","E","R","T","$","R","E","?","E","R","B",null,"M","T","M","?","?","E","E"],"character_chosen":"MARISA","items_purchased":["MerchantsRug","Whetstone","Bag of Preparation","Bag of Marbles","Lantern"],"campfire_rested":0,"item_purchase_floors":[11,11,20,27,27],"current_hp_per_floor":[75,75,75,75,75,75,75,75,75,75,75,75,75,75,75,75,75,75,75,75,75,59,61,63,63,63,63,63,63,63,63,72,72,82,82,82,82,82,82,82,82,82],"gold":682,"neow_bonus":"","is_daily":false,"chose_seed":false,"campfire_upgraded":5,"win_rate":0.0,"timestamp":1611038021,"path_taken":["M","M","$","?","?","E","E","E","T","E","$","?","R","M","R","BOSS","M","?","$","?","?","E","E","R","T","?","R","E","?","E","R","BOSS","M","?","?","?","?","E","E"],"items_purchased_type":["Relic","Relic","Relic","Relic","Relic"],"build_version":"2020-12-22","purchased_purges":1,"victory":false,"max_hp_per_floor":[75,75,75,75,75,75,75,75,75,75,75,75,75,75,75,75,75,75,75,75,75,75,75,75,75,75,75,75,75,75,75,75,75,82,82,82,82,82,82,82,82,82],"card_choices":[{"not_picked":["StarBarrage","MysteriousBeam","SporeBomb"],"picked":"SKIP","floor":1},{"not_picked":["DoubleSpark","ChargingUp","EarthLightRay"],"picked":"SKIP","floor":1},{"not_picked":["StarBarrage","DarkMatter"],"picked":"OortCloud","floor":2},{"not_picked":["SuperPerseids","AsteroidBelt","Singularity"],"picked":"SKIP","floor":2},{"not_picked":["Orbital","GalacticHalo"],"picked":"MilkyWay","floor":6},{"not_picked":["WitchLeyline","DarkSpark","GalacticHalo"],"picked":"SKIP","floor":7},{"not_picked":["OrrerysSun","DeepEcoloBomb","FairyDestructionRay"],"picked":"SKIP","floor":8},{"not_picked":["GalacticHalo","IllusionStar","ManaRampage"],"picked":"SKIP","floor":10},{"not_picked":["NonDirectionalLaser","AsteroidBelt"],"picked":"MilkyWay","floor":14},{"not_picked":["GrandCross","PowerUp"],"picked":"UnstableBomb","floor":14},{"not_picked":["GasGiant","DC+1","LuminesStrike+1"],"picked":"SKIP","floor":18},{"not_picked":["SporeBomb","LuminesStrike+1","MeteoricShower+1"],"picked":"SKIP","floor":18},{"not_picked":["MeteoricShower","ChargeUpSpray","SporeBomb"],"picked":"SKIP","floor":21},{"not_picked":["Acceleration","PropBag","OneTimeOff"],"picked":"SKIP","floor":21},{"not_picked":["GalacticHalo","MilkyWay","UltimateShortwave"],"picked":"SKIP","floor":23},{"not_picked":["GalacticHalo","MilkyWay","UltimateShortwave"],"picked":"SKIP","floor":23},{"not_picked":["UnstableBomb+1","WitchLeyline","6A"],"picked":"SKIP","floor":24},{"not_picked":["OpenUniverse","Singularity","UnstableBomb"],"picked":"SKIP","floor":29},{"not_picked":["DarkSpark","SporeBomb","GrandCross"],"picked":"SKIP","floor":31},{"not_picked":["FairyDestructionRay","SporeBomb"],"picked":"SprinkleStarSeal+1","floor":35},{"not_picked":["WitchLeyline","GalacticHalo+1","DoubleSpark+1"],"picked":"SKIP","floor":35},{"not_picked":["MagicChant+1","IllusionStar+1","MilkyWay"],"picked":"SKIP","floor":37},{"not_picked":["MysteriousBeam+1","Orbital","LuminesStrike+1"],"picked":"SKIP","floor":37},{"not_picked":["LuminesStrike+1","SporeBomb+1","WitchOfGreed+1"],"picked":"SKIP","floor":40}],"player_experience":211157,"relics_obtained":[{"floor":6,"key":"Chameleon Ring"},{"floor":7,"key":"Garlic"},{"floor":8,"key":"Dream Catcher"},{"floor":9,"key":"Replay:Bottled Steam"},{"floor":10,"key":"MawBank"},{"floor":12,"key":"Blood Vial"},{"floor":22,"key":"Enchiridion"},{"floor":23,"key":"Replay:Bottled Eggs"},{"floor":24,"key":"Grinning Jar"},{"floor":26,"key":"Ornamental Fan"},{"floor":29,"key":"Replay:Bandana"},{"floor":31,"key":"Eternal Feather"},{"floor":34,"key":"Strawberry"},{"floor":34,"key":"Sundial"},{"floor":34,"key":"TungstenRod"},{"floor":36,"key":"Oddly Smooth Stone"},{"floor":39,"key":"Old Coin"},{"floor":40,"key":"Frozen Egg 2"}],"event_choices":[{"damage_healed":0,"gold_gain":0,"player_choice":"Grow","damage_taken":0,"max_hp_gain":0,"max_hp_loss":0,"event_name":"Living Wall","floor":4,"gold_loss":0,"cards_upgraded":["MilkyWay"]},{"damage_healed":0,"gold_gain":0,"player_choice":"Ignored","damage_taken":0,"max_hp_gain":0,"max_hp_loss":0,"event_name":"Liars Game","floor":5,"gold_loss":0},{"damage_healed":0,"gold_gain":0,"player_choice":"Searched \u00272\u0027 times","damage_taken":0,"max_hp_gain":0,"max_hp_loss":0,"event_name":"Dead Adventurer","floor":12,"gold_loss":0},{"damage_healed":0,"gold_gain":100,"player_choice":"Bet on Murderer","damage_taken":0,"max_hp_gain":0,"max_hp_loss":0,"event_name":"The Joust","floor":19,"gold_loss":50},{"damage_healed":0,"gold_gain":0,"player_choice":"Obtained Book","damage_taken":16,"max_hp_gain":0,"max_hp_loss":0,"event_name":"Cursed Tome","floor":22,"gold_loss":0},{"damage_healed":0,"gold_gain":0,"player_choice":"Got Potions","damage_taken":0,"max_hp_gain":0,"max_hp_loss":0,"event_name":"Lab","floor":30,"gold_loss":0},{"damage_healed":0,"gold_gain":0,"player_choice":"Memory 1","damage_taken":0,"max_hp_gain":0,"max_hp_loss":0,"event_name":"SensoryStone","floor":38,"gold_loss":0},{"damage_healed":0,"gold_gain":0,"player_choice":"Fight","damage_taken":0,"max_hp_gain":0,"max_hp_loss":0,"event_name":"Mysterious Sphere","floor":39,"gold_loss":0}],"is_beta":false,"boss_relics":[{"not_picked":["Tiny House","Abe\u0027s Treasure"],"picked":"Runic Dome"},{"not_picked":["ExperimentalFamiliar","ReplayTheSpireMod:Onyx Gauntlets"],"picked":"Calling Bell"}],"items_purged_floors":[27],"is_endless":false,"potions_floor_spawned":[1,6,8,14,18,24,31,37,39],"killed_by":"Nemesis","ascension_level":1}}