{"host":"z4nt7tdd4gjrinn7","time":1611098845,"event":{"mods":["100% Spire Juice","BaseMod","Minty Spire (QoL Compilation)","StSLib"],"gold_per_floor":[110,110,110,4,4,45,45,45,45,45,389,403,403,403,403,529,529,542,542,457,457,67,110,110,123,123,143,143,143,156,179,179,299,299,323,140,161,182,182,182,182,198,198,198,222,240,164,178,178,178,178],"floor_reached":50,"language":"ENG","playtime":13043,"items_purged":[],"score":618,"play_id":"a6a72327-c920-4d7d-8cdd-f69fa0baa839","local_time":"20210119182725","is_ascension_mode":false,"campfire_choices":[{"data":"Bouncing Flask","floor":7,"key":"SMITH"},{"data":"Noxious Fumes","floor":10,"key":"SMITH"},{"data":"Blade Dance","floor":13,"key":"SMITH"},{"data":"Poisoned Stab","floor":15,"key":"SMITH"},{"floor":28,"key":"REST"},{"floor":32,"key":"REST"},{"floor":40,"key":"REST"},{"floor":49,"key":"REST"}],"circlet_count":0,"master_deck":["Strike_G+1","Strike_G+1","Strike_G+1","Strike_G+1","Defend_G+1","Defend_G+1","Defend_G+1","Defend_G+1","Defend_G+1","Survivor","Neutralize","Poisoned Stab+1","Injury","Bouncing Flask+1","Noxious Fumes+1","Blade Dance+1","Skewer","PiercingWail","Die Die Die","Deflect","Infinite Blades+1","Outmaneuver","Deadly Poison+1","Distraction+1","Catalyst","Phantasmal Killer","Crippling Poison+1","Infinite Blades","Outmaneuver+1","Endless Agony+1","Cloak And Dagger","Regret","Writhe","Outmaneuver+1","Parasite","Blade Dance","Riddle With Holes"],"relics":["Ring of the Serpent","NeowsBlessing","Golden Idol","Shuriken","Ninja Scroll","Old Coin","Cursed Key","MutagenicStrength","PreservedInsect","Pear","Omamori","Darkstone Periapt","Dead Branch","Sundial","Strawberry","Lantern"],"acts_visited":["Exordium","TheCity","TheBeyond"],"potions_floor_usage":[16,33,46,48,48,50],"damage_taken":[{"damage":0,"enemies":"Jaw Worm","floor":1,"turns":1},{"damage":0,"enemies":"Lagavulin","floor":6,"turns":1},{"damage":0,"enemies":"3 Sentries","floor":11,"turns":1},{"damage":0,"enemies":"Cultist","floor":12,"turns":2},{"damage":15,"enemies":"Hexaghost","floor":16,"turns":6},{"damage":20,"enemies":"2 Thieves","floor":18,"turns":3},{"damage":14,"enemies":"Book of Stabbing","floor":23,"turns":3},{"damage":5,"enemies":"3 Byrds","floor":25,"turns":3},{"damage":7,"enemies":"Snecko","floor":27,"turns":3},{"damage":0,"enemies":"3 Cultists","floor":30,"turns":3},{"damage":20,"enemies":"Shelled Parasite and Fungi","floor":31,"turns":3},{"damage":38,"enemies":"Automaton","floor":33,"turns":6},{"damage":11,"enemies":"Orb Walker","floor":35,"turns":2},{"damage":24,"enemies":"3 Darklings","floor":37,"turns":4},{"damage":28,"enemies":"Writhing Mass","floor":38,"turns":4},{"damage":44,"enemies":"Jaw Worm Horde","floor":42,"turns":3},{"damage":24,"enemies":"Spire Growth","floor":45,"turns":3},{"damage":22,"enemies":"Writhing Mass","floor":46,"turns":5},{"damage":3,"enemies":"4 Shapes","floor":48,"turns":3},{"damage":59,"enemies":"Time Eater","floor":50,"turns":5}],"seed_played":"-1044760087427988947","potions_obtained":[{"floor":11,"key":"DistilledChaos"},{"floor":23,"key":"CunningPotion"},{"floor":31,"key":"Ancient Potion"},{"floor":42,"key":"LiquidMemories"},{"floor":45,"key":"SpeedPotion"},{"floor":46,"key":"CultistPotion"}],"is_trial":false,"path_per_floor":["M","?","?","$","?","E","R","$","T","R","E","M","R","?","R","B",null,"M","?","?","?","$","E","?","M","T","M","R","T","M","M","R","B",null,"M","$","M","M","?","R","?","M","T","?","M","M","$","M","R","B"],"character_chosen":"THE_SILENT","items_purchased":["Bouncing Flask","Noxious Fumes","Pear","Omamori","Strawberry","Infinite Blades","Regen Potion"],"campfire_rested":4,"item_purchase_floors":[4,4,22,22,36,36,47],"current_hp_per_floor":[70,70,70,70,70,70,70,70,70,70,70,70,70,75,75,60,75,55,55,55,55,65,51,51,46,46,39,64,64,64,44,69,31,85,74,81,57,29,29,56,56,12,18,49,25,9,9,18,51,0,0],"gold":178,"neow_bonus":"THREE_ENEMY_KILL","is_daily":false,"chose_seed":false,"campfire_upgraded":4,"win_rate":0.0,"timestamp":1611098845,"path_taken":["M","?","?","$","?","E","R","$","T","R","E","?","R","?","R","BOSS","M","?","?","?","$","E","?","M","T","M","R","?","M","M","R","BOSS","M","$","M","M","?","R","?","M","T","?","M","?","$","?","R","BOSS"],"items_purchased_type":["Card","Card","Relic","Relic","Relic","Card","Potion"],"build_version":"2020-12-22","purchased_purges":0,"victory":false,"max_hp_per_floor":[70,70,70,70,70,70,70,70,70,70,70,70,70,75,75,75,75,75,75,75,75,85,85,85,85,85,85,85,85,85,85,85,85,85,85,92,92,92,92,92,92,92,98,104,104,110,110,110,110,110,110],"card_choices":[{"not_picked":["Backflip","Reflex"],"picked":"Poisoned Stab","floor":1},{"not_picked":["Dodge and Roll","Deflect"],"picked":"Blade Dance","floor":6},{"not_picked":["Acrobatics","Blur"],"picked":"Skewer","floor":11},{"not_picked":["Quick Slash","Deflect"],"picked":"PiercingWail","floor":12},{"not_picked":["Glass Knife","Storm of Steel"],"picked":"Die Die Die","floor":16},{"not_picked":["Calculated Gamble","Slice"],"picked":"Deflect","floor":18},{"not_picked":["Prepared","Accuracy"],"picked":"Infinite Blades+1","floor":23},{"not_picked":["Acrobatics+1","PiercingWail"],"picked":"Outmaneuver","floor":25},{"not_picked":["Sucker Punch","Flying Knee"],"picked":"Deadly Poison+1","floor":27},{"not_picked":["Expertise","Adrenaline"],"picked":"Distraction+1","floor":30},{"not_picked":["Dagger Spray","Deflect"],"picked":"Catalyst","floor":31},{"not_picked":["Night Terror","Envenom"],"picked":"Phantasmal Killer","floor":33},{"not_picked":["Deflect","Dagger Spray"],"picked":"Crippling Poison+1","floor":35},{"not_picked":["Dagger Spray","Flying Knee+1"],"picked":"Outmaneuver+1","floor":37},{"not_picked":["Sucker Punch","Poisoned Stab+1"],"picked":"Endless Agony+1","floor":38},{"not_picked":["Dagger Throw","Wraith Form v2"],"picked":"Cloak And Dagger","floor":42},{"not_picked":["Slice+1","Choke+1"],"picked":"Outmaneuver+1","floor":45},{"not_picked":["Sucker Punch","Backflip+1"],"picked":"Blade Dance","floor":46},{"not_picked":["Masterful Stab","Slice"],"picked":"Riddle With Holes","floor":48}],"player_experience":118253,"relics_obtained":[{"floor":6,"key":"Shuriken"},{"floor":9,"key":"Ninja Scroll"},{"floor":11,"key":"Old Coin"},{"floor":23,"key":"Darkstone Periapt"},{"floor":26,"key":"Dead Branch"},{"floor":29,"key":"Sundial"},{"floor":43,"key":"Lantern"}],"event_choices":[{"damage_healed":0,"gold_gain":0,"player_choice":"Ignored","damage_taken":0,"max_hp_gain":0,"max_hp_loss":0,"event_name":"Golden Wing","floor":2,"gold_loss":0},{"damage_healed":0,"gold_gain":0,"player_choice":"Take Wound","damage_taken":0,"relics_obtained":["Golden Idol"],"max_hp_gain":0,"max_hp_loss":0,"event_name":"Golden Idol","floor":3,"gold_loss":0,"cards_obtained":["Injury"]},{"damage_healed":0,"gold_gain":0,"player_choice":"Ignored","damage_taken":0,"max_hp_gain":0,"max_hp_loss":0,"event_name":"WeMeetAgain","floor":5,"gold_loss":0},{"damage_healed":0,"gold_gain":0,"player_choice":"Donut","damage_taken":0,"max_hp_gain":5,"max_hp_loss":0,"event_name":"Big Fish","floor":14,"gold_loss":0},{"damage_healed":0,"gold_gain":0,"player_choice":"Inject Mutagens","damage_taken":0,"relics_obtained":["MutagenicStrength"],"max_hp_gain":0,"max_hp_loss":0,"event_name":"Drug Dealer","floor":19,"gold_loss":0},{"damage_healed":0,"gold_gain":0,"player_choice":"Obtained Relic","damage_taken":0,"relics_obtained":["PreservedInsect"],"max_hp_gain":0,"max_hp_loss":0,"event_name":"Addict","floor":20,"gold_loss":85},{"damage_healed":0,"gold_gain":0,"player_choice":"Simplicity","damage_taken":0,"max_hp_gain":0,"max_hp_loss":0,"event_name":"Back to Basics","floor":21,"gold_loss":0,"cards_upgraded":["Strike_G","Strike_G","Strike_G","Strike_G","Strike_G","Defend_G","Defend_G","Defend_G","Defend_G","Defend_G"]},{"damage_healed":0,"gold_gain":0,"player_choice":"Ignored","damage_taken":0,"max_hp_gain":0,"max_hp_loss":0,"event_name":"Cursed Tome","floor":24,"gold_loss":0},{"cards_removed":["Strike_G"],"damage_healed":0,"gold_gain":0,"player_choice":"Removed Attack","damage_taken":0,"max_hp_gain":0,"max_hp_loss":0,"event_name":"Falling","floor":39,"gold_loss":0},{"damage_healed":0,"gold_gain":0,"player_choice":"Ignored","damage_taken":0,"max_hp_gain":0,"max_hp_loss":0,"event_name":"Tomb of Lord Red Mask","floor":41,"gold_loss":0},{"damage_healed":25,"gold_gain":0,"player_choice":"Writhe","damage_taken":0,"max_hp_gain":0,"max_hp_loss":0,"event_name":"Winding Halls","floor":44,"gold_loss":0,"cards_obtained":["Writhe"]}],"is_beta":false,"boss_relics":[{"not_picked":["Sozu","Snecko Eye"],"picked":"Cursed Key"},{"not_picked":["Calling Bell","Black Star"],"picked":"Ring of the Serpent"}],"items_purged_floors":[],"is_endless":false,"potions_floor_spawned":[11,23,31,42,45,46],"killed_by":"Time Eater","ascension_level":0}}