{"host":"r53pw7z744tg3fxg","time":1611021616,"event":{"mods":["AchievementEnabler","BaseMod","Colored Map","Colored Powertips","Highlight Path","Minty Spire (QoL Compilation)","Quick Restart","Transform Curses"],"gold_per_floor":[116,126,126,126,36,62,62,77,77,37,37,71,89,114,114,185,185,204,217,217,227,227,227],"floor_reached":22,"language":"ENG","playtime":835,"items_purged":[],"score":367,"play_id":"73516655-fcee-4257-9716-10f8cee7c953","local_time":"20210118190016","is_ascension_mode":true,"campfire_choices":[{"floor":15.0,"key":"REST"}],"circlet_count":0,"master_deck":["AscendersBane","Strike_P","Strike_P","Strike_P","Strike_P","Defend_P","Defend_P","Defend_P","Defend_P","Eruption+1","Vigilance","WindmillStrike","FollowUp","Discovery","ThirdEye","ReachHeaven","Halt","CutThroughFate","Devotion","Prostrate+1"],"relics":["PureWater","Pear","Ornamental Fan","TeardropLocket","Bottled Lightning","Busted Crown"],"acts_visited":["Exordium","TheCity"],"potions_floor_usage":[22],"damage_taken":[{"damage":1.0,"enemies":"Small Slimes","floor":1.0,"turns":4.0},{"damage":3.0,"enemies":"2 Louse","floor":2.0,"turns":3.0},{"damage":45.0,"enemies":"Lagavulin","floor":6.0,"turns":7.0},{"damage":2.0,"enemies":"Jaw Worm","floor":8.0,"turns":5.0},{"damage":4.0,"enemies":"Gremlin Nob","floor":12.0,"turns":3.0},{"damage":0.0,"enemies":"Looter","floor":13.0,"turns":3.0},{"damage":4.0,"enemies":"3 Sentries","floor":14.0,"turns":3.0},{"damage":39.0,"enemies":"The Guardian","floor":16.0,"turns":9.0},{"damage":11.0,"enemies":"Shell Parasite","floor":18.0,"turns":6.0},{"damage":24.0,"enemies":"2 Thieves","floor":19.0,"turns":4.0},{"damage":20.0,"enemies":"Centurion and Healer","floor":21.0,"turns":5.0},{"damage":63,"enemies":"Shelled Parasite and Fungi","floor":22,"turns":5}],"seed_played":"3360942160794657880","potions_obtained":[{"floor":6.0,"key":"ColorlessPotion"},{"floor":8.0,"key":"AttackPotion"},{"floor":11.0,"key":"Fruit Juice"},{"floor":11.0,"key":"Fire Potion"},{"floor":12.0,"key":"SkillPotion"},{"floor":14.0,"key":"Fire Potion"},{"floor":18.0,"key":"Explosive Potion"},{"floor":21.0,"key":"Dexterity Potion"}],"is_trial":false,"path_per_floor":["M","M","?","?","$","E","?","M","T","$","?","E","M","E","R","B",null,"M","M","?","M","M"],"character_chosen":"WATCHER","items_purchased":["Discovery","ReachHeaven"],"campfire_rested":1,"item_purchase_floors":[5,10],"current_hp_per_floor":[60,57,57,57,57,22,22,20,20,20,25,21,21,17,41,2,63,52,28,45,25,0,0],"gold":227,"neow_bonus":"THREE_CARDS","is_daily":false,"chose_seed":false,"campfire_upgraded":0,"win_rate":0.0,"timestamp":1611021616,"path_taken":["M","M","?","?","?","E","?","M","T","$","?","E","M","E","R","BOSS","M","?","?","M","M"],"items_purchased_type":["Card","Card"],"build_version":"2020-12-22","purchased_purges":0,"victory":false,"max_hp_per_floor":[68,68,68,68,68,78,78,78,78,78,83,83,83,83,83,83,83,83,83,83,83,83,83],"card_choices":[{"not_picked":["FlyingSleeves","Crescendo"],"picked":"WindmillStrike","floor":0.0},{"not_picked":["Protect","WaveOfTheHand","CrushJoints"],"picked":"SKIP","floor":1.0},{"not_picked":["FlyingSleeves","Crescendo"],"picked":"FollowUp","floor":2.0},{"not_picked":["FlyingSleeves","SignatureMove"],"picked":"ThirdEye","floor":6.0},{"not_picked":["FlyingSleeves","ThirdEye","WaveOfTheHand"],"picked":"SKIP","floor":8.0},{"not_picked":["JustLucky","Brilliance"],"picked":"Halt","floor":12.0},{"not_picked":["Nirvana","ClearTheMind"],"picked":"CutThroughFate","floor":13.0},{"not_picked":["FlyingSleeves","Nirvana","Crescendo"],"picked":"SKIP","floor":14.0},{"not_picked":["DevaForm","LessonLearned"],"picked":"Devotion","floor":16.0},{"not_picked":["EmptyFist"],"picked":"SKIP","floor":18.0},{"not_picked":[],"picked":"Prostrate+1","floor":19.0},{"not_picked":["Halt"],"picked":"SKIP","floor":21.0}],"player_experience":1303781,"relics_obtained":[{"floor":6.0,"key":"Pear"},{"floor":9.0,"key":"Ornamental Fan"},{"floor":12.0,"key":"TeardropLocket"},{"floor":14.0,"key":"Bottled Lightning"}],"event_choices":[{"damage_healed":0.0,"max_hp_gain":0.0,"max_hp_loss":0.0,"gold_gain":0.0,"event_name":"Living Wall","player_choice":"Grow","floor":3.0,"gold_loss":0.0,"damage_taken":0.0,"cards_upgraded":["Eruption"]},{"damage_healed":0.0,"max_hp_gain":0.0,"max_hp_loss":0.0,"gold_gain":0.0,"event_name":"The Cleric","player_choice":"Leave","floor":4.0,"gold_loss":0.0,"damage_taken":0.0},{"damage_healed":0.0,"max_hp_gain":0.0,"max_hp_loss":0.0,"gold_gain":0.0,"event_name":"Shining Light","player_choice":"Ignored","floor":7.0,"gold_loss":0.0,"damage_taken":0.0},{"damage_healed":0.0,"max_hp_gain":0.0,"max_hp_loss":0.0,"gold_gain":0.0,"event_name":"Lab","player_choice":"Got Potions","floor":11.0,"gold_loss":0.0,"damage_taken":0.0},{"damage_healed":17.0,"max_hp_gain":0.0,"max_hp_loss":0.0,"gold_gain":0.0,"event_name":"The Library","player_choice":"Heal","floor":20.0,"gold_loss":0.0,"damage_taken":0.0}],"is_beta":false,"boss_relics":[{"not_picked":["Runic Dome","Snecko Eye"],"picked":"Busted Crown"}],"items_purged_floors":[],"is_endless":false,"potions_floor_spawned":[6,8,12,14,18,21],"killed_by":"Shelled Parasite and Fungi","ascension_level":16}}