{"host":"zzf13dk0jcen0ncv","time":1611034588,"event":{"mods":["AchievementEnabler","BaseMod","BetterRewards","Colored Map","Keyboard Shortcuts","Minty Spire (QoL Compilation)","Quick Restart","Shop Mod","StSLib","SuperFastMode","Waifu the Spire"],"gold_per_floor":[111,111,122,122,133,162,180,180,249,249,1,11,11,0,0,79,79,99,111,111,111],"floor_reached":20,"language":"KOR","playtime":912,"items_purged":["Strike_P"],"score":748,"play_id":"fb628b74-b5e4-43fd-a819-2d059159f8e9","local_time":"20210119143628","is_ascension_mode":true,"campfire_choices":[{"data":"Eruption","floor":8,"key":"SMITH"},{"floor":10,"key":"REST"},{"data":"Establishment","floor":13,"key":"SMITH"},{"floor":15,"key":"REST"}],"circlet_count":0,"master_deck":["AscendersBane","Defend_P","Defend_P","Defend_P","Eruption+1","Vigilance","MasterReality","SandsOfTime","EmptyFist","MentalFortress","InnerPeace","Indignation","FearNoEvil","Establishment+1","MentalFortress","Panacea","TalkToTheHand","MentalFortress","Worship+1","FlurryOfBlows","Escape Plan+1","Reboot+1","ThirdEye+1","Meteor Strike","Halt+1","ClearTheMind+1","Halt+1","Recycle+1","LessonLearned","FlurryOfBlows+1","SashWhip+1","SashWhip+1","ClearTheMind+1","Blind+1"],"relics":["PureWater","Matryoshka","Melange","Bronze Scales","PrismaticShard","Art of War","Orrery","TungstenRod","Toxic Egg 2","InkBottle","OrangePellets","FossilizedHelix","Happy Flower","Orichalcum","Question Card","MealTicket","Astrolabe"],"acts_visited":["Exordium","TheCity"],"potions_floor_usage":[18],"damage_taken":[{"damage":13,"enemies":"Jaw Worm","floor":1,"turns":4},{"damage":12,"enemies":"Small Slimes","floor":3,"turns":3},{"damage":5,"enemies":"2 Louse","floor":5,"turns":3},{"damage":18,"enemies":"3 Sentries","floor":6,"turns":12},{"damage":0,"enemies":"Looter","floor":7,"turns":2},{"damage":9,"enemies":"Exordium Wildlife","floor":12,"turns":3},{"damage":0,"enemies":"The Guardian","floor":16,"turns":6},{"damage":6,"enemies":"Shell Parasite","floor":18,"turns":3},{"damage":31,"enemies":"2 Thieves","floor":19,"turns":5},{"damage":28,"enemies":"Masked Bandits","floor":20,"turns":3}],"seed_played":"1315628575443990632","potions_obtained":[{"floor":1,"key":"Weak Potion"},{"floor":3,"key":"Swift Potion"},{"floor":19,"key":"SteroidPotion"}],"is_trial":false,"path_per_floor":["M","?","M","?","M","E","M","R","T","R","$","M","R","?","R","B",null,"M","M","?"],"character_chosen":"WATCHER","items_purchased":["Matryoshka","Melange","MasterReality","SandsOfTime","EmptyFist","Bronze Scales","PrismaticShard","Art of War","MentalFortress","InnerPeace","Indignation","FearNoEvil","Orrery","TungstenRod","MentalFortress","Panacea","TalkToTheHand","Toxic Egg 2","InkBottle","OrangePellets","MentalFortress","Worship+1","MealTicket","ClearTheMind+1","Halt+1"],"campfire_rested":2,"item_purchase_floors":[0,0,0,0,0,0,0,0,0,0,0,0,0,0,0,0,0,0,0,0,0,0,11,11,11],"current_hp_per_floor":[48,44,32,32,27,9,9,9,9,29,29,20,20,20,40,40,61,55,24,0,0],"gold":111,"neow_bonus":"","is_daily":false,"chose_seed":false,"campfire_upgraded":2,"win_rate":0.0,"timestamp":1611034588,"path_taken":["M","?","M","?","M","E","M","R","T","R","$","M","R","?","R","BOSS","M","M","?"],"items_purchased_type":["Relic","Relic","Card","Card","Card","Relic","Relic","Relic","Card","Card","Card","Card","Relic","Relic","Card","Card","Card","Relic","Relic","Relic","Card","Card","Relic","Card","Card"],"build_version":"2020-12-22","purchased_purges":1,"victory":false,"max_hp_per_floor":[68,68,68,68,68,68,68,68,68,68,68,68,68,68,68,68,68,68,68,68,68],"card_choices":[{"not_picked":["Fire Breathing","Melter"],"picked":"Establishment","floor":0},{"not_picked":["Streamline","Shrug It Off+1"],"picked":"FlurryOfBlows","floor":0},{"not_picked":["Ball Lightning","PathToVictory+1"],"picked":"Escape Plan+1","floor":0},{"not_picked":["Hemokinesis","Rebound","Headbutt"],"picked":"SKIP","floor":1},{"not_picked":["Prostrate+1","Hologram+1"],"picked":"Reboot+1","floor":3},{"not_picked":["Flying Knee","Flame Barrier+1","Consecrate"],"picked":"SKIP","floor":5},{"not_picked":["Flex+1","Escape Plan+1"],"picked":"Meteor Strike","floor":6},{"not_picked":["Redo+1","Poisoned Stab"],"picked":"Halt+1","floor":7},{"not_picked":["Clothesline","Evolve","Redo+1"],"picked":"Recycle+1","floor":12},{"not_picked":["Fiend Fire","Burst+1","Night Terror+1"],"picked":"LessonLearned","floor":16},{"not_picked":["Anger","True Grit+1","Calculated Gamble+1"],"picked":"ClearTheMind+1","floor":18},{"not_picked":["PathToVictory+1","Purity+1","Tactician+1"],"picked":"Blind+1","floor":19}],"player_experience":921370,"relics_obtained":[{"floor":6,"key":"Happy Flower"},{"floor":9,"key":"Orichalcum"},{"floor":9,"key":"Question Card"}],"event_choices":[{"damage_healed":0,"gold_gain":0,"player_choice":"Success","damage_taken":5,"relics_obtained":["FossilizedHelix"],"max_hp_gain":0,"max_hp_loss":0,"event_name":"Scrap Ooze","floor":2,"gold_loss":0},{"damage_healed":0,"gold_gain":0,"cards_transformed":["Strike_P"],"player_choice":"Change","damage_taken":0,"max_hp_gain":0,"max_hp_loss":0,"event_name":"Living Wall","floor":4,"gold_loss":0,"cards_obtained":["ThirdEye"]},{"damage_healed":0,"gold_gain":0,"player_choice":"Left Gold","damage_taken":0,"max_hp_gain":0,"max_hp_loss":0,"event_name":"World of Goop","floor":14,"gold_loss":11},{"damage_healed":0,"gold_gain":0,"player_choice":"Fought Bandits","damage_taken":0,"max_hp_gain":0,"max_hp_loss":0,"event_name":"Masked Bandits","floor":20,"gold_loss":0}],"is_beta":false,"boss_relics":[{"not_picked":["Cursed Key","Calling Bell"],"picked":"Astrolabe"}],"items_purged_floors":[0],"is_endless":false,"potions_floor_spawned":[1,3,7,19],"killed_by":"Masked Bandits","ascension_level":20}}