{"host":"1q02rw1wpi0nrsss","time":1611054989,"event":{"mods":["AchievementEnabler","BaseMod","Better Note","Custom Start","Dark Map","DeckTracker","Disable Question Mark Monsters","Minty Spire (QoL Compilation)","Permanent Neow","Quick Restart","Rare Cards Sparkle","Relic Stats","StSLib"],"gold_per_floor":[111,122,133,208,158,192,192,122,176,176,202,213,213,225,225,324,324,340,358,42,42,42,42,60,60,60,60,72,87,98,132,132,235,235,255,266,280,295,310,310,310,310,333,333,348,348,348,80,80,80,80],"floor_reached":50,"language":"ENG","playtime":2354,"items_purged":["Defend_B","Normality"],"score":616,"play_id":"2a345809-8d99-4e5e-b9f0-c6a1e04cc7a9","local_time":"20210119031629","is_ascension_mode":true,"campfire_choices":[{"floor":7,"key":"REST"},{"floor":13,"key":"REST"},{"floor":15,"key":"REST"},{"data":"Enlightenment","floor":23,"key":"SMITH"},{"data":"Hologram","floor":25,"key":"SMITH"},{"floor":27,"key":"REST"},{"floor":32,"key":"REST"},{"data":"Echo Form","floor":40,"key":"SMITH"},{"data":"Loop","floor":42,"key":"SMITH"},{"data":"Gash","floor":44,"key":"SMITH"},{"floor":49,"key":"RECALL"}],"circlet_count":0,"master_deck":["Strike_B+1","Strike_B+1","Defend_B+1","Defend_B+1","Zap+1","Dualcast","Sunder","Hologram+1","Cold Snap","Echo Form+1","Loop+1","Leap","Gash+1","Electrodynamics","Coolheaded","Skim","Enlightenment+1","Glacier","Chill+1","White Noise+1","Steam+1","Reinforced Body+1","Panacea","Apotheosis"],"relics":["Cracked Core","DataDisk","Vajra","Sundial","Empty Cage","Bag of Preparation","Frozen Egg 2","Symbiotic Virus","Cursed Key"],"acts_visited":["Exordium","TheCity","TheBeyond"],"potions_floor_usage":[16,29,29,29,31,31,31,33,38],"damage_taken":[{"damage":0,"enemies":"Cultist","floor":1,"turns":3},{"damage":0,"enemies":"2 Louse","floor":2,"turns":2},{"damage":0,"enemies":"Small Slimes","floor":3,"turns":2},{"damage":30,"enemies":"Lagavulin","floor":6,"turns":6},{"damage":29,"enemies":"Gremlin Nob","floor":11,"turns":4},{"damage":6,"enemies":"Red Slaver","floor":12,"turns":4},{"damage":0,"enemies":"Blue Slaver","floor":14,"turns":4},{"damage":21,"enemies":"Hexaghost","floor":16,"turns":10},{"damage":13,"enemies":"Spheric Guardian","floor":18,"turns":4},{"damage":11,"enemies":"3 Byrds","floor":19,"turns":4},{"damage":2,"enemies":"3 Cultists","floor":24,"turns":3},{"damage":0,"enemies":"Snecko","floor":28,"turns":4},{"damage":17,"enemies":"Centurion and Healer","floor":29,"turns":5},{"damage":4,"enemies":"Cultist and Chosen","floor":30,"turns":7},{"damage":11,"enemies":"Slavers","floor":31,"turns":3},{"damage":10,"enemies":"Automaton","floor":33,"turns":10},{"damage":8,"enemies":"Orb Walker","floor":35,"turns":5},{"damage":7,"enemies":"3 Darklings","floor":36,"turns":4},{"damage":0,"enemies":"4 Shapes","floor":37,"turns":5},{"damage":5,"enemies":"Jaw Worm Horde","floor":38,"turns":3},{"damage":0,"enemies":"Transient","floor":39,"turns":5},{"damage":6,"enemies":"3 Darklings","floor":45,"turns":4},{"damage":75,"enemies":"Time Eater","floor":50,"turns":13}],"seed_played":"3324012824189354486","potions_obtained":[{"floor":1,"key":"PotionOfCapacity"},{"floor":6,"key":"PotionOfCapacity"},{"floor":10,"key":"EntropicBrew"},{"floor":29,"key":"Dexterity Potion"},{"floor":31,"key":"SneckoOil"},{"floor":37,"key":"AttackPotion"}],"is_trial":false,"path_per_floor":["M","M","M","?","?","E","R","$","T","?","E","M","R","M","R","B",null,"M","M","$","?","?","R","M","R","T","R","M","M","M","E","R","B",null,"M","M","M","M","M","R","?","R","T","R","M","?","?","$","R","B"],"character_chosen":"DEFECT","items_purchased":["Loop","Bag of Preparation","Enlightenment","Apotheosis"],"campfire_rested":5,"item_purchase_floors":[8,20,20,48],"current_hp_per_floor":[68,68,68,57,57,27,49,49,49,49,20,14,36,36,58,37,66,53,42,42,42,36,36,34,34,34,56,56,39,35,24,46,36,65,57,50,50,45,45,45,75,75,75,75,69,69,69,69,69,0,0],"gold":80,"neow_bonus":"UPGRADE_CARD","is_daily":false,"chose_seed":false,"campfire_upgraded":5,"win_rate":0.0,"timestamp":1611054989,"path_taken":["M","?","M","?","?","E","R","$","T","?","E","?","R","M","R","BOSS","M","M","$","?","?","R","M","R","T","R","M","M","?","E","R","BOSS","M","M","M","M","M","R","?","R","T","R","?","?","?","$","R","BOSS"],"items_purchased_type":["Card","Relic","Card","Card"],"build_version":"2020-12-22","purchased_purges":2,"victory":false,"max_hp_per_floor":[75,75,75,75,75,75,75,75,75,75,75,75,75,75,75,75,75,75,75,75,75,75,75,75,75,75,75,75,75,75,75,75,75,75,75,75,75,75,75,75,75,75,75,75,75,75,75,75,75,75,75],"relic_stats":{"counters":[23,114],"Sundial":[18],"Bag of Preparation":[26],"Cursed Key":1,"obtain_stats":[{"DataDisk":6,"Sundial":11,"Vajra":9,"Bag of Preparation":20,"Frozen Egg 2":26,"Cracked Core":0,"Empty Cage":17,"Symbiotic Virus":31,"Cursed Key":34},{"DataDisk":4,"Sundial":5,"Vajra":4,"Bag of Preparation":10,"Frozen Egg 2":11,"Cracked Core":0,"Empty Cage":8,"Symbiotic Virus":15,"Cursed Key":16},{"DataDisk":13,"Sundial":17,"Vajra":13,"Bag of Preparation":43,"Frozen Egg 2":46,"Cracked Core":0,"Empty Cage":35,"Symbiotic Virus":65,"Cursed Key":75}]},"card_choices":[{"not_picked":["White Noise","Redo"],"picked":"Sunder","floor":1},{"not_picked":["Leap","Redo"],"picked":"Hologram","floor":2},{"not_picked":["Leap","Rebound"],"picked":"Cold Snap","floor":3},{"not_picked":["Streamline","Machine Learning"],"picked":"Echo Form","floor":6},{"not_picked":["Chaos","Cold Snap","Compile Driver"],"picked":"SKIP","floor":11},{"not_picked":["Stack","Cold Snap"],"picked":"Leap","floor":12},{"not_picked":["Rebound","Steam Power"],"picked":"Gash","floor":14},{"not_picked":["Buffer","Machine Learning"],"picked":"Electrodynamics","floor":16},{"not_picked":["Melter","Barrage"],"picked":"Coolheaded","floor":18},{"not_picked":["Stack+1","Self Repair"],"picked":"Skim","floor":19},{"not_picked":["Sunder+1","Barrage","Scrape+1"],"picked":"SKIP","floor":24},{"not_picked":["Ball Lightning","Hello World+1"],"picked":"Glacier","floor":28},{"not_picked":["Streamline","Redo","Chill"],"picked":"SKIP","floor":29},{"not_picked":["Chill","Conserve Battery","Streamline"],"picked":"SKIP","floor":30},{"not_picked":["Leap+1","Lockon","Reprogram"],"picked":"SKIP","floor":31},{"not_picked":["Ball Lightning+1","Coolheaded+1"],"picked":"Chill+1","floor":35},{"not_picked":["Darkness+1","Ball Lightning"],"picked":"White Noise+1","floor":36},{"not_picked":["Turbo","Coolheaded+1"],"picked":"Steam+1","floor":37},{"not_picked":["Heatsinks+1","Leap","Ball Lightning+1"],"picked":"SKIP","floor":38},{"not_picked":["Sweeping Beam","Skim"],"picked":"Reinforced Body+1","floor":39},{"not_picked":["Cold Snap","Go for the Eyes","Tempest"],"picked":"SKIP","floor":45},{"not_picked":["Sadistic Nature+1","Mind Blast"],"picked":"Panacea","floor":46}],"player_experience":418844,"relics_obtained":[{"floor":6,"key":"DataDisk"},{"floor":9,"key":"Vajra"},{"floor":11,"key":"Sundial"},{"floor":26,"key":"Frozen Egg 2"},{"floor":31,"key":"Symbiotic Virus"}],"event_choices":[{"damage_healed":0,"gold_gain":75,"player_choice":"Gather Gold","damage_taken":11,"max_hp_gain":0,"max_hp_loss":0,"event_name":"World of Goop","floor":4,"gold_loss":0},{"cards_removed":["Strike_B"],"damage_healed":0,"gold_gain":0,"player_choice":"Card Removal","damage_taken":0,"max_hp_gain":0,"max_hp_loss":0,"event_name":"The Cleric","floor":5,"gold_loss":50},{"damage_healed":0,"gold_gain":0,"player_choice":"Got Potions","damage_taken":0,"max_hp_gain":0,"max_hp_loss":0,"event_name":"Lab","floor":10,"gold_loss":0},{"damage_healed":0,"gold_gain":0,"player_choice":"Simplicity","damage_taken":0,"max_hp_gain":0,"max_hp_loss":0,"event_name":"Back to Basics","floor":21,"gold_loss":0,"cards_upgraded":["Strike_B","Strike_B","Defend_B","Defend_B"]},{"damage_healed":0,"gold_gain":0,"player_choice":"","damage_taken":6,"max_hp_gain":0,"max_hp_loss":0,"event_name":"Knowing Skull","floor":22,"potions_obtained":[],"gold_loss":0,"cards_obtained":[]},{"damage_healed":30,"gold_gain":0,"player_choice":"Full Heal","damage_taken":0,"max_hp_gain":0,"max_hp_loss":0,"event_name":"Wheel of Change","floor":41,"gold_loss":0},{"damage_healed":0,"gold_gain":0,"player_choice":"Memory 1","damage_taken":0,"max_hp_gain":0,"max_hp_loss":0,"event_name":"SensoryStone","floor":46,"gold_loss":0},{"damage_healed":0,"gold_gain":0,"player_choice":"Ignored","damage_taken":0,"max_hp_gain":0,"max_hp_loss":0,"event_name":"Tomb of Lord Red Mask","floor":47,"gold_loss":0}],"is_beta":false,"boss_relics":[{"not_picked":["Pandora\u0027s Box","Fusion Hammer"],"picked":"Empty Cage"},{"not_picked":["Snecko Eye","Coffee Dripper"],"picked":"Cursed Key"}],"items_purged_floors":[20,48],"is_endless":false,"potions_floor_spawned":[1,6,12,29,31,37],"killed_by":"Time Eater","ascension_level":6}}