{"host":"qnxnem68q7ulahas","time":1611047669,"event":{"mods":["100% Spire Juice","ATMod(阿瑾Mod)","Act Like it!","Arknights The Spire","BaseMod","Better Vampires","Challenge The Spire","Decade(王小明)","GungeonMod","Highlight Path","Minty Spire (QoL Compilation)","Replay The Spire","RumiaBox-露米娅的神秘盒子","SOS（斯巴达之子）","Spicy Shops","StSLib","The Animator","[IsaacMod]以撒尖塔","【功能Mod】混沌之环修复补丁","【遗物卡牌】REMEMod"],"gold_per_floor":[136,61,112,173,194,194,269,269,348,379,433,413,479,499,499,573,623,636,674,210,210,259,328,328,401,450,499,543,353,377,434,434,507,507,588,0,300,358,436,467,480,480,480,535,714,714,742,212,212,268,318,318,318,93,169,194],"floor_reached":57,"language":"ZHS","playtime":3071,"items_purged":["Defend_Dante","Shoot","Normality","Shoot","Defend_Dante","Defend_Dante","AT_DrawKnifeCut","Redorb+1"],"score":4050,"play_id":"5e0571ee-0447-4ec8-ac90-45f829834eb9","local_time":"20210119171429","is_ascension_mode":true,"campfire_choices":[{"data":"Provocation","floor":6.0,"key":"SMITH"},{"data":"Swordmaster","floor":8.0,"key":"SMITH"},{"data":"Attack_b","floor":15.0,"key":"SMITH"},{"data":"Trickster","floor":24.0,"key":"SMITH"},{"data":"Ecstasy","floor":32.0,"key":"SMITH"},{"data":"Lucifer","floor":42.0,"key":"SMITH"},{"floor":46.0,"key":"RECALL"},{"data":"LucifercomboA","floor":49.0,"key":"SMITH"},{"data":"LucifercomboB","floor":53.0,"key":"SMITH"}],"circlet_count":0,"master_deck":["AscendersBane","Attack_a","Attack_a","Attack_b+1","Provocation+1","Defend_Dante+1","LucifercomboA+1","Swordmaster+1","Lucifer+1","LucifercomboB+1","Trickster+1","Demonreform","Dash2+1","Ecstasy+1","Dash2+1","Royaldefend"],"relics":["SSS","Combocheck","HushsDoor","REME_ComplimentaryCards","AT_ATBox","DeadEye","Bag of Preparation","DemoMod:DecoyRelic","DoctorsRemote","Tiny House","Toolbox","MagicDraw2","Replay:Baseball","REME_HourglassOfDeath","Orrery","AT_ImmortalShieldbow","ChampionBelt","SatanicBible","AT_SeraphEmbrace","War Paint","DemoMod:GlassGuonStoneRelic","FossilizedHelix","AT_MibuBalloonWealth","ReplayTheSpireMod:TigerMarble","Molten Egg 2","AT_TimeSand","DemoMod:MeatBun","DemoMod:BigBoy","Art of War"],"acts_visited":["Exordium","TheCity","TheBeyond","TheEnding"],"potions_floor_usage":[56],"damage_taken":[{"damage":4.0,"enemies":"Jaw Worm","floor":1.0,"turns":4.0},{"damage":0.0,"enemies":"Cultist","floor":3.0,"turns":3.0},{"damage":8.0,"enemies":"Small Slimes","floor":4.0,"turns":2.0},{"damage":0.0,"enemies":"Exordium Thugs","floor":5.0,"turns":4.0},{"damage":23.0,"enemies":"Lagavulin","floor":7.0,"turns":4.0},{"damage":0.0,"enemies":"Blue Slaver","floor":10.0,"turns":2.0},{"damage":0.0,"enemies":"Gremlin Nob","floor":11.0,"turns":2.0},{"damage":0.0,"enemies":"Large Slime","floor":13.0,"turns":2.0},{"damage":6.0,"enemies":"Lots of Slimes","floor":14.0,"turns":2.0},{"damage":1.0,"enemies":"Slime Boss","floor":16.0,"turns":3.0},{"damage":15.0,"enemies":"Shell Parasite","floor":18.0,"turns":2.0},{"damage":8.0,"enemies":"Chosen","floor":19.0,"turns":2.0},{"damage":0.0,"enemies":"Snake Plant","floor":22.0,"turns":2.0},{"damage":0.0,"enemies":"Slavers","floor":23.0,"turns":1.0},{"damage":0.0,"enemies":"REME_1_Revenger","floor":25.0,"turns":2.0},{"damage":14.0,"enemies":"Centurion and Healer","floor":27.0,"turns":3.0},{"damage":0.0,"enemies":"Cultist and Chosen","floor":28.0,"turns":2.0},{"damage":0.0,"enemies":"Snake Plant","floor":30.0,"turns":1.0},{"damage":0.0,"enemies":"Gremlin Leader","floor":31.0,"turns":4.0},{"damage":27.0,"enemies":"Pondfish","floor":33.0,"turns":5.0},{"damage":0.0,"enemies":"Giant Head","floor":35.0,"turns":1.0},{"damage":0.0,"enemies":"3 Darklings","floor":38.0,"turns":2.0},{"damage":0.0,"enemies":"R_Hoarder","floor":39.0,"turns":3.0},{"damage":0.0,"enemies":"Nemesis","floor":40.0,"turns":1.0},{"damage":0.0,"enemies":"3 Shapes","floor":41.0,"turns":2.0},{"damage":0.0,"enemies":"R_Hoarder","floor":44.0,"turns":2.0},{"damage":0.0,"enemies":"Reptomancer","floor":45.0,"turns":2.0},{"damage":0.0,"enemies":"R_Hoarder","floor":47.0,"turns":3.0},{"damage":0.0,"enemies":"Donu and Deca","floor":50.0,"turns":1.0},{"damage":0.0,"enemies":"Time Eater","floor":51.0,"turns":2.0},{"damage":0.0,"enemies":"Shield and Spear","floor":55.0,"turns":2.0},{"damage":0,"enemies":"Delirium","floor":56,"turns":4}],"seed_played":"-6164403890817553565","potions_obtained":[{"floor":4.0,"key":"Adrenaline Potion"},{"floor":7.0,"key":"FearPotion"},{"floor":11.0,"key":"LifebloodPotion"},{"floor":16.0,"key":"BlessingOfTheForge"},{"floor":33.0,"key":"AttackPotion"},{"floor":47.0,"key":"Explosive Potion"}],"is_trial":false,"path_per_floor":["M","$","M","M","M","R","E","R","T","M","E","?","M","M","R","B",null,"M","M","$","?","M","E","R","E","T","M","M","$","M","E","R","B",null,"M","$","?","M","M","E","M","R","T","E","M","R","M","$","R","B","B",null,"R","$","E","B",null],"character_chosen":"DANTE","items_purchased":["Toolbox","MagicDraw2","Orrery","AT_ArchangelStaff","Dash2","War Paint","DemoMod:MeatBun","DemoMod:BigBoy"],"campfire_rested":0,"item_purchase_floors":[20,20,29,36,36,36,48,48],"current_hp_per_floor":[71,71,71,63,63,63,40,40,40,40,40,40,40,34,34,33,75,60,52,52,52,55,61,61,73,73,59,62,62,68,68,68,59,76,82,82,82,82,82,82,82,82,82,82,82,82,82,82,82,82,82,82,82,82,82,82],"gold":194,"neow_bonus":"TEN_PERCENT_HP_BONUS","is_daily":false,"chose_seed":false,"campfire_upgraded":8,"win_rate":0.0,"timestamp":1611047669,"path_taken":["M","$","M","M","M","R","E","R","T","M","E","?","M","M","R","BOSS","M","M","$","?","M","E","R","E","T","M","M","$","M","E","R","BOSS","M","$","?","M","M","E","?","R","T","E","?","R","M","$","R","BOSS","BOSS","R","$","E","BOSS"],"items_purchased_type":["Relic","Relic","Relic","Relic","Card","Relic","Relic","Relic"],"build_version":"2020-12-22","purchased_purges":8,"victory":true,"max_hp_per_floor":[82,82,82,82,82,82,82,82,82,82,82,82,82,82,82,82,87,87,87,87,87,87,87,87,87,87,87,87,87,87,87,87,87,82,82,82,82,82,82,82,82,82,82,82,82,82,82,82,82,82,82,82,82,82,82,82],"card_choices":[{"not_picked":["LucifercomboD","DevilstarS","EbonyIvory"],"picked":"SKIP","floor":1.0},{"not_picked":["Doubleshoot","LucifercomboD","Chargeshoot2"],"picked":"SKIP","floor":3.0},{"not_picked":["Shock","Unrisingdragon"],"picked":"LucifercomboA","floor":4.0},{"not_picked":["VitalstarM","Rebellion"],"picked":"Swordmaster","floor":5.0},{"not_picked":["Greenorb","Shock","Chargeshoot2"],"picked":"SKIP","floor":7.0},{"not_picked":["Chargeshoot2","LucifercomboC"],"picked":"Lucifer","floor":10.0},{"not_picked":["Unrisingdragon","Swordcombo"],"picked":"LucifercomboB","floor":11.0},{"not_picked":["Gilgamesh","Swordmaster","GilgameshcomboA"],"picked":"SKIP","floor":13.0},{"not_picked":["DevilstarS","BeastUppercut","Millionstab"],"picked":"SKIP","floor":14.0},{"not_picked":["Darkslayer","Enemystep"],"picked":"Trickster","floor":16.0},{"not_picked":["Gunslinger","GilgameshcomboA","Unrisingdragon"],"picked":"SKIP","floor":18.0},{"not_picked":["Dash2","BeastUppercut"],"picked":"Demonreform","floor":19.0},{"not_picked":["Hightime","Holywater","Millionstab"],"picked":"SKIP","floor":22.0},{"not_picked":["Chargeshoot2","Hightime","BeastUppercut"],"picked":"SKIP","floor":23.0},{"not_picked":["Rebellion","Whiteorb+1","LucifercomboD"],"picked":"SKIP","floor":25.0},{"not_picked":["Kick13","Stinger"],"picked":"Dash2+1","floor":27.0},{"not_picked":["VitalstarL","Greenorb","Doubleshoot"],"picked":"SKIP","floor":28.0},{"not_picked":["Fullhouse+1","Rebellion"],"picked":"Ecstasy","floor":29.0},{"not_picked":["Chargeshoot","Kick13","Lucifer+1"],"picked":"SKIP","floor":30.0},{"not_picked":["Shock","Millionkick","DT+1"],"picked":"SKIP","floor":31.0},{"not_picked":["Gunstinger+1","Hightime","Trickster"],"picked":"SKIP","floor":35.0},{"not_picked":["Chargeshoot+1","Ecstasy","GilgameshcomboA"],"picked":"SKIP","floor":38.0},{"not_picked":["LucifercomboA","LucifercomboB","CoyoteA+1"],"picked":"SKIP","floor":39.0},{"not_picked":["Fullhouse","Honeycombofire","Weaponupgrade"],"picked":"SKIP","floor":40.0},{"not_picked":["Pandora+1","Dash1","Gunslinger"],"picked":"SKIP","floor":41.0},{"not_picked":["Stinger+1","EbonyIvory","Dash2"],"picked":"SKIP","floor":44.0},{"not_picked":["Fullhouse+1","Chargeshoot2+1","Lucifer"],"picked":"SKIP","floor":45.0},{"not_picked":["Hightime","Doubleshoot+1","Airtrick"],"picked":"SKIP","floor":47.0},{"not_picked":["Gunslinger","Ecstasy"],"picked":"Royaldefend","floor":55.0}],"player_experience":447246,"relics_obtained":[{"floor":7.0,"key":"Bag of Preparation"},{"floor":9.0,"key":"DemoMod:DecoyRelic"},{"floor":11.0,"key":"DoctorsRemote"},{"floor":23.0,"key":"Replay:Baseball"},{"floor":25.0,"key":"REME_HourglassOfDeath"},{"floor":31.0,"key":"AT_ImmortalShieldbow"},{"floor":35.0,"key":"SatanicBible"},{"floor":39.0,"key":"FossilizedHelix"},{"floor":43.0,"key":"AT_MibuBalloonWealth"},{"floor":44.0,"key":"ReplayTheSpireMod:TigerMarble"},{"floor":45.0,"key":"Molten Egg 2"},{"floor":47.0,"key":"AT_TimeSand"},{"floor":55.0,"key":"Art of War"}],"event_choices":[{"damage_healed":0.0,"max_hp_gain":0.0,"max_hp_loss":0.0,"gold_gain":0.0,"event_name":"The Woman in Blue","player_choice":"Bought 1 Potion","floor":12.0,"gold_loss":0.0,"damage_taken":0.0},{"damage_healed":0.0,"max_hp_gain":0.0,"max_hp_loss":0.0,"gold_gain":0.0,"event_name":"Match and Keep!","player_choice":"0 cards matched","floor":21.0,"gold_loss":0.0,"damage_taken":0.0,"cards_obtained":[]}],"is_beta":false,"boss_relics":[{"not_picked":["Honey Jar","REME_DuelDisc"],"picked":"Tiny House"},{"not_picked":[]},{"not_picked":["Black Star","DemoMod:RiddleOfLead"],"picked":"ChampionBelt"},{"not_picked":[]}],"items_purged_floors":[2,20,29,34,36,36,48,54],"is_endless":false,"potions_floor_spawned":[4,7,11,14,16,19,22,23,33,35,39,40,44,47],"ascension_level":20}}