{"host":"ah3fvp1bei8896gw","time":1611031712,"event":{"mods":["BaseMod","Colored Powertips","Downfall","GifTheSpireLib","Minty Spire (QoL Compilation)","StSLib","Trackpad"],"gold_per_floor":[199,219,78,91,111,111,193,209,236,248,264,284,313,313,324,324,324,324],"floor_reached":16,"language":"ENG","playtime":915,"items_purged":[],"score":116,"play_id":"bd342234-4cc4-4cfc-89d5-008a59f45e95","local_time":"20210118204832","is_ascension_mode":false,"campfire_choices":[{"data":"Guardian:CurlUp","floor":1,"key":"SMITH"}],"circlet_count":0,"master_deck":["Guardian:Strike_Guardian+1","Guardian:Strike_Guardian+1","Guardian:Strike_Guardian","Guardian:Strike_Guardian","Guardian:Defend_Guardian","Guardian:Defend_Guardian","Guardian:Defend_Guardian","Guardian:Defend_Guardian","Guardian:CurlUp+1","Guardian:TwinSlam","Guardian:RefractedBeam","Guardian:Gem_Fragmented","Guardian:BodySlam","Guardian:EvasiveProtocol","Guardian:GuardianWhirl","Guardian:TimeBomb+1","Guardian:SentryBeam","Guardian:Orbwalk","Guardian:BronzeArmor","Guardian:BronzeOrb","Guardian:Preprogram","downfall:Malfunctioning","Guardian:WalkerClaw"],"relics":["Guardian:ModeShifter","The Courier","trackpad:IceCube","trackpad:CultistFigurine"],"acts_visited":["Exordium"],"potions_floor_usage":[9,9,12,13,13],"damage_taken":[{"damage":7,"enemies":"2 Louse","floor":2,"turns":3},{"damage":0,"enemies":"downfall:FleeingMerchant","floor":3,"turns":4},{"damage":2,"enemies":"Cultist","floor":4,"turns":5},{"damage":11,"enemies":"Jaw Worm","floor":5,"turns":2},{"damage":18,"enemies":"3 Louse","floor":8,"turns":4},{"damage":12,"enemies":"Lagavulin","floor":9,"turns":10},{"damage":4,"enemies":"Blue Slaver","floor":10,"turns":4},{"damage":9,"enemies":"2 Fungi Beasts","floor":11,"turns":4},{"damage":9,"enemies":"Exordium Thugs","floor":12,"turns":5},{"damage":7,"enemies":"Gremlin Nob","floor":13,"turns":4},{"damage":0,"enemies":"Large Slime","floor":15,"turns":4},{"damage":9,"enemies":"WA_ARCHETYPE_RETAIN","floor":16,"turns":1}],"seed_played":"73841241163065438","potions_obtained":[{"floor":2,"key":"SkillPotion"},{"floor":5,"key":"SneckoOil"},{"floor":6,"key":"Block Potion"},{"floor":10,"key":"Explosive Potion"},{"floor":12,"key":"DistilledChaos"},{"floor":13,"key":"SneckoOil"},{"floor":15,"key":"SteroidPotion"}],"is_trial":false,"path_per_floor":["R","M","$","M","M","?","T","M","E","M","M","M","E","?","M","B"],"character_chosen":"GUARDIAN","items_purchased":["Guardian:BodySlam","Guardian:EvasiveProtocol"],"campfire_rested":0,"item_purchase_floors":[3,3],"current_hp_per_floor":[80,73,73,71,60,60,60,42,30,26,17,8,1,1,1,0,0,0],"gold":324,"neow_bonus":"HUNDRED_GOLD","is_daily":false,"chose_seed":false,"campfire_upgraded":1,"win_rate":0.0,"timestamp":1611031712,"path_taken":["R","M","$","M","M","?","T","?","E","M","M","M","E","?","M","BOSS"],"items_purchased_type":["Card","Card"],"build_version":"2020-12-22","purchased_purges":0,"victory":false,"max_hp_per_floor":[80,80,80,80,80,80,80,80,80,80,80,80,80,80,80,80,80,80],"card_choices":[{"not_picked":["Guardian:Preprogram","Guardian:ChargeCore"],"picked":"Guardian:RefractedBeam","floor":2},{"not_picked":["Guardian:Recover","Guardian:Suspension"],"picked":"Guardian:Gem_Fragmented","floor":3},{"not_picked":["Guardian:RefractedBeam","Guardian:Reroute"],"picked":"Guardian:GuardianWhirl","floor":4},{"not_picked":["Guardian:Planning","Guardian:Emergency"],"picked":"Guardian:TimeBomb","floor":5},{"not_picked":["Guardian:Planning","Guardian:ShieldCharger","Guardian:PrimingBeam"],"picked":"SKIP","floor":8},{"not_picked":["Guardian:Incinerate","Guardian:BronzeArmor"],"picked":"Guardian:SentryBeam","floor":9},{"not_picked":["Guardian:Gem_Cyan","Guardian:TemporalStrike"],"picked":"Guardian:Orbwalk","floor":10},{"not_picked":["Guardian:ChargeCore","Guardian:Emergency"],"picked":"Guardian:BronzeArmor","floor":11},{"not_picked":["Guardian:Repulse","Guardian:BronzeArmor"],"picked":"Guardian:BronzeOrb","floor":12},{"not_picked":["Guardian:ConstructionForm","Guardian:PolyBeam"],"picked":"Guardian:Preprogram","floor":13},{"not_picked":["Guardian:Gem_Green","Guardian:Reroute"],"picked":"Guardian:WalkerClaw","floor":15}],"player_experience":323463,"relics_obtained":[{"floor":7,"key":"The Courier"},{"floor":9,"key":"trackpad:IceCube"},{"floor":13,"key":"trackpad:CultistFigurine"}],"event_choices":[{"damage_healed":0,"gold_gain":0,"player_choice":"Got Potions","damage_taken":0,"max_hp_gain":0,"max_hp_loss":0,"event_name":"Lab","floor":6,"gold_loss":0}],"is_beta":false,"boss_relics":[],"items_purged_floors":[],"is_endless":false,"potions_floor_spawned":[2,5,10,12,13,15],"killed_by":"WA_ARCHETYPE_RETAIN","ascension_level":0}}