{"host":"g5ztulhog0otympt","time":1611046910,"event":{"mods":["AchievementEnabler","BaseMod","Downfall","Hermit","Minty Spire (QoL Compilation)","StSLib","The Cursed"],"gold_per_floor":[113,113,113,113,113,113,148,148,148,160,179,197,197,212,212,315,315,326,326,377,377,138,164,164,164,210,287,287,306,325,341,341,341,341],"floor_reached":33,"language":"ENG","playtime":692,"items_purged":[],"score":263,"play_id":"4248bb85-2668-4599-980a-d2524b7b4684","local_time":"20210119110150","is_ascension_mode":false,"campfire_choices":[{"data":"Zap","floor":6,"key":"SMITH"},{"floor":15,"key":"REST"},{"floor":24,"key":"REST"},{"floor":28,"key":"REST"},{"floor":32,"key":"REST"}],"circlet_count":0,"master_deck":["Strike_B","Strike_B","Strike_B","Strike_B","Defend_B+1","Defend_B","Defend_B+1","Defend_B","Zap+1","Dualcast","Defragment","Ball Lightning","Loop","Parasite","CurseOfTheBell","Dramatic Entrance","Reprogram","Barrage+1","White Noise+1","Doom and Gloom"],"relics":["Cracked Core","War Paint","Symbiotic Virus","Calling Bell","Juzu Bracelet","Shuriken","Potion Belt","Nloth\u0027s Gift","PreservedInsect","Bottled Flame","Happy Flower","Kunai"],"acts_visited":["Exordium","TheCity"],"potions_floor_usage":[23,23,31,33],"damage_taken":[{"damage":0,"enemies":"Small Slimes","floor":1,"turns":3},{"damage":32,"enemies":"3 Sentries","floor":7,"turns":9},{"damage":0,"enemies":"Jaw Worm","floor":10,"turns":3},{"damage":0,"enemies":"Cultist","floor":11,"turns":3},{"damage":4,"enemies":"Looter","floor":12,"turns":3},{"damage":1,"enemies":"Exordium Thugs","floor":14,"turns":3},{"damage":42,"enemies":"Hexaghost","floor":16,"turns":7},{"damage":25,"enemies":"Spheric Guardian","floor":18,"turns":5},{"damage":38,"enemies":"Book of Stabbing","floor":23,"turns":4},{"damage":19,"enemies":"2 Thieves","floor":29,"turns":3},{"damage":22,"enemies":"Snake Plant","floor":30,"turns":5},{"damage":11,"enemies":"Cultist and Chosen","floor":31,"turns":6},{"damage":78,"enemies":"Automaton","floor":33,"turns":6}],"seed_played":"-30557631974197579","potions_obtained":[{"floor":10,"key":"DuplicationPotion"},{"floor":11,"key":"Ancient Potion"},{"floor":12,"key":"Regen Potion"},{"floor":30,"key":"FearPotion"}],"is_trial":false,"path_per_floor":["M","?","?","?","$","R","E","$","T","M","M","M","?","M","R","B",null,"M","?","T","?","$","E","R","?","T","T","R","M","M","M","R","B"],"character_chosen":"DEFECT","items_purchased":["Dramatic Entrance","PreservedInsect"],"campfire_rested":4,"item_purchase_floors":[22,22],"current_hp_per_floor":[82,82,82,82,82,82,50,50,50,50,50,46,66,65,82,40,82,57,41,41,41,41,15,41,41,41,41,67,48,26,15,41,0,0],"gold":341,"neow_bonus":"TEN_PERCENT_HP_BONUS","is_daily":false,"chose_seed":false,"campfire_upgraded":1,"win_rate":0.0,"timestamp":1611046910,"path_taken":["M","?","?","?","$","R","E","$","T","M","M","?","?","M","R","BOSS","M","?","?","?","$","E","R","?","T","?","R","M","M","M","R","BOSS"],"items_purchased_type":["Card","Relic"],"build_version":"2020-12-22","purchased_purges":0,"victory":false,"max_hp_per_floor":[82,82,82,82,82,82,82,82,82,82,82,82,82,82,82,82,82,82,87,87,87,87,87,87,87,87,87,87,87,87,87,87,87,87],"card_choices":[{"not_picked":["Leap","Stack","Turbo"],"picked":"SKIP","floor":1},{"not_picked":["Fusion","Hyperbeam","Capacitor"],"picked":"SKIP","floor":7},{"not_picked":["Capacitor","Turbo"],"picked":"Defragment","floor":10},{"not_picked":["Chaos","Darkness"],"picked":"Ball Lightning","floor":11},{"not_picked":["Hello World","Beam Cell"],"picked":"Loop","floor":12},{"not_picked":["Turbo","Skim"],"picked":"Rebound","floor":14},{"not_picked":["Barrage","Stack","Coolheaded"],"picked":"SKIP","floor":18},{"not_picked":["Force Field","Amplify","Beam Cell"],"picked":"SKIP","floor":23},{"not_picked":["Ball Lightning","Rebound+1"],"picked":"Barrage+1","floor":29},{"not_picked":["Multi-Cast","Tempest+1"],"picked":"White Noise+1","floor":30},{"not_picked":["Lockon","Compile Driver"],"picked":"Doom and Gloom","floor":31}],"player_experience":100383,"relics_obtained":[{"floor":7,"key":"War Paint"},{"floor":9,"key":"Symbiotic Virus"},{"floor":17,"key":"Juzu Bracelet"},{"floor":17,"key":"Shuriken"},{"floor":17,"key":"Du-Vu Doll"},{"floor":20,"key":"Potion Belt"},{"floor":23,"key":"Bottled Flame"},{"floor":26,"key":"Happy Flower"},{"floor":27,"key":"Kunai"}],"event_choices":[{"damage_healed":0,"gold_gain":0,"player_choice":"Leave","damage_taken":0,"max_hp_gain":0,"max_hp_loss":0,"event_name":"The Cleric","floor":2,"gold_loss":0},{"damage_healed":0,"gold_gain":0,"player_choice":"Ignored","damage_taken":0,"max_hp_gain":0,"max_hp_loss":0,"event_name":"Golden Wing","floor":3,"gold_loss":0},{"damage_healed":0,"gold_gain":0,"player_choice":"Bought 0 Potions","damage_taken":0,"max_hp_gain":0,"max_hp_loss":0,"event_name":"The Woman in Blue","floor":4,"gold_loss":0},{"damage_healed":20,"gold_gain":0,"player_choice":"Healed and dodged fight","damage_taken":0,"max_hp_gain":0,"max_hp_loss":0,"event_name":"Mushrooms","floor":13,"gold_loss":0,"cards_obtained":["Parasite"]},{"damage_healed":0,"gold_gain":0,"player_choice":"Shed Blood","damage_taken":21,"max_hp_gain":5,"max_hp_loss":0,"event_name":"Forgotten Altar","floor":19,"gold_loss":0},{"damage_healed":0,"gold_gain":0,"player_choice":"Traded Relic","damage_taken":0,"relics_obtained":["Nloth\u0027s Gift"],"max_hp_gain":0,"max_hp_loss":0,"event_name":"N\u0027loth","floor":21,"relics_lost":["Du-Vu Doll"],"gold_loss":0},{"damage_healed":0,"gold_gain":0,"cards_transformed":["Rebound"],"player_choice":"Transformed","damage_taken":0,"max_hp_gain":0,"max_hp_loss":0,"event_name":"Transmorgrifier","floor":25,"gold_loss":0,"cards_obtained":["Reprogram"]}],"is_beta":false,"boss_relics":[{"not_picked":["Fusion Hammer","Tiny House"],"picked":"Calling Bell"}],"items_purged_floors":[],"is_endless":false,"potions_floor_spawned":[10,11,12,16,23,30],"killed_by":"Automaton","ascension_level":0}}