{"host":"xzk9bt2l7avnb6n5","time":1611081384,"event":{"mods":["Aspiration","BaseMod","Conspire","Downfall","Highlight Path","Infinite Spire","Minty Spire (QoL Compilation)","Shop Mod","StSLib","The Wild Card"],"gold_per_floor":[99,99,99,99,115,15,15,15,46,46,81,81,81,94,113,209,209,109,119,119,134,153,178,213,240,262,289,333,357,369,395,407,407,407],"floor_reached":32,"language":"ENG","playtime":1422,"items_purged":[],"score":317,"play_id":"8d640b49-1661-40f3-b7e1-e0619e88f253","local_time":"20210119113624","is_ascension_mode":false,"campfire_choices":[{"floor":1,"key":"RECALL"},{"data":"bronze:Separator","floor":6,"key":"SMITH"},{"data":"bronze:Replicate","floor":8,"key":"SMITH"},{"floor":10,"key":"REST"},{"data":"bronze:HyperBeam","floor":13,"key":"SMITH"},{"data":"bronze:CleanCode","floor":18,"key":"SMITH"}],"circlet_count":0,"master_deck":["bronze:Strike","bronze:Strike","bronze:Strike","bronze:Strike","bronze:Defend","bronze:Defend","bronze:Defend","bronze:Defend","bronze:Replicate+1","bronze:Goto","bronze:DelayedSlice","bronze:Separator+1","bronze:WildBeam","bronze:OilSpill","bronze:DelayedSlice","bronze:HyperBeam+1","bronze:FineTuning","bronze:WhirlingStrike","bronze:CleanCode+1","bronze:DelayedSlice","infinitespire:Fortify","bronze:Deprecate","bronze:ItsAFeature","bronze:FollowUp+1","bronze:Iterate+1"],"relics":["bronze:BronzeCore","downfall:HeartsMalice","downfall:HeartBlessingRed","Ornamental Fan","Lizard Tail","infinitespire:Beetle Shell","Black Star","downfall:HeartBlessingGreen","Torii","Vajra","MawBank","infinitespire:FocusingShard","aspiration:TomeofQuesting"],"acts_visited":["Exordium","TheCity"],"potions_floor_usage":[11,16,16,16,26,28],"damage_taken":[{"damage":0,"enemies":"Cultist","floor":2,"turns":1},{"damage":0,"enemies":"2 Louse","floor":3,"turns":1},{"damage":0,"enemies":"Small Slimes","floor":4,"turns":1},{"damage":2,"enemies":"Exordium Wildlife","floor":5,"turns":2},{"damage":14,"enemies":"Lagavulin","floor":9,"turns":3},{"damage":0,"enemies":"3 Sentries","floor":11,"turns":4},{"damage":6,"enemies":"Large Slime","floor":14,"turns":3},{"damage":8,"enemies":"3 Louse","floor":15,"turns":2},{"damage":6,"enemies":"WA_ARCHETYPE_RETAIN","floor":16,"turns":4},{"damage":0,"enemies":"Chosen","floor":19,"turns":4},{"damage":8,"enemies":"Snake Plant","floor":21,"turns":3},{"damage":13,"enemies":"Snecko","floor":22,"turns":4},{"damage":7,"enemies":"Gremlin Leader","floor":23,"turns":6},{"damage":8,"enemies":"conspire:HollyBat","floor":25,"turns":7},{"damage":7,"enemies":"Sentry and Sphere","floor":26,"turns":5},{"damage":7,"enemies":"Shelled Parasite and Fungi","floor":27,"turns":3},{"damage":6,"enemies":"conspire:Head Lice","floor":28,"turns":5},{"damage":11,"enemies":"Snecko","floor":29,"turns":3},{"damage":0,"enemies":"Centurion and Healer","floor":31,"turns":3},{"damage":0,"enemies":"Snake Plant","floor":32,"turns":1}],"seed_played":"-2222286538861891692","potions_obtained":[{"floor":5,"key":"PowerPotion"},{"floor":9,"key":"SteroidPotion"},{"floor":14,"key":"Dexterity Potion"},{"floor":15,"key":"Weak Potion"},{"floor":19,"key":"SpeedPotion"},{"floor":22,"key":"bronze:CleanCodePotion"},{"floor":25,"key":"hexamod:SoulburnPotion"},{"floor":29,"key":"champ:CounterPotion"}],"is_trial":false,"path_per_floor":["R","M","M","M","M","R","T","R","E","R","E","?","R","M","M","B",null,"R","M","AVR","M","M","E","T","M","M","M","E","M","?","M","M"],"character_chosen":"THE_AUTOMATON","items_purchased":[],"campfire_rested":1,"item_purchase_floors":[],"current_hp_per_floor":[70,70,70,70,68,68,68,68,54,70,70,70,70,64,56,50,70,70,70,70,62,49,42,42,34,27,20,14,3,3,3,3,3,3],"gold":407,"neow_bonus":"THREE_ENEMY_KILL","is_daily":false,"chose_seed":false,"campfire_upgraded":4,"win_rate":0.0,"timestamp":1611081384,"path_taken":["R","M","?","M","M","R","T","R","E","R","E","?","R","M","M","BOSS","R","M","AVR","M","M","E","T","?","M","M","E","M","?","M","M"],"items_purchased_type":[],"build_version":"2020-12-22","purchased_purges":0,"victory":false,"max_hp_per_floor":[70,70,70,70,70,70,70,70,70,70,70,70,70,70,70,70,70,70,70,70,70,70,70,70,70,70,70,70,70,70,70,70,70,70],"card_choices":[{"not_picked":["bronze:NullPointer","bronze:Backtrace"],"picked":"bronze:DelayedSlice","floor":2},{"not_picked":["bronze:Shield","bronze:ForLoop"],"picked":"bronze:Separator","floor":3},{"not_picked":["bronze:Overload","bronze:Invalidate"],"picked":"bronze:WildBeam","floor":4},{"not_picked":["bronze:Frontload","bronze:GetLatest"],"picked":"bronze:OilSpill","floor":5},{"not_picked":["bronze:OilSpill","bronze:Frontload"],"picked":"bronze:DelayedSlice","floor":9},{"not_picked":["bronze:Overheat","bronze:Repulsor"],"picked":"bronze:HyperBeam","floor":11},{"not_picked":["bronze:BuggyMess","bronze:Constructor"],"picked":"bronze:FineTuning","floor":14},{"not_picked":["bronze:BugBarrage","bronze:Fortify"],"picked":"bronze:WhirlingStrike","floor":15},{"not_picked":["bronze:Format","bronze:Virus"],"picked":"bronze:CleanCode","floor":16},{"not_picked":["bronze:GetLatest","bronze:Shield"],"picked":"bronze:DelayedSlice","floor":19},{"not_picked":["bronze:Overheat","bronze:Fortify","bronze:Turbo"],"picked":"SKIP","floor":21},{"not_picked":["bronze:Overheat+1","bronze:Return"],"picked":"bronze:Deprecate","floor":22},{"not_picked":["bronze:Constructor","bronze:Frontload+1","bronze:AlphaBuild"],"picked":"SKIP","floor":23},{"not_picked":["bronze:Overheat+1","bronze:Philosophize+1"],"picked":"bronze:ItsAFeature","floor":25},{"not_picked":["bronze:MaxOutput+1","bronze:Invalidate","bronze:Separator"],"picked":"SKIP","floor":26},{"not_picked":["bronze:Overload+1","bronze:Invalidate"],"picked":"bronze:FollowUp+1","floor":27},{"not_picked":["bronze:Fortify","bronze:Return"],"picked":"bronze:Iterate+1","floor":28},{"not_picked":["bronze:BitShift","bronze:ItsAFeature","bronze:Overload"],"picked":"SKIP","floor":29},{"not_picked":["bronze:Philosophize","bronze:Return","bronze:ForLoop"],"picked":"SKIP","floor":31}],"player_experience":477074,"relics_obtained":[{"floor":7,"key":"Ornamental Fan"},{"floor":9,"key":"Lizard Tail"},{"floor":11,"key":"infinitespire:Beetle Shell"},{"floor":23,"key":"Vajra"},{"floor":23,"key":"MawBank"},{"floor":28,"key":"infinitespire:FocusingShard"},{"floor":28,"key":"aspiration:TomeofQuesting"}],"event_choices":[{"damage_healed":0,"gold_gain":0,"player_choice":"Ignored","damage_taken":0,"max_hp_gain":0,"max_hp_loss":0,"event_name":"NoteForYourself","floor":12,"gold_loss":0}],"is_beta":false,"boss_relics":[{"not_picked":["Busted Crown","aspiration:RunicSpoon"],"picked":"Black Star"}],"items_purged_floors":[],"is_endless":false,"potions_floor_spawned":[5,9,14,15,19,22,25,27,29],"killed_by":"Snake Plant","ascension_level":0}}