{"host":"474oh00kq6ni8dn3","time":1611066860,"event":{"mods":["AchievementEnabler","Aspiration","BaseMod","Colored Map","Colored Powertips","Conspire","GifTheSpireLib","Googly Eyes","GungeonMod","Halation","Hubris","Infinite Spire","Jedi Mod","Minty Spire (QoL Compilation)","Permanent Neow","Quick Restart","Replay The Spire","Shop Mod","StSLib","Stuff the Spire","The Factory","The Jungle","Trackpad","vexMod"],"gold_per_floor":[110,127,143,143,155,186,186,215,215,229,242,262,290,290,290,387,387,404,329,329,329,329,329,342,371,371,403,453,453,488,488,515,117,117,217,217,227,6,16,26,38,38,69,69,69,103,103,0,33,43,43,43],"floor_reached":53,"language":"ENG","playtime":3205,"items_purged":["Zap","ReplayGash+1","Parasite"],"score":1115,"play_id":"a898c510-f890-45ac-83de-63c3242543c2","local_time":"20210119143420","is_ascension_mode":true,"campfire_choices":[{"data":"Reprogram","floor":7.0,"key":"SMITH"},{"data":"ReplayGash","floor":15.0,"key":"SMITH"},{"data":"Replay:Fractal Strike","floor":26.0,"key":"SMITH"},{"data":"infinitespire:FinalStrike","floor":29.0,"key":"SMITH"},{"data":"ReplayTheSpireMod:LeadingStrike","floor":34.0,"key":"SMITH"},{"data":"Skim","floor":42.0,"key":"SMITH"},{"data":"Seek","floor":44.0,"key":"SMITH"},{"floor":51,"key":"DIG"}],"circlet_count":0,"master_deck":["Strike_B+1","Strike_B+1","Strike_B+1","Strike_B+1","Defend_B+1","Defend_B+1","Defend_B+1","Defend_B+1","Reprogram+1","Leap","Leap","Conserve Battery","Sunder+1","Poisoned Strike","Replay:Sssssssssstrike","Replay:Fractal Strike+1","infinitespire:FinalStrike+1","ReplayTheSpireMod:LeadingStrike+1","Perfected Strike","Leap+1","Seek+1","BootSequence","Leap","Rip and Tear","Madness","Coolheaded","Skim+1"],"relics":["Cracked Core","aspiration:Nostalgia","Ring of the Snake","halation:KoshaPiece","DemoMod:PinkGuonStone","vexMod:PlasmaPancake","vexMod:RedPlottingStone","conspire:SeveredTorchhead","Frozen Egg 2","Bottled Lightning","trackpad:IceCube","Blood Vial","jedi:crownofsimplicity","hubris:FunFungus","aspiration:RandomNobGenerator","Replay:WaspNest","conspire:GlowingRock","DemoMod:ChaffGrenade","jedi:shrinkray","Red Mask","hubris:ToyBattleship","aspiration:VileToxins"],"acts_visited":["Exordium","TheCity","TheBeyond"],"potions_floor_usage":[52],"damage_taken":[{"damage":1.0,"enemies":"Cultist","floor":1.0,"turns":4.0},{"damage":2.0,"enemies":"Jaw Worm","floor":2.0,"turns":4.0},{"damage":0.0,"enemies":"Small Slimes","floor":3.0,"turns":3.0},{"damage":0.0,"enemies":"Blue Slaver","floor":5.0,"turns":7.0},{"damage":38.0,"enemies":"3 Sentries","floor":6.0,"turns":13.0},{"damage":6.0,"enemies":"Lagavulin","floor":8.0,"turns":11.0},{"damage":0.0,"enemies":"3 Louse","floor":10.0,"turns":1.0},{"damage":3.0,"enemies":"Looter","floor":11.0,"turns":3.0},{"damage":0.0,"enemies":"Lots of Slimes","floor":12.0,"turns":1.0},{"damage":0.0,"enemies":"3 Sentries","floor":13.0,"turns":8.0},{"damage":0.0,"enemies":"The Guardian","floor":16.0,"turns":12.0},{"damage":10.0,"enemies":"Spheric Guardian","floor":18.0,"turns":5.0},{"damage":6.0,"enemies":"Chosen","floor":24.0,"turns":2.0},{"damage":20.0,"enemies":"Gremlin Leader","floor":25.0,"turns":7.0},{"damage":3.0,"enemies":"Replay:Snechameleon","floor":27.0,"turns":4.0},{"damage":0.0,"enemies":"Book of Stabbing","floor":30.0,"turns":3.0},{"damage":0.0,"enemies":"Slavers","floor":32.0,"turns":3.0},{"damage":40.0,"enemies":"Champ","floor":35.0,"turns":10.0},{"damage":0.0,"enemies":"3 Darklings","floor":37.0,"turns":4.0},{"damage":33.0,"enemies":"3 Shapes","floor":39.0,"turns":3.0},{"damage":0.0,"enemies":"Writhing Mass","floor":40.0,"turns":4.0},{"damage":0.0,"enemies":"Maw","floor":41.0,"turns":6.0},{"damage":17.0,"enemies":"Reptomancer","floor":43.0,"turns":5.0},{"damage":6.0,"enemies":"R_Hoarder","floor":46.0,"turns":7.0},{"damage":0,"enemies":"Reptomancer","floor":49,"turns":4},{"damage":0,"enemies":"Jaw Worm Horde","floor":50,"turns":3},{"damage":28,"enemies":"infinitespire:MassOfShapes","floor":52,"turns":9}],"seed_played":"904106586619417116","potions_obtained":[{"floor":6.0,"key":"Reflective Coating"},{"floor":11.0,"key":"DemoMod:LeadSkinPotion"},{"floor":12.0,"key":"Doom Potion"},{"floor":13.0,"key":"PowerPotion"},{"floor":18.0,"key":"FocusPotion"},{"floor":25.0,"key":"jedi:tentaclejuice"},{"floor":39.0,"key":"Languid Potion"},{"floor":43.0,"key":"Weak Potion"},{"floor":46.0,"key":"Strength Potion"},{"floor":50,"key":"Regen Potion"}],"is_trial":false,"path_per_floor":["M","M","M","?","M","E","R","E","T","M","M","M","E","?","R","B",null,"M","$","?","PTL","PTL","?","M","E","R","E","T","R","E","?","E","$","R","B",null,"M","$","M","M","M","R","E","R","T","E","AVR","?","E","M","R_BF","B",null],"character_chosen":"DEFECT","items_purchased":["hubris:FunFungus","Leap","Rip and Tear","Madness"],"campfire_rested":0,"item_purchase_floors":[33,38,38,38],"current_hp_per_floor":[74,72,72,72,72,34,34,35,41,41,38,38,38,38,38,38,88,78,78,78,78,78,78,72,52,52,49,49,49,49,49,51,51,51,19,88,88,88,58,64,76,76,70,70,70,74,74,74,78,85,85,67],"gold":43,"neow_bonus":"NOSTALGIA","is_daily":false,"chose_seed":false,"campfire_upgraded":7,"win_rate":0.0,"timestamp":1611066860,"path_taken":["M","?","M","?","M","E","R","E","T","M","M","M","E","?","R","BOSS","M","$","?","PTL","PTL","?","M","E","R","E","T","R","E","?","E","?","R","BOSS","M","$","M","?","M","R","E","R","T","E","AVR","?","E","M","R_BF","BOSS"],"items_purchased_type":["Relic","Card","Card","Card"],"build_version":"2020-12-22","purchased_purges":3,"victory":true,"max_hp_per_floor":[75,75,75,75,75,75,75,82,88,88,88,88,88,88,88,88,88,88,88,88,88,88,88,88,88,88,88,88,88,88,88,88,88,88,88,88,88,88,88,88,88,88,88,88,88,88,85,85,85,85,85,85],"card_choices":[{"not_picked":["jedi:markofdeath","ReplaySort"],"picked":"Reprogram","floor":1.0},{"not_picked":["Panic Button","Ball Lightning","Storm"],"picked":"SKIP","floor":2.0},{"not_picked":["StuffTheSpire:LoadUp","StuffTheSpire:ShieldGenerator"],"picked":"Leap","floor":3.0},{"not_picked":["Tempest","Barrage","Steam"],"picked":"SKIP","floor":5.0},{"not_picked":["Ball Lightning","Time Bomb"],"picked":"Leap","floor":6.0},{"not_picked":["jedi:markofdeath","Steam Power"],"picked":"ReplayGash","floor":8.0},{"not_picked":["StuffTheSpire:GlassShard","Redo","Steam"],"picked":"SKIP","floor":10.0},{"not_picked":["Hologram","jedi:sharpshooter","Rebound"],"picked":"SKIP","floor":11.0},{"not_picked":["Hologram","jedi:sharpshooter","Rebound"],"picked":"SKIP","floor":11.0},{"not_picked":["StuffTheSpire:Plugnplay","Steam","jedi:sharpshooter"],"picked":"SKIP","floor":12.0},{"not_picked":["Rebound","Biased Cognition"],"picked":"Conserve Battery","floor":13.0},{"not_picked":["jedi:blockon","Cold Snap","Steam"],"picked":"SKIP","floor":18.0},{"not_picked":["hubris:PowerSurge+1","Rebound"],"picked":"Leap+1","floor":24.0},{"not_picked":["Crystallizer+1","Glacier","jedi:BurstLightning"],"picked":"SKIP","floor":25.0},{"not_picked":["Steam","BasicCrystalCard+1","Stack"],"picked":"SKIP","floor":27.0},{"not_picked":["BasicCrystalCard","Static Discharge+1","hubris:DoWhile"],"picked":"SKIP","floor":30.0},{"not_picked":["ReplaySort","Coolheaded+1","Turbo+1"],"picked":"SKIP","floor":32.0},{"not_picked":["jedi:readyaimfire","hubris:Prefetch"],"picked":"Seek","floor":35.0},{"not_picked":["jedi:BurstFrost+1","Turbo+1"],"picked":"BootSequence","floor":37.0},{"not_picked":["Coolheaded","Rebound+1","Self Repair+1"],"picked":"SKIP","floor":39.0},{"not_picked":["Rebound+1","Self Repair+1"],"picked":"Coolheaded","floor":39.0},{"not_picked":["jedi:hex+1","Lockon+1"],"picked":"Skim","floor":40.0},{"not_picked":["Barrage+1","Hologram","StuffTheSpire:Synthwave+1"],"picked":"SKIP","floor":41.0},{"not_picked":["Sweeping Beam","jedi:readyaimfire","Streamline+1"],"picked":"SKIP","floor":43.0},{"not_picked":["Melter","ReplayTheSpireMod:GoodbyeWorld+1","FIFO Queue+1"],"picked":"SKIP","floor":46.0},{"not_picked":["Tempest","Steam+1","Storm+1"],"picked":"SKIP","floor":49},{"not_picked":["Loop+1","Streamline","Redo"],"picked":"SKIP","floor":50}],"player_experience":54560,"relics_obtained":[{"floor":6.0,"key":"halation:KoshaPiece"},{"floor":8.0,"key":"DemoMod:PinkGuonStone"},{"floor":9.0,"key":"vexMod:PlasmaPancake"},{"floor":13.0,"key":"vexMod:RedPlottingStone"},{"floor":25.0,"key":"Frozen Egg 2"},{"floor":27.0,"key":"Bottled Lightning"},{"floor":28.0,"key":"trackpad:IceCube"},{"floor":30.0,"key":"Blood Vial"},{"floor":32.0,"key":"jedi:crownofsimplicity"},{"floor":43.0,"key":"Replay:WaspNest"},{"floor":45.0,"key":"conspire:GlowingRock"},{"floor":46.0,"key":"DemoMod:ChaffGrenade"},{"floor":49,"key":"hubris:ToyBattleship"},{"floor":51,"key":"aspiration:VileToxins"}],"event_choices":[{"damage_healed":0.0,"max_hp_gain":0.0,"max_hp_loss":0.0,"gold_gain":0.0,"event_name":"conspire:Investor","player_choice":"Leave","floor":4.0,"gold_loss":0.0,"damage_taken":0.0},{"damage_healed":0.0,"max_hp_gain":0.0,"max_hp_loss":0.0,"gold_gain":0.0,"event_name":"Back to Basics","player_choice":"Simplicity","floor":31.0,"gold_loss":0.0,"damage_taken":0.0,"cards_upgraded":["Strike_B","Strike_B","Strike_B","Strike_B","Defend_B","Defend_B","Defend_B","Defend_B"]},{"damage_healed":0,"gold_gain":0,"player_choice":"Paid","damage_taken":0,"relics_obtained":["Red Mask"],"max_hp_gain":0,"max_hp_loss":0,"event_name":"Tomb of Lord Red Mask","floor":48,"gold_loss":103}],"is_beta":false,"boss_relics":[{"not_picked":["halation:Yufonium","trackpad:Trackpad"],"picked":"conspire:SeveredTorchhead"},{"not_picked":["Runic Pyramid","Runic Dome"],"picked":"aspiration:RandomNobGenerator"}],"items_purged_floors":[19,33,47],"is_endless":false,"potions_floor_spawned":[6,11,12,13,18,25,30,32,39,43,46,50],"ascension_level":2}}