{"host":"sc0o2qwpf9j16a4i","time":1611094242,"event":{"mods":["AchievementEnabler","BaseMod","BetterRewards","Block Reminder","Colored Map","Colored Powertips","Custom Start","Highlight Path","Minty Spire (QoL Compilation)","Relic Stats"],"gold_per_floor":[116,116,133,149,31,63,63,13,36,36,36,64,64,76,76,153,153,168,168,83,97,115,115,148,148,148,148,181,181,209,259,259,338,338,351,376,431,446,446,446,446,446,495,514,67,67,94,40,40,40,40],"floor_reached":50,"language":"ENG","playtime":1123,"items_purged":["Pain","Strike_G"],"score":1485,"play_id":"23c86cda-ca74-4ae4-a859-a0095ea13116","local_time":"20210120001042","is_ascension_mode":true,"campfire_choices":[{"floor":7,"key":"REST"},{"floor":10,"key":"REST"},{"floor":13,"key":"REST"},{"data":"Noxious Fumes","floor":15,"key":"SMITH"},{"data":"Night Terror","floor":23,"key":"SMITH"},{"floor":25,"key":"REST"},{"data":"Catalyst","floor":27,"key":"SMITH"},{"floor":29,"key":"REST"},{"floor":32,"key":"REST"},{"floor":40,"key":"REST"},{"floor":42,"key":"RECALL"},{"data":"Leg Sweep","floor":46,"key":"SMITH"},{"floor":49,"key":"REST"}],"circlet_count":0,"master_deck":["AscendersBane","Strike_G+1","Strike_G","Strike_G","Strike_G","Defend_G","Defend_G","Defend_G","Defend_G","Defend_G","Survivor","Noxious Fumes+1","Catalyst+1","Masterful Stab","All Out Attack","Deflect","Bane+1","Blur","Catalyst+1","Deadly Poison","Escape Plan","Poisoned Stab","Night Terror+1","Catalyst+1","Leg Sweep+1","Poisoned Stab+1","Acrobatics+1","Venomology+1","Malaise+1","Deadly Poison+1","Deflect+1","Backflip+1","Prepared+1","Acrobatics+1","Dodge and Roll+1"],"relics":["Ring of the Snake","Tough Bandages","Bag of Marbles","Akabeko","WarpedTongs","Vajra","Ancient Tea Set","Matryoshka","Runic Pyramid","Strawberry","Toxic Egg 2","Kunai","Ornamental Fan","Blood Vial","Busted Crown","Prayer Wheel","FossilizedHelix","Whetstone","TungstenRod","PreservedInsect"],"acts_visited":["Exordium","TheCity","TheBeyond"],"potions_floor_usage":[14,18,22,33,35,37,38,38,47,47,47,50],"damage_taken":[{"damage":0,"enemies":"2 Louse","floor":1,"turns":1},{"damage":3,"enemies":"Cultist","floor":3,"turns":3},{"damage":0,"enemies":"Small Slimes","floor":4,"turns":1},{"damage":7,"enemies":"3 Sentries","floor":6,"turns":7},{"damage":0,"enemies":"Gremlin Nob","floor":12,"turns":3},{"damage":0,"enemies":"Exordium Wildlife","floor":14,"turns":4},{"damage":32,"enemies":"Slime Boss","floor":16,"turns":8},{"damage":3,"enemies":"2 Thieves","floor":18,"turns":4},{"damage":4,"enemies":"Spheric Guardian","floor":21,"turns":5},{"damage":1,"enemies":"3 Cultists","floor":22,"turns":4},{"damage":14,"enemies":"Slavers","floor":24,"turns":7},{"damage":15,"enemies":"Gremlin Leader","floor":28,"turns":3},{"damage":29,"enemies":"Slavers","floor":30,"turns":5},{"damage":14,"enemies":"Collector","floor":33,"turns":4},{"damage":1,"enemies":"Orb Walker","floor":35,"turns":3},{"damage":0,"enemies":"Mind Bloom Boss Battle","floor":36,"turns":2},{"damage":24,"enemies":"2 Orb Walkers","floor":37,"turns":5},{"damage":4,"enemies":"3 Darklings","floor":38,"turns":4},{"damage":0,"enemies":"Writhing Mass","floor":44,"turns":4},{"damage":37,"enemies":"Reptomancer","floor":47,"turns":5},{"damage":62,"enemies":"Donu and Deca","floor":50,"turns":5}],"seed_played":"-2362413466889470931","potions_obtained":[{"floor":1,"key":"FearPotion"},{"floor":14,"key":"Energy Potion"},{"floor":22,"key":"DuplicationPotion"},{"floor":33,"key":"SkillPotion"},{"floor":35,"key":"LiquidMemories"},{"floor":44,"key":"Poison Potion"},{"floor":47,"key":"Energy Potion"}],"is_trial":false,"path_per_floor":["M","?","M","M","$","E","R","$","T","R","?","E","R","M","R","B",null,"M","?","$","M","M","R","E","R","T","R","E","R","E","?","R","B",null,"M","?","?","M","?","R","?","R","T","M","$","R","E","$","R","B"],"character_chosen":"THE_SILENT","items_purchased":["Noxious Fumes","Catalyst","Tough Bandages","Bag of Marbles","Akabeko","Masterful Stab","Block Potion","Blur","Deadly Poison","Leg Sweep","TungstenRod","Dodge and Roll+1"],"campfire_rested":8,"item_purchase_floors":[0,0,0,0,0,0,0,5,8,20,45,48],"current_hp_per_floor":[19,19,16,16,16,9,28,28,28,47,47,47,66,66,66,34,58,55,55,55,51,50,50,43,64,64,64,49,70,41,41,62,50,67,73,73,49,47,47,68,68,68,68,69,69,69,32,32,52,0,0],"gold":40,"neow_bonus":"","is_daily":false,"chose_seed":false,"campfire_upgraded":4,"win_rate":0.0,"timestamp":1611094242,"path_taken":["M","?","M","?","$","E","R","?","T","R","?","E","R","M","R","BOSS","M","?","?","?","M","R","E","R","T","R","E","R","E","?","R","BOSS","M","?","?","M","?","R","?","R","T","?","$","R","E","?","R","BOSS"],"items_purchased_type":["Card","Card","Relic","Relic","Relic","Card","Potion","Card","Card","Card","Relic","Card"],"build_version":"2020-12-22","purchased_purges":2,"victory":false,"max_hp_per_floor":[66,66,66,66,66,66,66,66,66,66,66,66,66,66,66,66,66,66,66,66,66,66,66,73,73,73,73,73,73,73,73,73,73,73,73,73,73,73,73,73,69,69,69,69,69,69,69,69,69,69,69],"relic_stats":{"counters":[159,836],"PreservedInsect":1423,"Whetstone":["Bash","Clothesline","Uppercut","Strike_R","Glass Knife","Flying Knee","Bane","Strike_G"],"WarpedTongs":[86],"Blood Vial":9,"Tough Bandages":[72],"Busted Crown":16,"Ornamental Fan":[8],"Prayer Wheel":2,"Kunai":[4],"obtain_stats":[{"TwistedFunnel":0,"Gremlin Horn":12,"Vajra":6,"Whetstone":13,"Ginger":17,"Boot":20,"Sling":0,"Blood Vial":20,"Strawberry":7,"MealTicket":0,"Philosopher\u0027s Stone":34,"Prayer Wheel":36,"Kunai":26,"Toxic Egg 2":39,"Pear":45,"Happy Flower":26,"Blue Candle":9,"Astrolabe":17,"Velvet Choker":17,"Oddly Smooth Stone":9,"Eternal Feather":28,"Pen Nib":13,"Letter Opener":7,"War Paint":6,"Paper Crane":9,"Akabeko":4,"WarpedTongs":29,"Du-Vu Doll":12,"OrangePellets":20,"Shuriken":9,"Bronze Scales":9,"Pandora\u0027s Box":17,"Molten Egg 2":42,"Nloth\u0027s Gift":19,"Regal Pillow":9,"Lantern":7,"Mango":28,"StoneCalendar":0,"Snake Skull":10,"Bag of Preparation":11,"Cursed Key":17,"Ancient Tea Set":9,"ClockworkSouvenir":0,"Tough Bandages":0,"Matryoshka":30,"Ninja Scroll":14,"Tiny Chest":30,"WingedGreaves":7,"Chemical X":11,"InkBottle":17,"Ring of the Snake":0,"Runic Pyramid":34,"Lee\u0027s Waffle":0,"NeowsBlessing":0,"The Specimen":0,"Golden Idol":13,"Thread and Needle":13,"PreservedInsect":14,"The Courier":27,"Omamori":11,"Frozen Egg 2":7,"MawBank":7,"Medical Kit":0,"White Beast Statue":9,"Mercury Hourglass":10,"Calling Bell":17,"Peace Pipe":36,"Strange Spoon":0,"Busted Crown":34,"Ornamental Fan":28,"Bloody Idol":22,"Orrery":29,"Turnip":9,"Art of War":24,"Bag of Marbles":0,"Bottled Lightning":29,"Membership Card":37,"Toy Ornithopter":24,"FossilizedHelix":37,"TungstenRod":45},{"TwistedFunnel":20,"Gremlin Horn":17,"Vajra":142,"Whetstone":41,"Ginger":124,"Boot":8,"Sling":13,"Blood Vial":112,"Strawberry":120,"MealTicket":13,"Philosopher\u0027s Stone":94,"Prayer Wheel":154,"Kunai":149,"Toxic Egg 2":66,"Pear":100,"Happy Flower":9,"Blue Candle":15,"Astrolabe":43,"Velvet Choker":6,"Oddly Smooth Stone":55,"Eternal Feather":47,"Pen Nib":77,"Letter Opener":24,"War Paint":15,"Paper Crane":107,"Akabeko":22,"WarpedTongs":10,"Du-Vu Doll":33,"OrangePellets":126,"Shuriken":32,"Bronze Scales":25,"Pandora\u0027s Box":58,"Molten Egg 2":67,"Nloth\u0027s Gift":59,"Regal Pillow":39,"Lantern":55,"Mango":10,"StoneCalendar":50,"Snake Skull":108,"Bag of Preparation":5,"Cursed Key":88,"Ancient Tea Set":142,"ClockworkSouvenir":116,"Tough Bandages":138,"Matryoshka":92,"Ninja Scroll":19,"Tiny Chest":11,"WingedGreaves":4,"Chemical X":56,"InkBottle":124,"Ring of the Snake":0,"Runic Pyramid":64,"Lee\u0027s Waffle":50,"NeowsBlessing":0,"The Specimen":102,"Golden Idol":5,"Thread and Needle":122,"PreservedInsect":87,"The Courier":129,"Omamori":32,"Frozen Egg 2":106,"MawBank":38,"Medical Kit":102,"White Beast Statue":85,"Mercury Hourglass":85,"Calling Bell":124,"Peace Pipe":133,"Strange Spoon":102,"Busted Crown":152,"Ornamental Fan":150,"Bloody Idol":8,"Orrery":62,"Turnip":4,"Art of War":128,"Bag of Marbles":138,"Bottled Lightning":48,"Membership Card":133,"Toy Ornithopter":9,"FossilizedHelix":155,"TungstenRod":157},{"TwistedFunnel":130,"Gremlin Horn":111,"Vajra":761,"Whetstone":225,"Ginger":650,"Boot":40,"Sling":86,"Blood Vial":588,"Strawberry":629,"MealTicket":86,"Philosopher\u0027s Stone":494,"Prayer Wheel":813,"Kunai":796,"Toxic Egg 2":368,"Pear":533,"Happy Flower":47,"Blue Candle":97,"Astrolabe":239,"Velvet Choker":28,"Oddly Smooth Stone":307,"Eternal Feather":267,"Pen Nib":405,"Letter Opener":149,"War Paint":97,"Paper Crane":559,"Akabeko":142,"WarpedTongs":53,"Du-Vu Doll":204,"OrangePellets":662,"Shuriken":199,"Bronze Scales":153,"Pandora\u0027s Box":325,"Molten Egg 2":374,"Nloth\u0027s Gift":328,"Regal Pillow":220,"Lantern":307,"Mango":53,"StoneCalendar":284,"Snake Skull":565,"Bag of Preparation":18,"Cursed Key":455,"Ancient Tea Set":761,"ClockworkSouvenir":613,"Tough Bandages":749,"Matryoshka":475,"Ninja Scroll":121,"Tiny Chest":62,"WingedGreaves":11,"Chemical X":310,"InkBottle":650,"Ring of the Snake":0,"Runic Pyramid":361,"Lee\u0027s Waffle":284,"NeowsBlessing":0,"The Specimen":541,"Golden Idol":18,"Thread and Needle":637,"PreservedInsect":448,"The Courier":680,"Omamori":199,"Frozen Egg 2":554,"MawBank":218,"Medical Kit":541,"White Beast Statue":438,"Mercury Hourglass":438,"Calling Bell":650,"Peace Pipe":711,"Strange Spoon":541,"Busted Crown":808,"Ornamental Fan":799,"Bloody Idol":40,"Orrery":343,"Turnip":11,"Art of War":676,"Bag of Marbles":749,"Bottled Lightning":273,"Membership Card":711,"Toy Ornithopter":47,"FossilizedHelix":818,"TungstenRod":826}],"TungstenRod":8,"Ring of the Snake":[182]},"card_choices":[{"not_picked":["Skewer","Dodge and Roll"],"picked":"All Out Attack","floor":1},{"not_picked":["Dodge and Roll","PiercingWail"],"picked":"Deflect","floor":3},{"not_picked":["Blade Dance","Noxious Fumes"],"picked":"Bane","floor":4},{"not_picked":["Cloak And Dagger","Blade Dance"],"picked":"Catalyst","floor":6},{"not_picked":["PiercingWail","Cloak And Dagger"],"picked":"Escape Plan","floor":12},{"not_picked":["Sucker Punch","Eviscerate"],"picked":"Poisoned Stab","floor":14},{"not_picked":["Envenom","A Thousand Cuts"],"picked":"Night Terror","floor":16},{"not_picked":["Eviscerate","Masterful Stab","Underhanded Strike"],"picked":"SKIP","floor":18},{"not_picked":["Dagger Throw","Blade Dance"],"picked":"Poisoned Stab+1","floor":21},{"not_picked":["Bane","Dagger Spray","Poisoned Stab"],"picked":"SKIP","floor":22},{"not_picked":["Storm of Steel","Poisoned Stab"],"picked":"Acrobatics+1","floor":24},{"not_picked":["Phantasmal Killer+1","Underhanded Strike+1","Dagger Throw"],"picked":"SKIP","floor":28},{"not_picked":["Dagger Spray","Blade Dance+1"],"picked":"Venomology+1","floor":30},{"not_picked":["Storm of Steel+1","Bullet Time+1"],"picked":"Malaise+1","floor":33},{"not_picked":["Infinite Blades"],"picked":"SKIP","floor":35},{"not_picked":[],"picked":"Deadly Poison+1","floor":37},{"not_picked":[],"picked":"Deflect+1","floor":38},{"not_picked":["Blade Dance+1"],"picked":"SKIP","floor":38},{"not_picked":[],"picked":"Backflip+1","floor":44},{"not_picked":[],"picked":"Prepared+1","floor":44},{"not_picked":[],"picked":"Acrobatics+1","floor":47}],"player_experience":776731,"relics_obtained":[{"floor":6,"key":"Vajra"},{"floor":9,"key":"Ancient Tea Set"},{"floor":12,"key":"Matryoshka"},{"floor":24,"key":"Strawberry"},{"floor":26,"key":"Toxic Egg 2"},{"floor":26,"key":"Kunai"},{"floor":28,"key":"Ornamental Fan"},{"floor":30,"key":"Blood Vial"},{"floor":36,"key":"Prayer Wheel"},{"floor":37,"key":"FossilizedHelix"},{"floor":43,"key":"Whetstone"},{"floor":47,"key":"PreservedInsect"}],"event_choices":[{"damage_healed":0,"gold_gain":0,"player_choice":"Rummage","damage_taken":0,"relics_obtained":["WarpedTongs"],"max_hp_gain":0,"max_hp_loss":0,"event_name":"Accursed Blacksmith","floor":2,"gold_loss":0,"cards_obtained":["Pain"]},{"damage_healed":0,"gold_gain":0,"player_choice":"Grow","damage_taken":0,"max_hp_gain":0,"max_hp_loss":0,"event_name":"Living Wall","floor":11,"gold_loss":0,"cards_upgraded":["Catalyst"]},{"damage_healed":0,"gold_gain":0,"player_choice":"Copied","damage_taken":0,"max_hp_gain":0,"max_hp_loss":0,"event_name":"Duplicator","floor":19,"gold_loss":0,"cards_obtained":["Catalyst"]},{"damage_healed":0,"gold_gain":50,"player_choice":"Stole From Cult","damage_taken":0,"max_hp_gain":0,"max_hp_loss":0,"event_name":"Nest","floor":31,"gold_loss":0},{"damage_healed":0,"gold_gain":0,"player_choice":"Fight","damage_taken":0,"max_hp_gain":0,"max_hp_loss":0,"event_name":"MindBloom","floor":36,"gold_loss":0},{"damage_healed":0,"gold_gain":0,"player_choice":"Fight","damage_taken":0,"max_hp_gain":0,"max_hp_loss":0,"event_name":"Mysterious Sphere","floor":37,"gold_loss":0},{"cards_removed":["Neutralize"],"damage_healed":0,"gold_gain":0,"player_choice":"Removed Attack","damage_taken":0,"max_hp_gain":0,"max_hp_loss":0,"event_name":"Falling","floor":39,"gold_loss":0},{"damage_healed":0,"gold_gain":0,"player_choice":"Max HP","damage_taken":0,"max_hp_gain":0,"max_hp_loss":4,"event_name":"Winding Halls","floor":41,"gold_loss":0}],"is_beta":false,"boss_relics":[{"not_picked":["HoveringKite","Empty Cage"],"picked":"Runic Pyramid"},{"not_picked":["Cursed Key","WristBlade"],"picked":"Busted Crown"}],"items_purged_floors":[5,45],"is_endless":false,"potions_floor_spawned":[1,3,14,22,33,35,37,44,47],"killed_by":"Donu and Deca","ascension_level":20}}