{"host":"qik6c64y69p9jmph","time":1611029869,"event":{"mods":["AchievementEnabler","BaseMod","Downfall","Highlight Path","Minty Spire (QoL Compilation)","Quick Restart","StSLib","Synergy Search"],"gold_per_floor":[349,366,380,107,107,123,123,123,123,123,31,42,42,70,83,184,184,84,99,115,115,115,115,115,140,140,240,252,267,267,21,33,135,135,135,150,115,131,131,131,131,146,178,178,178,178,178,207,217,217,217,217],"floor_reached":50,"language":"ENG","playtime":5814,"items_purged":["Pride"],"score":668,"play_id":"bd591326-ea77-4d5c-9886-7399edc853c8","local_time":"20210118231749","is_ascension_mode":false,"campfire_choices":[{"data":"Guardian:TwinSlam","floor":1,"key":"SMITH"},{"floor":8,"key":"REST"},{"floor":13,"key":"REST"},{"data":"Guardian:ConstructionForm","floor":18,"key":"SMITH"},{"data":"Guardian:TemporalShield","floor":26,"key":"SMITH"},{"data":"Guardian:FastForward","floor":30,"key":"SMITH"},{"data":"Guardian:StasisField","floor":35,"key":"SMITH"}],"circlet_count":0,"master_deck":["Guardian:Defend_Guardian","Guardian:Defend_Guardian","Guardian:Defend_Guardian","Guardian:Defend_Guardian","Guardian:CurlUp","Guardian:TwinSlam+1","Guardian:Incinerate","Guardian:ChargeCore+1","Guardian:RollAttack+1","Guardian:SentryBeam+1","Guardian:CrystalBeam+1","Guardian:FastForward+1","Guardian:Suspension","Guardian:ConstructionForm+1","Guardian:TemporalShield+1","Guardian:GuardianWhirl+1","Bite+1","Bite+1","Bite+1","Bite+1","Bite+1","RitualDagger+1","Guardian:MultiBeam+1","Guardian:ChargeCore+1","Guardian:ChargeCore+1","Guardian:StasisField+1","Guardian:SphericShield","Guardian:WalkerClaw+1","Guardian:Gem_Purple","Mayhem","Guardian:Gem_Red","expansioncontent:Chronoboost","expansioncontent:PrepareCrush","expansioncontent:PolyBeam+1","Guardian:Emergency+1","downfall:Aged","Guardian:Gem_Blue","Guardian:Planning+1"],"relics":["Guardian:ModeShifter","Molten Egg 2","Ornamental Fan","Letter Opener","Lantern","Philosopher\u0027s Stone","downfall:HeartBlessingGreen","White Beast Statue","Bronze Scales","Darkstone Periapt","CaptainsWheel","Sundial","Guardian:PickAxe","Black Star","ClockworkSouvenir","Toxic Egg 2","Blood Vial","Juzu Bracelet","Guardian:StasisEgg","Mummified Hand","MealTicket"],"acts_visited":["TheCity","TheBeyond"],"potions_floor_usage":[19,27,27,28,29,33,37,37,48,50],"damage_taken":[{"damage":5,"enemies":"Small Slimes","floor":2,"turns":3},{"damage":6,"enemies":"Cultist","floor":3,"turns":3},{"damage":10,"enemies":"downfall:FleeingMerchant","floor":4,"turns":4},{"damage":0,"enemies":"2 Louse","floor":6,"turns":2},{"damage":11,"enemies":"downfall:FleeingMerchant","floor":11,"turns":4},{"damage":2,"enemies":"Blue Slaver","floor":12,"turns":2},{"damage":10,"enemies":"3 Sentries","floor":14,"turns":7},{"damage":1,"enemies":"3 Louse","floor":15,"turns":2},{"damage":29,"enemies":"IC_STATUS_ARCHETYPE","floor":16,"turns":11},{"damage":2,"enemies":"Shell Parasite","floor":19,"turns":5},{"damage":2,"enemies":"Snecko","floor":20,"turns":5},{"damage":0,"enemies":"Book of Stabbing","floor":25,"turns":5},{"damage":7,"enemies":"Colosseum Nobs","floor":27,"turns":3},{"damage":9,"enemies":"Centurion and Healer","floor":28,"turns":5},{"damage":10,"enemies":"Snake Plant","floor":29,"turns":2},{"damage":11,"enemies":"downfall:FleeingMerchant","floor":31,"turns":4},{"damage":7,"enemies":"Shelled Parasite and Fungi","floor":32,"turns":3},{"damage":26,"enemies":"SI_MIRROR_ARCHETYPE","floor":33,"turns":11},{"damage":0,"enemies":"3 Shapes","floor":36,"turns":4},{"damage":0,"enemies":"downfall:FleeingMerchant","floor":37,"turns":4},{"damage":0,"enemies":"3 Darklings","floor":38,"turns":4},{"damage":7,"enemies":"Spire Growth","floor":42,"turns":4},{"damage":28,"enemies":"Nemesis","floor":43,"turns":7},{"damage":0,"enemies":"Giant Head","floor":48,"turns":8},{"damage":18,"enemies":"Jaw Worm Horde","floor":49,"turns":4},{"damage":81,"enemies":"DF_ARCHETYPE_ORBS","floor":50,"turns":12}],"seed_played":"4263363358003333177","potions_obtained":[{"floor":2,"key":"champ:CounterPotion"},{"floor":6,"key":"Guardian:AcceleratePotion"},{"floor":12,"key":"Ancient Potion"},{"floor":16,"key":"EssenceOfSteel"},{"floor":20,"key":"DuplicationPotion"},{"floor":23,"key":"CultistPotion"},{"floor":27,"key":"PowerPotion"},{"floor":28,"key":"Guardian:DefensiveModePotion"},{"floor":29,"key":"Guardian:AcceleratePotion"},{"floor":31,"key":"LiquidMemories"},{"floor":32,"key":"DistilledChaos"},{"floor":33,"key":"LiquidBronze"},{"floor":37,"key":"SmokeBomb"},{"floor":38,"key":"bronze:BurnAndBuffPotion"},{"floor":48,"key":"Dexterity Potion"}],"is_trial":false,"path_per_floor":["R","M","M","$","?","M","T","R","?","?","$","M","R","E","M","B",null,"R","M","M","?","?","?","T","E","R","?","M","M","R","$","M","B",null,"R","M","?","M","?","$","T","M","E","?","?","?","$","E","M","B"],"character_chosen":"GUARDIAN","items_purchased":["Molten Egg 2","Guardian:SentryBeam+1","Guardian:PickAxe","Mayhem","Guardian:Gem_Red","ClockworkSouvenir"],"campfire_rested":2,"item_purchase_floors":[4,11,31,37,37,37],"current_hp_per_floor":[72,67,61,51,26,26,26,47,47,47,36,34,55,45,44,15,72,72,70,68,68,50,50,50,50,50,46,49,45,45,42,38,48,50,50,50,50,50,40,40,40,45,29,35,49,49,49,49,40,0,0,0],"gold":217,"neow_bonus":"TWO_FIFTY_GOLD","is_daily":false,"chose_seed":false,"campfire_upgraded":5,"win_rate":0.0,"timestamp":1611029869,"path_taken":["R","M","M","$","?","M","T","R","?","?","$","M","R","E","M","BOSS","R","M","M","?","?","?","T","E","R","?","?","M","R","?","M","BOSS","R","M","?","M","?","$","T","M","E","?","?","?","?","E","M","BOSS"],"items_purchased_type":["Relic","Card","Relic","Card","Card","Relic"],"build_version":"2020-12-22","purchased_purges":1,"victory":false,"max_hp_per_floor":[72,72,72,72,72,72,72,72,72,72,72,72,72,72,72,72,72,72,72,72,72,50,50,50,50,50,50,50,50,50,50,50,50,50,50,50,50,50,50,50,50,50,50,56,49,49,49,49,49,49,49,49],"card_choices":[{"not_picked":["Guardian:Gem_Fragmented","Guardian:Clone"],"picked":"Guardian:Incinerate","floor":2},{"not_picked":["Guardian:TimeCapacitor","Guardian:Recover"],"picked":"Guardian:Gem_Red","floor":3},{"not_picked":["Guardian:Incinerate","Guardian:Gem_Fragmented"],"picked":"Guardian:Gem_Blue","floor":4},{"not_picked":["Guardian:BodySlam+1","Guardian:FloatingOrbs"],"picked":"Guardian:ChargeCore+1","floor":6},{"not_picked":["Guardian:ArmoredProtocol","Guardian:Incinerate+1"],"picked":"Guardian:RollAttack+1","floor":11},{"not_picked":["Guardian:Reroute+1","Guardian:SpikerProtocol"],"picked":"Guardian:CrystalBeam+1","floor":12},{"not_picked":["Guardian:Recover","Guardian:MultiBeam+1"],"picked":"Guardian:FastForward","floor":14},{"not_picked":["Guardian:RollAttack+1","Guardian:FloatingOrbs"],"picked":"Guardian:Suspension","floor":15},{"not_picked":["Guardian:RevengeProtocol","Guardian:TimeSifter"],"picked":"Guardian:ConstructionForm","floor":16},{"not_picked":["Guardian:Harden","Guardian:PrismaticBeam+1"],"picked":"Guardian:TemporalShield","floor":19},{"not_picked":["Guardian:Reroute+1","Guardian:Clone"],"picked":"Guardian:GuardianWhirl+1","floor":20},{"not_picked":["Guardian:Recover","Guardian:TemporalShield"],"picked":"Guardian:MultiBeam+1","floor":25},{"not_picked":["Guardian:GuardianWhirl+1","Guardian:PiercingHide"],"picked":"Guardian:ChargeCore+1","floor":28},{"not_picked":["Guardian:Gem_Lightblue","Guardian:Gem_Fragmented"],"picked":"Guardian:ChargeCore+1","floor":29},{"not_picked":["Guardian:ArmoredProtocol","Guardian:SentryBeam+1"],"picked":"Guardian:StasisField","floor":31},{"not_picked":["Guardian:RefractedBeam+1","Guardian:VentSteam"],"picked":"Guardian:Gem_Cyan","floor":32},{"not_picked":["Guardian:FastForward","Guardian:AncientConstruct"],"picked":"Guardian:SphericShield","floor":33},{"not_picked":["Guardian:VentSteam+1","Guardian:Suspension+1"],"picked":"Guardian:WalkerClaw+1","floor":36},{"not_picked":["Guardian:TemporalShield+1","Guardian:Gem_Lightblue"],"picked":"Guardian:Gem_Purple","floor":37},{"not_picked":["Guardian:Reroute+1","Guardian:TemporalStrike+1"],"picked":"Guardian:StasisStrike+1","floor":38},{"not_picked":["expansioncontent:YouAreMine","expansioncontent:Hexaburn"],"picked":"expansioncontent:Chronoboost","floor":39},{"not_picked":["expansioncontent:Hexaburn","expansioncontent:Chronoboost"],"picked":"expansioncontent:PrepareCrush","floor":39},{"not_picked":["expansioncontent:Chronoboost","expansioncontent:HyperBeam+1"],"picked":"expansioncontent:PolyBeam+1","floor":39},{"not_picked":["Guardian:WalkerClaw+1","Guardian:PrimingBeam+1","Guardian:Gem_Fragmented"],"picked":"SKIP","floor":42},{"not_picked":["Guardian:TemporalStrike+1","Guardian:RollAttack+1"],"picked":"Guardian:Emergency+1","floor":43},{"not_picked":["Guardian:Gem_Cyan","Guardian:PrimingBeam+1"],"picked":"Guardian:Gem_Blue","floor":48},{"not_picked":["Guardian:WalkerClaw+1","Guardian:Gem_White"],"picked":"Guardian:Planning+1","floor":49}],"player_experience":553685,"relics_obtained":[{"floor":7,"key":"Letter Opener"},{"floor":14,"key":"Lantern"},{"floor":24,"key":"Bronze Scales"},{"floor":25,"key":"Darkstone Periapt"},{"floor":27,"key":"CaptainsWheel"},{"floor":27,"key":"Sundial"},{"floor":41,"key":"Toxic Egg 2"},{"floor":43,"key":"Blood Vial"},{"floor":43,"key":"Juzu Bracelet"},{"floor":48,"key":"Mummified Hand"},{"floor":48,"key":"MealTicket"}],"event_choices":[{"damage_healed":0,"gold_gain":0,"player_choice":"Success","damage_taken":25,"relics_obtained":["Ornamental Fan"],"max_hp_gain":0,"max_hp_loss":0,"event_name":"Scrap Ooze","floor":5,"gold_loss":0},{"damage_healed":0,"gold_gain":0,"player_choice":"Stole Relic","damage_taken":0,"relics_obtained":["White Beast Statue"],"max_hp_gain":0,"max_hp_loss":0,"event_name":"Addict","floor":21,"gold_loss":0,"cards_obtained":["Pride"]},{"damage_healed":0,"gold_gain":0,"player_choice":"Became a vampire","damage_taken":0,"max_hp_gain":0,"max_hp_loss":22,"event_name":"Vampires","floor":22,"gold_loss":0,"cards_obtained":["Bite","Bite","Bite","Bite","Bite"]},{"cards_removed":["Guardian:StasisStrike"],"damage_healed":0,"gold_gain":0,"player_choice":"Removed Attack","damage_taken":0,"max_hp_gain":0,"max_hp_loss":0,"event_name":"Falling","floor":46,"gold_loss":0}],"is_beta":false,"boss_relics":[{"not_picked":["Runic Pyramid","Runic Dome"],"picked":"Philosopher\u0027s Stone"},{"not_picked":["Sozu","SlaversCollar"],"picked":"Black Star"}],"items_purged_floors":[31],"is_endless":false,"potions_floor_spawned":[2,6,12,14,16,20,25,27,28,29,31,32,33,36,37,38,42,43,48,49],"killed_by":"DF_ARCHETYPE_ORBS","ascension_level":0}}