{"host":"kq2g769nefmuyn7c","time":1611070761,"event":{"mods":["ATMod(°¢èªMod)","Act Like it!","BaseMod","Gensokyo","Koishi","Minty Spire (QoL Compilation)","Remilia£¨ÀÙÃ×ÀòÑÇ£©","Replay The Spire","StSLib","The Servant 0.9.4"],"gold_per_floor":[118,130,140,140,154,154,187,187,187,222,222,222,232,259,259,259,259],"floor_reached":16,"language":"ZHS","playtime":458,"items_purged":[],"score":204,"play_id":"94771d12-af3b-47db-9be6-7fc4b5b399f3","local_time":"20210119233921","is_ascension_mode":true,"campfire_choices":[{"data":"AT_EmpoweredMortalDraw","floor":6.0,"key":"SMITH"},{"data":"Corruption","floor":8.0,"key":"SMITH"},{"data":"Dual Wield","floor":11.0,"key":"SMITH"},{"data":"Evolve","floor":15.0,"key":"SMITH"}],"circlet_count":0,"master_deck":["Strike_R","Strike_R","Strike_R+1","Defend_R","Defend_R","Defend_R","Defend_R","Bash","AT_EmpoweredMortalDraw+1","Dual Wield+1","Corruption+1","Carnage","Defy Death+1","AT_CaressingTears","Ghostly Armor","Reaper","Evolve+1"],"relics":["Burning Blood","AT_ATBox","Centennial Puzzle","AT_SilvercatRing","Replay:WaspNest","Toy Ornithopter"],"acts_visited":["Exordium"],"potions_floor_usage":[],"damage_taken":[{"damage":12.0,"enemies":"Small Slimes","floor":1.0,"turns":3.0},{"damage":7.0,"enemies":"Jaw Worm","floor":2.0,"turns":3.0},{"damage":5.0,"enemies":"Cultist","floor":3.0,"turns":4.0},{"damage":6.0,"enemies":"Looter","floor":5.0,"turns":2.0},{"damage":0.0,"enemies":"3 Sentries","floor":7.0,"turns":1.0},{"damage":15.0,"enemies":"Lagavulin","floor":10.0,"turns":6.0},{"damage":18.0,"enemies":"Lots of Slimes","floor":13.0,"turns":2.0},{"damage":0.0,"enemies":"3 Sentries","floor":14.0,"turns":3.0},{"damage":60,"enemies":"The Guardian","floor":16,"turns":10}],"seed_played":"5202983710904171791","potions_obtained":[{"floor":2.0,"key":"Doom Potion"},{"floor":5.0,"key":"Strength Potion"},{"floor":10.0,"key":"Weak Potion"},{"floor":13.0,"key":"SkillPotion"}],"is_trial":false,"path_per_floor":["M","M","M","?","M","R","E","R","T","E","R","?","M","E","R","B"],"character_chosen":"IRONCLAD","items_purchased":[],"campfire_rested":0,"item_purchase_floors":[],"current_hp_per_floor":[74,73,74,67,67,67,73,73,73,64,64,48,36,54,54,0,0],"gold":259,"neow_bonus":"TRANSFORM_CARD","is_daily":false,"chose_seed":false,"campfire_upgraded":4,"win_rate":0.0,"timestamp":1611070761,"path_taken":["M","M","M","?","M","R","E","R","T","E","R","?","M","E","R","BOSS"],"items_purchased_type":[],"build_version":"2020-12-22","purchased_purges":0,"victory":false,"max_hp_per_floor":[80,80,80,80,80,80,80,80,80,80,80,80,80,80,80,80,80],"card_choices":[{"not_picked":["Havoc","Warcry","Clothesline"],"picked":"SKIP","floor":1.0},{"not_picked":["Wild Strike","Infernal Blade"],"picked":"Corruption","floor":2.0},{"not_picked":["Headbutt","Cleave"],"picked":"Carnage","floor":3.0},{"not_picked":["Body Slam","Warcry"],"picked":"Defy Death","floor":5.0},{"not_picked":["Armaments","True Grit"],"picked":"AT_CaressingTears","floor":7.0},{"not_picked":["ReplayReversal","Anger"],"picked":"Ghostly Armor","floor":10.0},{"not_picked":["True Grit","Shrug It Off"],"picked":"Reaper","floor":13.0},{"not_picked":["Abandon","Wild Strike"],"picked":"Evolve","floor":14.0}],"player_experience":293180,"relics_obtained":[{"floor":7.0,"key":"Centennial Puzzle"},{"floor":9.0,"key":"AT_SilvercatRing"},{"floor":10.0,"key":"Replay:WaspNest"},{"floor":14.0,"key":"Toy Ornithopter"}],"event_choices":[{"cards_removed":["Strike_R"],"damage_healed":0.0,"max_hp_gain":0.0,"max_hp_loss":0.0,"gold_gain":0.0,"event_name":"Golden Wing","player_choice":"Card Removal","floor":4.0,"gold_loss":0.0,"damage_taken":7.0},{"damage_healed":0.0,"max_hp_gain":0.0,"max_hp_loss":0.0,"gold_gain":0.0,"event_name":"Shining Light","player_choice":"Entered Light","floor":12.0,"gold_loss":0.0,"damage_taken":16.0,"cards_upgraded":["Defy Death","Strike_R"]}],"is_beta":false,"boss_relics":[],"items_purged_floors":[],"is_endless":false,"potions_floor_spawned":[2,5,10,13],"killed_by":"The Guardian","ascension_level":4}}