{"host":"bpkhhmvsfrvlto2l","time":1611062433,"event":{"mods":["2.2 Compatiblity","AchievementEnabler","Act Like it!","AlwaysNeverKeys","Aspiration","BaseMod","Better Silent Start","Challenge The Spire","Colored Map","Colored Powertips","Custom Start","Energized Spire","Friendly Minions","GifTheSpireLib","Halation","Hubris","Infinite Spire","Ironclad Rager","Mimic Mod","Minty Spire (QoL Compilation)","Permanent Neow","Quick Restart","Random Character Button","Relic Sorter","Replay The Spire","Spikes Relics","StSLib","Stuff the Spire","Swap Starting Deck Mod","Trackpad"],"gold_per_floor":[115,134,134,134,53,53,72,103,103,103,131,131,150,150,150,252,252,267,267,267,278,278,278,278,278,278],"floor_reached":25,"language":"ENG","playtime":642,"items_purged":["Decay"],"score":329,"play_id":"912618fe-b891-49ee-b945-aac6500ab265","local_time":"20210119082033","is_ascension_mode":true,"campfire_choices":[{"data":"Scrape","floor":6.0,"key":"SMITH"},{"data":"Rip and Tear","floor":12,"key":"SMITH"},{"data":"Gash","floor":15,"key":"SMITH"},{"data":"Gash","floor":23,"key":"SMITH"}],"circlet_count":0,"master_deck":["Gash","Gash","Gash+1","Rip and Tear+1","Reprogram","Steam","Steam","Steam","Steam","Creative AI+1","Scrape+1","Gash+1","infinitespire:NeuralNetwork"],"relics":["Cracked Core","hubris:Icosahedron","swapstartingdeckmod:DeadBlossom","aspiration:EnhancedActuators","Pocketwatch","StuffTheSpire:GrapeVine","StuffTheSpire:MayFlowers"],"acts_visited":["Exordium","TheCity"],"potions_floor_usage":[16,16,18],"damage_taken":[{"damage":0.0,"enemies":"Jaw Worm","floor":1.0,"turns":2.0},{"damage":0.0,"enemies":"Small Slimes","floor":2.0,"turns":2.0},{"damage":0,"enemies":"2 Louse","floor":7,"turns":2},{"damage":9,"enemies":"3 Sentries","floor":8,"turns":5},{"damage":13,"enemies":"Replay:BlueRogue","floor":11,"turns":3},{"damage":8,"enemies":"Lots of Slimes","floor":13,"turns":3},{"damage":2,"enemies":"Hexaghost","floor":16,"turns":5},{"damage":0,"enemies":"3 Byrds","floor":18,"turns":4},{"damage":12,"enemies":"Chosen","floor":21,"turns":3},{"damage":47,"enemies":"Slavers","floor":25,"turns":4}],"seed_played":"-577177490233799539","potions_obtained":[{"floor":2.0,"key":"Weak Potion"},{"floor":8,"key":"SpeedPotion"},{"floor":11,"key":"PowerPotion"},{"floor":21,"key":"SteroidPotion"}],"is_trial":false,"path_per_floor":["M","M","?","?","$","R","M","E","T","$","E","R","M","?","R","B",null,"M","?","?","M","$","R","AVR","E"],"character_chosen":"DEFECT","items_purchased":["Scrape"],"campfire_rested":0,"item_purchase_floors":[5],"current_hp_per_floor":[68,68,68,68,68,68,68,59,59,59,46,46,38,40,40,38,53,53,53,53,41,41,41,41,0,0],"gold":278,"neow_bonus":"","is_daily":false,"chose_seed":false,"campfire_upgraded":4,"win_rate":0.0,"timestamp":1611062433,"path_taken":["M","M","?","?","$","R","M","E","T","$","E","R","M","?","R","BOSS","M","?","?","?","$","R","AVR","E"],"items_purchased_type":["Card"],"build_version":"2020-12-22","purchased_purges":1,"victory":false,"max_hp_per_floor":[75,75,75,75,75,75,75,75,75,75,75,75,75,78,78,78,78,78,78,78,78,78,78,78,78,78],"card_choices":[{"not_picked":["StuffTheSpire:CleanHardDrive","Stack"],"picked":"Gash","floor":7},{"not_picked":["Conserve Battery","Stack","ReplayTheSpireMod:System Scan"],"picked":"SKIP","floor":21}],"player_experience":79844,"relics_obtained":[{"floor":8,"key":"aspiration:EnhancedActuators"},{"floor":9,"key":"Pocketwatch"},{"floor":11,"key":"StuffTheSpire:GrapeVine"}],"event_choices":[{"damage_healed":0,"gold_gain":0,"player_choice":"Smashed Altar","damage_taken":0,"max_hp_gain":0,"max_hp_loss":0,"event_name":"Forgotten Altar","floor":19,"gold_loss":0,"cards_obtained":["Decay"]},{"damage_healed":0,"gold_gain":0,"player_choice":"Ignored","damage_taken":0,"max_hp_gain":0,"max_hp_loss":0,"event_name":"Transmorgrifier","floor":20,"gold_loss":0}],"is_beta":false,"boss_relics":[{"not_picked":["Runic Pyramid","energizedSpire:CursedPentagram","Ectoplasm"]}],"items_purged_floors":[24],"is_endless":false,"potions_floor_spawned":[2,8,11,21],"killed_by":"Slavers","ascension_level":7}}