{"host":"e8rlfedn69rz2s07","time":1611093403,"event":{"mods":["Act Like it!","BaseMod","Conspire","Hubris","Infinite Spire","Minty Spire (QoL Compilation)","Permanent Neow","Relic Stats","Replay The Spire","Shop Mod","StSLib","The Jungle"],"gold_per_floor":[212,80,100,100,199,199,199,224,224,235,235,261,30,45,45,118,118,133,133,149,49,69,69,99,99,169,169,169],"floor_reached":27,"language":"ENG","playtime":1115,"items_purged":["Strike_G","Strike_G"],"score":478,"play_id":"be78b92d-7287-4bb5-b887-efde197d6a40","local_time":"20210119235643","is_ascension_mode":true,"campfire_choices":[{"data":"Dash","floor":6.0,"key":"SMITH"},{"floor":11.0,"key":"REST"},{"data":"Wraith Form v2","floor":15.0,"key":"SMITH"},{"floor":23,"key":"REST"}],"circlet_count":0,"master_deck":["AscendersBane","Strike_G","Strike_G","Strike_G","Defend_G","Defend_G","Defend_G+1","Defend_G","Defend_G+1","Survivor","Dash+1","Heel Hook+1","Dagger Spray","Flying Knee","Wraith Form v2+1","Backflip","Burst","Dash","After Image+1","Sucker Punch","Skewer","ReplayTheSpireMod:Speed Training+1","Quick Slash+1"],"relics":["Ring of the Snake","infinitespire:FocusingShard","hubris:GlazedTorus","War Paint","Replay:Fungal Core","Torii"],"acts_visited":["Exordium","Exordium"],"potions_floor_usage":[22,24],"damage_taken":[{"damage":2.0,"enemies":"Cultist","floor":1.0,"turns":5.0},{"damage":0.0,"enemies":"2 Louse","floor":3.0,"turns":2.0},{"damage":43.0,"enemies":"Gremlin Nob","floor":8.0,"turns":5.0},{"damage":0.0,"enemies":"Small Slimes","floor":10.0,"turns":3.0},{"damage":8.0,"enemies":"3 Sentries","floor":12.0,"turns":6.0},{"damage":8.0,"enemies":"Exordium Thugs","floor":14.0,"turns":5.0},{"damage":10.0,"enemies":"Hexaghost","floor":16.0,"turns":12.0},{"damage":7,"enemies":"theJungle:MUSHROOMGANG","floor":18,"turns":8},{"damage":8,"enemies":"theJungle:GiantWrat","floor":20,"turns":8},{"damage":9,"enemies":"Snake Plant","floor":22,"turns":6},{"damage":35,"enemies":"theJungle:2_Phrogs","floor":24,"turns":10},{"damage":30,"enemies":"theJungle:MamaSnecko","floor":27,"turns":4}],"seed_played":"4919643016092753015","potions_obtained":[{"floor":1.0,"key":"Dexterity Potion"},{"floor":14.0,"key":"GamblersBrew"},{"floor":18,"key":"Regen Potion"}],"is_trial":false,"path_per_floor":["M","$","M","?","?","R","?","E","T","M","R","E","$","M","R","B",null,"M","?","M","$","M","R","E","?","T","E"],"character_chosen":"THE_SILENT","items_purchased":["AttackPotion","Burst","PowerPotion"],"campfire_rested":2,"item_purchase_floors":[2,13,13],"current_hp_per_floor":[57,57,57,57,57,57,57,14,14,14,33,25,25,17,17,7,51,44,44,36,36,42,61,26,26,26,0,0],"gold":169,"neow_bonus":"HUNDRED_GOLD","is_daily":false,"chose_seed":false,"campfire_upgraded":2,"win_rate":0.0,"timestamp":1611093403,"path_taken":["M","$","?","?","?","R","?","E","T","?","R","E","$","M","R","BOSS","M","?","M","?","M","R","E","?","T","E"],"items_purchased_type":["Potion","Card","Potion"],"build_version":"2020-12-22","purchased_purges":2,"victory":false,"max_hp_per_floor":[66,66,66,66,66,66,66,66,66,66,66,66,66,66,66,66,66,66,66,66,66,66,66,66,66,66,66,66],"relic_stats":{"Torii":4,"counters":[12,74],"War Paint":["Defend_G","Defend_G"],"obtain_stats":[{"Replay:Fungal Core":17,"Torii":24,"infinitespire:FocusingShard":8,"War Paint":12,"Ring of the Snake":0,"hubris:GlazedTorus":9},{"Replay:Fungal Core":7,"Torii":11,"infinitespire:FocusingShard":3,"War Paint":5,"Ring of the Snake":0,"hubris:GlazedTorus":3},{"Replay:Fungal Core":38,"Torii":70,"infinitespire:FocusingShard":12,"War Paint":21,"Ring of the Snake":0,"hubris:GlazedTorus":12}],"Ring of the Snake":[24]},"card_choices":[{"not_picked":["Reflex","Dagger Throw"],"picked":"Dash","floor":1.0},{"not_picked":["conspire:DoublingDagger","Cloak And Dagger","Acrobatics"],"picked":"SKIP","floor":3.0},{"not_picked":["Blade Dance","Flying Knee"],"picked":"Dagger Spray","floor":5.0},{"not_picked":["Acrobatics","Slice"],"picked":"Flying Knee","floor":5.0},{"not_picked":["Dodge and Roll","Choke"],"picked":"Wraith Form v2","floor":8.0},{"not_picked":["hubris:SlightOfHand","Cloak And Dagger"],"picked":"Backflip","floor":10.0},{"not_picked":["hubris:Counter","hubris:Sniper","Flying Knee"],"picked":"SKIP","floor":12.0},{"not_picked":["Sucker Punch","Poisoned Stab"],"picked":"Dash","floor":14.0},{"not_picked":["Replay:Bag of Tricks","Die Die Die"],"picked":"After Image","floor":16.0},{"not_picked":["Dagger Spray","Caltrops"],"picked":"Sucker Punch","floor":18},{"not_picked":["Flying Knee+1","hubris:Counter+1"],"picked":"Skewer","floor":20},{"not_picked":["Dodge and Roll+1","Backflip"],"picked":"ReplayTheSpireMod:Speed Training+1","floor":22},{"not_picked":["Slice","Burst"],"picked":"Quick Slash+1","floor":24}],"player_experience":982481,"relics_obtained":[{"floor":8.0,"key":"infinitespire:FocusingShard"},{"floor":9.0,"key":"hubris:GlazedTorus"},{"floor":12.0,"key":"War Paint"},{"floor":24,"key":"Torii"}],"event_choices":[{"cards_removed":["Pain"],"damage_healed":0.0,"max_hp_gain":0.0,"max_hp_loss":0.0,"gold_gain":0.0,"event_name":"Fountain of Cleansing","player_choice":"Removed Curses","floor":7.0,"gold_loss":0.0,"damage_taken":0.0},{"damage_healed":0,"gold_gain":0,"player_choice":"Upgraded","damage_taken":0,"max_hp_gain":0,"max_hp_loss":0,"event_name":"Upgrade Shrine","floor":25,"gold_loss":0,"cards_upgraded":["After Image"]}],"is_beta":false,"boss_relics":[{"not_picked":["Philosopher\u0027s Stone","Painkiller Herb"],"picked":"Replay:Fungal Core"}],"items_purged_floors":[2,21],"is_endless":false,"potions_floor_spawned":[1,3,14,18,20],"killed_by":"theJungle:MamaSnecko","ascension_level":20}}