{"host":"Kdaddybrian","time":1611084041,"event":{"mods":["AchievementEnabler","BaseMod","Bestiary","Colored Powertips","Minty Spire (QoL Compilation)","Potion Indicator Mod","Quick Restart","Rare Cards Sparkle","Relic Stats","StSLib","Uncapped"],"gold_per_floor":[112,14,31,46,65,65,65,65],"floor_reached":7,"language":"ENG","playtime":328,"items_purged":["Doubt"],"score":65,"play_id":"04e119fc-3306-443d-b902-690bad1890f8","local_time":"20210119142041","is_ascension_mode":true,"campfire_choices":[{"data":"Wraith Form v2","floor":6.0,"key":"SMITH"}],"circlet_count":0,"master_deck":["AscendersBane","Strike_G","Strike_G","Strike_G","Strike_G","Strike_G","Defend_G","Defend_G","Defend_G","Defend_G","Defend_G","Survivor","Neutralize","Wraith Form v2+1","Poisoned Stab","Dagger Spray","Flying Knee","Wraith Form v2","PiercingWail"],"relics":["Ring of the Snake"],"acts_visited":["Exordium"],"potions_floor_usage":[],"damage_taken":[{"damage":16.0,"enemies":"Jaw Worm","floor":1.0,"turns":9.0},{"damage":0.0,"enemies":"Small Slimes","floor":3.0,"turns":2.0},{"damage":0.0,"enemies":"2 Louse","floor":4.0,"turns":2.0},{"damage":4.0,"enemies":"Exordium Thugs","floor":5.0,"turns":4.0},{"damage":51,"enemies":"3 Sentries","floor":7,"turns":11}],"seed_played":"-5118503107687379039","potions_obtained":[{"floor":4.0,"key":"AttackPotion"}],"is_trial":false,"path_per_floor":["M","$","M","M","M","R","E"],"character_chosen":"THE_SILENT","items_purchased":["Dagger Spray"],"campfire_rested":0,"item_purchase_floors":[2],"current_hp_per_floor":[47,47,47,47,43,43,0,0],"gold":65,"neow_bonus":"THREE_RARE_CARDS","is_daily":false,"chose_seed":false,"campfire_upgraded":1,"win_rate":0.0,"timestamp":1611084041,"path_taken":["M","$","M","M","M","R","E"],"items_purchased_type":["Card"],"build_version":"2020-12-18","purchased_purges":1,"victory":false,"max_hp_per_floor":[70,70,70,70,70,70,70,70],"relic_stats":{"counters":[5,28],"obtain_stats":[{"Ring of the Snake":0},{"Ring of the Snake":0},{"Ring of the Snake":0}],"Ring of the Snake":[10]},"card_choices":[{"not_picked":["Die Die Die","A Thousand Cuts"],"picked":"Wraith Form v2","floor":0.0},{"not_picked":["Dagger Throw","Prepared"],"picked":"Poisoned Stab","floor":1.0},{"not_picked":["Outmaneuver","Slice"],"picked":"Flying Knee","floor":3.0},{"not_picked":["Outmaneuver","Deflect"],"picked":"Wraith Form v2","floor":4.0},{"not_picked":["Flechettes","Prepared"],"picked":"PiercingWail","floor":5.0}],"player_experience":2971001,"relics_obtained":[],"event_choices":[],"is_beta":true,"boss_relics":[],"items_purged_floors":[2],"is_endless":false,"potions_floor_spawned":[4],"killed_by":"3 Sentries","ascension_level":10}}