{"host":"50per11302020","time":1611025757,"event":{"mods":["AchievementEnabler","BaseMod","Colored Map","Minty Spire (QoL Compilation)","Relic Stats","StSLib"],"gold_per_floor":[116,136,136,136,153,153,163,163,163,180,27,27,42,60,60,137,137,147,157,337,352,352,352,365,365,391,391,407,440,440,355,355,432,432,450,268,268,288,131,131,157,157,184,202,202,8,8,28,28,28],"floor_reached":51,"language":"ENG","playtime":4192,"items_purged":[],"score":1371,"play_id":"2af6de38-0ba3-4898-9796-aa71e680c68a","local_time":"20210118190917","is_ascension_mode":true,"campfire_choices":[{"data":"Chaos","floor":6.0,"key":"SMITH"},{"data":"Capacitor","floor":8.0,"key":"SMITH"},{"data":"Consume","floor":12.0,"key":"SMITH"},{"data":"Fusion","floor":15.0,"key":"SMITH"},{"floor":23.0,"key":"REST"},{"floor":25,"key":"REST"},{"data":"Capacitor","floor":30,"key":"SMITH"},{"data":"Buffer","floor":32,"key":"SMITH"},{"data":"Loop","floor":40,"key":"SMITH"},{"data":"Capacitor","floor":47,"key":"SMITH"},{"floor":49,"key":"REST"}],"circlet_count":0,"master_deck":["AscendersBane","Zap","Dualcast","Chaos+1","Capacitor+1","Fusion+1","Conserve Battery","Consume+1","Buffer+1","Coolheaded","Seek","Multi-Cast","Reinforced Body","Biased Cognition","Hyperbeam","Capacitor+1","BootSequence","Tempest","Glacier","Glacier","Glacier","Chill","Buffer","CurseOfTheBell","Loop+1","Defragment","Darkness","Glacier","Capacitor+1","Capacitor+1","Core Surge"],"relics":["Cracked Core","Pocketwatch","Pandora\u0027s Box","Bag of Preparation","Mango","Du-Vu Doll","Calling Bell","Centennial Puzzle","Darkstone Periapt","Incense Burner","Strawberry","Vajra","Nunchaku"],"acts_visited":["Exordium","TheCity","TheBeyond"],"potions_floor_usage":[24,29,39,50],"damage_taken":[{"damage":7.0,"enemies":"Small Slimes","floor":1.0,"turns":3.0},{"damage":2.0,"enemies":"2 Louse","floor":2.0,"turns":4.0},{"damage":9.0,"enemies":"Jaw Worm","floor":5.0,"turns":4.0},{"damage":10.0,"enemies":"Looter","floor":7.0,"turns":4.0},{"damage":9.0,"enemies":"Red Slaver","floor":10.0,"turns":3.0},{"damage":0.0,"enemies":"2 Fungi Beasts","floor":13.0,"turns":4.0},{"damage":5.0,"enemies":"Looter","floor":14.0,"turns":3.0},{"damage":1.0,"enemies":"Hexaghost","floor":16.0,"turns":10.0},{"damage":7.0,"enemies":"Spheric Guardian","floor":18.0,"turns":6.0},{"damage":1.0,"enemies":"Chosen","floor":19.0,"turns":4.0},{"damage":0.0,"enemies":"Centurion and Healer","floor":21.0,"turns":7.0},{"damage":12,"enemies":"Cultist and Chosen","floor":24,"turns":5},{"damage":3,"enemies":"Snake Plant","floor":28,"turns":4},{"damage":9,"enemies":"Slavers","floor":29,"turns":8},{"damage":12,"enemies":"Champ","floor":33,"turns":19},{"damage":10,"enemies":"3 Shapes","floor":35,"turns":8},{"damage":1,"enemies":"Orb Walker","floor":38,"turns":7},{"damage":0,"enemies":"Giant Head","floor":41,"turns":12},{"damage":12,"enemies":"Transient","floor":44,"turns":6},{"damage":0,"enemies":"Maw","floor":48,"turns":8},{"damage":51,"enemies":"Awakened One","floor":50,"turns":24}],"seed_played":"201000895424579423","potions_obtained":[{"floor":1.0,"key":"GamblersBrew"},{"floor":10.0,"key":"FearPotion"},{"floor":14.0,"key":"Weak Potion"},{"floor":16.0,"key":"SkillPotion"},{"floor":18.0,"key":"Weak Potion"},{"floor":19.0,"key":"DistilledChaos"},{"floor":24,"key":"Dexterity Potion"}],"is_trial":false,"path_per_floor":["M","M","?","?","M","R","M","R","T","M","$","R","M","M","R","B",null,"M","M","?","M","?","R","M","R","T","?","M","E","R","?","R","B",null,"M","$","?","M","$","R","E","?","T","M","?","$","R","M","R","B",null],"character_chosen":"DEFECT","items_purchased":["Buffer","Defragment","Fruit Juice","Regen Potion","Darkness","Capacitor","Core Surge"],"campfire_rested":3,"item_purchase_floors":[11,36,36,39,39,46,46],"current_hp_per_floor":[64,62,67,60,51,51,41,41,41,32,32,32,32,27,27,26,69,62,61,42,42,42,66,54,78,78,78,75,80,80,80,80,68,90,80,80,80,79,84,84,91,91,91,79,79,79,79,79,109,73],"gold":28,"neow_bonus":"TEN_PERCENT_HP_BONUS","is_daily":false,"chose_seed":false,"campfire_upgraded":8,"win_rate":0.0,"timestamp":1611025757,"path_taken":["M","M","?","?","?","R","M","R","T","M","$","R","M","M","R","BOSS","M","M","?","?","?","R","M","R","T","?","M","E","R","?","R","BOSS","M","$","?","M","$","R","E","?","T","?","?","$","R","M","R","BOSS"],"items_purchased_type":["Card","Card","Potion","Potion","Card","Card","Card"],"build_version":"2020-12-18","purchased_purges":0,"victory":true,"max_hp_per_floor":[78,78,83,83,83,83,83,83,83,83,83,83,83,83,83,83,83,83,83,83,83,83,83,83,83,83,83,83,97,97,97,97,97,97,97,97,97,97,102,102,109,109,109,109,109,109,109,109,109,109],"relic_stats":{"Darkstone Periapt":0,"Centennial Puzzle":[12],"Nunchaku":[0],"counters":[21,153],"Pandora\u0027s Box":["Reinforced Body","Biased Cognition","Hyperbeam","Barrage","Capacitor","BootSequence","Tempest"],"Bag of Preparation":[18],"obtain_stats":[{"Darkstone Periapt":34,"Vajra":43,"Mango":29,"Bag of Preparation":26,"Incense Burner":34,"Du-Vu Doll":31,"Calling Bell":34,"Centennial Puzzle":34,"Nunchaku":45,"Strawberry":41,"Pandora\u0027s Box":17,"Cracked Core":0,"Pocketwatch":9},{"Darkstone Periapt":15,"Vajra":18,"Mango":14,"Bag of Preparation":12,"Incense Burner":15,"Du-Vu Doll":14,"Calling Bell":15,"Centennial Puzzle":15,"Nunchaku":19,"Strawberry":18,"Pandora\u0027s Box":8,"Cracked Core":0,"Pocketwatch":4},{"Darkstone Periapt":88,"Vajra":115,"Mango":69,"Bag of Preparation":57,"Incense Burner":88,"Du-Vu Doll":69,"Calling Bell":88,"Centennial Puzzle":88,"Nunchaku":121,"Strawberry":115,"Pandora\u0027s Box":35,"Cracked Core":0,"Pocketwatch":15}],"Pocketwatch":[342]},"card_choices":[{"not_picked":["Compile Driver","Leap"],"picked":"Chaos","floor":1.0},{"not_picked":["Go for the Eyes","Barrage"],"picked":"Capacitor","floor":2.0},{"not_picked":["Hologram","Go for the Eyes"],"picked":"Fusion","floor":5.0},{"not_picked":["Redo","Gash"],"picked":"Conserve Battery","floor":7.0},{"not_picked":["Reprogram","Gash"],"picked":"Consume","floor":10.0},{"not_picked":["White Noise","Redo"],"picked":"Coolheaded","floor":13.0},{"not_picked":["Turbo","Aggregate"],"picked":"Seek","floor":14.0},{"not_picked":["Buffer","Seek"],"picked":"Multi-Cast","floor":16.0},{"not_picked":["Coolheaded","Leap"],"picked":"Glacier","floor":18.0},{"not_picked":["Leap","Turbo","Gash+1"],"picked":"SKIP","floor":19.0},{"not_picked":["Steam Power","Redo","Go for the Eyes"],"picked":"SKIP","floor":21.0},{"not_picked":["Defragment","Ball Lightning"],"picked":"Glacier","floor":24},{"not_picked":["Force Field","Skim"],"picked":"Chill","floor":28},{"not_picked":["Consume","White Noise","BootSequence"],"picked":"SKIP","floor":29},{"not_picked":["Seek","Fission"],"picked":"Buffer","floor":33},{"not_picked":["Beam Cell+1","Reprogram"],"picked":"Loop","floor":35},{"not_picked":["Go for the Eyes","All For One","Chill"],"picked":"SKIP","floor":38},{"not_picked":["Redo","Compile Driver"],"picked":"Glacier","floor":41},{"not_picked":["Redo","Go for the Eyes","Chill"],"picked":"SKIP","floor":44},{"not_picked":["Hologram","Sweeping Beam+1","Go for the Eyes"],"picked":"SKIP","floor":48}],"player_experience":273066,"relics_obtained":[{"floor":9.0,"key":"Pocketwatch"},{"floor":26,"key":"Bag of Preparation"},{"floor":29,"key":"Mango"},{"floor":34,"key":"Centennial Puzzle"},{"floor":34,"key":"Darkstone Periapt"},{"floor":34,"key":"Incense Burner"},{"floor":41,"key":"Strawberry"},{"floor":43,"key":"Vajra"},{"floor":45,"key":"Nunchaku"}],"event_choices":[{"damage_healed":0.0,"max_hp_gain":5.0,"max_hp_loss":0.0,"gold_gain":0.0,"event_name":"Big Fish","player_choice":"Donut","floor":3.0,"gold_loss":0.0,"damage_taken":0.0},{"cards_removed":["Strike_B"],"damage_healed":0.0,"max_hp_gain":0.0,"max_hp_loss":0.0,"gold_gain":0.0,"event_name":"Golden Wing","player_choice":"Card Removal","floor":4.0,"gold_loss":0.0,"damage_taken":7.0},{"damage_healed":0.0,"max_hp_gain":0.0,"max_hp_loss":0.0,"gold_gain":180.0,"event_name":"Knowing Skull","player_choice":"GOLD GOLD ","floor":20.0,"potions_obtained":[],"gold_loss":0.0,"damage_taken":19.0,"cards_obtained":[]},{"damage_healed":0.0,"max_hp_gain":0.0,"max_hp_loss":0.0,"gold_gain":0.0,"event_name":"Beggar","player_choice":"Ignored","floor":22.0,"gold_loss":0.0,"damage_taken":0.0},{"damage_healed":0,"gold_gain":0,"player_choice":"Read","damage_taken":0,"max_hp_gain":0,"max_hp_loss":0,"event_name":"The Library","floor":27,"gold_loss":0,"cards_obtained":["Glacier"]},{"damage_healed":0,"gold_gain":0,"player_choice":"Obtained Relic","damage_taken":0,"relics_obtained":["Du-Vu Doll"],"max_hp_gain":0,"max_hp_loss":0,"event_name":"Addict","floor":31,"gold_loss":85},{"cards_removed":["Barrage"],"damage_healed":0,"gold_gain":0,"player_choice":"Removed Attack","damage_taken":0,"max_hp_gain":0,"max_hp_loss":0,"event_name":"Falling","floor":37,"gold_loss":0},{"damage_healed":0,"gold_gain":0,"player_choice":"Copied","damage_taken":0,"max_hp_gain":0,"max_hp_loss":0,"event_name":"Duplicator","floor":42,"gold_loss":0,"cards_obtained":["Capacitor"]},{"damage_healed":0,"gold_gain":0,"player_choice":"Relic","damage_taken":0,"max_hp_gain":0,"max_hp_loss":0,"event_name":"Wheel of Change","floor":45,"gold_loss":0}],"is_beta":true,"boss_relics":[{"not_picked":["SlaversCollar","Tiny House"],"picked":"Pandora\u0027s Box"},{"not_picked":["Runic Dome","Empty Cage"],"picked":"Calling Bell"}],"items_purged_floors":[],"is_endless":false,"potions_floor_spawned":[1,10,14,16,18,19,24,41],"ascension_level":17}}