{"host":"h0xw20cia6ppa69g","time":1611048149,"event":{"mods":["AchievementEnabler","BaseMod","Colored Map","Filter the Spire","Googly Eyes","Minty Spire (QoL Compilation)","Relic Stats","StSLib","The Awakened One except there are too many feathers","everything is the same but u backflip on backflip"],"gold_per_floor":[119,130,130,146,146,159,193,211,238,238,238,91,124,142,142,241,241,261,281,196,6,6,34,7,34,34,65,65,65,82,96,96,193,193,204,204,1203,1213,1229,1254,1254,1289,1337,1028,1028,728,742,742,742,742,742,742,261,288,288],"floor_reached":56,"language":"ENG","playtime":3112,"items_purged":["Normality","Normality","Wild Strike"],"score":1422,"play_id":"852488b9-3dd9-4d2f-99c7-467ea0f2a7cf","local_time":"20210119032229","is_ascension_mode":true,"campfire_choices":[{"data":"Limit Break","floor":15.0,"key":"SMITH"},{"data":"Limit Break","floor":29,"key":"SMITH"},{"data":"Berserk","floor":32,"key":"SMITH"},{"floor":41,"key":"RECALL"},{"data":"Dual Wield","floor":45,"key":"SMITH"},{"data":"Secret Technique","floor":49,"key":"SMITH"},{"data":"Secret Weapon","floor":52,"key":"SMITH"}],"circlet_count":0,"master_deck":["Carnage","Limit Break+1","Flame Barrier","Limit Break+1","Shockwave","Impervious","Heavy Blade","Metallicize","Thunderclap","Reaper","Dark Embrace","Ghostly Armor","Berserk+1","Evolve","Inflame","Dual Wield+1","Shockwave","Offering","Burning Pact","Ghostly Armor+1","Disarm","Necronomicurse","Exhume","Shrug It Off","Entrench+1","Corruption","Anger+1","Sword Boomerang+1","Metallicize+1","Spot Weakness","Purity","Thunderclap","Headbutt","Master of Strategy","Secret Weapon+1","Secret Technique+1","True Grit","Disarm","Burning Pact+1"],"relics":["Pandora\u0027s Box","WarpedTongs","Pen Nib","Art of War","Ancient Tea Set","Orrery","Happy Flower","Mark of Pain","Pear","Membership Card","Necronomicon","Shuriken","Unceasing Top","Gremlin Horn","InkBottle","Coffee Dripper","Sundial","Regal Pillow","Oddly Smooth Stone","Cauldron","ClockworkSouvenir","Potion Belt","Nunchaku","Turnip","Eternal Feather","Sling","Pantograph"],"acts_visited":["Exordium","TheCity","TheBeyond","TheEnding"],"potions_floor_usage":[42,44,44,54,55,55,55,55,55],"damage_taken":[{"damage":0.0,"enemies":"Jaw Worm","floor":1.0,"turns":3.0},{"damage":0.0,"enemies":"Cultist","floor":2.0,"turns":4.0},{"damage":2.0,"enemies":"Small Slimes","floor":4.0,"turns":3.0},{"damage":6.0,"enemies":"2 Fungi Beasts","floor":6.0,"turns":4.0},{"damage":8.0,"enemies":"Gremlin Nob","floor":7.0,"turns":4.0},{"damage":2.0,"enemies":"Large Slime","floor":8.0,"turns":4.0},{"damage":21.0,"enemies":"3 Sentries","floor":13.0,"turns":6.0},{"damage":14.0,"enemies":"Exordium Wildlife","floor":14.0,"turns":4.0},{"damage":14.0,"enemies":"Hexaghost","floor":16.0,"turns":9.0},{"damage":12,"enemies":"3 Byrds","floor":18,"turns":5},{"damage":8,"enemies":"2 Thieves","floor":19,"turns":4},{"damage":15,"enemies":"Book of Stabbing","floor":23,"turns":5},{"damage":25,"enemies":"Gremlin Leader","floor":25,"turns":8},{"damage":22,"enemies":"Book of Stabbing","floor":27,"turns":4},{"damage":0,"enemies":"Cultist and Chosen","floor":30,"turns":5},{"damage":15,"enemies":"Centurion and Healer","floor":31,"turns":5},{"damage":8,"enemies":"Automaton","floor":33,"turns":8},{"damage":10,"enemies":"3 Darklings","floor":35,"turns":5},{"damage":17,"enemies":"3 Shapes","floor":38,"turns":7},{"damage":32,"enemies":"Jaw Worm Horde","floor":39,"turns":6},{"damage":32,"enemies":"Giant Head","floor":40,"turns":7},{"damage":47,"enemies":"Nemesis","floor":42,"turns":7},{"damage":0,"enemies":"Writhing Mass","floor":47,"turns":7},{"damage":71,"enemies":"Time Eater","floor":50,"turns":8},{"damage":32,"enemies":"Shield and Spear","floor":54,"turns":6},{"damage":81,"enemies":"The Heart","floor":55,"turns":9}],"seed_played":"5754771942886020963","potions_obtained":[{"floor":1.0,"key":"SpeedPotion"},{"floor":2.0,"key":"FairyPotion"},{"floor":4.0,"key":"Strength Potion"},{"floor":25,"key":"EntropicBrew"},{"floor":30,"key":"SteroidPotion"},{"floor":40,"key":"SteroidPotion"},{"floor":44,"key":"BloodPotion"},{"floor":44,"key":"DistilledChaos"},{"floor":47,"key":"Explosive Potion"}],"is_trial":false,"path_per_floor":["M","M","?","M","?","M","E","M","T","?","?","$","E","M","R","B",null,"M","M","?","$","?","E","$","E","T","E","?","R","M","M","R","B",null,"M","?","?","M","M","E","R","E","T","$","R","$","M","?","R","B",null,"R","$","E","B",null],"character_chosen":"IRONCLAD","items_purchased":["Orrery","Membership Card","Disarm","Shrug It Off","Oddly Smooth Stone","Fruit Juice","Cauldron","Purity","Thunderclap","ClockworkSouvenir","Potion Belt","Swift Potion","Nunchaku","Turnip","Eternal Feather","Sling","True Grit","Disarm","Dexterity Potion"],"campfire_rested":0,"item_purchase_floors":[12,21,21,24,44,44,44,44,44,46,46,46,46,53,53,53,53,53,53],"current_hp_per_floor":[80,80,80,78,78,78,70,68,68,26,26,26,33,78,78,69,80,80,72,82,82,66,75,75,90,90,90,90,90,90,90,90,90,90,90,90,90,89,90,58,58,68,68,92,92,92,95,85,85,95,95,95,95,95,93],"gold":288,"neow_bonus":"BOSS_RELIC","is_daily":false,"chose_seed":false,"campfire_upgraded":6,"win_rate":0.0,"timestamp":1611048149,"path_taken":["M","M","?","?","?","M","E","M","T","?","?","$","E","M","R","BOSS","M","M","?","$","?","E","?","E","T","E","?","R","M","M","R","BOSS","M","?","?","M","M","E","R","E","T","$","R","$","M","?","R","BOSS","R","$","E","BOSS"],"items_purchased_type":["Relic","Relic","Card","Card","Relic","Potion","Relic","Card","Card","Relic","Relic","Potion","Relic","Relic","Relic","Relic","Card","Card","Potion"],"build_version":"2020-12-22","purchased_purges":3,"victory":true,"max_hp_per_floor":[80,80,80,80,80,80,80,80,80,80,80,80,80,80,80,80,80,80,80,90,90,90,90,90,90,90,90,90,90,90,90,90,90,90,90,90,90,90,90,90,90,90,90,95,95,95,95,95,95,95,95,95,95,95,95],"relic_stats":{"Regal Pillow":0,"Happy Flower":[39],"Gremlin Horn":[11,11],"counters":[26,147],"Eternal Feather":0,"Pen Nib":[12],"WarpedTongs":[137],"Nunchaku":[2],"Shuriken":[14],"Sundial":[6],"Pantograph":0,"Pandora\u0027s Box":["Carnage","Limit Break","Flame Barrier","Limit Break","Shockwave","Impervious","Heavy Blade","Metallicize","Wild Strike"],"Turnip":[2],"Art of War":[58],"Necronomicon":[39],"obtain_stats":[{"Regal Pillow":42,"Gremlin Horn":26,"Ancient Tea Set":10,"Sling":53,"Burning Blood":0,"ClockworkSouvenir":46,"Nunchaku":46,"Sundial":40,"Pantograph":54,"Necronomicon":22,"InkBottle":27,"Potion Belt":46,"Pear":20,"Happy Flower":13,"Oddly Smooth Stone":44,"Eternal Feather":53,"Pen Nib":7,"WarpedTongs":3,"Cauldron":44,"Shuriken":23,"Orrery":12,"Pandora\u0027s Box":0,"Mark of Pain":17,"Turnip":53,"Art of War":9,"Coffee Dripper":34,"Membership Card":21,"Unceasing Top":25},{"Regal Pillow":22,"Gremlin Horn":13,"Ancient Tea Set":6,"Sling":24,"Burning Blood":0,"ClockworkSouvenir":22,"Nunchaku":22,"Sundial":21,"Pantograph":25,"Necronomicon":11,"InkBottle":14,"Potion Belt":22,"Pear":11,"Happy Flower":7,"Oddly Smooth Stone":22,"Eternal Feather":24,"Pen Nib":5,"WarpedTongs":2,"Cauldron":22,"Shuriken":12,"Orrery":6,"Pandora\u0027s Box":0,"Mark of Pain":9,"Turnip":24,"Art of War":6,"Coffee Dripper":17,"Membership Card":11,"Unceasing Top":13},{"Regal Pillow":117,"Gremlin Horn":63,"Ancient Tea Set":22,"Sling":132,"Burning Blood":0,"ClockworkSouvenir":117,"Nunchaku":117,"Sundial":110,"Pantograph":138,"Necronomicon":50,"InkBottle":67,"Potion Belt":117,"Pear":50,"Happy Flower":28,"Oddly Smooth Stone":117,"Eternal Feather":132,"Pen Nib":18,"WarpedTongs":7,"Cauldron":117,"Shuriken":55,"Orrery":22,"Pandora\u0027s Box":0,"Mark of Pain":41,"Turnip":132,"Art of War":22,"Coffee Dripper":85,"Membership Card":50,"Unceasing Top":63}],"Unceasing Top":[0],"InkBottle":[38]},"card_choices":[{"not_picked":["Intimidate","Clash"],"picked":"Thunderclap","floor":1.0},{"not_picked":["Havoc","Headbutt","Body Slam"],"picked":"SKIP","floor":2.0},{"not_picked":["Cleave","Infernal Blade"],"picked":"Reaper","floor":4.0},{"not_picked":["Sever Soul","Anger"],"picked":"Dark Embrace","floor":6.0},{"not_picked":["Fire Breathing","Thunderclap"],"picked":"Ghostly Armor","floor":7.0},{"not_picked":["Armaments","Thunderclap","Warcry"],"picked":"SKIP","floor":8.0},{"not_picked":["Thunderclap","Blood for Blood"],"picked":"Berserk","floor":12.0},{"not_picked":["Fiend Fire","Headbutt"],"picked":"Evolve","floor":12.0},{"not_picked":["Fire Breathing","Burning Pact"],"picked":"Inflame","floor":12.0},{"not_picked":["Offering","True Grit"],"picked":"Dual Wield","floor":12.0},{"not_picked":["Perfected Strike","Pommel Strike"],"picked":"Shockwave","floor":13.0},{"not_picked":["Iron Wave","Perfected Strike","Warcry"],"picked":"SKIP","floor":14.0},{"not_picked":["Fiend Fire","Brutality"],"picked":"Offering","floor":16.0},{"not_picked":["Searing Blow","Disarm"],"picked":"Burning Pact","floor":18},{"not_picked":["Burning Pact","Body Slam"],"picked":"Ghostly Armor+1","floor":19},{"not_picked":["Inflame","Searing Blow"],"picked":"Exhume","floor":23},{"not_picked":["Iron Wave+1","Hemokinesis","Whirlwind"],"picked":"SKIP","floor":25},{"not_picked":["Wild Strike","Carnage"],"picked":"Entrench+1","floor":27},{"not_picked":["Anger","Clash","Blood for Blood"],"picked":"SKIP","floor":30},{"not_picked":["Warcry","Perfected Strike","Armaments+1"],"picked":"SKIP","floor":31},{"not_picked":["Reaper","Feed"],"picked":"Corruption","floor":33},{"not_picked":["Fire Breathing+1","Sword Boomerang+1"],"picked":"Anger+1","floor":35},{"not_picked":["Warcry","Carnage"],"picked":"Sword Boomerang+1","floor":38},{"not_picked":["Body Slam","Thunderclap"],"picked":"Metallicize+1","floor":39},{"not_picked":["Sever Soul","Dropkick+1","Warcry+1"],"picked":"SKIP","floor":40},{"not_picked":["Perfected Strike","Rupture+1"],"picked":"Spot Weakness","floor":42},{"not_picked":["Thunderclap+1","Sever Soul"],"picked":"Headbutt","floor":47},{"not_picked":["Dramatic Entrance","Mayhem"],"picked":"Master of Strategy","floor":48},{"not_picked":["Mind Blast","Bandage Up"],"picked":"Secret Weapon","floor":48},{"not_picked":["Deep Breath","Dark Shackles"],"picked":"Secret Technique","floor":48},{"not_picked":["Ghostly Armor+1","Iron Wave+1"],"picked":"Burning Pact+1","floor":54}],"player_experience":3725370,"relics_obtained":[{"floor":7.0,"key":"Pen Nib"},{"floor":9.0,"key":"Art of War"},{"floor":13.0,"key":"Happy Flower"},{"floor":22,"key":"Necronomicon"},{"floor":23,"key":"Shuriken"},{"floor":25,"key":"Unceasing Top"},{"floor":26,"key":"Gremlin Horn"},{"floor":27,"key":"InkBottle"},{"floor":40,"key":"Sundial"},{"floor":42,"key":"Regal Pillow"},{"floor":54,"key":"Pantograph"}],"event_choices":[{"damage_healed":0.0,"max_hp_gain":0.0,"max_hp_loss":0.0,"gold_gain":0.0,"event_name":"Accursed Blacksmith","player_choice":"Rummage","floor":3.0,"gold_loss":0.0,"damage_taken":0.0,"relics_obtained":["WarpedTongs"],"cards_obtained":["Pain"]},{"cards_removed":["Pain"],"damage_healed":0.0,"max_hp_gain":0.0,"max_hp_loss":0.0,"gold_gain":0.0,"event_name":"Living Wall","player_choice":"Forget","floor":5.0,"gold_loss":0.0,"damage_taken":0.0},{"damage_healed":0.0,"max_hp_gain":0.0,"max_hp_loss":0.0,"gold_gain":0.0,"event_name":"Scrap Ooze","player_choice":"Success","floor":10.0,"gold_loss":0.0,"damage_taken":42.0,"relics_obtained":["Ancient Tea Set"]},{"damage_healed":0.0,"max_hp_gain":0.0,"max_hp_loss":0.0,"gold_gain":0.0,"event_name":"The Cleric","player_choice":"Leave","floor":11.0,"gold_loss":0.0,"damage_taken":0.0},{"damage_healed":0,"gold_gain":0,"player_choice":"Obtained Relic","damage_taken":0,"relics_obtained":["Pear"],"max_hp_gain":0,"max_hp_loss":0,"event_name":"Addict","floor":20,"gold_loss":85},{"damage_healed":0,"gold_gain":0,"player_choice":"Obtained Book","damage_taken":16,"max_hp_gain":0,"max_hp_loss":0,"event_name":"Cursed Tome","floor":22,"gold_loss":0},{"damage_healed":0,"gold_gain":0,"player_choice":"Ignored","damage_taken":0,"max_hp_gain":0,"max_hp_loss":0,"event_name":"Ghosts","floor":28,"gold_loss":0},{"cards_removed":["Bash"],"damage_healed":0,"gold_gain":0,"player_choice":"Removed Attack","damage_taken":0,"max_hp_gain":0,"max_hp_loss":0,"event_name":"Falling","floor":36,"gold_loss":0},{"damage_healed":0,"gold_gain":999,"player_choice":"Gold","damage_taken":0,"max_hp_gain":0,"max_hp_loss":0,"event_name":"MindBloom","floor":37,"gold_loss":0,"cards_obtained":["Normality","Normality"]},{"damage_healed":0,"gold_gain":0,"player_choice":"Memory 3","damage_taken":10,"max_hp_gain":0,"max_hp_loss":0,"event_name":"SensoryStone","floor":48,"gold_loss":0}],"is_beta":false,"boss_relics":[{"not_picked":["Empty Cage","Busted Crown"],"picked":"Mark of Pain"},{"not_picked":["Tiny House","Velvet Choker"],"picked":"Coffee Dripper"}],"items_purged_floors":[44,46,53],"is_endless":false,"potions_floor_spawned":[1,2,4,13,18,25,27,30,31,39,40,47],"ascension_level":1}}