{"host":"gqhy17d1xpb1p3ki","time":1611089724,"event":{"mods":["BaseMod","Colored Map","Downfall","Minty Spire (QoL Compilation)","StSLib"],"gold_per_floor":[99,112,112,112,123,142,142,142,7,7,35,35,63,73,89,186,186,186,199,199,218,237,251,277,71,98,98,111,137,37,57,72,72,72,72],"floor_reached":33,"language":"ENG","playtime":3410,"items_purged":["Guardian:Defend_Guardian"],"score":294,"play_id":"4034d2ad-d321-4b47-b8fc-1aa60610a597","local_time":"20210119155524","is_ascension_mode":false,"campfire_choices":[{"data":"Guardian:TwinSlam","floor":1,"key":"SMITH"},{"data":"Guardian:PrimingBeam","floor":8,"key":"SMITH"},{"data":"Guardian:Recover","floor":10,"key":"SMITH"},{"data":"Guardian:WalkerClaw","floor":12,"key":"SMITH"},{"data":"Guardian:StasisStrike","floor":18,"key":"SMITH"},{"data":"Guardian:BodySlam","floor":27,"key":"SMITH"},{"data":"Guardian:RevengeProtocol","floor":30,"key":"SMITH"}],"circlet_count":0,"master_deck":["Guardian:Strike_Guardian","Guardian:Strike_Guardian","Guardian:Strike_Guardian","Guardian:Defend_Guardian","Guardian:Defend_Guardian","Guardian:Defend_Guardian","Guardian:CurlUp","Guardian:TwinSlam+1","Guardian:PrimingBeam+1","Guardian:BronzeArmor","Guardian:VentSteam","Guardian:Recover+1","Guardian:SpikerProtocol","Guardian:BronzeOrb","Guardian:WalkerClaw+1","Guardian:TimeSifter","Guardian:TemporalStrike","Guardian:BronzeArmor","Guardian:StasisStrike+1","Guardian:Recover","Guardian:PolyBeam","Guardian:TimeSifter","Guardian:Reroute+1","Guardian:HyperBeam_Guardian","Guardian:BodySlam+1","Guardian:ShieldCharger+1","Guardian:Recover","Guardian:DonusPower","Guardian:Preprogram","Guardian:RevengeProtocol+1","Guardian:CrystalBeam","Guardian:PolyBeam","Guardian:VentSteam","Guardian:TemporalStrike+1"],"relics":["Guardian:ModeShifter","Prayer Wheel","White Beast Statue","Omamori","Odd Mushroom","Velvet Choker","MealTicket","Boot","Red Mask","downfall:HeartBlessingGreen"],"acts_visited":["Exordium","TheCity"],"potions_floor_usage":[33,33],"damage_taken":[{"damage":0,"enemies":"2 Louse","floor":2,"turns":3},{"damage":1,"enemies":"Jaw Worm","floor":5,"turns":3},{"damage":7,"enemies":"Small Slimes","floor":6,"turns":4},{"damage":0,"enemies":"downfall:FleeingMerchant","floor":9,"turns":4},{"damage":0,"enemies":"Lagavulin","floor":11,"turns":6},{"damage":9,"enemies":"The Mushroom Lair","floor":13,"turns":5},{"damage":0,"enemies":"Exordium Thugs","floor":14,"turns":4},{"damage":0,"enemies":"3 Louse","floor":15,"turns":3},{"damage":30,"enemies":"SI_SHIV_ARCHETYPE","floor":16,"turns":8},{"damage":0,"enemies":"Shell Parasite","floor":19,"turns":3},{"damage":0,"enemies":"Chosen","floor":21,"turns":3},{"damage":3,"enemies":"3 Cultists","floor":22,"turns":5},{"damage":3,"enemies":"Cultist and Chosen","floor":23,"turns":5},{"damage":15,"enemies":"downfall:FleeingMerchant","floor":25,"turns":4},{"damage":23,"enemies":"Slavers","floor":26,"turns":5},{"damage":5,"enemies":"Centurion and Healer","floor":28,"turns":5},{"damage":10,"enemies":"Masked Bandits","floor":29,"turns":5},{"damage":13,"enemies":"Shelled Parasite and Fungi","floor":31,"turns":5},{"damage":3,"enemies":"Snake Plant","floor":32,"turns":3},{"damage":37,"enemies":"IC_MUSHROOM_ARCHETYPE","floor":33,"turns":6}],"seed_played":"-7006363908604403928","potions_obtained":[{"floor":6,"key":"champ:CounterPotion"},{"floor":9,"key":"Fire Potion"},{"floor":11,"key":"Explosive Potion"},{"floor":22,"key":"Regen Potion"}],"is_trial":false,"path_per_floor":["R","M","?","?","M","M","T","R","$","R","E","R","?","M","M","B",null,"R","M","?","M","M","M","T","$","E","R","M","?","R","M","M","B"],"character_chosen":"GUARDIAN","items_purchased":["Guardian:SpikerProtocol","Guardian:BronzeOrb","Guardian:Gem_White","Guardian:Gem_Fragmented"],"campfire_rested":0,"item_purchase_floors":[9,9,25,25],"current_hp_per_floor":[88,88,88,81,80,73,73,73,73,73,73,73,64,64,64,34,88,88,88,88,88,85,82,82,73,50,50,45,35,35,22,19,0,0,0],"gold":72,"neow_bonus":"TEN_PERCENT_HP_BONUS","is_daily":false,"chose_seed":false,"campfire_upgraded":7,"win_rate":0.0,"timestamp":1611089724,"path_taken":["R","M","?","?","M","M","T","R","$","R","E","R","?","M","M","BOSS","R","M","?","M","M","M","T","?","E","R","M","?","R","M","M","BOSS"],"items_purchased_type":["Card","Card","Card","Card"],"build_version":"2020-12-22","purchased_purges":1,"victory":false,"max_hp_per_floor":[88,88,88,88,88,88,88,88,88,88,88,88,88,88,88,88,88,88,88,88,88,88,88,88,88,88,88,88,88,88,88,88,88,88,88],"card_choices":[{"not_picked":["Guardian:VentSteam","Guardian:Suspension"],"picked":"Guardian:PrimingBeam","floor":2},{"not_picked":["Guardian:RollAttack","Guardian:Repulse"],"picked":"Guardian:Gem_Fragmented","floor":5},{"not_picked":["Guardian:Gem_Cyan","Guardian:Recover"],"picked":"Guardian:Gem_Synthetic","floor":5},{"not_picked":["Guardian:CrystalBeam","Guardian:Gem_Green"],"picked":"Guardian:BronzeArmor","floor":6},{"not_picked":["Guardian:Suspension","Guardian:Gem_Red"],"picked":"Guardian:VentSteam","floor":6},{"not_picked":["Guardian:Suspension","Guardian:FloatingOrbs"],"picked":"Guardian:Recover","floor":9},{"not_picked":["Guardian:Gem_Cyan","Guardian:FloatingOrbs"],"picked":"Guardian:WalkerClaw","floor":11},{"not_picked":["Guardian:TemporalStrike","Guardian:Suspension"],"picked":"Guardian:TimeSifter","floor":13},{"not_picked":["Guardian:Harden","Guardian:PrismaticBarrier"],"picked":"Guardian:TemporalStrike","floor":14},{"not_picked":["Guardian:TimeCapacitor","Guardian:Gem_Purple"],"picked":"Guardian:BronzeArmor","floor":14},{"not_picked":["Guardian:Clone","Guardian:VentSteam"],"picked":"Guardian:Gem_Purple","floor":15},{"not_picked":["Guardian:Gem_Fragmented","Guardian:FloatingOrbs"],"picked":"Guardian:Gem_Cyan","floor":15},{"not_picked":["Guardian:SphericShield","Guardian:TimeSifter"],"picked":"Guardian:StasisStrike","floor":16},{"not_picked":["Guardian:Clone","Guardian:VentSteam+1"],"picked":"Guardian:Recover","floor":19},{"not_picked":["Guardian:Planning","Guardian:Recover"],"picked":"Guardian:PolyBeam","floor":19},{"not_picked":["Guardian:Gem_Cyan","Guardian:Harden"],"picked":"Guardian:Gem_Lightblue","floor":21},{"not_picked":["Guardian:Suspension","Guardian:Gem_Green"],"picked":"Guardian:Reroute+1","floor":21},{"not_picked":["Guardian:RollAttack","Guardian:Recover"],"picked":"Guardian:HyperBeam_Guardian","floor":22},{"not_picked":["Guardian:Suspension","Guardian:ChargeCore+1"],"picked":"Guardian:BodySlam","floor":22},{"not_picked":["Guardian:Gem_Lightblue","Guardian:EvasiveProtocol"],"picked":"Guardian:ShieldCharger+1","floor":23},{"not_picked":["Guardian:Reroute+1","Guardian:Harden+1"],"picked":"Guardian:Recover","floor":23},{"not_picked":["Guardian:WalkerClaw","Guardian:RollAttack"],"picked":"Guardian:Gem_Yellow","floor":25},{"not_picked":["Guardian:FastForward","Guardian:Suspension"],"picked":"Guardian:DonusPower","floor":26},{"not_picked":["Guardian:Gem_Blue","Guardian:Gem_Green"],"picked":"Guardian:Preprogram","floor":28},{"not_picked":["Guardian:TemporalShield","Guardian:BronzeOrb"],"picked":"Guardian:Gem_Red","floor":28},{"not_picked":["Guardian:Gem_Cyan","Guardian:ArmoredProtocol+1"],"picked":"Guardian:RevengeProtocol","floor":29},{"not_picked":["Guardian:Harden","Guardian:Gem_Green"],"picked":"Guardian:CrystalBeam","floor":31},{"not_picked":["Guardian:WalkerClaw","Guardian:Gem_Red"],"picked":"Guardian:PolyBeam","floor":31},{"not_picked":["Guardian:Gem_Red","Guardian:ChargeCore+1"],"picked":"Guardian:VentSteam","floor":32},{"not_picked":["Guardian:Reroute","Guardian:Harden"],"picked":"Guardian:TemporalStrike+1","floor":32}],"player_experience":340635,"relics_obtained":[{"floor":7,"key":"White Beast Statue"},{"floor":11,"key":"Omamori"},{"floor":13,"key":"Odd Mushroom"},{"floor":24,"key":"MealTicket"},{"floor":26,"key":"Boot"},{"floor":29,"key":"Red Mask"}],"event_choices":[{"damage_healed":0,"gold_gain":0,"player_choice":"Success","damage_taken":7,"relics_obtained":["Prayer Wheel"],"max_hp_gain":0,"max_hp_loss":0,"event_name":"Scrap Ooze","floor":4,"gold_loss":0},{"damage_healed":0,"gold_gain":0,"player_choice":"Fought Mushrooms","damage_taken":0,"max_hp_gain":0,"max_hp_loss":0,"event_name":"Mushrooms","floor":13,"gold_loss":0},{"damage_healed":0,"gold_gain":0,"player_choice":"Fought Bandits","damage_taken":0,"max_hp_gain":0,"max_hp_loss":0,"event_name":"Masked Bandits","floor":29,"gold_loss":0}],"is_beta":false,"boss_relics":[{"not_picked":["Runic Pyramid","Sozu"],"picked":"Velvet Choker"}],"items_purged_floors":[25],"is_endless":false,"potions_floor_spawned":[6,9,11,13,14,15,16,19,21,22,23,25,26,28,29,31,32],"killed_by":"IC_MUSHROOM_ARCHETYPE","ascension_level":0}}