{"host":"e6sgj53qqwx3piqv","time":1611068461,"event":{"mods":["AchievementEnabler","Aspiration","BaseMod","BetterRewards","Colored Powertips","Downfall","Hermit","Hubris","Infinite Spire","Minty Spire (QoL Compilation)","Quick Restart","Rare Cards Sparkle","Shop Mod","StSLib","The Cursed","The Disciple","The Jungle","The Runesmith"],"gold_per_floor":[113,113,62,13,13,41,41,41,41,41,73,73,105,36,36,140,140,154,154,154,154,164,189,216,216,242,242,17,17,17,35,35,131,131,151,151,151,19,19,46,46,74,74,74,74,74],"floor_reached":45,"language":"ENG","playtime":1728,"items_purged":[],"score":640,"play_id":"e46b5108-33e5-4b0d-818d-a69382490fa8","local_time":"20210119100101","daily_mods":["Allstar","Heirloom","Time Dilation","Flight","downfall:Lament"],"is_ascension_mode":false,"campfire_choices":[{"data":"Eruption","floor":7,"key":"SMITH"},{"data":"infinitespire:Punishment","floor":8,"key":"SMITH"},{"data":"Deep Breath","floor":10,"key":"SMITH"},{"data":"EmptyBody","floor":12,"key":"SMITH"},{"data":"Consecrate","floor":15,"key":"SMITH"},{"data":"Sadistic Nature","floor":25,"key":"SMITH"},{"data":"infinitespire:Starlight","floor":27,"key":"SMITH"},{"data":"infinitespire:Gouge","floor":29,"key":"SMITH"},{"data":"Bite","floor":32,"key":"SMITH"},{"data":"Violence","floor":41,"key":"SMITH"},{"data":"Jack Of All Trades","floor":44,"key":"SMITH"}],"circlet_count":0,"master_deck":["Defend_P","Defend_P","Defend_P+1","Defend_P","Eruption+1","Vigilance","Discovery","Deep Breath+1","Thinking Ahead+1","Thinking Ahead","Sadistic Nature+1","Consecrate+1","EmptyFist","Halt","infinitespire:Punishment+1","EmptyBody+1","Weave","Prostrate","Indignation","DeusExMachina","InnerPeace+1","infinitespire:Starlight+1","infinitespire:Gouge+1","Bite+1","Bite+1","Bite","Bite","Bite+1","Brilliance","FollowUp","ForeignInfluence","Violence+1","WaveOfTheHand","Ragnarok","Devotion","Jack Of All Trades+1","Evaluate","PathToVictory+1","WheelKick"],"relics":["PureWater","NeowsBlessing","Lizard Tail","hexamod:CandleOfCauterizing","Singing Bowl","Mercury Hourglass","Coffee Dripper","Bottled Lightning","Nloth\u0027s Gift","GoldenEye","Question Card","PreservedInsect","aspiration:SecretTechniqueScroll","hubris:Towel","hubris:Icosahedron","Whetstone","War Paint","Letter Opener"],"acts_visited":["Exordium","TheCity","TheBeyond"],"potions_floor_usage":[18,45,45],"damage_taken":[{"damage":0,"enemies":"Cultist","floor":1,"turns":1},{"damage":0,"enemies":"Gremlin Nob","floor":6,"turns":1},{"damage":0,"enemies":"Lagavulin","floor":11,"turns":1},{"damage":4,"enemies":"Gremlin Nob","floor":13,"turns":3},{"damage":9,"enemies":"The Guardian","floor":16,"turns":4},{"damage":15,"enemies":"Shell Parasite","floor":18,"turns":3},{"damage":16,"enemies":"Chosen","floor":22,"turns":3},{"damage":32,"enemies":"Slavers","floor":23,"turns":4},{"damage":44,"enemies":"Nightmare","floor":24,"turns":4},{"damage":18,"enemies":"Snake Plant","floor":31,"turns":2},{"damage":29,"enemies":"Collector","floor":33,"turns":5},{"damage":10,"enemies":"Orb Walker","floor":35,"turns":3},{"damage":56,"enemies":"Nightmare","floor":40,"turns":5},{"damage":2,"enemies":"Giant Head","floor":42,"turns":5},{"damage":0,"enemies":"infinitespire:Three Voidlings","floor":45,"turns":2},{"damage":63,"enemies":"Nightmare_Alpha","floor":45,"turns":5}],"seed_played":"3073314010413821847","potions_obtained":[{"floor":13,"key":"EssenceOfSteel"},{"floor":22,"key":"DistilledChaos"},{"floor":30,"key":"ColorlessPotion"},{"floor":30,"key":"SteroidPotion"},{"floor":33,"key":"Energy Potion"}],"is_trial":true,"path_per_floor":["M","?","$","$","?","E","R","R","T","R","E","R","E","$","R","B",null,"M","AVR","?","?","M","E","NM","R","T","R","$","R","?","M","R","B",null,"M","?","?","$","?","NM","R","E","T","R","?"],"character_chosen":"WATCHER","items_purchased":["EmptyFist","Halt","Indignation","ForeignInfluence","Violence","Jack Of All Trades","Evaluate"],"campfire_rested":0,"item_purchase_floors":[3,4,14,28,28,38,38],"current_hp_per_floor":[72,72,72,72,53,53,53,53,53,53,53,53,49,49,49,40,72,57,57,50,50,44,22,19,19,19,19,19,19,19,18,18,15,50,40,40,40,40,40,8,8,19,19,19,0,0],"gold":74,"neow_bonus":"","is_daily":false,"chose_seed":false,"campfire_upgraded":11,"win_rate":0.0,"timestamp":1611068461,"path_taken":["M","?","?","$","?","E","R","R","T","R","E","R","E","?","R","BOSS","M","AVR","?","?","?","E","NM","R","T","R","$","R","?","M","R","BOSS","M","?","?","$","?","NM","R","E","T","R","?"],"items_purchased_type":["Card","Card","Card","Card","Card","Card","Card"],"build_version":"2020-12-22","purchased_purges":0,"victory":false,"max_hp_per_floor":[72,72,72,72,72,72,72,72,72,72,72,72,72,72,72,72,72,72,72,50,50,50,50,50,50,50,50,50,50,50,50,50,50,50,50,50,50,50,50,50,50,50,50,50,50,50],"card_choices":[{"not_picked":["ClearTheMind","WindmillStrike"],"picked":"Consecrate","floor":1},{"not_picked":["infinitespire:Menacing","infinitespire:Gouge"],"picked":"infinitespire:Punishment","floor":5},{"not_picked":["Perseverance","Swivel"],"picked":"EmptyBody","floor":6},{"not_picked":["WreathOfFlame","Swivel"],"picked":"Weave","floor":11},{"not_picked":["EmptyFist","Omniscience"],"picked":"Prostrate","floor":13},{"not_picked":["Brilliance","Blasphemy"],"picked":"DeusExMachina","floor":16},{"not_picked":["Tantrum","FlurryOfBlows"],"picked":"InnerPeace+1","floor":18},{"not_picked":["Halt+1","ClearTheMind"],"picked":"BowlingBash+1","floor":22},{"not_picked":["Vengeance","Study"],"picked":"Brilliance","floor":23},{"not_picked":["MentalFortress+1","CutThroughFate"],"picked":"FollowUp","floor":24},{"not_picked":["Halt","ClearTheMind","BowlingBash"],"picked":"WaveOfTheHand","floor":31},{"not_picked":["Wish","Brilliance","Vault"],"picked":"Ragnarok","floor":33},{"not_picked":["Weave+1","Prostrate+1","CrushJoints"],"picked":"Devotion","floor":35},{"not_picked":["WaveOfTheHand","Blasphemy","FearNoEvil"],"picked":"PathToVictory+1","floor":40},{"not_picked":["FollowUp+1","CrushJoints","LikeWater"],"picked":"WheelKick","floor":42}],"player_experience":172343,"relics_obtained":[{"floor":6,"key":"hexamod:CandleOfCauterizing"},{"floor":9,"key":"Singing Bowl"},{"floor":11,"key":"aspiration:TomeofQuesting"},{"floor":13,"key":"Mercury Hourglass"},{"floor":23,"key":"GoldenEye"},{"floor":24,"key":"Question Card"},{"floor":26,"key":"PreservedInsect"},{"floor":40,"key":"Whetstone"},{"floor":42,"key":"War Paint"},{"floor":43,"key":"Letter Opener"}],"event_choices":[{"damage_healed":0,"gold_gain":0,"player_choice":"Full Heal","damage_taken":0,"max_hp_gain":0,"max_hp_loss":0,"event_name":"Wheel of Change","floor":2,"gold_loss":0},{"damage_healed":0,"gold_gain":0,"player_choice":"Became a vampire","damage_taken":0,"max_hp_gain":0,"max_hp_loss":22,"event_name":"Vampires","floor":20,"gold_loss":0,"cards_obtained":["Bite","Bite","Bite","Bite","Bite"]},{"damage_healed":0,"gold_gain":0,"player_choice":"Traded Relic","damage_taken":0,"relics_obtained":["Nloth\u0027s Gift"],"max_hp_gain":0,"max_hp_loss":0,"event_name":"N\u0027loth","floor":21,"relics_lost":["aspiration:TomeofQuesting"],"gold_loss":0},{"damage_healed":0,"gold_gain":0,"player_choice":"Got Potions","damage_taken":0,"max_hp_gain":0,"max_hp_loss":0,"event_name":"Lab","floor":30,"gold_loss":0},{"cards_removed":["BowlingBash"],"damage_healed":0,"gold_gain":0,"player_choice":"Removed Attack","damage_taken":0,"max_hp_gain":0,"max_hp_loss":0,"event_name":"Falling","floor":39,"gold_loss":0}],"is_beta":false,"boss_relics":[{"not_picked":["Tiny House","bronze:MakeshiftBattery"],"picked":"Coffee Dripper"},{"not_picked":["aspiration:MobileForge","hubris:Backtick"],"picked":"aspiration:SecretTechniqueScroll"}],"items_purged_floors":[],"is_endless":true,"potions_floor_spawned":[13,22,33,35,45],"killed_by":"Nightmare_Alpha","ascension_level":0}}