{"host":"nnxvcju6x1qybncj","time":1611058436,"event":{"mods":["BaseMod","Block Reminder","Curses Come First","Custom Start","Dark Map","Displayed Cursed Tome","Downfall","Evolution","Jorbs\u0027s Wanderer Trilogy","Minty Spire (QoL Compilation)","Quick Restart","Relic Stats","StSLib"],"gold_per_floor":[115,132,147,163,182,208,208,241,312,312,332,407,407,436,436,508,508],"floor_reached":16,"language":"ENG","playtime":668,"items_purged":[],"score":624,"play_id":"b42dfcb0-267f-4f1c-bb53-1f9f6c9e2998","local_time":"20210119131356","is_ascension_mode":true,"campfire_choices":[{"data":"Sentinel","floor":7,"key":"SMITH"},{"floor":10,"key":"REST"},{"floor":15,"key":"REST"}],"circlet_count":0,"master_deck":["Shrug It Off+1","Shrug It Off+1","Shrug It Off+1","Shrug It Off+1","Shrug It Off+1","Juggernaut+1","Metallicize+1","Metallicize+1","Metallicize+1","Metallicize+1","Dark Embrace+1","Feel No Pain+1","Feel No Pain+1","Feel No Pain+1","Feel No Pain+1","Feel No Pain+1","Juggernaut+1","Juggernaut+1","Corruption+1","Barricade+1","Sentinel+1"],"relics":["Burning Blood","EVO:Axolotl","Anchor","HornCleat","CaptainsWheel","Bag of Preparation","Medical Kit","Mummified Hand","Dead Branch","Unceasing Top","Bronze Scales","Busted Crown","Bottled Tornado","Thread and Needle","Akabeko","Juzu Bracelet","Question Card","Calipers"],"acts_visited":["Exordium"],"potions_floor_usage":[],"damage_taken":[{"damage":0,"enemies":"Jaw Worm","floor":1,"turns":2},{"damage":0,"enemies":"Small Slimes","floor":2,"turns":2},{"damage":0,"enemies":"2 Louse","floor":3,"turns":1},{"damage":0,"enemies":"2 Fungi Beasts","floor":4,"turns":3},{"damage":0,"enemies":"Blue Slaver","floor":5,"turns":1},{"damage":0,"enemies":"Gremlin Nob","floor":6,"turns":2},{"damage":0,"enemies":"3 Sentries","floor":8,"turns":3},{"damage":0,"enemies":"Looter","floor":11,"turns":2},{"damage":0,"enemies":"Gremlin Nob","floor":14,"turns":2},{"damage":0,"enemies":"Hexaghost","floor":16,"turns":4}],"seed_played":"-3317485558060574571","potions_obtained":[{"floor":4,"key":"Block Potion"},{"floor":5,"key":"LiquidMemories"}],"is_trial":true,"path_per_floor":["M","M","M","M","M","E","R","E","T","R","M","?","?","E","R","B"],"character_chosen":"IRONCLAD","items_purchased":[],"campfire_rested":2,"item_purchase_floors":[],"current_hp_per_floor":[74,75,75,75,75,75,75,75,75,75,75,64,64,70,75,75,75],"gold":508,"neow_bonus":"","is_daily":false,"chose_seed":false,"campfire_upgraded":1,"win_rate":0.0,"timestamp":1611058436,"path_taken":["M","M","M","M","M","E","R","E","T","R","M","?","?","E","R","BOSS"],"items_purchased_type":[],"build_version":"2020-12-22","purchased_purges":0,"victory":false,"max_hp_per_floor":[75,75,75,75,75,75,75,75,75,75,75,75,75,75,75,75,75],"relic_stats":{"Busted Crown":20,"counters":[10,22],"Mummified Hand":[103],"Dead Branch":[30],"Bronze Scales":[45],"Bag of Preparation":[20],"Juzu Bracelet":0,"Medical Kit":[0],"Question Card":3,"obtain_stats":[{"Calipers":14,"Dead Branch":0,"Thread and Needle":0,"Bag of Preparation":0,"Juzu Bracelet":8,"EVO:Axolotl":0,"Bottled Tornado":0,"Medical Kit":0,"Question Card":9,"Burning Blood":0,"Akabeko":6,"Anchor":0,"CaptainsWheel":0,"HornCleat":0,"Busted Crown":0,"Mummified Hand":0,"Bronze Scales":0,"Unceasing Top":0},{"Calipers":9,"Dead Branch":0,"Thread and Needle":0,"Bag of Preparation":0,"Juzu Bracelet":7,"EVO:Axolotl":0,"Bottled Tornado":0,"Medical Kit":0,"Question Card":7,"Burning Blood":0,"Akabeko":6,"Anchor":0,"CaptainsWheel":0,"HornCleat":0,"Busted Crown":0,"Mummified Hand":0,"Bronze Scales":0,"Unceasing Top":0},{"Calipers":18,"Dead Branch":0,"Thread and Needle":0,"Bag of Preparation":0,"Juzu Bracelet":14,"EVO:Axolotl":0,"Bottled Tornado":0,"Medical Kit":0,"Question Card":14,"Burning Blood":0,"Akabeko":11,"Anchor":0,"CaptainsWheel":0,"HornCleat":0,"Busted Crown":0,"Mummified Hand":0,"Bronze Scales":0,"Unceasing Top":0}],"Burning Blood":13,"Unceasing Top":[6]},"card_choices":[{"not_picked":["Cleave"],"picked":"SKIP","floor":1},{"not_picked":["Reckless Charge"],"picked":"SKIP","floor":2},{"not_picked":[],"picked":"Sentinel","floor":3},{"not_picked":["Pummel"],"picked":"SKIP","floor":4},{"not_picked":["Flame Barrier"],"picked":"SKIP","floor":5},{"not_picked":["Headbutt"],"picked":"SKIP","floor":6},{"not_picked":["Intimidate"],"picked":"SKIP","floor":8},{"not_picked":["Perfected Strike","Thunderclap"],"picked":"SKIP","floor":11},{"not_picked":["Pommel Strike","Havoc"],"picked":"SKIP","floor":14}],"player_experience":693791,"relics_obtained":[{"floor":6,"key":"Akabeko"},{"floor":8,"key":"Juzu Bracelet"},{"floor":9,"key":"Question Card"},{"floor":14,"key":"Calipers"}],"event_choices":[{"damage_healed":0,"gold_gain":75,"player_choice":"Gather Gold","damage_taken":11,"max_hp_gain":0,"max_hp_loss":0,"event_name":"World of Goop","floor":12,"gold_loss":0},{"damage_healed":0,"gold_gain":0,"player_choice":"Searched \u00270\u0027 times","damage_taken":0,"max_hp_gain":0,"max_hp_loss":0,"event_name":"Dead Adventurer","floor":13,"gold_loss":0}],"is_beta":false,"boss_relics":[],"items_purged_floors":[],"is_endless":false,"potions_floor_spawned":[4,5,6,11,16],"killed_by":"Hexaghost","ascension_level":17}}