{"host":"3twtdwjpiqhvvn5s","time":1611019081,"event":{"mods":["AchievementEnabler","Act Like it!","Aspiration","BaseMod","BetterRewards","Colored Map","Colored Powertips","Downfall","Duelist Mod","Friendly Minions","GifTheSpireLib","Hallownest","Hermit","Hubris","Infinite Spire","Jorbs\u0027s Wanderer Trilogy","Koishi","KomeijiMod","Marisa????????","Minty Spire (QoL Compilation)","Random Character Mod","Rare Cards Sparkle","Shop Mod","StSLib","Td1madao Mod","The Administrix","The Animator","The Bug Knight","The Caster","The Cursed","The Disciple","The Hierophant","The Necromancer","The Poker Player","The Runesmith","The Servant 0.9.4","TheFirefly"],"gold_per_floor":[111,36,61,71,71,85,117,117,117,128,155,187,218,236,236,236,236],"floor_reached":16,"language":"ENG","playtime":4206,"items_purged":[],"score":165,"play_id":"934e1d63-a622-437e-8105-8f1791c2cc1c","local_time":"20210118191801","daily_mods":["DeadlyEvents"],"is_ascension_mode":false,"campfire_choices":[{"floor":8,"key":"REST"},{"floor":15,"key":"REST"}],"circlet_count":0,"master_deck":["Koishi:BasicStrike","Koishi:BasicStrike","Koishi:BasicDefend","Koishi:BasicDefend","Koishi:BasicDefend","Koishi:BasicDefend","Koishi:Provoke","Koishi:HauntingSlash","Koishi:DreadfulBlow","Hallownest:skillGreenpathMap","Koishi:RuptureMind","Koishi:StingingMind","Koishi:MentalBreakdown","hubris:DuctTapeCard","Koishi:StingingMind","Koishi:RacingHeart","Koishi:JumpScare"],"relics":["Koishi:ImaginaryFriend","Happy Flower","Matryoshka","hubris:SlimyHat","Singing Bowl","hubris:DuctTape","HollowMod:LifeEnderRelic","Shovel"],"acts_visited":["Hallownest:Greenpath"],"potions_floor_usage":[7,13,16],"damage_taken":[{"damage":7,"enemies":"Hallownest:2_Tiktiks_and_1_Crawlid","floor":1,"turns":6},{"damage":54,"enemies":"Hallownest:eliteMossKnight","floor":3,"turns":10},{"damage":0,"enemies":"Hallownest:2_MossCreeps","floor":4,"turns":5},{"damage":0,"enemies":"Hallownest:2_Baldur","floor":6,"turns":3},{"damage":8,"enemies":"Hallownest:eliteVengeflyKing","floor":7,"turns":4},{"damage":8,"enemies":"Hallownest:Wandering_and_Horned","floor":10,"turns":5},{"damage":14,"enemies":"Hallownest:eliteMossKnight","floor":11,"turns":8},{"damage":0,"enemies":"Hallownest:eliteCrystalGuardian","floor":12,"turns":5},{"damage":8,"enemies":"Hallownest:eliteVengeflyKing","floor":13,"turns":4},{"damage":25,"enemies":"Hallownest:2_Tiktiks_1_Baldur_1_Crawlid","floor":14,"turns":3},{"damage":62,"enemies":"Hallownest:BossHornet","floor":16,"turns":16}],"seed_played":"5354171500503188256","potions_obtained":[{"floor":6,"key":"SteroidPotion"},{"floor":12,"key":"PowerPotion"},{"floor":13,"key":"GamblersBrew"}],"is_trial":true,"path_per_floor":["M","?","?","M","$","M","E","R","T","M","E","E","E","M","R","B"],"character_chosen":"KOISHI","items_purchased":[],"campfire_rested":2,"item_purchase_floors":[],"current_hp_per_floor":[55,55,11,15,15,21,20,38,38,42,48,60,62,38,56,0,0],"gold":236,"neow_bonus":"","is_daily":false,"chose_seed":false,"campfire_upgraded":0,"win_rate":0.0,"timestamp":1611019081,"path_taken":["M","?","?","M","$","?","E","R","T","M","?","?","E","M","R","BOSS"],"items_purchased_type":[],"build_version":"2020-12-22","purchased_purges":0,"victory":false,"max_hp_per_floor":[60,60,60,60,60,60,60,60,60,60,60,60,62,62,62,62,62],"card_choices":[{"not_picked":["Koishi:PhantomBarrier","Koishi:TremblingHands"],"picked":"Koishi:DreadfulBlow","floor":1},{"not_picked":["Koishi:TremblingHands","Koishi:YoukaiPolygraph"],"picked":"Koishi:RuptureMind","floor":3},{"not_picked":["Koishi:ReflexRadar","Koishi:BramblyRoseGarden"],"picked":"Koishi:StingingMind","floor":4},{"not_picked":["Koishi:UnansweredLove","Koishi:SpiritedAway","Koishi:IdleWhim"],"picked":"SKIP","floor":6},{"not_picked":["Koishi:PhantomBarrier","Koishi:SubconsciousSweep","Koishi:EmbersOfLove"],"picked":"SKIP","floor":7},{"not_picked":["Koishi:Jaunt","Koishi:SpiritedAway"],"picked":"Koishi:MentalBreakdown","floor":10},{"not_picked":["Koishi:SprinkleStarAndHeart","Koishi:UnconsciousUprising"],"picked":"Koishi:StingingMind","floor":11},{"not_picked":["Koishi:Jaunt","Koishi:FourthEye"],"picked":"Koishi:RacingHeart","floor":12},{"not_picked":["Koishi:FleetingPhantom","Koishi:Bloodlust","Koishi:PhantomStrike"],"picked":"Singing Bowl","floor":13},{"not_picked":["Koishi:EmbryosDream","Koishi:SuperEgo"],"picked":"Koishi:JumpScare","floor":14}],"player_experience":1872223,"relics_obtained":[{"floor":3,"key":"Happy Flower"},{"floor":7,"key":"Matryoshka"},{"floor":9,"key":"hubris:SlimyHat"},{"floor":9,"key":"Singing Bowl"},{"floor":11,"key":"hubris:DuctTape"},{"floor":12,"key":"HollowMod:LifeEnderRelic"},{"floor":13,"key":"Shovel"}],"event_choices":[],"is_beta":false,"boss_relics":[],"items_purged_floors":[],"is_endless":false,"potions_floor_spawned":[6,12,13],"killed_by":"Hallownest:BossHornet","ascension_level":0}}