{"host":"746m694if73h3gai","time":1611066660,"event":{"mods":["2.2 Compatiblity","AchievementEnabler","Act Like it!","BaseMod","Bestiary","Colored Map","Colored Powertips","Downfall","Minty Spire (QoL Compilation)","Quick Restart","Rare Cards Sparkle","Relic Stats","StSLib","The Cursed","Wandering Minibosses","everything is the same but u backflip on backflip","slay the spire mod where everything is the same but ironclad has a cowboy hat"],"gold_per_floor":[155,205,155,229,269,269,303,303,327,396,19,72,134,169,169,169,169],"floor_reached":16,"language":"ENG","playtime":783,"items_purged":["Strike_G"],"score":158,"play_id":"06cd4be6-2237-4c11-8163-3cb1f4eb5682","local_time":"20210119153100","is_ascension_mode":true,"campfire_choices":[{"data":"HandOfGreed","floor":6,"key":"SMITH"},{"data":"Leg Sweep","floor":8,"key":"SMITH"},{"data":"Dash","floor":15,"key":"SMITH"}],"circlet_count":0,"master_deck":["Strike_G","Strike_G","Strike_G","Defend_G","Defend_G","Defend_G","Defend_G+1","Defend_G+1","Survivor","Neutralize","HandOfGreed+1","Leg Sweep+1","Sucker Punch","Sucker Punch","Cloak And Dagger","Backflip","Dash+1"],"relics":["Ring of the Snake","Ancient Tea Set","Juzu Bracelet","Guardian:BottledAnomaly","War Paint","Tiny Chest"],"acts_visited":["Exordium"],"potions_floor_usage":[12,16],"damage_taken":[{"damage":1,"enemies":"Small Slimes","floor":1,"turns":4},{"damage":0,"enemies":"2 Louse","floor":2,"turns":6},{"damage":1,"enemies":"Jaw Worm","floor":5,"turns":4},{"damage":29,"enemies":"Lagavulin","floor":7,"turns":6},{"damage":0,"enemies":"2 Fungi Beasts","floor":10,"turns":3},{"damage":0,"enemies":"Gremlin Nob","floor":12,"turns":3},{"damage":1,"enemies":"Exordium Thugs","floor":13,"turns":7},{"damage":0,"enemies":"Looter","floor":14,"turns":3},{"damage":37,"enemies":"Slime Boss","floor":16,"turns":7}],"seed_played":"-5424089961258049851","potions_obtained":[{"floor":7,"key":"BlessingOfTheForge"},{"floor":10,"key":"FearPotion"},{"floor":13,"key":"SkillPotion"}],"is_trial":false,"path_per_floor":["M","M","?","?","M","R","E","R","T","M","$","E","M","M","R","B"],"character_chosen":"THE_SILENT","items_purchased":["Guardian:BottledAnomaly","War Paint"],"campfire_rested":0,"item_purchase_floors":[11,11],"current_hp_per_floor":[62,62,62,62,61,61,32,32,32,32,32,32,31,31,31,0,0],"gold":169,"neow_bonus":"RANDOM_COLORLESS_2","is_daily":false,"chose_seed":false,"campfire_upgraded":3,"win_rate":0.0,"timestamp":1611066660,"path_taken":["M","M","?","?","M","R","E","R","T","M","$","E","M","M","R","BOSS"],"items_purchased_type":["Relic","Relic"],"build_version":"2020-12-22","purchased_purges":1,"victory":false,"max_hp_per_floor":[63,63,63,63,63,63,63,63,63,63,63,63,63,63,63,63,63],"relic_stats":{"counters":[9,43],"Tiny Chest":0,"Juzu Bracelet":0,"War Paint":["Defend_G","Defend_G"],"obtain_stats":[{"Tiny Chest":12,"Juzu Bracelet":9,"Guardian:BottledAnomaly":11,"War Paint":11,"Ancient Tea Set":7,"Ring of the Snake":0},{"Tiny Chest":6,"Juzu Bracelet":4,"Guardian:BottledAnomaly":5,"War Paint":5,"Ancient Tea Set":4,"Ring of the Snake":0},{"Tiny Chest":26,"Juzu Bracelet":20,"Guardian:BottledAnomaly":23,"War Paint":23,"Ancient Tea Set":20,"Ring of the Snake":0}],"Ring of the Snake":[18]},"card_choices":[{"not_picked":["Panache","Master of Strategy"],"picked":"HandOfGreed","floor":0},{"not_picked":["Outmaneuver","Dodge and Roll"],"picked":"Leg Sweep","floor":1},{"not_picked":["Deflect","Quick Slash"],"picked":"Sucker Punch","floor":2},{"not_picked":["Deadly Poison","Finisher"],"picked":"Sucker Punch","floor":5},{"not_picked":["Flying Knee","Dagger Throw","Outmaneuver"],"picked":"SKIP","floor":7},{"not_picked":["Reflex","Slice"],"picked":"Cloak And Dagger","floor":10},{"not_picked":["Dagger Throw","Concentrate","All Out Attack"],"picked":"SKIP","floor":12},{"not_picked":["Deflect","Choke"],"picked":"Backflip","floor":13},{"not_picked":["Phantasmal Killer","Acrobatics"],"picked":"Dash","floor":14}],"player_experience":128223,"relics_obtained":[{"floor":7,"key":"Ancient Tea Set"},{"floor":9,"key":"Juzu Bracelet"},{"floor":12,"key":"Tiny Chest"}],"event_choices":[{"cards_removed":["Strike_G"],"damage_healed":0,"gold_gain":0,"player_choice":"Card Removal","damage_taken":0,"max_hp_gain":0,"max_hp_loss":0,"event_name":"The Cleric","floor":3,"gold_loss":50},{"damage_healed":0,"gold_gain":74,"player_choice":"Gained Gold","damage_taken":0,"max_hp_gain":0,"max_hp_loss":0,"event_name":"Golden Wing","floor":4,"gold_loss":0}],"is_beta":false,"boss_relics":[],"items_purged_floors":[11],"is_endless":false,"potions_floor_spawned":[7,10,13],"killed_by":"Slime Boss","ascension_level":3}}