{"host":"i0avyit1s6jb1siw","time":1611094809,"event":{"mods":["BaseMod","DeckTracker","Dota2Spire","Highlight Path","Minty Spire (QoL Compilation)","Quick Restart","StSLib","SuperFastMode"],"gold_per_floor":[116,133,133,147,147,147,176,192,192,192,207,224,235,264,279,279,377,377,417,250,250,83,119,119,119,119],"floor_reached":25,"language":"ENG","playtime":487,"items_purged":["CarveReality"],"score":480,"play_id":"3507a36c-37e1-43b8-9a73-33e3fdef6904","local_time":"20210119232009","is_ascension_mode":true,"campfire_choices":[{"data":"Brilliance","floor":6,"key":"SMITH"},{"data":"SandsOfTime","floor":16,"key":"SMITH"},{"floor":24,"key":"REST"}],"circlet_count":0,"master_deck":["AscendersBane","Eruption+1","Vigilance","Brilliance+1","Wallop+1","Weave","Vengeance","TalkToTheHand","FearNoEvil","SandsOfTime+1","Wish","ClearTheMind","Scrawl","Collect","WheelKick","FollowUp","Omniscience","PathToVictory","MasterReality","WreathOfFlame","Vengeance","InnerPeace","Finesse","Ragnarok","Halt"],"relics":["PureWater","InkBottle","Letter Opener","Eternal Feather","HornCleat","Pandora\u0027s Box","Orrery"],"acts_visited":["Exordium","TheCity"],"potions_floor_usage":[14,17,23,25],"damage_taken":[{"damage":0,"enemies":"2 Louse","floor":1,"turns":2},{"damage":0,"enemies":"Cultist","floor":2,"turns":2},{"damage":0,"enemies":"Small Slimes","floor":4,"turns":3},{"damage":0,"enemies":"Gremlin Nob","floor":7,"turns":3},{"damage":2,"enemies":"Blue Slaver","floor":8,"turns":4},{"damage":4,"enemies":"Red Slaver","floor":11,"turns":3},{"damage":0,"enemies":"Exordium Thugs","floor":12,"turns":3},{"damage":0,"enemies":"Large Slime","floor":13,"turns":3},{"damage":17,"enemies":"Lagavulin","floor":14,"turns":5},{"damage":19,"enemies":"2 Fungi Beasts","floor":15,"turns":3},{"damage":8,"enemies":"Hexaghost","floor":17,"turns":6},{"damage":40,"enemies":"2 Thieves","floor":19,"turns":4},{"damage":16,"enemies":"3 Byrds","floor":23,"turns":4},{"damage":45,"enemies":"Slavers","floor":25,"turns":4}],"seed_played":"-8222164951523920954","potions_obtained":[{"floor":1,"key":"Dota2Spire:HealingSalve"},{"floor":11,"key":"SneckoOil"},{"floor":12,"key":"Block Potion"},{"floor":13,"key":"FearPotion"},{"floor":15,"key":"BlessingOfTheForge"},{"floor":17,"key":"Weak Potion"},{"floor":23,"key":"Dexterity Potion"}],"is_trial":false,"path_per_floor":["M","M","?","M","?","R","E","M","T","T","M","M","M","E","M","R","B",null,"M","$","?","$","M","R","E"],"character_chosen":"WATCHER","items_purchased":["Finesse","Orrery"],"campfire_rested":1,"item_purchase_floors":[20,22],"current_hp_per_floor":[61,61,61,61,61,61,61,59,59,59,55,55,55,38,19,31,23,57,17,17,17,17,1,36,0,0],"gold":119,"neow_bonus":"ONE_RANDOM_RARE_CARD","is_daily":false,"chose_seed":false,"campfire_upgraded":2,"win_rate":0.0,"timestamp":1611094809,"path_taken":["M","M","?","?","?","R","E","M","T","T","M","M","M","E","M","R","BOSS","M","$","?","$","M","R","E"],"items_purchased_type":["Card","Relic"],"build_version":"2020-12-22","purchased_purges":1,"victory":false,"max_hp_per_floor":[68,68,68,68,68,68,68,68,68,68,68,68,68,68,68,68,68,68,68,68,68,68,68,68,68,68],"card_choices":[{"not_picked":["Pray","BattleHymn"],"picked":"Wallop","floor":1},{"not_picked":["FlyingSleeves","PathToVictory"],"picked":"Weave","floor":2},{"not_picked":["JustLucky","Crescendo"],"picked":"Vengeance","floor":4},{"not_picked":["SignatureMove","MentalFortress"],"picked":"TalkToTheHand","floor":7},{"not_picked":["Weave","ClearTheMind"],"picked":"CarveReality","floor":8},{"not_picked":["EmptyFist","SashWhip"],"picked":"FearNoEvil","floor":11},{"not_picked":["SashWhip","ClearTheMind"],"picked":"SandsOfTime","floor":12},{"not_picked":["BowlingBash","JustLucky"],"picked":"Wish","floor":13},{"not_picked":["Consecrate","ClearTheMind","Collect"],"picked":"SKIP","floor":14},{"not_picked":["Nirvana","Prostrate"],"picked":"ClearTheMind","floor":15},{"not_picked":["Alpha","DevaForm"],"picked":"Scrawl","floor":17},{"not_picked":["SashWhip","Prostrate"],"picked":"InnerPeace","floor":19},{"not_picked":["FlurryOfBlows","WindmillStrike+1"],"picked":"Ragnarok","floor":22},{"not_picked":["Weave","EmptyFist"],"picked":"Halt","floor":22},{"not_picked":["BowlingBash","Vengeance","EmptyBody"],"picked":"SKIP","floor":23}],"player_experience":2298270,"relics_obtained":[{"floor":7,"key":"InkBottle"},{"floor":9,"key":"Letter Opener"},{"floor":10,"key":"Eternal Feather"},{"floor":14,"key":"HornCleat"}],"event_choices":[{"damage_healed":0,"gold_gain":0,"player_choice":"Upgraded","damage_taken":0,"max_hp_gain":0,"max_hp_loss":0,"event_name":"Upgrade Shrine","floor":3,"gold_loss":0,"cards_upgraded":["Eruption"]},{"damage_healed":0,"gold_gain":0,"player_choice":"Grow","damage_taken":0,"max_hp_gain":0,"max_hp_loss":0,"event_name":"Living Wall","floor":5,"gold_loss":0,"cards_upgraded":["Wallop"]},{"damage_healed":0,"gold_gain":0,"player_choice":"Ignored","damage_taken":0,"max_hp_gain":0,"max_hp_loss":0,"event_name":"N\u0027loth","floor":21,"gold_loss":0}],"is_beta":false,"boss_relics":[{"not_picked":["Velvet Choker","Cursed Key"],"picked":"Pandora\u0027s Box"}],"items_purged_floors":[20],"is_endless":false,"potions_floor_spawned":[1,11,12,13,15,17,23],"killed_by":"Slavers","ascension_level":20}}