{"host":"4hkuu26ltn0le3bk","time":1611024373,"event":{"mods":["100% Spire Juice","Arknights The Spire","Astrologer","BaseMod","BetterRewards","Clockwork Mod","Colored Map","Colored Powertips","Downfall","Friendly Minions","Gremlin Mod","Hermit","Marisa????????","Minty Spire (QoL Compilation)","Quick Restart","StSLib","Td1madao Mod","The Bug Knight","The Construct","The Cursed","The Disciple","The Factory","The Hierophant","The Jungle","The Servant 0.9.4"],"gold_per_floor":[113,113,123,138,148,178,144,144,144,158,158,178,189,205,205,205,205],"floor_reached":16,"language":"ENG","playtime":1100,"items_purged":[],"score":106,"play_id":"41ca90ac-cdc1-4b78-8606-4a7404b4020b","local_time":"20210118214613","is_ascension_mode":false,"campfire_choices":[{"data":"TheCursedMod:CleanUpWorkshop","floor":11,"key":"SMITH"},{"floor":15,"key":"REST"}],"circlet_count":0,"master_deck":["TheCursedMod:Strike_TheCursed","TheCursedMod:Strike_TheCursed","TheCursedMod:Defend_TheCursed","TheCursedMod:Defend_TheCursed","TheCursedMod:Defend_TheCursed","TheCursedMod:CursedWand","TheCursedMod:CleanUpWorkshop+1","TheCursedMod:Dregs","TheCursedMod:RapidMovement","TheCursedMod:CircleOfFocus+1","TheCursedMod:SurpriseAttack","TheCursedMod:CursedMace","TheCursedMod:ShockAndAwe","TheCursedMod:HellfireBreathing","TheCursedMod:SurpriseAttack","TheCursedMod:ReleasedKnowledge","TheCursedMod:AbyssShockwave","TheCursedMod:WearCloak"],"relics":["TheCursedMod:BlackMagic101","Bronze Scales","Nunchaku"],"acts_visited":["Exordium"],"potions_floor_usage":[10,12,13],"damage_taken":[{"damage":0,"enemies":"2 Louse","floor":1,"turns":4},{"damage":0,"enemies":"Cultist","floor":3,"turns":4},{"damage":0,"enemies":"Small Slimes","floor":4,"turns":5},{"damage":9,"enemies":"Blue Slaver","floor":5,"turns":5},{"damage":32,"enemies":"3 Sentries","floor":6,"turns":20},{"damage":0,"enemies":"Gremlin Gang","floor":10,"turns":3},{"damage":5,"enemies":"Exordium Wildlife","floor":12,"turns":4},{"damage":0,"enemies":"3 Louse","floor":13,"turns":2},{"damage":5,"enemies":"2 Fungi Beasts","floor":14,"turns":3},{"damage":28,"enemies":"The Guardian","floor":16,"turns":6}],"seed_played":"2567011729074536501","potions_obtained":[{"floor":1,"key":"Block Potion"},{"floor":4,"key":"SkillPotion"},{"floor":6,"key":"Explosive Potion"}],"is_trial":false,"path_per_floor":["M","?","M","M","M","E","$","?","T","M","R","M","M","M","R","B"],"character_chosen":"THE_CURSED","items_purchased":["TheCursedMod:HellfireBreathing"],"campfire_rested":1,"item_purchase_floors":[7],"current_hp_per_floor":[54,54,54,54,45,13,13,13,13,13,13,8,8,3,25,0,0],"gold":205,"neow_bonus":"REMOVE_TWO","is_daily":false,"chose_seed":false,"campfire_upgraded":1,"win_rate":0.0,"timestamp":1611024373,"path_taken":["M","?","?","M","?","E","$","?","T","M","R","?","M","M","R","BOSS"],"items_purchased_type":["Card"],"build_version":"2020-12-22","purchased_purges":0,"victory":false,"max_hp_per_floor":[75,75,75,75,75,75,75,75,75,75,75,75,75,75,75,75,75],"card_choices":[{"not_picked":["TheCursedMod:AbyssShockwave","TheCursedMod:CircleOfFlame"],"picked":"TheCursedMod:RapidMovement","floor":1},{"not_picked":["TheCursedMod:RavingStaff","TheCursedMod:ReleasedStrength"],"picked":"TheCursedMod:CircleOfFocus","floor":3},{"not_picked":["TheCursedMod:BlessingInDisguise","TheCursedMod:CircleOfFocus"],"picked":"TheCursedMod:SurpriseAttack","floor":4},{"not_picked":["TheCursedMod:BlessingInDisguise","TheCursedMod:CursedStaff"],"picked":"TheCursedMod:CursedMace","floor":5},{"not_picked":["TheCursedMod:Wield","TheCursedMod:CursedMace"],"picked":"TheCursedMod:ShockAndAwe","floor":6},{"not_picked":["TheCursedMod:CursedShiv","TheCursedMod:CursedBlade"],"picked":"TheCursedMod:SurpriseAttack","floor":10},{"not_picked":["TheCursedMod:AshesToAshes","TheCursedMod:SpitefulPray"],"picked":"TheCursedMod:ReleasedKnowledge","floor":12},{"not_picked":["TheCursedMod:VitalStrike","TheCursedMod:Wield"],"picked":"TheCursedMod:AbyssShockwave","floor":13},{"not_picked":["TheCursedMod:Wield","TheCursedMod:ReleasedStrength"],"picked":"TheCursedMod:WearCloak","floor":14}],"player_experience":232711,"relics_obtained":[{"floor":6,"key":"Bronze Scales"},{"floor":9,"key":"Nunchaku"}],"event_choices":[{"cards_removed":["TheCursedMod:Defend_TheCursed"],"damage_healed":0,"gold_gain":0,"player_choice":"Offered Basic","damage_taken":0,"max_hp_gain":0,"max_hp_loss":0,"event_name":"Bonfire Elementals","floor":2,"gold_loss":0},{"damage_healed":0,"gold_gain":0,"player_choice":"Upgraded","damage_taken":0,"max_hp_gain":0,"max_hp_loss":0,"event_name":"Upgrade Shrine","floor":8,"gold_loss":0,"cards_upgraded":["TheCursedMod:CircleOfFocus"]}],"is_beta":false,"boss_relics":[],"items_purged_floors":[],"is_endless":false,"potions_floor_spawned":[1,4,6],"killed_by":"The Guardian","ascension_level":0}}