{"host":"pjgcdp3h1plnbocs","time":1611053201,"event":{"mods":["AchievementEnabler","BaseMod","Colored Map","Downfall","Highlight Path","Minty Spire (QoL Compilation)","StSLib"],"gold_per_floor":[99,99,99,99,99,112,112,112,212,47,47,80,91,101,118,217,217,117,130,147,166,178,211,211,211,228,228,243,328,328,328,344,446,446,446,306,321,306,306,306,306,339,349,369,421,462,484,513,543,555],"floor_reached":51,"language":"ENG","playtime":3342,"items_purged":["champ:Defend"],"score":704,"play_id":"4f947ae1-0528-42f5-b8be-603fe5702141","local_time":"20210119114641","is_ascension_mode":false,"campfire_choices":[{"data":"champ:Execute","floor":1.0,"key":"SMITH"},{"data":"champ:StrikeOfGenius","floor":18.0,"key":"SMITH"},{"floor":27.0,"key":"REST"},{"data":"champ:FanOfKnives","floor":30.0,"key":"SMITH"},{"data":"champ:IronFortress","floor":35.0,"key":"SMITH"},{"data":"champ:PreciseThrust","floor":40,"key":"SMITH"}],"circlet_count":0,"master_deck":["champ:Strike","champ:Strike","champ:Defend","champ:Defend","champ:Execute+1","champ:Taunt","champ:BringItOn","champ:IronFortress+1","champ:FlashCut","champ:FaceSlap","champ:FancyFootwork","champ:FanOfKnives+1","champ:ShieldSlam","champ:StrikeOfGenius+1","champ:StanceDance+1","champ:LastStand+1","champ:IronFortress+1","champ:PreciseThrust+1","champ:ShieldSlam+1","champ:ArenaPreparation+1","champ:LastStand+1","champ:StanceDance","champ:StrikeOfGenius+1"],"relics":["champ:ChampionCrown","downfall:HeartsMalice","Ancient Tea Set","Question Card","CloakClasp","Vajra","Kunai","Empty Cage","downfall:HeartBlessingGreen","Ornamental Fan","Omamori","The Courier","Frozen Egg 2","Sozu","Anchor","Nunchaku","MawBank","Regal Pillow"],"acts_visited":["Exordium","TheCity","TheBeyond"],"potions_floor_usage":[50],"damage_taken":[{"damage":0.0,"enemies":"Cultist","floor":2.0,"turns":1.0},{"damage":0.0,"enemies":"Small Slimes","floor":3.0,"turns":1.0},{"damage":0.0,"enemies":"Jaw Worm","floor":4.0,"turns":1.0},{"damage":10.0,"enemies":"Lots of Slimes","floor":6.0,"turns":4.0},{"damage":51.0,"enemies":"Lots of Slimes","floor":9.0,"turns":10.0},{"damage":15.0,"enemies":"downfall:FleeingMerchant","floor":10.0,"turns":4.0},{"damage":25.0,"enemies":"Lagavulin","floor":12.0,"turns":8.0},{"damage":12.0,"enemies":"Exordium Thugs","floor":13.0,"turns":3.0},{"damage":2.0,"enemies":"Blue Slaver","floor":14.0,"turns":3.0},{"damage":0.0,"enemies":"3 Louse","floor":15.0,"turns":3.0},{"damage":58.0,"enemies":"IC_STATUS_ARCHETYPE","floor":16.0,"turns":9.0},{"damage":15.0,"enemies":"3 Byrds","floor":19.0,"turns":6.0},{"damage":59.0,"enemies":"Snake Plant","floor":20.0,"turns":5.0},{"damage":24.0,"enemies":"Snecko","floor":21.0,"turns":4.0},{"damage":12.0,"enemies":"Chosen and Byrds","floor":22.0,"turns":7.0},{"damage":13.0,"enemies":"Gremlin Leader","floor":23.0,"turns":6.0},{"damage":15.0,"enemies":"Snake Plant","floor":26.0,"turns":4.0},{"damage":10.0,"enemies":"Snecko","floor":28.0,"turns":3.0},{"damage":0.0,"enemies":"Centurion and Healer","floor":32.0,"turns":5.0},{"damage":30.0,"enemies":"WA_ARCHETYPE_CALM","floor":33.0,"turns":8.0},{"damage":10.0,"enemies":"downfall:FleeingMerchant","floor":36.0,"turns":4.0},{"damage":16.0,"enemies":"Orb Walker","floor":37.0,"turns":4.0},{"damage":20.0,"enemies":"downfall:FleeingMerchant","floor":38.0,"turns":4.0},{"damage":36,"enemies":"Reptomancer","floor":42,"turns":5},{"damage":25,"enemies":"3 Darklings","floor":43,"turns":4},{"damage":10,"enemies":"Transient","floor":44,"turns":5},{"damage":41,"enemies":"Giant Head","floor":46,"turns":7},{"damage":43,"enemies":"Maw","floor":47,"turns":5},{"damage":24,"enemies":"Writhing Mass","floor":48,"turns":6},{"damage":15,"enemies":"Transient","floor":49,"turns":5},{"damage":24,"enemies":"DF_ARCHETYPE_ORBS","floor":50,"turns":6}],"seed_played":"1478297873005574139","potions_obtained":[{"floor":6.0,"key":"PowerPotion"},{"floor":9.0,"key":"Swift Potion"},{"floor":12.0,"key":"Energy Potion"},{"floor":14.0,"key":"CultistPotion"},{"floor":19.0,"key":"FearPotion"},{"floor":23.0,"key":"Weak Potion"},{"floor":26.0,"key":"AttackPotion"}],"is_trial":false,"path_per_floor":["R","M","M","M","?","M","T","?","?","$","?","E","M","M","M","B",null,"R","M","M","M","M","E","T","T","M","R","M","?","R","T","M","B",null,"R","$","M","$","?","R","T","E","M","M","?","E","M","M","M","B",null],"character_chosen":"THE_CHAMP","items_purchased":["Vajra","champ:IronFortress+1"],"campfire_rested":1,"item_purchase_floors":[10,36],"current_hp_per_floor":[90,90,90,90,83,83,83,88,67,67,67,52,50,48,48,5,95,95,95,56,52,45,37,37,37,32,60,60,42,42,42,42,32,95,95,95,89,89,89,89,89,78,63,63,63,62,54,50,50,41],"gold":567,"neow_bonus":"THREE_ENEMY_KILL","is_daily":false,"chose_seed":false,"campfire_upgraded":5,"win_rate":0.0,"timestamp":1611053201,"path_taken":["R","M","M","M","?","M","T","?","?","$","?","E","M","M","M","BOSS","R","M","?","M","M","E","T","?","M","R","M","?","R","?","M","BOSS","R","$","M","$","?","R","T","E","M","M","?","E","M","M","M","BOSS"],"items_purchased_type":["Relic","Card"],"build_version":"2020-12-22","purchased_purges":1,"victory":true,"max_hp_per_floor":[90,90,90,90,90,90,90,95,95,95,95,95,95,95,95,95,95,95,95,95,95,95,95,95,95,95,95,95,95,95,95,95,95,95,95,95,95,95,95,95,95,95,95,95,95,95,95,95,95,95],"card_choices":[{"not_picked":["champ:PreciseThrust","champ:GutPunch"],"picked":"champ:BringItOn","floor":2.0},{"not_picked":["champ:CrownThrow","champ:GladiatorStyle"],"picked":"champ:IronFortress","floor":3.0},{"not_picked":["champ:EnGarde","champ:Shatter"],"picked":"champ:FlashCut","floor":4.0},{"not_picked":["champ:EndlessRage","champ:RisingSlash","champ:AdrenalArmor"],"picked":"SKIP","floor":6.0},{"not_picked":["champ:Backstep","champ:CrownThrow","champ:FancyFootwork"],"picked":"champ:FaceSlap","floor":9.0},{"not_picked":["champ:SetATrap","champ:CrookedStrike","champ:FocusedBerserking","champ:FocusedDefense"],"picked":"SKIP","floor":10.0},{"not_picked":["champ:Improvising","champ:BladeFlurry","champ:FanOfKnives"],"picked":"champ:FancyFootwork","floor":12.0},{"not_picked":["champ:EnGarde","champ:GladiatorStyle","champ:BerserkersShout"],"picked":"champ:FanOfKnives","floor":13.0},{"not_picked":["champ:Encircle","champ:BladeFlurry","champ:Haymaker","champ:Shatter"],"picked":"SKIP","floor":14.0},{"not_picked":["champ:DefensiveShout","champ:Circumvent","champ:Backstep"],"picked":"champ:ShieldSlam","floor":15.0},{"not_picked":["champ:ShieldThrow","champ:LastStand","champ:HoldFirm"],"picked":"champ:StrikeOfGenius","floor":16.0},{"not_picked":["champ:Shatter","champ:FocusedBerserking+1","champ:Backstep","champ:DefensiveShout+1"],"picked":"SKIP","floor":19.0},{"not_picked":["champ:RisingSlash","champ:SetATrap+1","champ:AdrenalArmor","champ:CrownThrow"],"picked":"SKIP","floor":20.0},{"not_picked":["champ:AdrenalArmor","champ:Shatter","champ:SwordThrow"],"picked":"champ:StanceDance+1","floor":21.0},{"not_picked":["champ:IronFortress","champ:Haymaker+1","champ:CrownThrow","champ:Lariat"],"picked":"SKIP","floor":22.0},{"not_picked":["champ:DeathBlow","champ:Encircle","champ:ShieldSlam","champ:FocusedDefense"],"picked":"SKIP","floor":23.0},{"not_picked":["champ:CrownThrow","champ:Circumvent","champ:Haymaker","champ:FocusedBerserking+1"],"picked":"SKIP","floor":26.0},{"not_picked":["champ:PreciseThrust","champ:Backstep+1","champ:AdrenalArmor+1","champ:FlashCut"],"picked":"SKIP","floor":28.0},{"not_picked":["champ:TornadoPunch","champ:FanOfKnives","champ:DefensiveShout","champ:Devastate"],"picked":"SKIP","floor":32.0},{"not_picked":["champ:ShieldThrow","champ:HoldFirm","champ:TripleStrike"],"picked":"champ:LastStand+1","floor":33.0},{"not_picked":["champ:PreemptiveStrike+1","champ:AdrenalArmor+1","champ:DeathBlow","champ:FocusedBerserking+1"],"picked":"SKIP","floor":36.0},{"not_picked":["champ:PreemptiveStrike+1","champ:CalledShot","champ:ArenaPreparation+1","champ:PerfectedStrike+1"],"picked":"SKIP","floor":37.0},{"not_picked":["champ:TornadoPunch+1","champ:DefensiveShout","champ:BerserkersShout"],"picked":"champ:PreciseThrust","floor":38.0},{"not_picked":["champ:CrownThrow","champ:GladiatorStyle+1","champ:PerfectedStrike+1"],"picked":"champ:ShieldSlam+1","floor":42},{"not_picked":["champ:TornadoPunch","champ:FalseCounter+1","champ:FocusedBerserking+1","champ:Backstep+1"],"picked":"SKIP","floor":43},{"not_picked":["champ:Parry+1","champ:ShieldSlam","champ:GutPunch"],"picked":"champ:ArenaPreparation+1","floor":44},{"not_picked":["champ:RecklessLeap","champ:GutPunch","champ:AdrenalArmor"],"picked":"champ:LastStand+1","floor":46},{"not_picked":["champ:CrookedStrike+1","champ:ArenaPreparation+1","champ:BringItOn+1"],"picked":"champ:StanceDance","floor":47},{"not_picked":["champ:TornadoPunch","champ:IronFortress+1","champ:Circumvent","champ:Duel"],"picked":"SKIP","floor":48},{"not_picked":["champ:Circumvent","champ:BringItOn+1","champ:ShieldWall+1"],"picked":"champ:StrikeOfGenius+1","floor":49}],"player_experience":187217,"relics_obtained":[{"floor":7.0,"key":"Question Card"},{"floor":9.0,"key":"CloakClasp"},{"floor":12.0,"key":"Kunai"},{"floor":23.0,"key":"Ornamental Fan"},{"floor":24.0,"key":"Omamori"},{"floor":25.0,"key":"The Courier"},{"floor":31.0,"key":"Frozen Egg 2"},{"floor":41,"key":"Anchor"},{"floor":42,"key":"Nunchaku"},{"floor":45,"key":"MawBank"},{"floor":46,"key":"Regal Pillow"}],"event_choices":[{"damage_healed":0.0,"max_hp_gain":0.0,"max_hp_loss":0.0,"gold_gain":0.0,"event_name":"Scrap Ooze","player_choice":"Success","floor":5.0,"gold_loss":0.0,"damage_taken":7.0,"relics_obtained":["Ancient Tea Set"]},{"damage_healed":0.0,"max_hp_gain":5.0,"max_hp_loss":0.0,"gold_gain":0.0,"event_name":"Big Fish","player_choice":"Donut","floor":8.0,"gold_loss":0.0,"damage_taken":0.0},{"cards_removed":["champ:Defend"],"damage_healed":0.0,"max_hp_gain":0.0,"max_hp_loss":0.0,"gold_gain":0.0,"event_name":"Wheel of Change","player_choice":"Card Removal","floor":11.0,"gold_loss":0.0,"damage_taken":0.0},{"damage_healed":0,"gold_gain":0,"player_choice":"Ignored","damage_taken":0,"max_hp_gain":0,"max_hp_loss":0,"event_name":"Mysterious Sphere","floor":39,"gold_loss":0}],"is_beta":false,"boss_relics":[{"not_picked":["Coffee Dripper","Runic Pyramid"],"picked":"Empty Cage"},{"not_picked":["Cursed Key","Runic Dome"],"picked":"Sozu"}],"items_purged_floors":[36],"is_endless":false,"potions_floor_spawned":[6,9,12,14,19,21,23,26,37,43,44,46,48,49],"ascension_level":0}}