{"host":"6drv1qzpbnls60z2","time":1611032968,"event":{"mods":["ATMod(∞¢Ë™Mod)","Act Like it!","Arknights The Spire","BaseMod","Hallownest","Luminous","Minty Spire (QoL Compilation)","Reimu£®≤©¿ˆ¡È√Œ£©","Replay The Spire","Shop Mod","Spicy Shops","StSLib","TheWitcher","Uncapped","≤–¡Ù÷ÆŒÔ"],"gold_per_floor":[118,118,128,148,10,10,10,10],"floor_reached":7,"language":"ZHS","playtime":641,"items_purged":[],"score":182,"play_id":"11aeb1be-4a46-4c7f-9a76-adc60b199798","local_time":"20210119130928","daily_mods":["Draft"],"is_ascension_mode":true,"campfire_choices":[{"data":"AT_RealColorLess","floor":6,"key":"SMITH"}],"circlet_count":0,"master_deck":["AT_RealColorLess+1","SnafuTest:PowerFireDamnation","Luminous:Light_Wash_Luminous","ats:Defend Order","ats:Childhood Dance","ats:Revitalization","Luminous:Light_Sylvan_Lance","SnafuTest:PowerCounterAttack","ats:Powerful Strike","SnafuTest:Kick","Luminous:Light_Ray_of_Redemption","Luminous:Light_Gather","FoulBorder2:ReiMu","ats:Collapsing Strike","ats:Explosion Area Strengthen","ats:Consecutive Shot Auto","SubAcupoint:ReiMu","Doubt","ats:Hammer On","ats:Shadow Assault","ats:Encircling Forest","Luminous:Light_Wash_Luminous","Luminous:Light_Wash_Luminous"],"relics":["ats:Sanity","AT_ATBox"],"acts_visited":["Exordium"],"potions_floor_usage":[],"damage_taken":[{"damage":7,"enemies":"2 Louse","floor":1,"turns":2},{"damage":13,"enemies":"Small Slimes","floor":3,"turns":4},{"damage":33,"enemies":"Cultist","floor":4,"turns":5},{"damage":26,"enemies":"Lagavulin","floor":7,"turns":4}],"seed_played":"-7270029853892895938","potions_obtained":[{"floor":3,"key":"SkillPotion"},{"floor":4,"key":"GrandPatriotsElixir:ReiMu"}],"is_trial":true,"path_per_floor":["M","?","M","M","$","R","E"],"character_chosen":"DOCTOR_CLASS","items_purchased":["ats:Encircling Forest","Luminous:Light_Wash_Luminous"],"campfire_rested":0,"item_purchase_floors":[5,5],"current_hp_per_floor":[58,58,45,15,15,15,0,0],"gold":10,"neow_bonus":"","is_daily":false,"chose_seed":false,"campfire_upgraded":1,"win_rate":0.0,"timestamp":1611032968,"path_taken":["M","?","M","M","$","R","E"],"items_purchased_type":["Card","Card"],"build_version":"2020-12-22","purchased_purges":0,"victory":false,"max_hp_per_floor":[72,72,72,72,72,72,72,72],"card_choices":[{"not_picked":["SnafuTest:BombNorthernWind","SnafuTest:GetPaid"],"picked":"SnafuTest:PowerFireDamnation","floor":0},{"not_picked":["ats:Collapsing Strike","SnafuTest:BattleCry"],"picked":"Luminous:Light_Wash_Luminous","floor":0},{"not_picked":["CareerPray:ReiMu","OrbThrow:ReiMu"],"picked":"ats:Defend Order","floor":0},{"not_picked":["CollectionFlower2:ReiMu","Luminous:Blinding_Pillar_Luminous"],"picked":"ats:Childhood Dance","floor":0},{"not_picked":["WonderfulDomain:ReiMu","SnafuTest:Shooting"],"picked":"ats:Revitalization","floor":0},{"not_picked":["SnafuTest:PayWeaponSmith","SpreadBorder2:ReiMu"],"picked":"Luminous:Light_Sylvan_Lance","floor":0},{"not_picked":["Luminous:Darkness_Mastery_Luminous","Luminous:Dark_Dim_Erosion"],"picked":"SnafuTest:PowerCounterAttack","floor":0},{"not_picked":["SnafuTest:PowerTrialOfGrasses","SnafuTest:Oriole"],"picked":"ats:Powerful Strike","floor":0},{"not_picked":["SnafuTest:BattleCry","PrepareRite:ReiMu"],"picked":"SnafuTest:Kick","floor":0},{"not_picked":["Luminous:Dark_Morning_Star","EmergencyTakeOff:ReiMu"],"picked":"Luminous:Light_Ray_of_Redemption","floor":0},{"not_picked":["Luminous:Dark_Extract","Luminous:Blinding_Pillar_Luminous"],"picked":"Luminous:Light_Gather","floor":0},{"not_picked":["Luminous:Light_Reflection","SnafuTest:SwiftAssault"],"picked":"FoulBorder2:ReiMu","floor":0},{"not_picked":["SnafuTest:CalculatingAmbition","SnafuTest:MCSuccubusSeduction"],"picked":"ats:Collapsing Strike","floor":0},{"not_picked":["SnafuTest:PayBank","SnafuTest:BombDragonsDream"],"picked":"ats:Explosion Area Strengthen","floor":0},{"not_picked":["SealNeedle:ReiMu","Luminous:Light_Disperse"],"picked":"ats:Consecutive Shot Auto","floor":0},{"not_picked":["ShadowOfCrow2:ReiMu","SnafuTest:FirstAid"],"picked":"SubAcupoint:ReiMu","floor":1},{"not_picked":["Luminous:Photic_Meditation_Luminous","RainPray2:ReiMu"],"picked":"ats:Hammer On","floor":3},{"not_picked":["SnafuTest:BloodForBlood","Luminous:Light_Track"],"picked":"ats:Shadow Assault","floor":4}],"player_experience":79794,"relics_obtained":[],"event_choices":[],"is_beta":false,"boss_relics":[],"items_purged_floors":[],"is_endless":true,"potions_floor_spawned":[3,4],"killed_by":"Lagavulin","ascension_level":20}}