{"host":"sdjng9zhqonqi3uc","time":1611100322,"event":{"mods":["2.2 Compatiblity","AchievementEnabler","BaseMod","Better Third Choice","BetterRewards","Colored Powertips","Downfall","Hero for Fun","Minty Spire (QoL Compilation)","Quick Restart","Shop Mod","Spicy Shops","StSLib","Td1madao Mod","The Animator","The Cursed","The Servant 0.9.4"],"gold_per_floor":[11,11,11,30,30,47,47,79,79,19,51,51,86,105,105,176,176,190,210,135,55,55,55,55,75,75,88,119,119,151,164,164,241,241,256,270,118,134,151,183,195,259,271,316,348,360,372,396,408,420],"floor_reached":51,"language":"ENG","playtime":602,"items_purged":["Defend_Y","Defend_Y","Strike_Y+1"],"score":2401,"play_id":"85941823-82ea-4f20-8c03-fbab47690641","local_time":"20210120005202","is_ascension_mode":true,"campfire_choices":[{"floor":7,"key":"RECALL"},{"data":"Strike_Y","floor":12,"key":"SMITH"},{"data":"Strike_Y","floor":15,"key":"SMITH"},{"data":"Strike_Y","floor":23,"key":"SMITH"},{"data":"Strike_Y","floor":29,"key":"SMITH"},{"data":"Strike_Y","floor":32,"key":"SMITH"},{"floor":41,"key":"REST"},{"data":"1","floor":47,"key":"LIFT"},{"data":"2","floor":49,"key":"LIFT"}],"circlet_count":0,"master_deck":["AscendersBane","Strike_Y+1","Strike_Y+1","Strike_Y+1","Strike_Y+1","Slap+1","Serious_Punch+1","Slap+1","Slap+1","downfall:Bewildered"],"relics":["Cape","White Beast Statue","Pantograph","The Courier","Singing Bowl","Molten Egg 2","Empty Cage","Dream Catcher","Pen Nib","Juzu Bracelet","Cursed Key","MawBank","Girya","Sundial","Orichalcum"],"acts_visited":["Exordium","TheCity","TheBeyond"],"potions_floor_usage":[],"damage_taken":[{"damage":0,"enemies":"Cultist","floor":1,"turns":1},{"damage":0,"enemies":"Small Slimes","floor":4,"turns":2},{"damage":0,"enemies":"Jaw Worm","floor":6,"turns":1},{"damage":0,"enemies":"Gremlin Nob","floor":8,"turns":1},{"damage":0,"enemies":"3 Sentries","floor":11,"turns":1},{"damage":0,"enemies":"Gremlin Nob","floor":13,"turns":1},{"damage":0,"enemies":"Large Slime","floor":14,"turns":1},{"damage":0,"enemies":"The Guardian","floor":16,"turns":1},{"damage":0,"enemies":"Shell Parasite","floor":18,"turns":1},{"damage":0,"enemies":"3 Byrds","floor":19,"turns":1},{"damage":0,"enemies":"Snake Plant","floor":25,"turns":1},{"damage":0,"enemies":"Shelled Parasite and Fungi","floor":27,"turns":1},{"damage":0,"enemies":"Gremlin Leader","floor":28,"turns":1},{"damage":0,"enemies":"Slavers","floor":30,"turns":1},{"damage":0,"enemies":"Snecko","floor":31,"turns":1},{"damage":0,"enemies":"Collector","floor":33,"turns":1},{"damage":0,"enemies":"3 Shapes","floor":35,"turns":1},{"damage":0,"enemies":"Orb Walker","floor":36,"turns":1},{"damage":0,"enemies":"3 Darklings","floor":38,"turns":1},{"damage":0,"enemies":"Spire Growth","floor":39,"turns":1},{"damage":0,"enemies":"Giant Head","floor":40,"turns":1},{"damage":0,"enemies":"2 Orb Walkers","floor":42,"turns":1},{"damage":0,"enemies":"Reptomancer","floor":44,"turns":1},{"damage":0,"enemies":"Transient","floor":45,"turns":1},{"damage":0,"enemies":"3 Darklings","floor":48,"turns":1},{"damage":0,"enemies":"Time Eater","floor":50,"turns":1}],"seed_played":"6605216869410531395","potions_obtained":[{"floor":6,"key":"Fire Potion"},{"floor":8,"key":"ColorlessPotion"}],"is_trial":false,"path_per_floor":["M","$","?","M","T","M","R","E","T","$","E","R","E","M","R","B",null,"M","M","?","$","?","R","$","M","T","M","E","R","E","M","R","B",null,"M","M","$","M","M","E","R","?","T","E","M","?","R","M","R","B",null],"character_chosen":"OPM","items_purchased":["Slap+1"],"campfire_rested":1,"item_purchase_floors":[37],"current_hp_per_floor":[896,896,901,901,901,901,901,901,901,901,903,903,905,907,907,934,990,990,992,992,992,992,992,992,994,994,996,998,998,1000,1002,1002,1020,1020,1022,1024,1024,1026,1028,1030,1030,1032,1032,1034,1034,1036,1036,1036,1036,1036],"gold":432,"neow_bonus":"","is_daily":false,"chose_seed":false,"campfire_upgraded":5,"win_rate":0.0,"timestamp":1611100322,"path_taken":["M","?","?","M","?","M","R","E","T","$","E","R","E","M","R","BOSS","M","M","?","$","?","R","?","?","T","M","E","R","E","M","R","BOSS","M","M","$","M","M","E","R","?","T","E","M","?","R","M","R","BOSS"],"items_purchased_type":["Card"],"build_version":"2020-12-22","purchased_purges":3,"victory":true,"max_hp_per_floor":[995,995,1000,1000,1000,1000,1000,1000,1000,1000,1002,1002,1004,1006,1006,1008,1008,1008,1010,1010,1010,1010,1010,1010,1012,1012,1014,1016,1016,1018,1020,1020,1020,1020,1022,1024,1024,1026,1028,1030,1030,1032,1032,1034,1034,1036,1036,1036,1036,1036],"card_choices":[{"not_picked":["Side_Hop","Toss_Stone","Normal_Punch"],"picked":"SKIP","floor":1},{"not_picked":["Toss_Stone","Yawn","Wear_Disguise"],"picked":"SKIP","floor":4},{"not_picked":["Yawn","Side_Hop","Hop"],"picked":"SKIP","floor":6},{"not_picked":["Side_Hop","Hip_Strike","Normal_Punch"],"picked":"SKIP","floor":8},{"not_picked":["Consecutive_Normal_Punch","Hop","Toss_Stone"],"picked":"Singing Bowl","floor":11},{"not_picked":["Consecutive_Normal_Punch+1","Normal_Punch+1","Yawn"],"picked":"Singing Bowl","floor":13},{"not_picked":["Wear_Disguise","Consecutive_Normal_Punch+1","Side_Hop"],"picked":"Singing Bowl","floor":14},{"not_picked":["Get_Hopes_Up","Oh","Serious_Side_Hops"],"picked":"Singing Bowl","floor":16},{"not_picked":["Toss_Stone+1","Wear_Disguise"],"picked":"Slap+1","floor":18},{"not_picked":["Do_Nothing","Wear_Disguise","Ignore"],"picked":"Singing Bowl","floor":19},{"not_picked":["Hop","Do_Nothing+1","Normal_Punch+1"],"picked":"Singing Bowl","floor":25},{"not_picked":["Toss_Stone+1","Slap+1","Ignore"],"picked":"Singing Bowl","floor":27},{"not_picked":["Consecutive_Normal_Punch+1","Side_Hop","Wear_Disguise"],"picked":"Singing Bowl","floor":28},{"not_picked":["Yawn","Ignore","Normal_Punch+1"],"picked":"Singing Bowl","floor":30},{"not_picked":["Ignore","Consecutive_Normal_Punch+1","Side_Hop"],"picked":"Singing Bowl","floor":31},{"not_picked":["Oh","Hip_Strike+1"],"picked":"Serious_Punch+1","floor":33},{"not_picked":["Ignore","Slap+1","Yawn"],"picked":"Singing Bowl","floor":35},{"not_picked":["Do_Nothing","Normal_Punch+1","Yawn"],"picked":"Singing Bowl","floor":36},{"not_picked":["Ignore","Normal_Punch+1","Do_Nothing"],"picked":"Singing Bowl","floor":38},{"not_picked":["Yawn","Hop","Ignore"],"picked":"Singing Bowl","floor":39},{"not_picked":["Ignore","Consecutive_Normal_Punch+1","Side_Hop+1"],"picked":"Singing Bowl","floor":40},{"not_picked":["Hop","Consecutive_Normal_Punch+1"],"picked":"Slap+1","floor":41},{"not_picked":["Do_Nothing","Toss_Stone+1","Oh"],"picked":"Singing Bowl","floor":42},{"not_picked":["Hop","Side_Hop","Oh"],"picked":"Singing Bowl","floor":44},{"not_picked":["Side_Hop","Ignore","Slap+1"],"picked":"SKIP","floor":45},{"not_picked":["Violence","Magnetism","Impatience"],"picked":"Singing Bowl","floor":46},{"not_picked":["Toss_Stone+1","Consecutive_Normal_Punch+1","Hop"],"picked":"SKIP","floor":48}],"player_experience":347406,"relics_obtained":[{"floor":5,"key":"White Beast Statue"},{"floor":8,"key":"Pantograph"},{"floor":9,"key":"The Courier"},{"floor":11,"key":"Singing Bowl"},{"floor":13,"key":"Molten Egg 2"},{"floor":26,"key":"Dream Catcher"},{"floor":28,"key":"Pen Nib"},{"floor":30,"key":"Juzu Bracelet"},{"floor":40,"key":"MawBank"},{"floor":42,"key":"Girya"},{"floor":43,"key":"Sundial"},{"floor":44,"key":"Orichalcum"}],"event_choices":[{"damage_healed":0,"gold_gain":0,"player_choice":"Donut","damage_taken":0,"max_hp_gain":5,"max_hp_loss":0,"event_name":"Big Fish","floor":3,"gold_loss":0},{"cards_removed":["Defend_Y"],"damage_healed":0,"gold_gain":0,"player_choice":"Gave Gold","damage_taken":0,"max_hp_gain":0,"max_hp_loss":0,"event_name":"Beggar","floor":20,"gold_loss":75},{"damage_healed":0,"gold_gain":0,"player_choice":"Fight","damage_taken":0,"max_hp_gain":0,"max_hp_loss":0,"event_name":"Mysterious Sphere","floor":42,"gold_loss":0},{"damage_healed":0,"gold_gain":0,"player_choice":"Memory 1","damage_taken":0,"max_hp_gain":0,"max_hp_loss":0,"event_name":"SensoryStone","floor":46,"gold_loss":0}],"is_beta":false,"boss_relics":[{"not_picked":["Coffee Dripper","Calling Bell"],"picked":"Empty Cage"},{"not_picked":["Busted Crown","Tiny House"],"picked":"Cursed Key"}],"items_purged_floors":[10,21,37],"is_endless":false,"potions_floor_spawned":[6,8,11,13,14,16,18,19,25,27,28,30,31,33,35,36,38,39,40,42,44,45,48],"ascension_level":15}}