{"host":"81vb4cbob60wa1na","time":1611083451,"event":{"mods":["BaseMod","Dio Mod","Downfall","GifTheSpireLib","Hermit","Highlight Path","Minty Spire (QoL Compilation)","StSLib","The Bug Knight","The Cursed","The Disciple"],"gold_per_floor":[118,118,118,131,155,155,168,204,285,460,460,484,508,321,321,321,321],"floor_reached":16,"language":"ENG","playtime":643,"items_purged":[],"score":102,"play_id":"10ea89b4-ea48-48c7-81b9-4a2a4aa2eac3","local_time":"20210119141051","is_ascension_mode":false,"campfire_choices":[{"data":"HollowMod:QuirrelsAssistance","floor":6,"key":"SMITH"},{"floor":11,"key":"REST"},{"data":"HollowMod:AwokenDreamNail","floor":15,"key":"SMITH"}],"circlet_count":0,"master_deck":["HollowMod:NailStrikeStart","HollowMod:NailStrikeStart","HollowMod:NailStrikeStart","HollowMod:NailStrikeStart","HollowMod:QuickDashStart+1","HollowMod:QuickDashStart","HollowMod:QuickDashStart","HollowMod:QuickDashStart+1","HollowMod:FocusHealStart","HollowMod:PogoStrike","HollowMod:QuirrelsAssistance+1","Injury","Regret","HollowMod:HeavyBlow","HollowMod:DashSlash","HollowMod:QuirrelsAssistance","HollowMod:ElderbugsWisdom","Doubt","HollowMod:PureNailStrike","HollowMod:HowlingWraiths","HollowMod:AwokenDreamNail+1","HollowMod:SoulVessel+1"],"relics":["HollowMod:VesselMask","NeowsBlessing","Golden Idol","Unceasing Top","War Paint","Frozen Egg 2"],"acts_visited":["Exordium"],"potions_floor_usage":[8],"damage_taken":[{"damage":0,"enemies":"Jaw Worm","floor":1,"turns":1},{"damage":0,"enemies":"2 Louse","floor":4,"turns":1},{"damage":0,"enemies":"Small Slimes","floor":5,"turns":1},{"damage":36,"enemies":"Exordium Wildlife","floor":7,"turns":9},{"damage":16,"enemies":"Gremlin Nob","floor":8,"turns":5},{"damage":7,"enemies":"3 Louse","floor":12,"turns":5},{"damage":10,"enemies":"2 Fungi Beasts","floor":13,"turns":5},{"damage":49,"enemies":"The Guardian","floor":16,"turns":6}],"seed_played":"-3697813450610388477","potions_obtained":[{"floor":1,"key":"Energy Potion"},{"floor":7,"key":"Guardian:BlockOnCardUsePotion"},{"floor":12,"key":"SmokeBomb"}],"is_trial":false,"path_per_floor":["M","?","?","M","M","R","M","E","T","?","R","M","M","$","R","B"],"character_chosen":"THE_BUGKNIGHT","items_purchased":["HollowMod:AwokenDreamNail","HollowMod:SoulVessel+1"],"campfire_rested":1,"item_purchase_floors":[14,14],"current_hp_per_floor":[75,75,75,75,75,75,51,41,41,41,63,62,58,58,58,9,9],"gold":321,"neow_bonus":"THREE_ENEMY_KILL","is_daily":false,"chose_seed":false,"campfire_upgraded":2,"win_rate":0.0,"timestamp":1611083451,"path_taken":["M","?","?","M","M","R","M","E","T","?","R","M","M","$","R","BOSS"],"items_purchased_type":["Card","Card"],"build_version":"2020-12-22","purchased_purges":0,"victory":false,"max_hp_per_floor":[75,75,75,75,75,75,75,75,75,75,75,75,75,75,75,75,75],"card_choices":[{"not_picked":["HollowMod:GreatSlash","HollowMod:NewLittleFool"],"picked":"HollowMod:QuirrelsAssistance","floor":1},{"not_picked":["HollowMod:WraithStrike","HollowMod:CycloneSlash"],"picked":"HollowMod:HeavyBlow","floor":4},{"not_picked":["HollowMod:BaldurShell","HollowMod:VengefulSpirit"],"picked":"HollowMod:DashSlash","floor":5},{"not_picked":["HollowMod:HeavyBlow","HollowMod:ChannelNail"],"picked":"HollowMod:QuirrelsAssistance","floor":7},{"not_picked":["HollowMod:HeavyBlow","HollowMod:ShadowDash"],"picked":"HollowMod:ElderbugsWisdom","floor":8},{"not_picked":["HollowMod:RecoilStrike","HollowMod:TaintedHusks"],"picked":"HollowMod:PureNailStrike","floor":12},{"not_picked":["HollowMod:GoodIntentions","HollowMod:DungDefenderAura"],"picked":"HollowMod:HowlingWraiths","floor":13}],"player_experience":269287,"relics_obtained":[{"floor":8,"key":"War Paint"},{"floor":9,"key":"Frozen Egg 2"}],"event_choices":[{"damage_healed":0,"gold_gain":0,"player_choice":"Take Wound","damage_taken":0,"relics_obtained":["Golden Idol"],"max_hp_gain":0,"max_hp_loss":0,"event_name":"Golden Idol","floor":2,"gold_loss":0,"cards_obtained":["Injury"]},{"damage_healed":0,"gold_gain":0,"player_choice":"Box","damage_taken":0,"relics_obtained":["Unceasing Top"],"max_hp_gain":0,"max_hp_loss":0,"event_name":"Big Fish","floor":3,"gold_loss":0,"cards_obtained":["Regret"]},{"damage_healed":0,"gold_gain":175,"player_choice":"AGREE","damage_taken":0,"max_hp_gain":0,"max_hp_loss":0,"event_name":"Liars Game","floor":10,"gold_loss":0,"cards_obtained":["Doubt"]}],"is_beta":false,"boss_relics":[],"items_purged_floors":[],"is_endless":false,"potions_floor_spawned":[1,7,12],"killed_by":"The Guardian","ascension_level":0}}