{"host":"pdsyh71gl8fwuuoe","time":1611041854,"event":{"mods":["AchievementEnabler","Act Like it!","BaseMod","Colored Powertips","Custom Start","Downfall","Highlight Path","Minty Spire (QoL Compilation)","Quick Restart","Relic Stats","StSLib"],"gold_per_floor":[99,110,126,138,138,164,188,30,55,72,72,57,57,73,86,86,86,86],"floor_reached":16,"language":"ENG","playtime":1254,"items_purged":[],"score":118,"play_id":"a7028525-7d36-4875-8b0b-2a5eeaf8c6cd","local_time":"20210119023734","is_ascension_mode":true,"campfire_choices":[{"data":"champ:Taunt","floor":1,"key":"SMITH"},{"data":"champ:StanceDance","floor":13,"key":"SMITH"}],"circlet_count":0,"master_deck":["champ:Strike","champ:Strike","champ:Strike","champ:Strike","champ:Defend","champ:Defend","champ:Defend","champ:Defend","champ:Execute","champ:Taunt+1","champ:GladiatorForm","champ:FlashCut","champ:Endure","champ:BerserkersShout","champ:StanceDance+1","champ:GladiatorStyle","champ:Circumvent","champ:Backstep","champ:GutPunch"],"relics":["champ:ChampionCrown","Ancient Tea Set","Bronze Scales","hexamod:BolsterEngine","StrikeDummy","downfall:BrokenWingStatue"],"acts_visited":["Exordium"],"potions_floor_usage":[6,6,16],"damage_taken":[{"damage":17,"enemies":"Jaw Worm","floor":2,"turns":5},{"damage":10,"enemies":"2 Louse","floor":3,"turns":2},{"damage":26,"enemies":"Cultist","floor":4,"turns":6},{"damage":18,"enemies":"Gremlin Nob","floor":6,"turns":4},{"damage":30,"enemies":"downfall:FleeingMerchant","floor":8,"turns":4},{"damage":66,"enemies":"Lagavulin","floor":9,"turns":7},{"damage":15,"enemies":"2 Fungi Beasts","floor":10,"turns":3},{"damage":5,"enemies":"downfall:FleeingMerchant","floor":12,"turns":4},{"damage":10,"enemies":"Exordium Wildlife","floor":14,"turns":2},{"damage":16,"enemies":"Blue Slaver","floor":15,"turns":4},{"damage":126,"enemies":"DF_ARCHETYPE_STREAMLINE","floor":16,"turns":14}],"seed_played":"-105465334733509366","potions_obtained":[{"floor":3,"key":"champ:CounterPotion"},{"floor":4,"key":"AttackPotion"},{"floor":6,"key":"PowerPotion"},{"floor":10,"key":"SmokeBomb"},{"floor":14,"key":"champ:OpenerPotion"},{"floor":15,"key":"FearPotion"}],"is_trial":false,"path_per_floor":["R","M","M","M","?","E","T","$","E","M","?","$","R","M","M","B"],"character_chosen":"THE_CHAMP","items_purchased":["hexamod:BolsterEngine"],"campfire_rested":0,"item_purchase_floors":[8],"current_hp_per_floor":[81,74,74,68,73,70,70,70,54,54,54,54,54,54,53,0,0,0],"gold":86,"neow_bonus":"THREE_RARE_CARDS","is_daily":false,"chose_seed":false,"campfire_upgraded":2,"win_rate":0.0,"timestamp":1611041854,"path_taken":["R","M","M","M","?","E","T","$","E","M","?","$","R","M","M","BOSS"],"items_purchased_type":["Relic"],"build_version":"2020-12-22","purchased_purges":0,"victory":false,"max_hp_per_floor":[81,81,81,81,86,86,86,86,86,86,86,86,86,86,86,86,86,86],"relic_stats":{"counters":[11,55],"Bronze Scales":[84],"obtain_stats":[{"downfall:BrokenWingStatue":11,"Bronze Scales":7,"champ:ChampionCrown":0,"hexamod:BolsterEngine":8,"Ancient Tea Set":6,"StrikeDummy":9},{"downfall:BrokenWingStatue":7,"Bronze Scales":4,"champ:ChampionCrown":0,"hexamod:BolsterEngine":5,"Ancient Tea Set":4,"StrikeDummy":6},{"downfall:BrokenWingStatue":31,"Bronze Scales":17,"champ:ChampionCrown":0,"hexamod:BolsterEngine":21,"Ancient Tea Set":17,"StrikeDummy":28}]},"card_choices":[{"not_picked":["champ:EnchantSword","champ:SwordThrow"],"picked":"champ:GladiatorForm","floor":0},{"not_picked":["champ:BringItOn","champ:Shatter"],"picked":"champ:FlashCut","floor":2},{"not_picked":["champ:Haymaker","champ:EndlessRage"],"picked":"champ:Endure","floor":3},{"not_picked":["champ:Endure","champ:FocusedBerserking"],"picked":"champ:BerserkersShout","floor":4},{"not_picked":["champ:CrookedStrike","champ:EnchantSword"],"picked":"champ:StanceDance","floor":6},{"not_picked":["champ:FocusedBerserking","champ:BladeFlurry"],"picked":"champ:GladiatorStyle","floor":8},{"not_picked":["champ:SetATrap","champ:FlashCut"],"picked":"champ:Circumvent","floor":9},{"not_picked":["champ:DefensiveShout","champ:EndlessRage"],"picked":"champ:Backstep","floor":10},{"not_picked":["champ:Backstep","champ:RisingSlash","champ:FaceSlap"],"picked":"SKIP","floor":12},{"not_picked":["champ:SetATrap","champ:FlashCut","champ:CalledShot"],"picked":"SKIP","floor":14},{"not_picked":["champ:FanOfKnives","champ:CrownThrow"],"picked":"champ:GutPunch","floor":15}],"player_experience":675084,"relics_obtained":[{"floor":6,"key":"Ancient Tea Set"},{"floor":7,"key":"Bronze Scales"},{"floor":9,"key":"StrikeDummy"}],"event_choices":[{"damage_healed":0,"gold_gain":0,"player_choice":"Donut","damage_taken":0,"max_hp_gain":5,"max_hp_loss":0,"event_name":"Big Fish","floor":5,"gold_loss":0}],"is_beta":false,"boss_relics":[],"items_purged_floors":[],"is_endless":false,"potions_floor_spawned":[3,4,6,10,14,15],"killed_by":"DF_ARCHETYPE_STREAMLINE","ascension_level":1}}