{"host":"f5mjulaw5aqlqmd7","time":1611088873,"event":{"mods":["Act Like it!","BaseMod","Colored Map","GifTheSpireLib","Hallownest","Minty Spire (QoL Compilation)","StSLib","The Bug Knight"],"gold_per_floor":[114,134,81,93,93,93,125,137,137,137,153,164,164,182,182,182,182],"floor_reached":16,"language":"ENG","playtime":897,"items_purged":[],"score":104,"play_id":"79114187-c1a1-49d5-8ec5-28868ba7aa6f","local_time":"20210119154113","is_ascension_mode":false,"campfire_choices":[{"data":"HollowMod:ShadowDash","floor":6,"key":"SMITH"},{"floor":15,"key":"REST"}],"circlet_count":0,"master_deck":["HollowMod:NailStrikeStart","HollowMod:NailStrikeStart","HollowMod:NailStrikeStart","HollowMod:NailStrikeStart","HollowMod:QuickDashStart","HollowMod:QuickDashStart","HollowMod:QuickDashStart","HollowMod:QuickDashStart","HollowMod:FocusHealStart","HollowMod:PogoStrike","HollowMod:DescendingDark","HollowMod:PerfectDash","HollowMod:SiblingsSouls","HollowMod:ShadowDash+1","HollowMod:CycloneSlash","HollowMod:SharpenedShadows","HollowMod:CycloneSlash","HollowMod:HuntersJournal","HollowMod:SoulMaster","HollowMod:DoubleDash"],"relics":["HollowMod:VesselMask","NeowsBlessing","HollowMod:QueensCombRelic","Lizard Tail"],"acts_visited":["Exordium"],"potions_floor_usage":[],"damage_taken":[{"damage":0,"enemies":"Cultist","floor":1,"turns":1},{"damage":0,"enemies":"Small Slimes","floor":2,"turns":1},{"damage":0,"enemies":"2 Louse","floor":4,"turns":1},{"damage":38,"enemies":"Gremlin Nob","floor":7,"turns":6},{"damage":8,"enemies":"Exordium Wildlife","floor":8,"turns":3},{"damage":16,"enemies":"Exordium Thugs","floor":11,"turns":4},{"damage":23,"enemies":"Lots of Slimes","floor":12,"turns":3},{"damage":9,"enemies":"2 Fungi Beasts","floor":14,"turns":2},{"damage":48,"enemies":"Hexaghost","floor":16,"turns":10}],"seed_played":"-807844157555769005","potions_obtained":[{"floor":4,"key":"Block Potion"},{"floor":7,"key":"Block Potion"},{"floor":14,"key":"AttackPotion"}],"is_trial":false,"path_per_floor":["M","M","$","M","?","R","E","M","T","$","M","M","$","M","R","B"],"character_chosen":"THE_BUGKNIGHT","items_purchased":["HollowMod:SiblingsSouls"],"campfire_rested":1,"item_purchase_floors":[3],"current_hp_per_floor":[75,75,75,75,75,75,37,33,33,33,21,2,2,25,40,0,0],"gold":182,"neow_bonus":"THREE_ENEMY_KILL","is_daily":false,"chose_seed":false,"campfire_upgraded":1,"win_rate":0.0,"timestamp":1611088873,"path_taken":["M","M","$","?","?","R","E","M","T","$","M","M","?","M","R","BOSS"],"items_purchased_type":["Card"],"build_version":"2020-12-22","purchased_purges":0,"victory":false,"max_hp_per_floor":[75,75,75,75,75,75,50,50,50,50,50,50,50,50,50,50,50],"card_choices":[{"not_picked":["HollowMod:SiblingsSouls","HollowMod:CloakDash"],"picked":"HollowMod:DescendingDark","floor":1},{"not_picked":["HollowMod:InfectedAttack","HollowMod:DungDefenderAura"],"picked":"HollowMod:PerfectDash","floor":2},{"not_picked":["HollowMod:MonomonsArchive","HollowMod:HeavyBlow"],"picked":"HollowMod:ShadowDash","floor":4},{"not_picked":["HollowMod:ZotesMagnificence","HollowMod:SoulStrike"],"picked":"HollowMod:SharpenedShadows","floor":7},{"not_picked":["HollowMod:SharpenedNail","HollowMod:CornifersMapStart"],"picked":"HollowMod:CycloneSlash","floor":8},{"not_picked":["HollowMod:NewJinnsSoul","HollowMod:HowlingWraiths"],"picked":"HollowMod:HuntersJournal","floor":11},{"not_picked":["HollowMod:LifebloodCocoon","HollowMod:SharpenedNail"],"picked":"HollowMod:SoulMaster","floor":12},{"not_picked":["HollowMod:FallenFury","HollowMod:LifebloodCocoon"],"picked":"HollowMod:DoubleDash","floor":14}],"player_experience":59543,"relics_obtained":[{"floor":7,"key":"HollowMod:QueensCombRelic"},{"floor":9,"key":"Lizard Tail"}],"event_choices":[{"damage_healed":0,"gold_gain":0,"player_choice":"1 cards matched","damage_taken":0,"max_hp_gain":0,"max_hp_loss":0,"event_name":"Match and Keep!","floor":5,"gold_loss":0,"cards_obtained":["HollowMod:CycloneSlash"]}],"is_beta":false,"boss_relics":[],"items_purged_floors":[],"is_endless":false,"potions_floor_spawned":[4,7,14],"killed_by":"Hexaghost","ascension_level":0}}