{"host":"x5f1tqaeuayhyra6","time":1611019950,"event":{"mods":["BaseMod","Card Filter","CatGirl Mod","Colored Map","Custom Start","Downfall","GifTheSpireLib","Halation","Hubris","Infinite Spire","Marisa????????","Minty Spire (QoL Compilation)","Random Character Button","Relic Filter","StSLib","The Administrix","The Animator","The Construct","The Cursed","The Disciple","The Runesmith"],"gold_per_floor":[110,110,110,36,52,52,81,13,38,66,66,121,154,165,165,266,266,278,278,278,297,316,316,333,364,364,364,364,364],"floor_reached":28,"language":"ENG","playtime":2061,"items_purged":[],"score":293,"play_id":"90cde20d-a5df-4241-baee-d68c173ae5d5","local_time":"20210118223230","is_ascension_mode":true,"campfire_choices":[{"data":"infinitespire:Starlight","floor":6,"key":"SMITH"},{"data":"theCatGirl:PilingErrors","floor":11,"key":"SMITH"},{"floor":15,"key":"REST"},{"floor":23,"key":"RECALL"}],"circlet_count":0,"master_deck":["theCatGirl:Strike","theCatGirl:Strike","theCatGirl:Strike","theCatGirl:Defend","theCatGirl:Defend","theCatGirl:Defend","theCatGirl:Defend","theCatGirl:ClawStrike","theCatGirl:Evasion","theCatGirl:LostTrinket","infinitespire:Starlight+1","theCatGirl:GoddessOfMisfortune","theCatGirl:Meow","theCatGirl:PerfectBlock","theCatGirl:PilingErrors+1","theCatGirl:Slip","theCatGirl:TryingMyBest","theCatGirl:SearchBackpack","theCatGirl:TripLunge","theCatGirl:BleedingWounds","theCatGirl:Meow","theCatGirl:ShockedWitness","theCatGirl:Prepared","theCatGirl:ChangeOfPlans","theCatGirl:GoddessOfMisfortune"],"relics":["theCatGirl:TrainedRelic","NeowsBlessing","halation:StarCompass","Boot","infinitespire:Satchel","Runesmith:Nanobots","Philosopher\u0027s Stone","halation:YellowSoulGem","NlothsMask","hubris:MysteriousPyramids"],"acts_visited":["Exordium","TheCity"],"potions_floor_usage":[10,10,21,22,28],"damage_taken":[{"damage":0,"enemies":"Cultist","floor":1,"turns":1},{"damage":0,"enemies":"Small Slimes","floor":5,"turns":1},{"damage":0,"enemies":"Gremlin Nob","floor":7,"turns":1},{"damage":11,"enemies":"Lagavulin","floor":10,"turns":8},{"damage":37,"enemies":"3 Sentries","floor":12,"turns":12},{"damage":39,"enemies":"3 Sentries","floor":13,"turns":10},{"damage":0,"enemies":"Jaw Worm","floor":14,"turns":5},{"damage":22,"enemies":"Hexaghost","floor":16,"turns":9},{"damage":41,"enemies":"2 Thieves","floor":18,"turns":5},{"damage":3,"enemies":"Chosen","floor":21,"turns":5},{"damage":26,"enemies":"Sentry and Sphere","floor":22,"turns":5},{"damage":28,"enemies":"Centurion and Healer","floor":24,"turns":8},{"damage":75,"enemies":"Slavers","floor":25,"turns":8},{"damage":51,"enemies":"Book of Stabbing","floor":28,"turns":7}],"seed_played":"1282811566766244242","potions_obtained":[{"floor":5,"key":"LiquidMemories"},{"floor":7,"key":"BlessingOfTheForge"},{"floor":10,"key":"FairyPotion"},{"floor":18,"key":"AttackPotion"},{"floor":21,"key":"Explosive Potion"},{"floor":22,"key":"Weak Potion"}],"is_trial":false,"path_per_floor":["M","?","?","$","M","R","E","$","T","E","R","?","E","M","R","B",null,"M","?","?","M","M","R","M","E","T","?","E"],"character_chosen":"THE_CATGIRL","items_purchased":["theCatGirl:GoddessOfMisfortune","theCatGirl:PilingErrors"],"campfire_rested":1,"item_purchase_floors":[4,8],"current_hp_per_floor":[70,54,54,54,64,64,64,64,64,59,59,33,9,24,45,38,70,44,44,44,56,44,44,42,21,21,21,0,0],"gold":364,"neow_bonus":"THREE_ENEMY_KILL","is_daily":false,"chose_seed":false,"campfire_upgraded":2,"win_rate":0.0,"timestamp":1611019950,"path_taken":["M","?","?","?","M","R","E","$","T","E","R","?","E","M","R","BOSS","M","?","?","M","?","R","M","E","T","?","E"],"items_purchased_type":["Card","Card"],"build_version":"2020-12-22","purchased_purges":0,"victory":false,"max_hp_per_floor":[70,70,70,70,70,70,70,70,70,70,70,70,70,70,70,70,70,70,70,70,70,70,70,70,70,70,70,70,70],"card_choices":[{"not_picked":["theCatGirl:RunningWithDaggers","theCatGirl:QuickStrike"],"picked":"theCatGirl:LostTrinket","floor":1},{"not_picked":["hubris:Rewind","infinitespire:Execution"],"picked":"infinitespire:Starlight","floor":2},{"not_picked":["theCatGirl:Growl","theCatGirl:SmellFear"],"picked":"theCatGirl:Meow","floor":5},{"not_picked":["theCatGirl:ComboAttack","theCatGirl:AccidentalSlap"],"picked":"theCatGirl:PerfectBlock","floor":7},{"not_picked":["theCatGirl:SpinningStrike","theCatGirl:Stalk"],"picked":"theCatGirl:Slip","floor":10},{"not_picked":["theCatGirl:ComboAttack","theCatGirl:ElegantStrike"],"picked":"theCatGirl:TryingMyBest","floor":12},{"not_picked":["theCatGirl:ExtremeSpeed","theCatGirl:DefensiveStance"],"picked":"theCatGirl:SearchBackpack","floor":13},{"not_picked":["theCatGirl:Stalk","theCatGirl:KeepAlert"],"picked":"theCatGirl:TripLunge","floor":14},{"not_picked":["theCatGirl:AdventurersInsight","theCatGirl:AccidentalHeadbutt"],"picked":"theCatGirl:BleedingWounds","floor":16},{"not_picked":["theCatGirl:ClawScratch","theCatGirl:ScratchFlurry"],"picked":"theCatGirl:Meow","floor":18},{"not_picked":["theCatGirl:LuckyBlow","theCatGirl:AccidentalSlap"],"picked":"theCatGirl:ShockedWitness","floor":21},{"not_picked":["theCatGirl:AllIn+1","theCatGirl:ExtremeSpeed"],"picked":"theCatGirl:Prepared","floor":22},{"not_picked":["theCatGirl:EmergencyParry+1","theCatGirl:PilingErrors"],"picked":"theCatGirl:ChangeOfPlans","floor":24},{"not_picked":["theCatGirl:PilingErrors+1","theCatGirl:AllIn"],"picked":"theCatGirl:GoddessOfMisfortune","floor":25}],"player_experience":196124,"relics_obtained":[{"floor":7,"key":"Boot"},{"floor":13,"key":"Runesmith:Nanobots"},{"floor":25,"key":"hubris:MysteriousPyramids"}],"event_choices":[{"damage_healed":0,"gold_gain":0,"player_choice":"Searched \u00273\u0027 times","damage_taken":0,"relics_obtained":["infinitespire:Satchel"],"max_hp_gain":0,"max_hp_loss":0,"event_name":"Dead Adventurer","floor":12,"gold_loss":0},{"damage_healed":0,"gold_gain":0,"player_choice":"Trade","damage_taken":0,"relics_obtained":["NlothsMask"],"max_hp_gain":0,"max_hp_loss":0,"event_name":"FaceTrader","floor":20,"gold_loss":0},{"cards_removed":["theCatGirl:Strike"],"damage_healed":0,"gold_gain":0,"player_choice":"Purged","damage_taken":0,"max_hp_gain":0,"max_hp_loss":0,"event_name":"Purifier","floor":27,"gold_loss":0}],"is_beta":false,"boss_relics":[{"not_picked":["Runic Pyramid","halation:Risk"],"picked":"Philosopher\u0027s Stone"}],"items_purged_floors":[],"is_endless":false,"potions_floor_spawned":[5,7,10,18,21,22],"killed_by":"Book of Stabbing","ascension_level":1}}