{"host":"v4pe0ixo3k7iwzp0","time":1611046912,"event":{"mods":["Ascension Reborn","BaseMod","Bestiary","Highlight Path","Minty Spire (QoL Compilation)","StSLib","The Marked"],"gold_per_floor":[112,123,139,153,163,194,194,369,396,411,411,443,41,106,106,204,204,218,238,255,267,16,48,48,59,83,96,123,123,140,65,65,168,168,187,187,92,106,0,0,18,18,43,55,67,90,102,125,137,149],"floor_reached":51,"language":"ENG","playtime":4170,"items_purged":["Strike_G","Strike_G"],"score":668,"play_id":"728462f9-a133-42d5-b256-82fbc1f90457","local_time":"20210119010152","is_ascension_mode":true,"campfire_choices":[{"floor":7,"key":"REST"},{"floor":11,"key":"REST"},{"floor":15,"key":"REST"},{"floor":24,"key":"REST"},{"floor":32,"key":"REST"},{"floor":40,"key":"REST"},{"floor":42,"key":"REST"},{"floor":44,"key":"REST"},{"floor":47,"key":"REST"},{"floor":49,"key":"REST"}],"circlet_count":0,"master_deck":["Strike_G","Strike_G","Defend_G","Defend_G","Defend_G","Defend_G","Defend_G","Survivor","Neutralize","Underhanded Strike","Heel Hook","Prepared","Slice","Dagger Throw","Deflect","Sucker Punch","Footwork","Apotheosis","Tools of the Trade","Underhanded Strike","Finisher","Acrobatics","Dagger Throw+1","Slice+1","Envenom","Slice","Trip","Bane+1","Blind","Distraction","Slice"],"relics":["Ring of the Snake","Omamori","Centennial Puzzle","Bag of Preparation","Fusion Hammer","Happy Flower","Lantern","Boot","Mango","SlaversCollar","Red Mask","MawBank"],"acts_visited":["Exordium","TheCity","TheBeyond"],"potions_floor_usage":[6,6,16,18,20,33,35,38,48,50,50,50],"damage_taken":[{"damage":3,"enemies":"Small Slimes","floor":1,"turns":5},{"damage":1,"enemies":"Jaw Worm","floor":2,"turns":3},{"damage":0,"enemies":"2 Louse","floor":3,"turns":3},{"damage":4,"enemies":"Exordium Wildlife","floor":4,"turns":5},{"damage":8,"enemies":"2 Fungi Beasts","floor":5,"turns":4},{"damage":33,"enemies":"Gremlin Nob","floor":6,"turns":6},{"damage":2,"enemies":"Lots of Slimes","floor":10,"turns":3},{"damage":26,"enemies":"Lagavulin","floor":12,"turns":6},{"damage":5,"enemies":"The Guardian","floor":16,"turns":13},{"damage":0,"enemies":"Chosen","floor":18,"turns":4},{"damage":2,"enemies":"3 Byrds","floor":19,"turns":5},{"damage":4,"enemies":"Snecko","floor":20,"turns":5},{"damage":2,"enemies":"Cultist and Chosen","floor":21,"turns":6},{"damage":21,"enemies":"Gremlin Leader","floor":23,"turns":6},{"damage":7,"enemies":"Snake Plant","floor":25,"turns":4},{"damage":0,"enemies":"3 Cultists","floor":27,"turns":4},{"damage":1,"enemies":"Book of Stabbing","floor":28,"turns":5},{"damage":1,"enemies":"Centurion and Healer","floor":30,"turns":6},{"damage":37,"enemies":"Automaton","floor":33,"turns":9},{"damage":29,"enemies":"3 Darklings","floor":35,"turns":5},{"damage":4,"enemies":"3 Shapes","floor":38,"turns":3},{"damage":2,"enemies":"Maw","floor":41,"turns":5},{"damage":19,"enemies":"Writhing Mass","floor":46,"turns":5},{"damage":18,"enemies":"Jaw Worm Horde","floor":48,"turns":5},{"damage":82,"enemies":"Awakened One","floor":50,"turns":18}],"seed_played":"-5699925698565178779","potions_obtained":[{"floor":4,"key":"SpeedPotion"},{"floor":5,"key":"Dexterity Potion"},{"floor":6,"key":"Fire Potion"},{"floor":10,"key":"Fire Potion"},{"floor":12,"key":"Energy Potion"},{"floor":18,"key":"EntropicBrew"},{"floor":25,"key":"Ancient Potion"},{"floor":27,"key":"SpeedPotion"},{"floor":41,"key":"Fire Potion"},{"floor":48,"key":"PowerPotion"}],"is_trial":false,"path_per_floor":["M","M","M","M","M","E","R","?","T","M","R","E","$","?","R","B",null,"M","M","M","M","$","E","R","M","T","M","E","?","M","?","R","B",null,"M","?","$","M","?","R","M","R","T","R","?","M","R","M","R","B",null],"character_chosen":"THE_SILENT","items_purchased":["Footwork","Apotheosis","GamblersBrew","Happy Flower","Trip"],"campfire_rested":10,"item_purchase_floors":[13,13,13,22,37],"current_hp_per_floor":[74,73,73,69,61,28,51,51,51,49,72,46,46,46,69,64,77,77,75,71,69,69,48,71,64,64,64,77,77,76,76,91,54,91,62,62,62,58,58,85,83,91,91,91,91,72,91,73,91,9],"gold":161,"neow_bonus":"TEN_PERCENT_HP_BONUS","is_daily":false,"chose_seed":false,"campfire_upgraded":0,"win_rate":0.0,"timestamp":1611046912,"path_taken":["M","M","M","M","M","E","R","?","T","M","R","E","$","?","R","BOSS","M","M","M","M","$","E","R","M","T","M","E","?","M","?","R","BOSS","M","?","$","M","?","R","M","R","T","R","?","M","R","M","R","BOSS"],"items_purchased_type":["Card","Card","Potion","Relic","Card"],"build_version":"2020-12-22","purchased_purges":2,"victory":true,"max_hp_per_floor":[77,77,77,77,77,77,77,77,77,77,77,77,77,77,77,77,77,77,77,77,77,77,77,77,77,77,77,91,91,91,91,91,91,91,91,91,91,91,91,91,91,91,91,91,91,91,91,91,91,91],"card_choices":[{"not_picked":["Dagger Spray","Acrobatics"],"picked":"Underhanded Strike","floor":1},{"not_picked":["Choke","Backflip"],"picked":"Heel Hook","floor":2},{"not_picked":["Eviscerate","Noxious Fumes"],"picked":"Prepared","floor":3},{"not_picked":["Terror","Bouncing Flask","Endless Agony"],"picked":"SKIP","floor":4},{"not_picked":["Outmaneuver","Dash"],"picked":"Slice","floor":5},{"not_picked":["Deflect","Dodge and Roll"],"picked":"Dagger Throw","floor":6},{"not_picked":["Outmaneuver","Prepared"],"picked":"Deflect","floor":10},{"not_picked":["Crippling Poison","Predator"],"picked":"Sucker Punch","floor":12},{"not_picked":["Venomology","Burst"],"picked":"Tools of the Trade","floor":16},{"not_picked":["Bane","Quick Slash"],"picked":"Underhanded Strike","floor":18},{"not_picked":["Deflect","Dash"],"picked":"Acrobatics","floor":19},{"not_picked":["Sucker Punch","Deadly Poison","Endless Agony"],"picked":"SKIP","floor":20},{"not_picked":["Quick Slash","PiercingWail"],"picked":"Finisher","floor":21},{"not_picked":["Eviscerate","Choke"],"picked":"Acrobatics","floor":23},{"not_picked":["Burst","Flying Knee","Crippling Poison"],"picked":"SKIP","floor":25},{"not_picked":["Outmaneuver","Flechettes"],"picked":"Dagger Throw+1","floor":27},{"not_picked":["Dash","Distraction","Poisoned Stab"],"picked":"SKIP","floor":28},{"not_picked":["Blade Dance","Backflip"],"picked":"Slice+1","floor":30},{"not_picked":["Doppelganger","Glass Knife"],"picked":"Envenom","floor":33},{"not_picked":["Blade Dance+1","Deadly Poison"],"picked":"Slice","floor":35},{"not_picked":["Prepared+1","Quick Slash","Sucker Punch"],"picked":"SKIP","floor":38},{"not_picked":["Terror+1","Masterful Stab"],"picked":"Bane+1","floor":41},{"not_picked":["Impatience","Chrysalis"],"picked":"Blind","floor":45},{"not_picked":["Cloak And Dagger","Poisoned Stab"],"picked":"Distraction","floor":46},{"not_picked":["Cloak And Dagger","Deadly Poison+1"],"picked":"Slice","floor":48}],"player_experience":148351,"relics_obtained":[{"floor":6,"key":"Omamori"},{"floor":9,"key":"Centennial Puzzle"},{"floor":12,"key":"Bag of Preparation"},{"floor":23,"key":"Lantern"},{"floor":26,"key":"Boot"},{"floor":28,"key":"Mango"},{"floor":43,"key":"MawBank"}],"event_choices":[{"damage_healed":0,"gold_gain":175,"player_choice":"AGREE","damage_taken":0,"max_hp_gain":0,"max_hp_loss":0,"event_name":"Liars Game","floor":8,"gold_loss":0,"cards_obtained":["Doubt"]},{"damage_healed":0,"gold_gain":65,"player_choice":"Gained Gold","damage_taken":0,"max_hp_gain":0,"max_hp_loss":0,"event_name":"Golden Wing","floor":14,"gold_loss":0},{"damage_healed":0,"gold_gain":0,"player_choice":"Ignored","damage_taken":0,"max_hp_gain":0,"max_hp_loss":0,"event_name":"Vampires","floor":29,"gold_loss":0},{"cards_removed":["Strike_G"],"damage_healed":0,"gold_gain":0,"player_choice":"Gave Gold","damage_taken":0,"max_hp_gain":0,"max_hp_loss":0,"event_name":"Beggar","floor":31,"gold_loss":75},{"cards_removed":["Acrobatics"],"damage_healed":0,"gold_gain":0,"player_choice":"Removed Skill","damage_taken":0,"max_hp_gain":0,"max_hp_loss":0,"event_name":"Falling","floor":36,"gold_loss":0},{"damage_healed":0,"gold_gain":0,"player_choice":"Paid","damage_taken":0,"relics_obtained":["Red Mask"],"max_hp_gain":0,"max_hp_loss":0,"event_name":"Tomb of Lord Red Mask","floor":39,"gold_loss":106},{"damage_healed":0,"gold_gain":0,"player_choice":"Memory 1","damage_taken":0,"max_hp_gain":0,"max_hp_loss":0,"event_name":"SensoryStone","floor":45,"gold_loss":0}],"is_beta":false,"boss_relics":[{"not_picked":["Astrolabe","Tiny House"],"picked":"Fusion Hammer"},{"not_picked":["Coffee Dripper","Runic Pyramid"],"picked":"SlaversCollar"}],"items_purged_floors":[13,22],"is_endless":false,"potions_floor_spawned":[4,5,6,10,12,18,25,27,28,30,33,35,41,48],"ascension_level":-1}}