{"host":"37ccm3d17clopct7","time":1611047870,"event":{"mods":["BaseMod","Lobotomy","Minty Spire (QoL Compilation)","StSLib","The Bug Knight","The Cursed","The Hierophant","The Runesmith"],"gold_per_floor":[111,127,127,127,15,15,31,47,47,47,73,92,92,109,109,109,109],"floor_reached":16,"language":"KOR","playtime":833,"items_purged":["TheCursedMod:Defend_TheCursed"],"score":92,"play_id":"52b191ac-1eac-4e06-8399-d1cdb8c3db81","local_time":"20210119181750","is_ascension_mode":false,"campfire_choices":[{"data":"TheCursedMod:SpitefulPray","floor":6,"key":"SMITH"},{"data":"TheCursedMod:CursedWand","floor":10,"key":"SMITH"},{"floor":13,"key":"REST"},{"floor":15,"key":"REST"}],"circlet_count":0,"master_deck":["TheCursedMod:Strike_TheCursed","TheCursedMod:Strike_TheCursed","TheCursedMod:Strike_TheCursed","TheCursedMod:Strike_TheCursed","TheCursedMod:Defend_TheCursed","TheCursedMod:Defend_TheCursed","TheCursedMod:Defend_TheCursed","TheCursedMod:CursedWand+1","TheCursedMod:CleanUpWorkshop","OldLady","TheCursedMod:ManaBullet","Wellcheers","TheCursedMod:CursedStaff","TheCursedMod:SpitefulPray+1","OSAHOGD","TheCursedMod:Stretching","TheCursedMod:CursedAmulet","TheCursedMod:Neurasthenia","Bloodbath","TheCursedMod:ManaBullet","BeautyBeast","TheCursedMod:RapidMovement"],"relics":["TheCursedMod:BlackMagic101","CogitoBucket","Blood Vial","Odd Mushroom","HellTrain"],"acts_visited":["Exordium"],"potions_floor_usage":[16],"damage_taken":[{"damage":0,"enemies":"Small Slimes","floor":1,"turns":3},{"damage":2,"enemies":"2 Louse","floor":2,"turns":3},{"damage":3,"enemies":"Jaw Worm","floor":7,"turns":2},{"damage":8,"enemies":"3 Louse","floor":8,"turns":2},{"damage":8,"enemies":"The Mushroom Lair","floor":11,"turns":4},{"damage":48,"enemies":"Blue Slaver","floor":12,"turns":4},{"damage":26,"enemies":"Lots of Slimes","floor":14,"turns":5},{"damage":74,"enemies":"Slime Boss","floor":16,"turns":5}],"seed_played":"-5229596377902726965","potions_obtained":[{"floor":1,"key":"DuplicationPotion"},{"floor":8,"key":"PowerPotion"},{"floor":14,"key":"BlessingOfTheForge"}],"is_trial":false,"path_per_floor":["M","M","?","?","$","R","M","M","T","R","?","M","R","M","R","B"],"character_chosen":"THE_CURSED","items_purchased":["TheCursedMod:SpitefulPray"],"campfire_rested":2,"item_purchase_floors":[5],"current_hp_per_floor":[75,73,73,73,73,73,73,65,65,65,59,15,37,17,39,0,0],"gold":109,"neow_bonus":"","is_daily":false,"chose_seed":false,"campfire_upgraded":2,"win_rate":0.0,"timestamp":1611047870,"path_taken":["M","M","?","?","$","R","M","M","T","R","?","M","R","M","R","BOSS"],"items_purchased_type":["Card"],"build_version":"2020-12-22","purchased_purges":1,"victory":false,"max_hp_per_floor":[75,75,75,75,75,75,75,75,75,75,75,75,75,75,75,75,75],"card_choices":[{"not_picked":["DreamingCurrent","Wellcheers"],"picked":"OldLady","floor":1},{"not_picked":["TheCursedMod:Torture","TheCursedMod:RavingStaff"],"picked":"TheCursedMod:ManaBullet","floor":1},{"not_picked":["Alriune","SpiderBud"],"picked":"Wellcheers","floor":2},{"not_picked":["TheCursedMod:CircleOfFocus","TheCursedMod:SpitefulPlan"],"picked":"TheCursedMod:CursedStaff","floor":2},{"not_picked":["DespairKnight","PunishingBird"],"picked":"OSAHOGD","floor":7},{"not_picked":["TheCursedMod:CircleOfBlood","TheCursedMod:VitalStrike"],"picked":"TheCursedMod:Stretching","floor":7},{"not_picked":["TheCursedMod:SmokeScreen","TheCursedMod:CursedShiv"],"picked":"TheCursedMod:CursedAmulet","floor":8},{"not_picked":["TheCursedMod:RavingStaff","TheCursedMod:Obscuration"],"picked":"TheCursedMod:Neurasthenia","floor":11},{"not_picked":["LittleHelper","Scorched"],"picked":"Bloodbath","floor":12},{"not_picked":["TheCursedMod:BloodBarrier","TheCursedMod:CursedAmulet"],"picked":"TheCursedMod:ManaBullet","floor":12},{"not_picked":["PunishingBird","VoidDream"],"picked":"BeautyBeast","floor":14},{"not_picked":["TheCursedMod:VitalStrike","TheCursedMod:SoulCrush"],"picked":"TheCursedMod:RapidMovement","floor":14}],"player_experience":72208,"relics_obtained":[{"floor":9,"key":"Blood Vial"},{"floor":11,"key":"Odd Mushroom"}],"event_choices":[{"damage_healed":0,"gold_gain":0,"player_choice":"Ignored","damage_taken":0,"max_hp_gain":0,"max_hp_loss":0,"event_name":"Shining Light","floor":3,"gold_loss":0},{"damage_healed":0,"gold_gain":0,"player_choice":"Ignored","damage_taken":0,"max_hp_gain":0,"max_hp_loss":0,"event_name":"Golden Idol","floor":4,"gold_loss":0},{"damage_healed":0,"gold_gain":0,"player_choice":"Fought Mushrooms","damage_taken":0,"max_hp_gain":0,"max_hp_loss":0,"event_name":"Mushrooms","floor":11,"gold_loss":0}],"is_beta":false,"boss_relics":[],"items_purged_floors":[5],"is_endless":false,"potions_floor_spawned":[1,8,14],"killed_by":"Slime Boss","ascension_level":0}}