{"host":"Qube","time":1611031154,"event":{"mods":["AchievementEnabler","BaseMod","Colored Map","Colored Powertips","Highlight Path","Minty Spire (QoL Compilation)","Permanent Neow","Quick Restart","Random Character Button","StSLib"],"gold_per_floor":[168,179,196,246,266,292,292,317,317,337,337,369,32,60,60,134,134,153,153,22,22,22,22,57,57,57,74,124,124,24,54,54,132,132,145,170,170,170,45,45,65,65,133,146,146,146],"floor_reached":45,"language":"ENG","playtime":1882,"items_purged":["Strike_G","Decay","Strike_G"],"score":1025,"play_id":"dd327f0b-b235-4053-b226-f3981e6ad688","local_time":"20210118203914","is_ascension_mode":true,"campfire_choices":[{"floor":7.0,"key":"REST"},{"floor":11.0,"key":"REST"},{"data":"Noxious Fumes","floor":15.0,"key":"SMITH"},{"data":"Corpse Explosion","floor":23.0,"key":"SMITH"},{"data":"Deadly Poison","floor":25.0,"key":"SMITH"},{"data":"After Image","floor":29.0,"key":"SMITH"},{"floor":32.0,"key":"REST"},{"data":"Acrobatics","floor":40,"key":"SMITH"},{"data":"Madness","floor":42,"key":"SMITH"}],"circlet_count":0,"master_deck":["AscendersBane","Strike_G","Strike_G","Strike_G","Defend_G+1","Defend_G","Defend_G","Defend_G","Defend_G","Survivor","Neutralize","Leg Sweep","Acrobatics+1","Riddle With Holes","Unload","Dagger Throw","Leg Sweep","Terror","Poisoned Stab","Deflect","Noxious Fumes+1","Deadly Poison","Corpse Explosion+1","Predator","Adrenaline+1","Poisoned Stab","Deadly Poison+1","After Image+1","Bouncing Flask","Phantasmal Killer","Madness","Madness+1","Clumsy"],"relics":["Tiny House","Snake Skull","Bottled Lightning","Eternal Feather","Pear","Prayer Wheel","Cursed Key","Bag of Marbles","Bottled Flame","Potion Belt","Calling Bell","Dream Catcher","Kunai","Gambling Chip","The Specimen","Ninja Scroll"],"acts_visited":["Exordium","TheCity","TheBeyond"],"potions_floor_usage":[],"damage_taken":[{"damage":0.0,"enemies":"Small Slimes","floor":1.0,"turns":5.0},{"damage":0.0,"enemies":"Cultist","floor":2.0,"turns":4.0},{"damage":8.0,"enemies":"Jaw Worm","floor":3.0,"turns":7.0},{"damage":0.0,"enemies":"2 Fungi Beasts","floor":5.0,"turns":6.0},{"damage":27.0,"enemies":"Lagavulin","floor":6.0,"turns":10.0},{"damage":32.0,"enemies":"Gremlin Nob","floor":8.0,"turns":4.0},{"damage":6.0,"enemies":"Large Slime","floor":10.0,"turns":8.0},{"damage":14.0,"enemies":"3 Sentries","floor":12.0,"turns":9.0},{"damage":14.0,"enemies":"Lagavulin","floor":14.0,"turns":7.0},{"damage":31.0,"enemies":"The Guardian","floor":16.0,"turns":8.0},{"damage":15.0,"enemies":"Shell Parasite","floor":18.0,"turns":7.0},{"damage":0.0,"enemies":"Gremlin Leader","floor":24.0,"turns":8.0},{"damage":4.0,"enemies":"Chosen","floor":27.0,"turns":5.0},{"damage":54.0,"enemies":"Slavers","floor":31.0,"turns":5.0},{"damage":62.0,"enemies":"Automaton","floor":33.0,"turns":9.0},{"damage":9.0,"enemies":"3 Shapes","floor":35.0,"turns":4.0},{"damage":0.0,"enemies":"Mind Bloom Boss Battle","floor":36.0,"turns":7.0},{"damage":14,"enemies":"3 Darklings","floor":41,"turns":2},{"damage":0,"enemies":"Jaw Worm Horde","floor":44,"turns":2},{"damage":41,"enemies":"Reptomancer","floor":45,"turns":3}],"seed_played":"4558168396485730884","potions_obtained":[{"floor":0.0,"key":"Fire Potion"},{"floor":1.0,"key":"Fire Potion"},{"floor":3.0,"key":"Energy Potion"},{"floor":8.0,"key":"BlessingOfTheForge"},{"floor":10.0,"key":"Weak Potion"},{"floor":16.0,"key":"Fruit Juice"},{"floor":31.0,"key":"Explosive Potion"},{"floor":44,"key":"Energy Potion"}],"is_trial":false,"path_per_floor":["M","M","M","?","M","E","R","E","T","M","R","E","$","E","R","B",null,"M","?","$","?","?","R","E","R","T","M","?","R","$","E","R","B",null,"M","?","?","T","$","R","M","R","T","M","E"],"character_chosen":"THE_SILENT","items_purchased":["Noxious Fumes","Deadly Poison","Corpse Explosion","Predator","Deadly Poison"],"campfire_rested":3,"item_purchase_floors":[13,13,13,13,20],"current_hp_per_floor":[64,64,56,56,56,29,50,18,18,12,45,41,41,27,42,11,64,49,49,49,49,49,64,64,79,79,75,75,81,81,27,69,12,68,59,59,44,44,44,62,48,66,66,66,25,25],"gold":146,"neow_bonus":"BOSS_RELIC","is_daily":false,"chose_seed":false,"campfire_upgraded":6,"win_rate":0.0,"timestamp":1611031154,"path_taken":["M","M","M","?","M","E","R","E","T","M","R","E","$","E","R","BOSS","M","?","?","?","?","R","E","R","T","M","?","R","$","E","R","BOSS","M","?","?","?","?","R","?","R","T","M","E"],"items_purchased_type":["Card","Card","Card","Card","Card"],"build_version":"2020-12-18","purchased_purges":3,"victory":false,"max_hp_per_floor":[71,71,71,71,71,71,71,71,71,71,71,81,81,81,81,81,81,81,81,81,81,81,81,81,81,81,81,81,81,81,81,81,86,86,86,86,86,86,86,86,86,86,86,86,86,86],"card_choices":[{"not_picked":["Acrobatics","Skewer"],"picked":"Leg Sweep","floor":0.0},{"not_picked":["Finisher","Backstab"],"picked":"Acrobatics","floor":1.0},{"not_picked":["Sucker Punch","Flying Knee"],"picked":"Riddle With Holes","floor":2.0},{"not_picked":["Accuracy","All Out Attack"],"picked":"Unload","floor":3.0},{"not_picked":["All Out Attack","Bane"],"picked":"Dagger Throw","floor":5.0},{"not_picked":["Caltrops","Prepared"],"picked":"Leg Sweep","floor":6.0},{"not_picked":["Slice","Well Laid Plans"],"picked":"Terror","floor":8.0},{"not_picked":["Sucker Punch","Quick Slash"],"picked":"Poisoned Stab","floor":10.0},{"not_picked":["Poisoned Stab","Dagger Throw"],"picked":"Deflect","floor":12.0},{"not_picked":["Eviscerate","Concentrate","Acrobatics"],"picked":"SKIP","floor":14.0},{"not_picked":["Die Die Die","Night Terror"],"picked":"Adrenaline","floor":16.0},{"not_picked":["Flying Knee","Dagger Throw"],"picked":"Poisoned Stab","floor":18.0},{"not_picked":["Escape Plan","Bane","Acrobatics"],"picked":"SKIP","floor":18.0},{"not_picked":["Distraction","Slice","Underhanded Strike"],"picked":"SKIP","floor":24.0},{"not_picked":["Blade Dance","Slice"],"picked":"After Image","floor":27.0},{"not_picked":["Backstab","Endless Agony","Noxious Fumes"],"picked":"SKIP","floor":27.0},{"not_picked":["Blade Dance","Prepared"],"picked":"Bouncing Flask","floor":31.0},{"not_picked":["After Image","Wraith Form v2"],"picked":"Phantasmal Killer","floor":33.0},{"not_picked":["Backflip","Deflect","All Out Attack"],"picked":"SKIP","floor":35.0},{"not_picked":["Quick Slash+1","Well Laid Plans+1","Skewer"],"picked":"SKIP","floor":35.0},{"not_picked":["Sucker Punch","Outmaneuver","Dash"],"picked":"SKIP","floor":41},{"not_picked":["Prepared","Escape Plan+1","Dagger Spray"],"picked":"SKIP","floor":41},{"not_picked":["Acrobatics","Reflex","Dodge and Roll"],"picked":"SKIP","floor":44},{"not_picked":["Distraction+1","All Out Attack","Prepared"],"picked":"SKIP","floor":44}],"player_experience":942042,"relics_obtained":[{"floor":6.0,"key":"Snake Skull"},{"floor":8.0,"key":"Bottled Lightning"},{"floor":9.0,"key":"Eternal Feather"},{"floor":12.0,"key":"Pear"},{"floor":14.0,"key":"Prayer Wheel"},{"floor":24.0,"key":"Bag of Marbles"},{"floor":26.0,"key":"Bottled Flame"},{"floor":31.0,"key":"Potion Belt"},{"floor":34.0,"key":"Dream Catcher"},{"floor":34.0,"key":"Kunai"},{"floor":34.0,"key":"Gambling Chip"},{"floor":36.0,"key":"The Specimen"},{"floor":43,"key":"Ninja Scroll"}],"event_choices":[{"damage_healed":0.0,"max_hp_gain":0.0,"max_hp_loss":0.0,"gold_gain":50.0,"event_name":"Golden Shrine","player_choice":"Pray","floor":4.0,"gold_loss":0.0,"damage_taken":0.0},{"damage_healed":0.0,"max_hp_gain":0.0,"max_hp_loss":0.0,"gold_gain":0.0,"event_name":"Accursed Blacksmith","player_choice":"Forge","floor":19.0,"gold_loss":0.0,"damage_taken":0.0,"cards_upgraded":["Adrenaline"]},{"damage_healed":0.0,"max_hp_gain":0.0,"max_hp_loss":0.0,"gold_gain":0.0,"event_name":"Ghosts","player_choice":"Ignored","floor":22.0,"gold_loss":0.0,"damage_taken":0.0},{"damage_healed":0.0,"max_hp_gain":0.0,"max_hp_loss":0.0,"gold_gain":50.0,"event_name":"Nest","player_choice":"Stole From Cult","floor":28.0,"gold_loss":0.0,"damage_taken":0.0},{"damage_healed":0.0,"max_hp_gain":0.0,"max_hp_loss":0.0,"gold_gain":0.0,"event_name":"MindBloom","player_choice":"Fight","floor":36.0,"gold_loss":0.0,"damage_taken":0.0},{"damage_healed":0.0,"max_hp_gain":0.0,"max_hp_loss":0.0,"gold_gain":0.0,"event_name":"Winding Halls","player_choice":"Embrace Madness","floor":37.0,"gold_loss":0.0,"damage_taken":15.0,"cards_obtained":["Madness","Madness"]}],"is_beta":true,"boss_relics":[{"not_picked":["Runic Pyramid","WristBlade"],"picked":"Cursed Key"},{"not_picked":["Coffee Dripper","Astrolabe"],"picked":"Calling Bell"}],"items_purged_floors":[20,30,39],"is_endless":false,"potions_floor_spawned":[1,3,8,10,16,31,44],"killed_by":"Reptomancer","ascension_level":20}}