{"host":"7xu95vgv3ii4fnvo","time":1611046514,"event":{"mods":["Arknights The Spire","BaseMod","Challenge The Spire","Colored Powertips","Dota2Spire","Lobotomy","Minty Spire (QoL Compilation)","Quick Restart","Relic Stats","Replay The Spire","Spicy Shops","StSLib","¡¾ÒÅÎï¿¨ÅÆ¡¿REMEMod"],"gold_per_floor":[111,123,137,149,149,164,28,57,83,83,83],"floor_reached":10,"language":"ZHS","playtime":2212,"items_purged":[],"score":70,"play_id":"a2cc0207-fca9-41b9-aad3-7dc18a6bbe59","local_time":"20210119165514","is_ascension_mode":false,"campfire_choices":[],"circlet_count":0,"master_deck":["ats:Strike C","ats:Strike G","ats:Strike S","ats:Strike V","ats:Armor Crushing Shot","ats:Defend","ats:Defend","ats:Defend","ats:Defend","ats:Emotion Absorption","ats:Wolf Pack","OSAHOGD","ats:Shell Defense","BigBird","ats:Encircling Forest","MHz","ats:Poison Spread","ats:Apocalypse","Regret","ats:Blood Oath","ats:Assault Order","ats:Blood Oath","ats:Neurotoxin"],"relics":["ats:Sanity","REME_ComplimentaryCards","CogitoBucket","Dota2Spire:MagicBottle","ats:Originium","Bag of Preparation","Dota2Spire:ShadowBlade"],"acts_visited":["Exordium"],"potions_floor_usage":[],"damage_taken":[{"damage":12,"enemies":"Cultist","floor":1,"turns":5},{"damage":0,"enemies":"2 Louse","floor":2,"turns":3},{"damage":1,"enemies":"Small Slimes","floor":3,"turns":5},{"damage":6,"enemies":"Red Slaver","floor":4,"turns":6},{"damage":36,"enemies":"Large Slime","floor":6,"turns":10},{"damage":85,"enemies":"3 Sentries","floor":8,"turns":22},{"damage":20,"enemies":"Lagavulin","floor":10,"turns":2}],"seed_played":"-7803886858036314405","potions_obtained":[{"floor":1,"key":"LifebloodPotion"},{"floor":4,"key":"Dota2Spire:Clarity"}],"is_trial":false,"path_per_floor":["M","M","M","M","?","M","$","E","T","E"],"character_chosen":"DOCTOR_CLASS","items_purchased":["ats:Assault Order","ats:Blood Oath"],"campfire_rested":0,"item_purchase_floors":[7,7],"current_hp_per_floor":[60,60,59,56,56,37,37,10,10,0,0],"gold":83,"neow_bonus":"","is_daily":false,"chose_seed":false,"campfire_upgraded":0,"win_rate":0.0,"timestamp":1611046514,"path_taken":["M","M","M","M","?","M","$","E","T","E"],"items_purchased_type":["Card","Card"],"build_version":"2020-12-22","purchased_purges":0,"victory":false,"max_hp_per_floor":[72,72,72,72,72,72,72,72,72,72,72],"relic_stats":{"counters":[7,53],"Bag of Preparation":[2],"obtain_stats":[{"Dota2Spire:MagicBottle":5,"CogitoBucket":0,"ats:Originium":8,"Dota2Spire:ShadowBlade":9,"Bag of Preparation":8,"ats:Sanity":0,"REME_ComplimentaryCards":0},{"Dota2Spire:MagicBottle":4,"CogitoBucket":0,"ats:Originium":6,"Dota2Spire:ShadowBlade":6,"Bag of Preparation":6,"ats:Sanity":0,"REME_ComplimentaryCards":0},{"Dota2Spire:MagicBottle":19,"CogitoBucket":0,"ats:Originium":51,"Dota2Spire:ShadowBlade":51,"Bag of Preparation":51,"ats:Sanity":0,"REME_ComplimentaryCards":0}]},"card_choices":[{"not_picked":["BeautyBeast","Bloodbath"],"picked":"OSAHOGD","floor":1},{"not_picked":["ats:Magnetic Hammer","ats:Sunburst"],"picked":"ats:Shell Defense","floor":1},{"not_picked":["RedShoes","CherryBlossoms"],"picked":"BigBird","floor":2},{"not_picked":["ats:Magnetic Hammer","ats:Revitalization"],"picked":"ats:Encircling Forest","floor":2},{"not_picked":["OldLady","MeatLantern"],"picked":"MHz","floor":3},{"not_picked":["ats:Counter Healing Mode","ats:Shell Defense"],"picked":"ats:Poison Spread","floor":3},{"not_picked":["ats:Hammer On","ats:Durian"],"picked":"ats:Apocalypse","floor":4},{"not_picked":["ats:Chain Hook","ats:Flexible Camouflage"],"picked":"ats:Blood Oath","floor":6},{"not_picked":["ats:Beaten Up","ats:Sunburst"],"picked":"ats:Neurotoxin","floor":8}],"player_experience":101733,"relics_obtained":[{"floor":8,"key":"ats:Originium"},{"floor":8,"key":"Bag of Preparation"},{"floor":9,"key":"Dota2Spire:ShadowBlade"}],"event_choices":[{"damage_healed":0,"gold_gain":0,"player_choice":"Box","damage_taken":0,"relics_obtained":["Dota2Spire:MagicBottle"],"max_hp_gain":0,"max_hp_loss":0,"event_name":"Big Fish","floor":5,"gold_loss":0,"cards_obtained":["Regret"]}],"is_beta":false,"boss_relics":[],"items_purged_floors":[],"is_endless":false,"potions_floor_spawned":[1,4,6],"killed_by":"Lagavulin","ascension_level":0}}