{"host":"w4b7hmige5bnqipq","time":1611053395,"event":{"mods":["2.2 Compatiblity","BaseMod","Colored Map","DeckTracker","Keyboard Shortcuts","Minty Spire (QoL Compilation)","Permanent Neow","Rare Cards Sparkle","SuperFastMode","everything is the same but u backflip on backflip","slay the spire mod where everything is the same but ironclad has a cowboy hat"],"gold_per_floor":[116,41,52,52,67,67,142,142,142,142,142],"floor_reached":10,"language":"KOR","playtime":229,"items_purged":["Strike_G"],"score":112,"play_id":"a405fe50-f0a2-4d6b-a35c-e7ce85404f03","local_time":"20210119194955","is_ascension_mode":true,"campfire_choices":[{"data":"Tools of the Trade","floor":6.0,"key":"SMITH"},{"floor":8.0,"key":"REST"}],"circlet_count":0,"master_deck":["AscendersBane","Strike_G","Strike_G","Strike_G","Strike_G","Defend_G","Defend_G","Defend_G","Defend_G","Defend_G","Survivor","Neutralize","CurseOfTheBell","Reflex","Concentrate","Tools of the Trade+1"],"relics":["Calling Bell","Happy Flower","Letter Opener","Tingsha","Blood Vial","Molten Egg 2"],"acts_visited":["Exordium"],"potions_floor_usage":[10],"damage_taken":[{"damage":3.0,"enemies":"Cultist","floor":1.0,"turns":6.0},{"damage":31.0,"enemies":"Jaw Worm","floor":3.0,"turns":8.0},{"damage":14.0,"enemies":"Small Slimes","floor":5.0,"turns":5.0},{"damage":7,"enemies":"Lagavulin","floor":10,"turns":5}],"seed_played":"-89430891599733697","potions_obtained":[{"floor":3.0,"key":"SkillPotion"}],"is_trial":false,"path_per_floor":["M","$","M","T","M","R","?","R","T","E"],"character_chosen":"THE_SILENT","items_purchased":[],"campfire_rested":1,"item_purchase_floors":[],"current_hp_per_floor":[56,56,25,25,13,13,2,21,21,16,16],"gold":142,"neow_bonus":"BOSS_RELIC","is_daily":false,"chose_seed":false,"campfire_upgraded":1,"win_rate":0.0,"timestamp":1611053395,"path_taken":["M","$","M","?","M","R","?","R","T","E"],"items_purchased_type":[],"build_version":"2020-12-22","purchased_purges":1,"victory":false,"max_hp_per_floor":[66,66,66,66,66,66,66,66,66,66,66],"card_choices":[{"not_picked":["Escape Plan","Prepared"],"picked":"Reflex","floor":1.0},{"not_picked":["Finisher","Quick Slash"],"picked":"Concentrate","floor":3.0},{"not_picked":["Outmaneuver","Infinite Blades"],"picked":"Tools of the Trade","floor":5.0}],"player_experience":523139,"relics_obtained":[{"floor":0.0,"key":"Happy Flower"},{"floor":0.0,"key":"Letter Opener"},{"floor":0.0,"key":"Tingsha"},{"floor":4.0,"key":"Blood Vial"},{"floor":9.0,"key":"Molten Egg 2"}],"event_choices":[{"damage_healed":0.0,"max_hp_gain":0.0,"max_hp_loss":0.0,"gold_gain":75.0,"event_name":"World of Goop","player_choice":"Gather Gold","floor":7.0,"gold_loss":0.0,"damage_taken":11.0}],"is_beta":false,"boss_relics":[],"items_purged_floors":[2],"is_endless":false,"potions_floor_spawned":[3],"killed_by":"Lagavulin","ascension_level":20}}