{"host":"8dhn6p16jorj0i1s","time":1611084543,"event":{"mods":["BaseMod","Colored Map","DeckTracker","Minty Spire (QoL Compilation)","Permanent Neow","Quick Restart"],"gold_per_floor":[118,43,43,57,132,132,149,149,200,230,230,241,241,257,257,352,352,365,377,50,62,62,87,101,101,101,121,121,121,141,167,167,269,269,281,300,132,0,0,35,35,73,73,90,90,137,12,40,40,40,40,40,40,70,70,70],"floor_reached":55,"language":"ENG","playtime":4233,"items_purged":["Strike_B","Zap","Rip and Tear+1"],"score":1157,"play_id":"6bad34b9-f411-4f93-bf55-0542b42a5798","local_time":"20210119202903","is_ascension_mode":true,"campfire_choices":[{"data":"Go for the Eyes","floor":6,"key":"SMITH"},{"data":"Leap","floor":8,"key":"SMITH"},{"data":"Skim","floor":13,"key":"SMITH"},{"data":"Streamline","floor":15,"key":"SMITH"},{"data":"Secret Weapon","floor":25,"key":"SMITH"},{"data":"Beam Cell","floor":29,"key":"SMITH"},{"data":"Reboot","floor":32,"key":"SMITH"},{"floor":41,"key":"RECALL"}],"circlet_count":0,"master_deck":["Defend_B+1","Defend_B+1","Dualcast+1","Skim+1","Go for the Eyes+1","Leap+1","Gash+1","Streamline+1","Reboot+1","Reinforced Body+1","Reboot+1","Rebound+1","Beam Cell+1","Gash+1","Secret Weapon+1","Finesse+1","Gash+1","Scrape+1","Hologram+1","Glacier+1"],"relics":["Coffee Dripper","Astrolabe","InkBottle","FossilizedHelix","Nloth\u0027s Gift","CeramicFish","Nuclear Battery","Red Mask","Mark of the Bloom","Vajra","Centennial Puzzle","HornCleat","Strawberry","Incense Burner","Mango"],"acts_visited":["Exordium","TheCity","TheBeyond","TheEnding"],"potions_floor_usage":[16,23,24,31,33,40,50],"damage_taken":[{"damage":0,"enemies":"Small Slimes","floor":1,"turns":3},{"damage":1,"enemies":"Cultist","floor":4,"turns":3},{"damage":3,"enemies":"2 Louse","floor":7,"turns":2},{"damage":30,"enemies":"3 Sentries","floor":10,"turns":10},{"damage":0,"enemies":"Blue Slaver","floor":12,"turns":3},{"damage":6,"enemies":"Looter","floor":14,"turns":2},{"damage":9,"enemies":"Hexaghost","floor":16,"turns":7},{"damage":0,"enemies":"Chosen","floor":18,"turns":3},{"damage":3,"enemies":"Shell Parasite","floor":19,"turns":3},{"damage":0,"enemies":"Sentry and Sphere","floor":21,"turns":4},{"damage":24,"enemies":"Book of Stabbing","floor":23,"turns":6},{"damage":18,"enemies":"Snecko","floor":24,"turns":4},{"damage":0,"enemies":"Snake Plant","floor":27,"turns":2},{"damage":0,"enemies":"3 Cultists","floor":30,"turns":2},{"damage":0,"enemies":"Slavers","floor":31,"turns":3},{"damage":0,"enemies":"Collector","floor":33,"turns":6},{"damage":0,"enemies":"Orb Walker","floor":35,"turns":2},{"damage":0,"enemies":"3 Shapes","floor":36,"turns":2},{"damage":0,"enemies":"Reptomancer","floor":40,"turns":3},{"damage":0,"enemies":"Giant Head","floor":42,"turns":2},{"damage":0,"enemies":"Maw","floor":44,"turns":2},{"damage":0,"enemies":"Reptomancer","floor":48,"turns":2},{"damage":9,"enemies":"Time Eater","floor":50,"turns":7},{"damage":0,"enemies":"Shield and Spear","floor":54,"turns":2},{"damage":65,"enemies":"The Heart","floor":55,"turns":6}],"seed_played":"3591123657402134131","potions_obtained":[{"floor":1,"key":"Fire Potion"},{"floor":12,"key":"Energy Potion"},{"floor":14,"key":"Dexterity Potion"},{"floor":19,"key":"SkillPotion"},{"floor":24,"key":"Block Potion"},{"floor":33,"key":"Energy Potion"},{"floor":35,"key":"Explosive Potion"},{"floor":44,"key":"Weak Potion"}],"is_trial":false,"path_per_floor":["M","$","?","M","?","R","M","R","T","E","?","M","R","M","R","B",null,"M","M","$","M","?","E","M","R","T","M","?","R","M","E","R","B",null,"M","M","$","?","?","E","R","E","T","M","?","T","$","E","R","B",null,"R","$","E","B"],"character_chosen":"DEFECT","items_purchased":["Gash","Secret Weapon","Finesse","Scrape"],"campfire_rested":0,"item_purchase_floors":[20,20,20,37],"current_hp_per_floor":[75,75,75,74,63,63,60,60,60,30,30,30,30,24,24,15,75,75,72,72,72,72,48,30,30,30,30,30,30,30,30,30,30,75,75,75,75,75,75,75,75,75,75,75,71,71,71,71,71,62,62,62,62,62,0,0],"gold":70,"neow_bonus":"BOSS_RELIC","is_daily":false,"chose_seed":false,"campfire_upgraded":7,"win_rate":0.0,"timestamp":1611084543,"path_taken":["M","$","?","?","?","R","M","R","T","E","?","M","R","M","R","BOSS","M","M","$","M","?","E","M","R","T","M","?","R","M","E","R","BOSS","M","M","$","?","?","E","R","E","T","M","?","?","?","E","R","BOSS","R","$","E","BOSS"],"items_purchased_type":["Card","Card","Card","Card"],"build_version":"2020-12-22","purchased_purges":3,"victory":false,"max_hp_per_floor":[75,75,75,75,75,75,75,75,75,75,75,75,75,75,75,75,75,75,75,75,75,75,75,75,75,75,75,75,75,75,75,75,75,75,75,75,75,75,75,75,75,75,75,75,71,78,78,78,78,78,78,78,78,92,92,92],"card_choices":[{"not_picked":["Static Discharge","White Noise"],"picked":"Skim","floor":1},{"not_picked":["Storm","Redo"],"picked":"Go for the Eyes","floor":4},{"not_picked":["Redo","White Noise"],"picked":"Leap","floor":7},{"not_picked":["Rebound","Consume"],"picked":"Rip and Tear","floor":10},{"not_picked":["Conserve Battery","Barrage"],"picked":"Gash","floor":12},{"not_picked":["Ball Lightning","Leap"],"picked":"Streamline","floor":14},{"not_picked":["Fission","Amplify"],"picked":"Reboot","floor":16},{"not_picked":["Reinforced Body+1","BootSequence","Stack"],"picked":"SKIP","floor":18},{"not_picked":["Glacier","Sunder+1"],"picked":"Beam Cell","floor":19},{"not_picked":["Go for the Eyes","Hologram","Stack+1"],"picked":"SKIP","floor":21},{"not_picked":["Ball Lightning","Skim","Lockon"],"picked":"SKIP","floor":23},{"not_picked":["Defragment","Genetic Algorithm","Hello World"],"picked":"SKIP","floor":24},{"not_picked":["Defragment","Genetic Algorithm","Hello World"],"picked":"SKIP","floor":24},{"not_picked":["Coolheaded","Sunder"],"picked":"Gash+1","floor":27},{"not_picked":["White Noise","Genetic Algorithm","Ball Lightning"],"picked":"SKIP","floor":30},{"not_picked":["Creative AI","Thunder Strike","Multi-Cast"],"picked":"SKIP","floor":31},{"not_picked":["Hello World","Go for the Eyes+1","Conserve Battery"],"picked":"SKIP","floor":35},{"not_picked":["Sweeping Beam+1","Go for the Eyes","Compile Driver+1"],"picked":"SKIP","floor":36},{"not_picked":["Reprogram","Thunder Strike"],"picked":"Hologram+1","floor":40},{"not_picked":["Sweeping Beam+1","Double Energy"],"picked":"Glacier+1","floor":42},{"not_picked":["Loop","Sunder","Gash+1"],"picked":"SKIP","floor":44},{"not_picked":["Creative AI","Fission","Compile Driver+1"],"picked":"SKIP","floor":48},{"not_picked":["Biased Cognition","Meteor Strike","Genetic Algorithm+1"],"picked":"SKIP","floor":54}],"player_experience":414060,"relics_obtained":[{"floor":10,"key":"Juzu Bracelet"},{"floor":23,"key":"InkBottle"},{"floor":26,"key":"FossilizedHelix"},{"floor":31,"key":"CeramicFish"},{"floor":40,"key":"Vajra"},{"floor":42,"key":"Centennial Puzzle"},{"floor":43,"key":"HornCleat"},{"floor":46,"key":"Strawberry"},{"floor":48,"key":"Incense Burner"},{"floor":54,"key":"Mango"}],"event_choices":[{"cards_removed":["Defend_B"],"damage_healed":0,"gold_gain":0,"player_choice":"Offered Basic","damage_taken":0,"max_hp_gain":0,"max_hp_loss":0,"event_name":"Bonfire Elementals","floor":3,"gold_loss":0},{"damage_healed":0,"gold_gain":75,"player_choice":"Gather Gold","damage_taken":11,"max_hp_gain":0,"max_hp_loss":0,"event_name":"World of Goop","floor":5,"gold_loss":0},{"cards_removed":["Defend_B"],"damage_healed":0,"gold_gain":0,"player_choice":"Forget","damage_taken":0,"max_hp_gain":0,"max_hp_loss":0,"event_name":"Living Wall","floor":11,"gold_loss":0},{"damage_healed":0,"gold_gain":0,"player_choice":"Ignored","damage_taken":0,"max_hp_gain":0,"max_hp_loss":0,"event_name":"Ghosts","floor":22,"gold_loss":0},{"damage_healed":0,"gold_gain":0,"player_choice":"Traded Relic","damage_taken":0,"relics_obtained":["Nloth\u0027s Gift"],"max_hp_gain":0,"max_hp_loss":0,"event_name":"N\u0027loth","floor":28,"relics_lost":["Juzu Bracelet"],"gold_loss":0},{"damage_healed":0,"gold_gain":0,"player_choice":"Paid","damage_taken":0,"relics_obtained":["Red Mask"],"max_hp_gain":0,"max_hp_loss":0,"event_name":"Tomb of Lord Red Mask","floor":38,"gold_loss":132},{"damage_healed":0,"gold_gain":0,"player_choice":"Upgrade","damage_taken":0,"relics_obtained":["Mark of the Bloom"],"max_hp_gain":0,"max_hp_loss":0,"event_name":"MindBloom","floor":39,"gold_loss":0,"cards_upgraded":["Defend_B","Defend_B","Dualcast","Rip and Tear","Gash","Gash","Finesse","Scrape"]},{"damage_healed":0,"gold_gain":0,"player_choice":"Max HP","damage_taken":0,"max_hp_gain":0,"max_hp_loss":4,"event_name":"Winding Halls","floor":45,"gold_loss":0}],"is_beta":false,"boss_relics":[{"not_picked":["Busted Crown","SlaversCollar"],"picked":"Astrolabe"},{"not_picked":["Black Star","Calling Bell"],"picked":"Nuclear Battery"}],"items_purged_floors":[2,37,47],"is_endless":false,"potions_floor_spawned":[1,12,14,19,21,24,33,35,44],"killed_by":"The Heart","ascension_level":4}}