{"host":"0awa854l6bexpjrv","time":1611086470,"event":{"mods":["BaseMod","Block Reminder","Colored Map","Colored Powertips","Downfall","Highlight Path","Minty Spire (QoL Compilation)","Quick Restart","Rare Cards Sparkle","StSLib","SuperFastMode"],"gold_per_floor":[110,110,110,120,138,138,156,168,168,10,39,58,87,104,104,204,204,214,230,241,241,241,241,259,259,259,259,259],"floor_reached":27,"language":"ENG","playtime":2001,"items_purged":["Strike_R"],"score":272,"play_id":"d73424c3-7ea2-43d1-9d43-89312f9e96c0","local_time":"20210119120110","is_ascension_mode":true,"campfire_choices":[{"data":"Bash","floor":6.0,"key":"SMITH"},{"floor":15.0,"key":"REST"},{"data":"Flame Barrier","floor":23,"key":"SMITH"},{"data":"Armaments","floor":25,"key":"SMITH"}],"circlet_count":0,"master_deck":["Strike_R","Strike_R","Strike_R","Strike_R","Defend_R","Defend_R","Defend_R","Defend_R","Bash+1","Iron Wave","Battle Trance","True Grit","Twin Strike","Perfected Strike","Swift Strike+1","Armaments+1","Uppercut+1","Flame Barrier+1","Twin Strike+1","Fiend Fire+1","Pommel Strike+1","Clothesline+1"],"relics":["Black Blood","NeowsBlessing","Omamori","Singing Bowl","Molten Egg 2","Turnip","Smiling Mask","Girya"],"acts_visited":["Exordium","TheCity"],"potions_floor_usage":[24],"damage_taken":[{"damage":0.0,"enemies":"Jaw Worm","floor":1.0,"turns":1.0},{"damage":0.0,"enemies":"Cultist","floor":4.0,"turns":1.0},{"damage":0.0,"enemies":"Small Slimes","floor":5.0,"turns":1.0},{"damage":20.0,"enemies":"Exordium Thugs","floor":7.0,"turns":5.0},{"damage":10.0,"enemies":"3 Louse","floor":8.0,"turns":6.0},{"damage":26.0,"enemies":"3 Sentries","floor":11.0,"turns":8.0},{"damage":14.0,"enemies":"Lots of Slimes","floor":12.0,"turns":6.0},{"damage":13.0,"enemies":"Lagavulin","floor":13.0,"turns":4.0},{"damage":11.0,"enemies":"Looter","floor":14.0,"turns":3.0},{"damage":1.0,"enemies":"Slime Boss","floor":16.0,"turns":8.0},{"damage":21.0,"enemies":"3 Byrds","floor":18.0,"turns":5.0},{"damage":17.0,"enemies":"Shell Parasite","floor":19.0,"turns":7.0},{"damage":30,"enemies":"Centurion and Healer","floor":20,"turns":5},{"damage":24,"enemies":"Cultist and Chosen","floor":24,"turns":6},{"damage":115,"enemies":"Gremlin Leader","floor":27,"turns":7}],"seed_played":"5466742673139968524","potions_obtained":[{"floor":4.0,"key":"Fruit Juice"},{"floor":5.0,"key":"FairyPotion"},{"floor":11.0,"key":"DuplicationPotion"},{"floor":13.0,"key":"Weak Potion"},{"floor":14.0,"key":"Fire Potion"},{"floor":19.0,"key":"champ:CounterPotion"}],"is_trial":false,"path_per_floor":["M","?","T","M","M","R","M","M","T","$","E","M","E","M","R","B",null,"M","M","M","?","?","R","M","R","T","E"],"character_chosen":"IRONCLAD","items_purchased":["Swift Strike+1"],"campfire_rested":1,"item_purchase_floors":[10],"current_hp_per_floor":[80,73,73,79,80,80,66,67,67,67,47,39,32,27,52,57,85,78,73,57,86,86,86,74,74,74,0,0],"gold":259,"neow_bonus":"THREE_ENEMY_KILL","is_daily":false,"chose_seed":false,"campfire_upgraded":3,"win_rate":0.0,"timestamp":1611086470,"path_taken":["M","?","?","M","?","R","M","M","T","$","E","M","E","M","R","BOSS","M","M","M","?","?","R","?","R","T","E"],"items_purchased_type":["Card"],"build_version":"2020-12-22","purchased_purges":1,"victory":false,"max_hp_per_floor":[80,80,80,80,80,80,80,85,85,85,85,85,85,85,85,85,85,87,87,89,89,89,89,89,89,89,89,89],"card_choices":[{"not_picked":["Clash","Battle Trance"],"picked":"Iron Wave","floor":1.0},{"not_picked":["Armaments","Anger"],"picked":"Battle Trance","floor":4.0},{"not_picked":["Clothesline","Perfected Strike"],"picked":"True Grit","floor":5.0},{"not_picked":["Fire Breathing","Seeing Red"],"picked":"Twin Strike","floor":7.0},{"not_picked":["Wild Strike","Combust"],"picked":"Perfected Strike","floor":8.0},{"not_picked":["Battle Trance","Berserk"],"picked":"Armaments","floor":11.0},{"not_picked":["Blood for Blood+1","Rampage+1"],"picked":"Uppercut+1","floor":12.0},{"not_picked":["Iron Wave+1","True Grit"],"picked":"Flame Barrier","floor":13.0},{"not_picked":["Second Wind","Armaments"],"picked":"Twin Strike+1","floor":14.0},{"not_picked":["Barricade","Feed+1"],"picked":"Fiend Fire+1","floor":16.0},{"not_picked":["Sentinel","Searing Blow+1","Flex"],"picked":"Singing Bowl","floor":18.0},{"not_picked":["Twin Strike+1","Rage"],"picked":"Pommel Strike+1","floor":19.0},{"not_picked":["Anger+1","Havoc","Bloodletting"],"picked":"Singing Bowl","floor":20},{"not_picked":["Reckless Charge+1","Sword Boomerang+1"],"picked":"Clothesline+1","floor":24}],"player_experience":571905,"relics_obtained":[{"floor":3.0,"key":"Singing Bowl"},{"floor":9.0,"key":"Molten Egg 2"},{"floor":11.0,"key":"Turnip"},{"floor":13.0,"key":"Smiling Mask"},{"floor":26,"key":"Girya"}],"event_choices":[{"damage_healed":0.0,"max_hp_gain":0.0,"max_hp_loss":0.0,"gold_gain":0.0,"event_name":"Scrap Ooze","player_choice":"Success","floor":2.0,"gold_loss":0.0,"damage_taken":7.0,"relics_obtained":["Omamori"]},{"damage_healed":29,"gold_gain":0,"player_choice":"Heal","damage_taken":0,"max_hp_gain":0,"max_hp_loss":0,"event_name":"The Library","floor":21,"gold_loss":0},{"damage_healed":0,"gold_gain":0,"player_choice":"Ignored","damage_taken":0,"max_hp_gain":0,"max_hp_loss":0,"event_name":"N\u0027loth","floor":22,"gold_loss":0}],"is_beta":false,"boss_relics":[{"not_picked":["Busted Crown","Black Star"],"picked":"Black Blood"}],"items_purged_floors":[10],"is_endless":false,"potions_floor_spawned":[4,5,11,13,14,19],"killed_by":"Gremlin Leader","ascension_level":4}}