{"host":"x5q8uzeox1qwonhv","time":1611067230,"event":{"mods":["ATMod(阿瑾Mod)","Act Like it!","BaseMod","Better Skull","Better Third Choice","Decade(王小明)","Hallownest","Luminous","Minty Spire (QoL Compilation)","Quick Restart","Spicy Shops","StSLib","The Alterego","The IronCluck","The Marked","【遗物卡牌】REMEMod"],"gold_per_floor":[115,129,229,243,193,193,193],"floor_reached":6,"language":"ZHS","playtime":351,"items_purged":[],"score":36,"play_id":"c1eddb1e-73c6-4932-967b-82abbb3624a1","local_time":"20210119224030","is_ascension_mode":false,"campfire_choices":[],"circlet_count":0,"master_deck":["alterego_mod:Strike","alterego_mod:Strike","alterego_mod:Strike","alterego_mod:Defend","alterego_mod:Defend","alterego_mod:Defend","alterego_mod:Defend","alterego_mod:Impale","alterego_mod:BigMeatyClaws","alterego_mod:BrynhildrsRune","theMarked:StartUp","AT_FamilyPortrait","alterego_mod:TrashNCrash","alterego_mod:Pet"],"relics":["alterego_mod:MasochisticConstitution","AT_ATBox","REME_ComplimentaryCards","NeowsBlessing"],"acts_visited":["Exordium"],"potions_floor_usage":[],"damage_taken":[{"damage":0,"enemies":"Small Slimes","floor":1,"turns":2},{"damage":0,"enemies":"Cultist","floor":2,"turns":1},{"damage":1,"enemies":"2 Louse","floor":4,"turns":2},{"damage":22,"enemies":"3 Sentries","floor":6,"turns":3}],"seed_played":"-799049834368057362","potions_obtained":[{"floor":2,"key":"LiquidBronze"}],"is_trial":false,"path_per_floor":["M","M","?","M","?","E"],"character_chosen":"The_Alterego","items_purchased":[],"campfire_rested":0,"item_purchase_floors":[],"current_hp_per_floor":[70,70,70,71,71,49,49],"gold":193,"neow_bonus":"THREE_ENEMY_KILL","is_daily":false,"chose_seed":false,"campfire_upgraded":0,"win_rate":0.0,"timestamp":1611067230,"path_taken":["M","M","?","?","?","E"],"items_purchased_type":[],"build_version":"2020-12-22","purchased_purges":0,"victory":false,"max_hp_per_floor":[70,70,70,71,71,71,71],"card_choices":[{"not_picked":["alterego_mod:Undulate","alterego_mod:Lingerie"],"picked":"alterego_mod:TrashNCrash","floor":1},{"not_picked":["alterego_mod:Rip","alterego_mod:BustOut","alterego_mod:Exercise"],"picked":"SKIP","floor":2},{"not_picked":["alterego_mod:DestructionOfProperty","alterego_mod:Lingerie"],"picked":"alterego_mod:Pet","floor":4}],"player_experience":244665,"relics_obtained":[],"event_choices":[{"damage_healed":0,"gold_gain":100,"player_choice":"Pray","damage_taken":0,"max_hp_gain":0,"max_hp_loss":0,"event_name":"Golden Shrine","floor":3,"gold_loss":0},{"cards_removed":["alterego_mod:Strike"],"damage_healed":0,"gold_gain":0,"player_choice":"Card Removal","damage_taken":0,"max_hp_gain":0,"max_hp_loss":0,"event_name":"The Cleric","floor":5,"gold_loss":50}],"is_beta":false,"boss_relics":[],"items_purged_floors":[],"is_endless":false,"potions_floor_spawned":[2],"killed_by":"3 Sentries","ascension_level":0}}