{"host":"yyl3r9ibd7qwlswm","time":1611030304,"event":{"mods":["BaseMod","Minty Spire (QoL Compilation)","Quick Restart","StSLib"],"gold_per_floor":[118,138,147,81,99,99,117,117,165,217,229,261,313,339,360,372,372],"floor_reached":16,"language":"ZHS","playtime":539,"items_purged":[],"score":374,"play_id":"4c4ef895-1096-41a4-91dc-a8a871302c4c","local_time":"20210119122504","daily_mods":["Vintage","Red Cards","Green Cards","Heirloom","Uncertain Future"],"is_ascension_mode":true,"campfire_choices":[{"data":"Neutralize","floor":6.0,"key":"SMITH"},{"data":"Iron Wave","floor":8.0,"key":"SMITH"},{"floor":15,"key":"REST"}],"circlet_count":0,"master_deck":["AscendersBane","Strike_G","Strike_G","Strike_G","Strike_G","Strike_G","Defend_G","Defend_G","Defend_G","Defend_G","Defend_G","Survivor","Neutralize+1","Sword Boomerang","Iron Wave+1","Deadly Poison","Dagger Spray","Poisoned Stab"],"relics":["Ring of the Snake","Ice Cream","CeramicFish","Lizard Tail","Golden Idol","Bag of Marbles","Boot","MawBank","HornCleat","PreservedInsect","Dream Catcher","Torii"],"acts_visited":["Exordium"],"potions_floor_usage":[14,16,16],"damage_taken":[{"damage":3.0,"enemies":"2 Louse","floor":1.0,"turns":3.0},{"damage":1.0,"enemies":"Cultist","floor":2.0,"turns":4.0},{"damage":2.0,"enemies":"Jaw Worm","floor":5.0,"turns":4.0},{"damage":17.0,"enemies":"3 Louse","floor":7.0,"turns":5.0},{"damage":20.0,"enemies":"Lagavulin","floor":10.0,"turns":9.0},{"damage":8,"enemies":"Gremlin Gang","floor":12,"turns":3},{"damage":0,"enemies":"Gremlin Nob","floor":13,"turns":3},{"damage":1,"enemies":"Exordium Wildlife","floor":14,"turns":3},{"damage":18,"enemies":"Slime Boss","floor":16,"turns":9}],"seed_played":"7047242415728962309","potions_obtained":[{"floor":2.0,"key":"Fruit Juice"},{"floor":7.0,"key":"DistilledChaos"},{"floor":10.0,"key":"SpeedPotion"},{"floor":13,"key":"PowerPotion"},{"floor":14,"key":"EssenceOfSteel"}],"is_trial":true,"path_per_floor":["M","M","?","$","M","R","M","R","T","E","?","M","E","M","R","B"],"character_chosen":"THE_SILENT","items_purchased":["Sword Boomerang","Iron Wave"],"campfire_rested":1,"item_purchase_floors":[4,4],"current_hp_per_floor":[56,60,60,60,58,58,41,41,41,21,21,13,13,12,33,15,15],"gold":372,"neow_bonus":"","is_daily":false,"chose_seed":false,"campfire_upgraded":2,"win_rate":0.0,"timestamp":1611030304,"path_taken":["M","M","?","$","M","R","M","R","T","E","?","M","E","?","R","BOSS"],"items_purchased_type":["Card","Card"],"build_version":"2020-12-22","purchased_purges":0,"victory":false,"max_hp_per_floor":[66,71,71,71,71,71,71,71,71,71,71,71,71,71,71,71,71],"card_choices":[{"not_picked":["Anger","Acrobatics"],"picked":"Deadly Poison","floor":10.0},{"not_picked":["All Out Attack","Deflect"],"picked":"Dagger Spray","floor":13},{"not_picked":["Deflect","Eviscerate"],"picked":"Poisoned Stab","floor":15}],"player_experience":149746,"relics_obtained":[{"floor":1.0,"key":"CeramicFish"},{"floor":2.0,"key":"Lizard Tail"},{"floor":5.0,"key":"Bag of Marbles"},{"floor":7.0,"key":"Boot"},{"floor":9.0,"key":"MawBank"},{"floor":10.0,"key":"HornCleat"},{"floor":12,"key":"PreservedInsect"},{"floor":13,"key":"Dream Catcher"},{"floor":14,"key":"Torii"}],"event_choices":[{"damage_healed":0.0,"max_hp_gain":0.0,"max_hp_loss":0.0,"gold_gain":0.0,"event_name":"Golden Idol","player_choice":"Take Wound","floor":3.0,"gold_loss":0.0,"damage_taken":0.0,"relics_obtained":["Golden Idol"],"cards_obtained":["Injury"]},{"cards_removed":["Injury"],"damage_healed":0.0,"max_hp_gain":0.0,"max_hp_loss":0.0,"gold_gain":0.0,"event_name":"Fountain of Cleansing","player_choice":"Removed Curses","floor":11.0,"gold_loss":0.0,"damage_taken":0.0}],"is_beta":false,"boss_relics":[],"items_purged_floors":[],"is_endless":true,"potions_floor_spawned":[2,7,10,13,14],"killed_by":"Slime Boss","ascension_level":20}}