{"host":"6bsan6hkua32tfq7","time":1611033357,"event":{"mods":["BaseMod","Better Third Choice","Colored Map","Highlight Path","Minty Spire (QoL Compilation)","StSLib"],"gold_per_floor":[116,128,53,53,64,75,75,94,94,107,107,121,147,162,162,239,239,258,277,296,312,212,212,230,230,230,230,105,137,149,149,149,226,226,242,242,242,255,255,255],"floor_reached":39,"language":"ENG","playtime":1226,"items_purged":["Defend_G","Defend_G","Defend_G"],"score":814,"play_id":"dd33ca2c-2c9b-43df-9210-0d824a65f3e1","local_time":"20210119061557","is_ascension_mode":true,"campfire_choices":[{"data":"Dagger Spray","floor":7.0,"key":"SMITH"},{"data":"Dagger Spray","floor":11.0,"key":"SMITH"},{"data":"Envenom","floor":15,"key":"SMITH"},{"floor":23,"key":"REST"},{"floor":25,"key":"REST"},{"floor":27,"key":"REST"},{"floor":32,"key":"REST"}],"circlet_count":0,"master_deck":["AscendersBane","Strike_G","Strike_G","Strike_G","Strike_G","Survivor","Neutralize","Backstab","Endless Agony","Dagger Spray+1","Dagger Throw","Dagger Spray+1","Envenom+1","PiercingWail","Die Die Die","Endless Agony","Terror","Well Laid Plans","Adrenaline","Discovery+1","Footwork"],"relics":["Ring of the Snake","InkBottle","Orichalcum","Sozu","Bottled Flame","Pantograph","Enchiridion","Cursed Key"],"acts_visited":["Exordium","TheCity","TheBeyond"],"potions_floor_usage":[13,16,19],"damage_taken":[{"damage":1.0,"enemies":"Jaw Worm","floor":1.0,"turns":4.0},{"damage":0.0,"enemies":"Cultist","floor":2.0,"turns":3.0},{"damage":2.0,"enemies":"2 Louse","floor":5.0,"turns":2.0},{"damage":0.0,"enemies":"Exordium Wildlife","floor":6.0,"turns":4.0},{"damage":1.0,"enemies":"Lots of Slimes","floor":8.0,"turns":2.0},{"damage":4.0,"enemies":"Blue Slaver","floor":10.0,"turns":2.0},{"damage":0.0,"enemies":"3 Louse","floor":12.0,"turns":2.0},{"damage":8,"enemies":"Gremlin Nob","floor":13,"turns":3},{"damage":0,"enemies":"2 Fungi Beasts","floor":14,"turns":2},{"damage":25,"enemies":"The Guardian","floor":16,"turns":9},{"damage":5,"enemies":"Spheric Guardian","floor":18,"turns":3},{"damage":6,"enemies":"Chosen","floor":19,"turns":3},{"damage":6,"enemies":"3 Cultists","floor":20,"turns":3},{"damage":25,"enemies":"Cultist and Chosen","floor":21,"turns":5},{"damage":12,"enemies":"Snake Plant","floor":24,"turns":4},{"damage":10,"enemies":"Slavers","floor":29,"turns":2},{"damage":5,"enemies":"Centurion and Healer","floor":30,"turns":3},{"damage":54,"enemies":"Collector","floor":33,"turns":8},{"damage":16,"enemies":"3 Darklings","floor":35,"turns":3},{"damage":28,"enemies":"3 Shapes","floor":38,"turns":14},{"damage":20,"enemies":"Writhing Mass","floor":39,"turns":3}],"seed_played":"-1695744794074282798","potions_obtained":[{"floor":2.0,"key":"Swift Potion"},{"floor":5.0,"key":"Strength Potion"},{"floor":14,"key":"SneckoOil"}],"is_trial":false,"path_per_floor":["M","M","$","?","M","M","R","M","T","M","R","M","E","M","R","B",null,"M","M","M","M","$","R","M","R","T","R","$","E","M","?","R","B",null,"M","?","?","M","M"],"character_chosen":"THE_SILENT","items_purchased":[],"campfire_rested":4,"item_purchase_floors":[],"current_hp_per_floor":[43,43,43,43,41,41,41,40,40,36,36,36,28,28,28,3,50,45,39,33,8,8,27,15,34,34,53,53,43,38,17,36,7,51,35,35,35,7,0,0],"gold":255,"neow_bonus":"REMOVE_TWO","is_daily":false,"chose_seed":false,"campfire_upgraded":3,"win_rate":0.0,"timestamp":1611033357,"path_taken":["M","M","$","?","M","M","R","?","T","M","R","M","E","M","R","BOSS","M","M","M","?","$","R","M","R","T","R","$","E","M","?","R","BOSS","M","?","?","?","M"],"items_purchased_type":[],"build_version":"2020-12-22","purchased_purges":3,"victory":false,"max_hp_per_floor":[66,66,66,66,66,66,66,66,66,66,66,66,66,66,66,66,66,66,66,66,66,66,66,66,66,66,66,66,66,66,66,66,66,66,66,66,66,66,66,66],"card_choices":[{"not_picked":["Backflip","Acrobatics"],"picked":"Backstab","floor":1.0},{"not_picked":["Bane","Caltrops"],"picked":"Endless Agony","floor":2.0},{"not_picked":["Acrobatics","Calculated Gamble"],"picked":"Dagger Spray","floor":5.0},{"not_picked":["Underhanded Strike","Riddle With Holes"],"picked":"Dagger Throw","floor":6.0},{"not_picked":["Quick Slash","Caltrops","Expertise"],"picked":"SKIP","floor":8.0},{"not_picked":["Masterful Stab","Flying Knee"],"picked":"Dagger Spray","floor":10.0},{"not_picked":["Masterful Stab","Caltrops","Cloak And Dagger"],"picked":"SKIP","floor":12.0},{"not_picked":["Sucker Punch","Dagger Spray"],"picked":"Envenom","floor":13},{"not_picked":["Acrobatics","Outmaneuver"],"picked":"PiercingWail","floor":14},{"not_picked":["Bullet Time","Malaise"],"picked":"Die Die Die","floor":16},{"not_picked":["Acrobatics+1","Dagger Throw","Bane"],"picked":"SKIP","floor":18},{"not_picked":["Outmaneuver","Quick Slash+1","Bane"],"picked":"SKIP","floor":19},{"not_picked":["Flying Knee","Slice"],"picked":"Endless Agony","floor":20},{"not_picked":["Venomology","Dagger Throw","Setup"],"picked":"SKIP","floor":21},{"not_picked":["Distraction","Bane","Outmaneuver"],"picked":"SKIP","floor":24},{"not_picked":["Eviscerate","Poisoned Stab"],"picked":"Terror","floor":29},{"not_picked":["Slice","Sucker Punch"],"picked":"Well Laid Plans","floor":30},{"not_picked":["Grand Finale","Tools of the Trade"],"picked":"Adrenaline","floor":33},{"not_picked":["Choke","Skewer","Poisoned Stab"],"picked":"SKIP","floor":35},{"not_picked":["Trip","Secret Technique"],"picked":"Discovery","floor":36},{"not_picked":["Masterful Stab","PiercingWail"],"picked":"Footwork","floor":38}],"player_experience":5312443,"relics_obtained":[{"floor":9.0,"key":"InkBottle"},{"floor":13,"key":"Orichalcum"},{"floor":26,"key":"Bottled Flame"},{"floor":29,"key":"Pantograph"},{"floor":31,"key":"Enchiridion"}],"event_choices":[{"cards_removed":["Strike_G"],"damage_healed":0.0,"max_hp_gain":0.0,"max_hp_loss":0.0,"gold_gain":0.0,"event_name":"Purifier","player_choice":"Purged","floor":4.0,"gold_loss":0.0,"damage_taken":0.0},{"damage_healed":0,"gold_gain":0,"player_choice":"Obtained Book","damage_taken":21,"max_hp_gain":0,"max_hp_loss":0,"event_name":"Cursed Tome","floor":31,"gold_loss":0},{"damage_healed":0,"gold_gain":0,"player_choice":"Memory 1","damage_taken":0,"max_hp_gain":0,"max_hp_loss":0,"event_name":"SensoryStone","floor":36,"gold_loss":0},{"damage_healed":0,"gold_gain":0,"player_choice":"Upgraded","damage_taken":0,"max_hp_gain":0,"max_hp_loss":0,"event_name":"Upgrade Shrine","floor":37,"gold_loss":0,"cards_upgraded":["Discovery"]}],"is_beta":false,"boss_relics":[{"not_picked":["Black Star","Snecko Eye"],"picked":"Sozu"},{"not_picked":["Pandora\u0027s Box","WristBlade"],"picked":"Cursed Key"}],"items_purged_floors":[3,22,28],"is_endless":false,"potions_floor_spawned":[2,5,10,14,19,21,24,30,33,38],"killed_by":"Writhing Mass","ascension_level":20}}