{"host":"1a3cjta80tad0aqj","time":1611049120,"event":{"mods":["2.2 Compatiblity","AchievementEnabler","BaseMod","Colored Map","DeckTracker","KOR Keyword Fix","Keyboard Shortcuts","Minty Spire (QoL Compilation)","Permanent Neow","Quick Restart","Random Character Button","StSLib","SuperFastMode","everything is the same but u backflip on backflip"],"gold_per_floor":[116,27,47,47,47,82,82,111,135,135,161,161,161,185,185,280,280,295,308,308,308,308],"floor_reached":21,"language":"KOR","playtime":835,"items_purged":[],"score":390,"play_id":"a0f2a1c2-f9c3-4a38-809c-a0110e57ff1d","local_time":"20210119183840","is_ascension_mode":true,"campfire_choices":[{"floor":7.0,"key":"REST"},{"floor":10.0,"key":"REST"},{"floor":12.0,"key":"REST"},{"floor":15.0,"key":"REST"}],"circlet_count":0,"master_deck":["AscendersBane","Eruption+1","Vigilance","ClearTheMind","Adaptation","Halt","Tantrum","EmptyMind","Conclude","CutThroughFate","Injury","Meditate","EmptyBody","Vault","Ragnarok","Protect","WindmillStrike","Vengeance","FlyingSleeves","Indignation"],"relics":["PureWater","Ancient Tea Set","Gremlin Horn","Dream Catcher","Torii","Golden Idol","Pandora\u0027s Box"],"acts_visited":["Exordium","TheCity"],"potions_floor_usage":[],"damage_taken":[{"damage":2.0,"enemies":"Jaw Worm","floor":1.0,"turns":3.0},{"damage":3.0,"enemies":"2 Louse","floor":3.0,"turns":4.0},{"damage":48.0,"enemies":"3 Sentries","floor":6.0,"turns":11.0},{"damage":4.0,"enemies":"Gremlin Nob","floor":8.0,"turns":3.0},{"damage":10.0,"enemies":"Lagavulin","floor":11.0,"turns":6.0},{"damage":7.0,"enemies":"Small Slimes","floor":14.0,"turns":2.0},{"damage":37.0,"enemies":"Slime Boss","floor":16.0,"turns":6.0},{"damage":24.0,"enemies":"2 Thieves","floor":18.0,"turns":5.0},{"damage":0.0,"enemies":"Chosen","floor":19.0,"turns":3.0},{"damage":37,"enemies":"Centurion and Healer","floor":21,"turns":3}],"seed_played":"5290233793305601758","potions_obtained":[{"floor":1.0,"key":"AttackPotion"},{"floor":3.0,"key":"Explosive Potion"},{"floor":14.0,"key":"AttackPotion"},{"floor":16.0,"key":"DistilledChaos"},{"floor":18.0,"key":"FearPotion"}],"is_trial":false,"path_per_floor":["M","$","M","$","?","E","R","E","T","R","E","R","?","M","R","B",null,"M","M","?","M"],"character_chosen":"WATCHER","items_purchased":["Adaptation"],"campfire_rested":4,"item_purchase_floors":[2],"current_hp_per_floor":[59,59,56,56,49,1,21,17,17,37,27,47,47,40,60,23,57,33,33,33,0,0],"gold":308,"neow_bonus":"UPGRADE_CARD","is_daily":false,"chose_seed":false,"campfire_upgraded":0,"win_rate":0.0,"timestamp":1611049120,"path_taken":["M","$","M","$","?","E","R","E","T","R","E","R","?","M","R","BOSS","M","M","?","M"],"items_purchased_type":["Card"],"build_version":"2020-12-22","purchased_purges":0,"victory":false,"max_hp_per_floor":[68,68,68,68,68,68,68,68,68,68,68,68,68,68,68,68,68,68,68,68,68,68],"card_choices":[{"not_picked":["WaveOfTheHand","WindmillStrike"],"picked":"ClearTheMind","floor":1.0},{"not_picked":["PathToVictory","EmptyFist"],"picked":"Halt","floor":3.0},{"not_picked":["Study","Worship"],"picked":"Tantrum","floor":6.0},{"not_picked":["FlyingSleeves","Tantrum"],"picked":"EmptyMind","floor":8.0},{"not_picked":["Wireheading","Tantrum"],"picked":"Conclude","floor":10.0},{"not_picked":["SandsOfTime","PathToVictory","Conclude"],"picked":"SKIP","floor":11.0},{"not_picked":["PathToVictory","Protect"],"picked":"CutThroughFate","floor":12.0},{"not_picked":["Conclude","TalkToTheHand"],"picked":"Meditate","floor":14.0},{"not_picked":["Evaluate","CutThroughFate"],"picked":"EmptyBody","floor":15.0},{"not_picked":["Establishment","DeusExMachina"],"picked":"Vault","floor":16.0},{"not_picked":["ThirdEye","ClearTheMind","Halt"],"picked":"SKIP","floor":18.0},{"not_picked":["Vengeance+1","Swivel","Consecrate"],"picked":"SKIP","floor":19.0}],"player_experience":778421,"relics_obtained":[{"floor":6.0,"key":"Ancient Tea Set"},{"floor":8.0,"key":"Gremlin Horn"},{"floor":9.0,"key":"Dream Catcher"},{"floor":11.0,"key":"Torii"}],"event_choices":[{"cards_removed":["Defend_P"],"damage_healed":0.0,"max_hp_gain":0.0,"max_hp_loss":0.0,"gold_gain":0.0,"event_name":"Golden Wing","player_choice":"Card Removal","floor":5.0,"gold_loss":0.0,"damage_taken":7.0},{"damage_healed":0.0,"max_hp_gain":0.0,"max_hp_loss":0.0,"gold_gain":0.0,"event_name":"Golden Idol","player_choice":"Take Wound","floor":13.0,"gold_loss":0.0,"damage_taken":0.0,"relics_obtained":["Golden Idol"],"cards_obtained":["Injury"]},{"cards_removed":["Sanctity"],"damage_healed":0.0,"max_hp_gain":0.0,"max_hp_loss":0.0,"gold_gain":0.0,"event_name":"Back to Basics","player_choice":"Elegance","floor":20.0,"gold_loss":0.0,"damage_taken":0.0}],"is_beta":false,"boss_relics":[{"not_picked":["SlaversCollar","Black Star"],"picked":"Pandora\u0027s Box"}],"items_purged_floors":[],"is_endless":false,"potions_floor_spawned":[1,3,14,16,18],"killed_by":"Centurion and Healer","ascension_level":20}}