{"host":"8i58hvcssdezoe94","time":1611031914,"event":{"mods":["Act Like it!","BaseMod","Colored Map","Conspire","Downfall","Gensokyo","KinomotoSakuraMod(木之本樱)","Marisa（F雨　魔理沙）","Minty Spire (QoL Compilation)","Quick Restart","Remilia（蕾米莉亚）","StSLib","The Animator","The Bug Knight","The Construct","The Cursed","The Hierophant","The Jungle","The Servant 0.9.4"],"gold_per_floor":[112,212,228,228,57,57,70,96,96,96,296,296],"floor_reached":11,"language":"ZHS","playtime":457,"items_purged":[],"score":71,"play_id":"75039048-da42-43f8-b9cc-b2c799e2881e","local_time":"20210119125154","is_ascension_mode":false,"campfire_choices":[{"floor":6,"key":"RECALL"},{"floor":10,"key":"REST"}],"circlet_count":0,"master_deck":["Strike_B","Strike_B","Strike_B","Strike_B","Defend_B","Defend_B","Defend_B","Defend_B","Zap","Dualcast","Cold Snap","Barrage","Gensokyo:BlemishedSteel","Gensokyo:RustyChest","Self Repair","Streamline"],"relics":["Cracked Core","NeowsBlessing","Gambling Chip","HollowMod:PaleOreRelic"],"acts_visited":["Gensokyo:Gensokyo"],"potions_floor_usage":[],"damage_taken":[{"damage":0,"enemies":"Gensokyo:2_Kodama","floor":1,"turns":1},{"damage":0,"enemies":"Gensokyo:Python","floor":3,"turns":1},{"damage":0,"enemies":"Gensokyo:Gryphon","floor":7,"turns":1},{"damage":51,"enemies":"Gensokyo:Aya","floor":8,"turns":7},{"damage":61,"enemies":"Gensokyo:Cirno","floor":11,"turns":9}],"seed_played":"1514061740708595222","potions_obtained":[],"is_trial":false,"path_per_floor":["M","?","M","?","COS","R","M","E","T","R","E"],"character_chosen":"DEFECT","items_purchased":[],"campfire_rested":1,"item_purchase_floors":[],"current_hp_per_floor":[75,75,75,75,75,75,75,31,31,53,0,0],"gold":296,"neow_bonus":"THREE_ENEMY_KILL","is_daily":false,"chose_seed":false,"campfire_upgraded":0,"win_rate":0.0,"timestamp":1611031914,"path_taken":["M","?","M","?","COS","R","M","E","T","R","E"],"items_purchased_type":[],"build_version":"2020-12-22","purchased_purges":0,"victory":false,"max_hp_per_floor":[75,75,75,75,75,75,75,75,75,75,75,75],"card_choices":[{"not_picked":["Hologram","Storm"],"picked":"Cold Snap","floor":1},{"not_picked":["Beam Cell","Hologram"],"picked":"Barrage","floor":3},{"not_picked":["Rebound","Rip and Tear"],"picked":"Self Repair","floor":7},{"not_picked":["Compile Driver","Chill"],"picked":"Streamline","floor":8}],"player_experience":47924,"relics_obtained":[{"floor":8,"key":"Gambling Chip"}],"event_choices":[],"is_beta":false,"boss_relics":[],"items_purged_floors":[],"is_endless":false,"potions_floor_spawned":[],"killed_by":"Gensokyo:Cirno","ascension_level":0}}