{"host":"5unvcuco0qq3uuek","time":1611020018,"event":{"mods":["BaseMod","Downfall","Minty Spire (QoL Compilation)","StSLib"],"gold_per_floor":[99,109,124,124,143,158,207,207,207,221,234,234,234],"floor_reached":12,"language":"ENG","playtime":712,"items_purged":[],"score":72,"play_id":"8ad147e1-3c57-4de3-bf59-4fee57048d6c","local_time":"20210118203338","is_ascension_mode":false,"campfire_choices":[{"data":"bronze:Mutator","floor":1,"key":"SMITH"},{"floor":9,"key":"REST"}],"circlet_count":0,"master_deck":["bronze:Strike","bronze:Strike","bronze:Strike","bronze:Strike","bronze:Defend","bronze:Defend","bronze:Defend","bronze:Defend","bronze:Replicate","bronze:Goto","bronze:Mutator+1","bronze:OilSpill","bronze:ItsAFeature","bronze:DazingPulse","bronze:Explode","bronze:MaxOutput","bronze:ItsAFeature"],"relics":["bronze:BronzeCore","Bag of Preparation","downfall:BrokenWingStatue"],"acts_visited":["Exordium"],"potions_floor_usage":[12,12],"damage_taken":[{"damage":2,"enemies":"Small Slimes","floor":2,"turns":4},{"damage":6,"enemies":"Jaw Worm","floor":3,"turns":4},{"damage":39,"enemies":"Jaw Worm","floor":4,"turns":6},{"damage":0,"enemies":"Cultist","floor":5,"turns":3},{"damage":1,"enemies":"2 Fungi Beasts","floor":6,"turns":3},{"damage":13,"enemies":"Blue Slaver","floor":10,"turns":5},{"damage":3,"enemies":"Exordium Thugs","floor":11,"turns":7},{"damage":36,"enemies":"Gremlin Nob","floor":12,"turns":4}],"seed_played":"-6602794055533091747","potions_obtained":[{"floor":3,"key":"SmokeBomb"},{"floor":4,"key":"SneckoOil"},{"floor":5,"key":"hexamod:SoulburnPotion"},{"floor":11,"key":"DuplicationPotion"}],"is_trial":false,"path_per_floor":["R","M","M","?","M","M","T","?","R","M","M","E"],"character_chosen":"THE_AUTOMATON","items_purchased":[],"campfire_rested":1,"item_purchase_floors":[],"current_hp_per_floor":[70,68,62,23,23,22,22,22,43,30,27,0,0],"gold":234,"neow_bonus":"ONE_RANDOM_RARE_CARD","is_daily":false,"chose_seed":false,"campfire_upgraded":1,"win_rate":0.0,"timestamp":1611020018,"path_taken":["R","M","M","?","M","M","T","?","R","M","?","E"],"items_purchased_type":[],"build_version":"2020-12-22","purchased_purges":0,"victory":false,"max_hp_per_floor":[70,70,70,70,70,70,70,70,70,70,70,70,70],"card_choices":[{"not_picked":["bronze:Constructor","bronze:CutThrough"],"picked":"bronze:OilSpill","floor":2},{"not_picked":["bronze:Deprecate","bronze:Constructor"],"picked":"bronze:ItsAFeature","floor":3},{"not_picked":[],"picked":"bronze:DazingPulse","floor":4},{"not_picked":[],"picked":"bronze:Explode","floor":4},{"not_picked":["bronze:AlphaBuild","bronze:BuggyMess"],"picked":"bronze:MaxOutput","floor":5},{"not_picked":["bronze:WhirlingStrike","bronze:Invalidate"],"picked":"bronze:ItsAFeature","floor":6},{"not_picked":["bronze:Deprecate","bronze:BitShift","bronze:Frontload"],"picked":"SKIP","floor":10},{"not_picked":["bronze:DelayedSlice","bronze:CloningBeam","bronze:Overheat"],"picked":"SKIP","floor":11}],"player_experience":495410,"relics_obtained":[{"floor":7,"key":"Bag of Preparation"}],"event_choices":[],"is_beta":false,"boss_relics":[],"items_purged_floors":[],"is_endless":false,"potions_floor_spawned":[3,4,5,11],"killed_by":"Gremlin Nob","ascension_level":0}}