{"host":"i0avyit1s6jb1siw","time":1611044641,"event":{"mods":["BaseMod","DeckTracker","Dota2Spire","Highlight Path","Minty Spire (QoL Compilation)","Quick Restart","StSLib","SuperFastMode"],"gold_per_floor":[20,20,34,48,67,67,67,111,124,124,124,49,73,92,117,117,180,194,194,287,287,302,322,347,87,87,87,87,105,105,105,105,105,105,105,105],"floor_reached":35,"language":"ENG","playtime":957,"items_purged":["Strike_G","Strike_G"],"score":522,"play_id":"2a071c9d-5d47-4953-872d-939dc77f2bee","local_time":"20210119092401","is_ascension_mode":true,"campfire_choices":[{"data":"Bouncing Flask","floor":7,"key":"SMITH"},{"floor":19,"key":"REST"},{"floor":28,"key":"REST"},{"floor":30,"key":"REST"}],"circlet_count":0,"master_deck":["AscendersBane","Defend_G","Defend_G","Defend_G","Defend_G","Defend_G","Survivor","Neutralize","Cloak And Dagger","Burst","Bouncing Flask+1","Masterful Stab","Well Laid Plans","Flying Knee","Crippling Poison","Blur","PiercingWail","Writhe","Escape Plan","PiercingWail","Backflip+1"],"relics":["Ring of the Snake","Mango","Golden Idol","Dota2Spire:MantaStyle","HornCleat","Runic Pyramid","Bag of Preparation","Ninja Scroll","Pen Nib","Enchiridion"],"acts_visited":["Exordium","TheCity"],"potions_floor_usage":[8,20,20],"damage_taken":[{"damage":2,"enemies":"Small Slimes","floor":1,"turns":4},{"damage":9,"enemies":"Jaw Worm","floor":3,"turns":7},{"damage":12,"enemies":"Cultist","floor":4,"turns":4},{"damage":1,"enemies":"Looter","floor":5,"turns":4},{"damage":26,"enemies":"3 Sentries","floor":8,"turns":8},{"damage":17,"enemies":"Large Slime","floor":9,"turns":6},{"damage":0,"enemies":"2 Fungi Beasts","floor":13,"turns":3},{"damage":0,"enemies":"Blue Slaver","floor":14,"turns":3},{"damage":9,"enemies":"Exordium Thugs","floor":15,"turns":5},{"damage":4,"enemies":"Lots of Slimes","floor":18,"turns":4},{"damage":6,"enemies":"Hexaghost","floor":20,"turns":9},{"damage":12,"enemies":"Spheric Guardian","floor":22,"turns":4},{"damage":28,"enemies":"Shell Parasite","floor":23,"turns":6},{"damage":2,"enemies":"Centurion and Healer","floor":24,"turns":10},{"damage":27,"enemies":"Sentry and Sphere","floor":29,"turns":6},{"damage":19,"enemies":"Snecko","floor":35,"turns":7}],"seed_played":"-5488017451403593726","potions_obtained":[{"floor":4,"key":"Regen Potion"},{"floor":8,"key":"SteroidPotion"},{"floor":13,"key":"Swift Potion"},{"floor":18,"key":"CunningPotion"},{"floor":29,"key":"Dota2Spire:Clarity"}],"is_trial":false,"path_per_floor":["M","?","M","M","M","?","R","E","M","T","T","$","M","M","M","$","?","M","R","B",null,"M","M","M","$","?","?","R","M","R","T","$","?","$","M"],"character_chosen":"THE_SILENT","items_purchased":["Bag of Preparation"],"campfire_rested":3,"item_purchase_floors":[25],"current_hp_per_floor":[71,71,62,50,49,49,49,38,21,21,21,21,21,21,12,12,12,8,29,23,60,48,20,18,18,18,18,39,12,33,33,33,12,12,0,0],"gold":105,"neow_bonus":"ONE_RARE_RELIC","is_daily":false,"chose_seed":false,"campfire_upgraded":1,"win_rate":0.0,"timestamp":1611044641,"path_taken":["M","?","M","M","M","?","R","E","M","T","T","$","M","M","?","$","?","M","R","BOSS","M","M","M","$","?","?","R","M","R","T","$","?","?","M"],"items_purchased_type":["Relic"],"build_version":"2020-12-22","purchased_purges":2,"victory":false,"max_hp_per_floor":[80,80,80,80,80,72,72,72,72,72,72,72,72,72,72,72,72,72,72,72,72,72,72,72,72,72,72,72,72,72,72,72,72,72,72,72],"card_choices":[{"not_picked":["Acrobatics","Reflex"],"picked":"Cloak And Dagger","floor":1},{"not_picked":["Dagger Throw","Bane"],"picked":"Bouncing Flask","floor":3},{"not_picked":["Finisher","Expertise"],"picked":"Masterful Stab","floor":4},{"not_picked":["Slice","Underhanded Strike"],"picked":"Well Laid Plans","floor":5},{"not_picked":["Reflex","Cloak And Dagger","Tools of the Trade"],"picked":"SKIP","floor":8},{"not_picked":["Acrobatics","Quick Slash"],"picked":"Flying Knee","floor":9},{"not_picked":["Footwork","Skewer"],"picked":"Crippling Poison","floor":13},{"not_picked":["Outmaneuver","Slice","Dagger Throw"],"picked":"SKIP","floor":14},{"not_picked":["Quick Slash","Heel Hook","Cloak And Dagger"],"picked":"SKIP","floor":15},{"not_picked":["Deflect","Bane"],"picked":"Blur","floor":18},{"not_picked":["Riddle With Holes","Infinite Blades","Outmaneuver"],"picked":"SKIP","floor":22},{"not_picked":["Blur","Tactician","Underhanded Strike"],"picked":"SKIP","floor":23},{"not_picked":["Deflect","Deadly Poison"],"picked":"PiercingWail","floor":24},{"not_picked":["Accuracy","Calculated Gamble"],"picked":"Backflip+1","floor":29}],"player_experience":2286374,"relics_obtained":[{"floor":8,"key":"Dota2Spire:MantaStyle"},{"floor":11,"key":"HornCleat"},{"floor":31,"key":"Pen Nib"},{"floor":33,"key":"Enchiridion"}],"event_choices":[{"damage_healed":0,"gold_gain":0,"cards_transformed":["Strike_G"],"player_choice":"Change","damage_taken":0,"max_hp_gain":0,"max_hp_loss":0,"event_name":"Living Wall","floor":2,"gold_loss":0,"cards_obtained":["Burst"]},{"damage_healed":0,"gold_gain":0,"player_choice":"Lose Max HP","damage_taken":0,"relics_obtained":["Golden Idol"],"max_hp_gain":0,"max_hp_loss":8,"event_name":"Golden Idol","floor":6,"gold_loss":0},{"damage_healed":0,"gold_gain":63,"player_choice":"Gained Gold","damage_taken":0,"max_hp_gain":0,"max_hp_loss":0,"event_name":"Golden Wing","floor":17,"gold_loss":0},{"damage_healed":0,"gold_gain":0,"player_choice":"Opened","damage_taken":0,"relics_obtained":["Ninja Scroll"],"max_hp_gain":0,"max_hp_loss":0,"event_name":"The Mausoleum","floor":26,"gold_loss":0,"cards_obtained":["Writhe"]},{"damage_healed":0,"gold_gain":0,"cards_transformed":["Strike_G","Strike_G"],"player_choice":"Became Test Subject","damage_taken":0,"max_hp_gain":0,"max_hp_loss":0,"event_name":"Drug Dealer","floor":27,"gold_loss":0,"cards_obtained":["Escape Plan","PiercingWail"]},{"damage_healed":0,"gold_gain":0,"player_choice":"Obtained Book","damage_taken":21,"max_hp_gain":0,"max_hp_loss":0,"event_name":"Cursed Tome","floor":33,"gold_loss":0}],"is_beta":false,"boss_relics":[{"not_picked":["Cursed Key","Ectoplasm"],"picked":"Runic Pyramid"}],"items_purged_floors":[12,25],"is_endless":false,"potions_floor_spawned":[4,8,13,14,15,18,29],"killed_by":"Snecko","ascension_level":20}}