{"host":"odz7g4gpgch153rb","time":1611022171,"event":{"mods":["AchievementEnabler","BaseMod","Better Match","Better Third Choice","BetterRewards","GifTheSpireLib","Infinite Spire","Jedi Mod","Minty Spire (QoL Compilation)","Quick Restart","Replay The Spire","Spikes Relics","StSLib","Stuff the Spire","The Blue Laboratory","Trackpad"],"gold_per_floor":[115,131,111,123,5,33,43,79,79,79,79,97,125,136,136,136,136],"floor_reached":16,"language":"ENG","playtime":919,"items_purged":["Strike_G"],"score":218,"play_id":"1140080a-df49-4bd9-8366-0e55dc586965","local_time":"20210118210931","is_ascension_mode":true,"campfire_choices":[{"floor":15,"key":"REST"}],"circlet_count":0,"master_deck":["AscendersBane","Strike_G","Strike_G","Strike_G","Strike_G","Defend_G","Defend_G","Defend_G","Defend_G","Defend_G","Survivor","Neutralize","Toxin Wave","Flying Knee","Footwork","Toxin Wave","StuffTheSpire:Injection","StuffTheSpire:Python","jedi:studypoison"],"relics":["Ring of the Snake","NeowsBlessing","Garlic","Snake Skull","infinitespire:BottledMercury","jedi:archwizardhat","trackpad:WindUpAutoDealer"],"acts_visited":["Exordium"],"potions_floor_usage":[6,6,13,13,14],"damage_taken":[{"damage":0,"enemies":"Small Slimes","floor":1,"turns":1},{"damage":0,"enemies":"Cultist","floor":2,"turns":1},{"damage":0,"enemies":"2 Louse","floor":4,"turns":1},{"damage":6,"enemies":"Replay:BlueRogue","floor":6,"turns":5},{"damage":4,"enemies":"Looter","floor":7,"turns":4},{"damage":4,"enemies":"Blue Slaver","floor":12,"turns":4},{"damage":15,"enemies":"3 Sentries","floor":13,"turns":6},{"damage":0,"enemies":"3 Louse","floor":14,"turns":1},{"damage":23,"enemies":"Hexaghost","floor":16,"turns":9}],"seed_played":"-3216502625777930249","potions_obtained":[{"floor":2,"key":"CunningPotion"},{"floor":3,"key":"Strength Potion"},{"floor":6,"key":"PowerPotion"},{"floor":8,"key":"Swift Potion"},{"floor":12,"key":"DistilledChaos"},{"floor":13,"key":"jedi:StrikingPotion"}],"is_trial":false,"path_per_floor":["M","M","?","M","$","E","M","?","T","T","$","M","E","M","R","B"],"character_chosen":"THE_SILENT","items_purchased":["Footwork"],"campfire_rested":1,"item_purchase_floors":[5],"current_hp_per_floor":[59,59,59,59,59,53,49,23,23,23,23,19,4,4,23,0,0],"gold":136,"neow_bonus":"THREE_ENEMY_KILL","is_daily":false,"chose_seed":false,"campfire_upgraded":0,"win_rate":0.0,"timestamp":1611022171,"path_taken":["M","M","?","?","$","E","M","?","T","?","$","M","E","M","R","BOSS"],"items_purchased_type":["Card"],"build_version":"2020-12-22","purchased_purges":1,"victory":false,"max_hp_per_floor":[66,66,66,66,66,66,66,66,66,66,66,66,66,66,66,66,66],"card_choices":[{"not_picked":["Backflip","StuffTheSpire:Injection"],"picked":"Toxin Wave","floor":1},{"not_picked":["Underhanded Strike","Eviscerate","Finisher"],"picked":"SKIP","floor":2},{"not_picked":["PiercingWail","StuffTheSpire:BumpUp"],"picked":"Flying Knee","floor":4},{"not_picked":["Envenom","jedi:pocketpoison"],"picked":"Toxin Wave","floor":6},{"not_picked":["Outmaneuver","Acrobatics"],"picked":"StuffTheSpire:Injection","floor":7},{"not_picked":["Prepared","Underhanded Strike"],"picked":"StuffTheSpire:Python","floor":8},{"not_picked":["Backflip","Cloak And Dagger","Dodge and Roll"],"picked":"SKIP","floor":12},{"not_picked":["Underhanded Strike","StuffTheSpire:Fury"],"picked":"jedi:studypoison","floor":13},{"not_picked":["Expertise","Blade Dance","Dagger Spray"],"picked":"SKIP","floor":14}],"player_experience":1059122,"relics_obtained":[{"floor":6,"key":"Garlic"},{"floor":8,"key":"Snake Skull"},{"floor":9,"key":"infinitespire:BottledMercury"},{"floor":10,"key":"jedi:archwizardhat"},{"floor":13,"key":"trackpad:WindUpAutoDealer"}],"event_choices":[{"damage_healed":0,"gold_gain":0,"player_choice":"Bought 1 Potion","damage_taken":0,"max_hp_gain":0,"max_hp_loss":0,"event_name":"The Woman in Blue","floor":3,"gold_loss":0}],"is_beta":false,"boss_relics":[],"items_purged_floors":[5],"is_endless":false,"potions_floor_spawned":[2,6,12,13],"killed_by":"Hexaghost","ascension_level":19}}