{"host":"0ueeacaatm8t6jyh","time":1611056002,"event":{"mods":["AchievementEnabler","BaseMod","Colored Powertips","Minty Spire (QoL Compilation)","Quick Restart","Rare Cards Sparkle","Shop Mod","StSLib"],"gold_per_floor":[113,113,113,124,5,37,54,54,54,82,92,108,108,8,8,8,8],"floor_reached":16,"language":"ZHS","playtime":541,"items_purged":["Strike_R","Strike_R"],"score":220,"play_id":"5ad6fed9-466e-4ad4-b01f-e98d27720010","local_time":"20210119193322","is_ascension_mode":true,"campfire_choices":[{"floor":8.0,"key":"REST"},{"data":"Dark Embrace","floor":13.0,"key":"SMITH"},{"data":"Armaments","floor":15.0,"key":"SMITH"}],"circlet_count":0,"master_deck":["AscendersBane","Strike_R","Strike_R","Strike_R","Defend_R","Defend_R","Defend_R","Defend_R","Bash","Heavy Blade","Feed","Second Wind","Armaments+1","Dark Embrace+1","Ghostly Armor","Wild Strike"],"relics":["Busted Crown","InkBottle","Art of War","Orichalcum","CeramicFish"],"acts_visited":["Exordium"],"potions_floor_usage":[16,16,16],"damage_taken":[{"damage":3.0,"enemies":"Small Slimes","floor":1.0,"turns":4.0},{"damage":0.0,"enemies":"2 Louse","floor":4.0,"turns":2.0},{"damage":29.0,"enemies":"Gremlin Nob","floor":6.0,"turns":4.0},{"damage":4.0,"enemies":"Cultist","floor":7.0,"turns":5.0},{"damage":10.0,"enemies":"Lagavulin","floor":10.0,"turns":5.0},{"damage":6.0,"enemies":"Blue Slaver","floor":11.0,"turns":6.0},{"damage":0.0,"enemies":"2 Fungi Beasts","floor":12.0,"turns":3.0},{"damage":38,"enemies":"The Guardian","floor":16,"turns":9}],"seed_played":"1976118906922209081","potions_obtained":[{"floor":4.0,"key":"BlessingOfTheForge"},{"floor":7.0,"key":"GamblersBrew"},{"floor":10.0,"key":"EntropicBrew"}],"is_trial":false,"path_per_floor":["M","?","?","M","$","E","M","R","T","E","M","M","R","$","R","B"],"character_chosen":"IRONCLAD","items_purchased":["Dark Embrace"],"campfire_rested":1,"item_purchase_floors":[5],"current_hp_per_floor":[65,47,47,47,47,21,20,44,44,34,31,34,34,34,34,0,0],"gold":8,"neow_bonus":"BOSS_RELIC","is_daily":false,"chose_seed":false,"campfire_upgraded":2,"win_rate":0.0,"timestamp":1611056002,"path_taken":["M","?","?","M","$","E","M","R","T","E","?","M","R","$","R","BOSS"],"items_purchased_type":["Card"],"build_version":"2020-12-22","purchased_purges":2,"victory":false,"max_hp_per_floor":[75,75,75,75,75,78,81,81,81,81,84,87,87,87,87,87,87],"card_choices":[{"not_picked":[],"picked":"Heavy Blade","floor":1.0},{"not_picked":[],"picked":"Armaments","floor":4.0},{"not_picked":[],"picked":"Ghostly Armor","floor":6.0},{"not_picked":[],"picked":"Wild Strike","floor":7.0},{"not_picked":["Twin Strike"],"picked":"SKIP","floor":10.0},{"not_picked":["Twin Strike"],"picked":"SKIP","floor":11.0},{"not_picked":["Anger"],"picked":"SKIP","floor":12.0}],"player_experience":407170,"relics_obtained":[{"floor":6.0,"key":"Art of War"},{"floor":9.0,"key":"Orichalcum"},{"floor":10.0,"key":"CeramicFish"}],"event_choices":[{"damage_healed":0.0,"max_hp_gain":0.0,"max_hp_loss":0.0,"gold_gain":0.0,"event_name":"Scrap Ooze","player_choice":"Success","floor":2.0,"gold_loss":0.0,"damage_taken":18.0,"relics_obtained":["InkBottle"]},{"damage_healed":0.0,"max_hp_gain":0.0,"max_hp_loss":0.0,"gold_gain":0.0,"event_name":"Match and Keep!","player_choice":"2 cards matched","floor":3.0,"gold_loss":0.0,"damage_taken":0.0,"cards_obtained":["Feed","Second Wind"]}],"is_beta":false,"boss_relics":[],"items_purged_floors":[5,14],"is_endless":false,"potions_floor_spawned":[4,7,10,12],"killed_by":"The Guardian","ascension_level":20}}