{"host":"rewczy2ihmzhwqlt","time":1611030302,"event":{"mods":["2.2 Compatiblity","Act Like it!","BaseMod","Gensokyo","Minty Spire (QoL Compilation)","Permanent Neow","Quick Restart","Rare Cards Sparkle","StSLib"],"gold_per_floor":[109,109,89,89,106,438,438,467,467,467,131,131,165,179,179,277,277,315,325,325,325,325,360,106,25,25,25,68,68,68,98,98],"floor_reached":31,"language":"ZHS","playtime":2056,"items_purged":["Strike_P","Defend_P"],"score":464,"play_id":"29726dbf-f7e1-4c77-9c64-952018601d75","local_time":"20210119122502","is_ascension_mode":true,"campfire_choices":[{"data":"Vigilance","floor":7.0,"key":"SMITH"},{"data":"LessonLearned","floor":15.0,"key":"SMITH"},{"data":"Wish","floor":29.0,"key":"SMITH"}],"circlet_count":0,"master_deck":["AscendersBane","Strike_P+1","Strike_P","Defend_P+1","Defend_P+1","Eruption","Vigilance+1","Clumsy","Sanctity","LessonLearned+1","Wish+1","Night Terror","Gensokyo:TarnishedGold","Gensokyo:Shovel","Reinforced Body"],"relics":["Snecko Eye","Gensokyo:NagashiBinaDoll","FossilizedHelix","Letter Opener","Oddly Smooth Stone","Bag of Preparation","Meat on the Bone","Velvet Choker","Bottled Flame","Centennial Puzzle","Eternal Feather","Gensokyo:DirgeOfMelancholy","Frozen Eye"],"acts_visited":["Exordium","Gensokyo:Gensokyo"],"potions_floor_usage":[31],"damage_taken":[{"damage":8.0,"enemies":"Gensokyo:3_Fairies","floor":1.0,"turns":3.0},{"damage":0.0,"enemies":"Gensokyo:Gryphon","floor":5.0,"turns":4.0},{"damage":0.0,"enemies":"Gensokyo:Mamizou","floor":6.0,"turns":9.0},{"damage":0.0,"enemies":"Gensokyo:Cirno","floor":8.0,"turns":5.0},{"damage":21.0,"enemies":"Gensokyo:Aya","floor":13.0,"turns":6.0},{"damage":0.0,"enemies":"Gensokyo:Python","floor":14.0,"turns":1.0},{"damage":8.0,"enemies":"Gensokyo:Yukari","floor":16.0,"turns":12.0},{"damage":0.0,"enemies":"Gensokyo:AngelMirror","floor":18.0,"turns":2.0},{"damage":4.0,"enemies":"Gensokyo:3_Dogs","floor":19.0,"turns":5.0},{"damage":17.0,"enemies":"Gensokyo:Reisen","floor":23.0,"turns":13.0},{"damage":0.0,"enemies":"Gensokyo:Wraith","floor":28.0,"turns":4.0},{"damage":71,"enemies":"Gensokyo:Koishi","floor":31,"turns":8}],"seed_played":"8375999669813158449","potions_obtained":[{"floor":1.0,"key":"SkillPotion"},{"floor":5.0,"key":"Dexterity Potion"},{"floor":6.0,"key":"Ancient Potion"},{"floor":16.0,"key":"FearPotion"}],"is_trial":false,"path_per_floor":["M","?","COS","T","M","E","R","E","T","?","$","?","E","M","R","B",null,"M","M","?","?","?","E","$","COS","T","?","M","R","?","E"],"character_chosen":"WATCHER","items_purchased":["Meat on the Bone","Centennial Puzzle"],"campfire_rested":0,"item_purchase_floors":[11,24],"current_hp_per_floor":[57,57,57,57,57,57,57,57,57,72,72,65,44,44,44,48,66,66,62,62,62,55,38,38,38,38,38,38,47,47,0,0],"gold":98,"neow_bonus":"BOSS_RELIC","is_daily":false,"chose_seed":false,"campfire_upgraded":3,"win_rate":0.0,"timestamp":1611030302,"path_taken":["M","?","COS","?","M","E","R","E","T","?","?","?","E","M","R","BOSS","M","?","?","?","?","E","?","COS","T","?","M","R","?","E"],"items_purchased_type":["Relic","Relic"],"build_version":"2020-12-22","purchased_purges":2,"victory":false,"max_hp_per_floor":[72,72,72,72,72,72,72,72,72,72,72,72,72,72,72,72,72,72,72,72,72,72,72,72,72,72,72,72,72,72,72,72],"card_choices":[{"not_picked":["CrushJoints","Evaluate","SashWhip"],"picked":"SKIP","floor":1.0},{"not_picked":["Halt","CarveReality","PathToVictory"],"picked":"SKIP","floor":5.0},{"not_picked":["Sanctity","Halt","CrushJoints"],"picked":"SKIP","floor":6.0},{"not_picked":["Halt","CrushJoints"],"picked":"Sanctity","floor":6.0},{"not_picked":["ForeignInfluence","ClearTheMind"],"picked":"LessonLearned","floor":8.0},{"not_picked":["CarveReality","Conclude","Swivel"],"picked":"SKIP","floor":13.0},{"not_picked":["Weave","FlurryOfBlows","Halt"],"picked":"SKIP","floor":14.0},{"not_picked":["Alpha","Devotion"],"picked":"Wish","floor":16.0},{"not_picked":["BattleHymn","WindmillStrike+1","EmptyFist"],"picked":"SKIP","floor":18.0},{"not_picked":["JustLucky","Halt","FollowUp+1"],"picked":"SKIP","floor":19.0},{"not_picked":["Collect","EmptyBody","Prostrate"],"picked":"SKIP","floor":23.0},{"not_picked":["BowlingBash","PathToVictory+1","WreathOfFlame+1"],"picked":"SKIP","floor":28.0}],"player_experience":591912,"relics_obtained":[{"floor":4.0,"key":"FossilizedHelix"},{"floor":6.0,"key":"Letter Opener"},{"floor":8.0,"key":"Oddly Smooth Stone"},{"floor":9.0,"key":"Bag of Preparation"},{"floor":13.0,"key":"TeardropLocket"},{"floor":23.0,"key":"Bottled Flame"},{"floor":26.0,"key":"Eternal Feather"}],"event_choices":[],"is_beta":false,"boss_relics":[{"not_picked":["Cursed Key","Astrolabe"],"picked":"Velvet Choker"}],"items_purged_floors":[11,24],"is_endless":false,"potions_floor_spawned":[1,5,6,14,16],"killed_by":"Gensokyo:Koishi","ascension_level":11}}