{"host":"kq2g769nefmuyn7c","time":1611042835,"event":{"mods":["ATMod(°¢èªMod)","Act Like it!","BaseMod","Gensokyo","Koishi","Minty Spire (QoL Compilation)","Remilia£¨ÀÙÃ×ÀòÑÇ£©","Replay The Spire","StSLib","The Servant 0.9.4"],"gold_per_floor":[110,121,131,142,161,161,161],"floor_reached":6,"language":"ZHS","playtime":435,"items_purged":[],"score":58,"play_id":"6104f59e-cd95-4d46-b9fd-f6f2693f4e98","local_time":"20210119155355","is_ascension_mode":true,"campfire_choices":[],"circlet_count":0,"master_deck":["Strike_S","Strike_S","Strike_S","Strike_S","Defend_S","Defend_S","Defend_S","Defend_S","KidneyShot","Exchange","CommonCold","AT_FamilyPortrait","AT_FamilyPortrait","MoonPhase","ShiftingGears","BottledTime","Starlight","ForgedInTime","Collapse","ReturningBlade"],"relics":["Uniform","AT_ATBox","Prayer Wheel"],"acts_visited":["Exordium"],"potions_floor_usage":[1,1,1,5,6],"damage_taken":[{"damage":0,"enemies":"Cultist","floor":1,"turns":5},{"damage":0,"enemies":"Small Slimes","floor":2,"turns":3},{"damage":6,"enemies":"2 Louse","floor":3,"turns":3},{"damage":0,"enemies":"Large Slime","floor":4,"turns":5},{"damage":6,"enemies":"Lots of Slimes","floor":5,"turns":2},{"damage":56,"enemies":"Lagavulin","floor":6,"turns":11}],"seed_played":"-4665063645171416269","potions_obtained":[],"is_trial":false,"path_per_floor":["M","M","M","M","M","E"],"character_chosen":"THE_SERVANT","items_purchased":[],"campfire_rested":0,"item_purchase_floors":[],"current_hp_per_floor":[59,62,56,56,50,0,0],"gold":161,"neow_bonus":"RANDOM_COLORLESS_2","is_daily":false,"chose_seed":false,"campfire_upgraded":0,"win_rate":0.0,"timestamp":1611042835,"path_taken":["M","M","M","M","?","E"],"items_purchased_type":[],"build_version":"2020-12-22","purchased_purges":0,"victory":false,"max_hp_per_floor":[65,65,65,65,65,65,65],"card_choices":[{"not_picked":["AT_FalsePromise","Violence"],"picked":"AT_FamilyPortrait","floor":0},{"not_picked":["Starlight","FastForward"],"picked":"MoonPhase","floor":1},{"not_picked":["Revamp","Moondial"],"picked":"ShiftingGears","floor":2},{"not_picked":["Defy","Revamp"],"picked":"BottledTime","floor":3},{"not_picked":["Defy","Revamp"],"picked":"Starlight","floor":3},{"not_picked":["Shuttle","DoubleEdge"],"picked":"ForgedInTime","floor":4},{"not_picked":["Comet","Unruled","Spin"],"picked":"SKIP","floor":4},{"not_picked":["Alleviate","TimeWarp"],"picked":"Collapse","floor":5},{"not_picked":["ShatteredReality","Potential"],"picked":"ReturningBlade","floor":5}],"player_experience":268515,"relics_obtained":[],"event_choices":[],"is_beta":false,"boss_relics":[],"items_purged_floors":[],"is_endless":false,"potions_floor_spawned":[3],"killed_by":"Lagavulin","ascension_level":9}}