{"host":"h4lp0eeso8a0ssq0","time":1611027649,"event":{"mods":["2.2 Compatiblity","AchievementEnabler","BaseMod","CapriCore","Colored Map","Minty Spire (QoL Compilation)","Replay The Spire","StSLib","SuperFastMode"],"gold_per_floor":[115,126,179,179,179,194,206,206,216,216,216,216,216,233,233,233,233,233,233],"floor_reached":18,"language":"KOR","playtime":253,"items_purged":[],"score":102,"play_id":"5c887414-2795-4c7f-81eb-c2f282098fd4","local_time":"20210119124049","is_ascension_mode":false,"campfire_choices":[{"data":"Entrench","floor":8.0,"key":"SMITH"},{"data":"Entrench","floor":10.0,"key":"SMITH"},{"data":"Clothesline","floor":13.0,"key":"SMITH"},{"data":"Shrug It Off","floor":15.0,"key":"SMITH"},{"floor":17,"key":"REST"}],"circlet_count":0,"master_deck":["Strike_R","Strike_R","Strike_R","Strike_R","Strike_R+1","Defend_R","Defend_R","Defend_R+1","Defend_R","Bash","Entrench+1","Clothesline+1","Shrug It Off+1","Entrench+1"],"relics":["Burning Blood","ReplayTheSpireMod:Lightbulb","Onion Ring","Self Forming Clay"],"acts_visited":["Exordium"],"potions_floor_usage":[],"damage_taken":[{"damage":6.0,"enemies":"Cultist","floor":1.0,"turns":3.0},{"damage":5.0,"enemies":"2 Louse","floor":2.0,"turns":3.0},{"damage":3.0,"enemies":"Small Slimes","floor":6.0,"turns":3.0},{"damage":0.0,"enemies":"2 Fungi Beasts","floor":7.0,"turns":5.0},{"damage":10.0,"enemies":"Exordium Thugs","floor":9.0,"turns":4.0},{"damage":7.0,"enemies":"Exordium Wildlife","floor":14.0,"turns":7.0},{"damage":25,"enemies":"Slime Boss","floor":18,"turns":5}],"seed_played":"-5998546129988402006","potions_obtained":[{"floor":1.0,"key":"Adrenaline Potion"},{"floor":3.0,"key":"FairyPotion"},{"floor":14.0,"key":"Fire Potion"}],"is_trial":false,"path_per_floor":["M","M","?","PTL","PTL","M","M","R","M","R","T","?","R","M","R","?","R","B"],"character_chosen":"IRONCLAD","items_purchased":[],"campfire_rested":1,"item_purchase_floors":[],"current_hp_per_floor":[80,80,48,48,48,51,57,57,53,53,53,37,37,36,36,36,60,35,35],"gold":233,"neow_bonus":"RANDOM_COMMON_RELIC","is_daily":false,"chose_seed":false,"campfire_upgraded":4,"win_rate":0.0,"timestamp":1611027649,"path_taken":["M","M","?","PTL","PTL","M","M","R","M","R","T","?","R","M","R","?","R","BOSS"],"items_purchased_type":[],"build_version":"2020-12-22","purchased_purges":0,"victory":false,"max_hp_per_floor":[80,80,80,80,80,80,80,80,80,80,80,80,80,80,80,80,80,80,80],"card_choices":[{"not_picked":["Dark Embrace","Havoc"],"picked":"Entrench","floor":1.0},{"not_picked":["Clash","Wild Strike"],"picked":"Clothesline","floor":2.0},{"not_picked":["Burning Pact","Thunderclap"],"picked":"Shrug It Off","floor":3.0},{"not_picked":["Offering","True Grit"],"picked":"Entrench","floor":6.0},{"not_picked":["Massacre","Replay:Undeath\u0027s Touch","Warcry"],"picked":"SKIP","floor":7.0},{"not_picked":["Headbutt","Rupture","Perfected Strike"],"picked":"SKIP","floor":9.0},{"not_picked":["Flex","Heavy Blade","Evolve"],"picked":"SKIP","floor":14.0}],"player_experience":180631,"relics_obtained":[{"floor":3.0,"key":"Onion Ring"},{"floor":11.0,"key":"Self Forming Clay"}],"event_choices":[{"damage_healed":0.0,"max_hp_gain":0.0,"max_hp_loss":0.0,"gold_gain":0.0,"event_name":"Shining Light","player_choice":"Entered Light","floor":12.0,"gold_loss":0.0,"damage_taken":16.0,"cards_upgraded":["Defend_R","Strike_R"]}],"is_beta":false,"boss_relics":[],"items_purged_floors":[],"is_endless":false,"potions_floor_spawned":[1,14],"killed_by":"Slime Boss","ascension_level":0}}