{"host":"i7jfea87xc8lz16p","time":1611080816,"event":{"mods":["AchievementEnabler","BaseMod","Colored Powertips","Minty Spire (QoL Compilation)","Relic Stats"],"gold_per_floor":[111,130,142,142,158,158,175,204,204,238,238,272,285,297,297,371,371,383,383,43,106,156,184,184,184],"floor_reached":24,"language":"ENG","playtime":1329,"items_purged":["Strike_P"],"score":476,"play_id":"6f15a873-786b-48fb-a3a2-0bfb3ee1f5ff","local_time":"20210119192656","is_ascension_mode":true,"campfire_choices":[{"data":"Consecrate","floor":6,"key":"SMITH"},{"floor":11,"key":"REST"},{"floor":15,"key":"REST"}],"circlet_count":0,"master_deck":["AscendersBane","Strike_P","Strike_P","Defend_P","Defend_P","Defend_P","Defend_P","Eruption","Vigilance","Consecrate+1","FollowUp","LikeWater","Adaptation","FearNoEvil","WaveOfTheHand","EmptyFist","DeusExMachina","LessonLearned","Indignation+1","Study","Perseverance","FlurryOfBlows","ThirdEye+1","EmptyBody"],"relics":["PureWater","Ice Cream","Potion Belt","Toy Ornithopter","HornCleat","Busted Crown","SsserpentHead","Yang"],"acts_visited":["Exordium","TheCity"],"potions_floor_usage":[8,10,21,21,23,23],"damage_taken":[{"damage":1,"enemies":"Cultist","floor":1,"turns":4},{"damage":0,"enemies":"2 Louse","floor":2,"turns":2},{"damage":0,"enemies":"Small Slimes","floor":3,"turns":5},{"damage":9,"enemies":"Exordium Wildlife","floor":5,"turns":5},{"damage":3,"enemies":"Blue Slaver","floor":7,"turns":6},{"damage":31,"enemies":"Gremlin Nob","floor":8,"turns":5},{"damage":2,"enemies":"Lagavulin","floor":10,"turns":6},{"damage":9,"enemies":"3 Sentries","floor":12,"turns":6},{"damage":4,"enemies":"Lots of Slimes","floor":13,"turns":3},{"damage":2,"enemies":"2 Fungi Beasts","floor":14,"turns":3},{"damage":26,"enemies":"The Guardian","floor":16,"turns":18},{"damage":50,"enemies":"Chosen","floor":18,"turns":9},{"damage":12,"enemies":"2 Thieves","floor":21,"turns":4},{"damage":28,"enemies":"Slavers","floor":23,"turns":5},{"damage":8,"enemies":"Chosen and Byrds","floor":24,"turns":3}],"seed_played":"-7002086440618068944","potions_obtained":[{"floor":2,"key":"Ancient Potion"},{"floor":3,"key":"DuplicationPotion"},{"floor":5,"key":"Ambrosia"},{"floor":14,"key":"CultistPotion"},{"floor":18,"key":"StancePotion"},{"floor":21,"key":"FearPotion"}],"is_trial":false,"path_per_floor":["M","M","M","?","M","R","M","E","T","E","R","E","M","M","R","B",null,"M","?","$","M","?","E","M"],"character_chosen":"WATCHER","items_purchased":["Study","DuplicationPotion","Perseverance","FlurryOfBlows"],"campfire_rested":2,"item_purchase_floors":[20,20,20,20],"current_hp_per_floor":[66,66,66,59,50,50,47,16,16,14,36,27,23,21,43,17,60,10,10,10,8,23,5,0,0],"gold":184,"neow_bonus":"TEN_PERCENT_HP_BONUS","is_daily":false,"chose_seed":false,"campfire_upgraded":1,"win_rate":0.0,"timestamp":1611080816,"path_taken":["M","M","M","?","M","R","M","E","T","E","R","E","M","M","R","BOSS","M","?","$","?","?","E","M"],"items_purchased_type":["Card","Potion","Card","Card"],"build_version":"2020-12-22","purchased_purges":1,"victory":false,"max_hp_per_floor":[74,74,74,74,74,74,74,74,74,74,74,74,74,74,74,74,74,74,74,74,74,74,74,74,74],"relic_stats":{"SsserpentHead":100,"Busted Crown":6,"counters":[15,84],"Yang":[8],"obtain_stats":[{"Ice Cream":8,"Potion Belt":9,"SsserpentHead":19,"HornCleat":12,"Busted Crown":17,"Yang":23,"PureWater":0,"Toy Ornithopter":10},{"Ice Cream":6,"Potion Belt":6,"SsserpentHead":12,"HornCleat":8,"Busted Crown":11,"Yang":14,"PureWater":0,"Toy Ornithopter":7},{"Ice Cream":27,"Potion Belt":27,"SsserpentHead":72,"HornCleat":39,"Busted Crown":63,"Yang":81,"PureWater":0,"Toy Ornithopter":33}],"Toy Ornithopter":20},"card_choices":[{"not_picked":["Prostrate","Protect"],"picked":"Consecrate","floor":1},{"not_picked":["Consecrate","SandsOfTime"],"picked":"FollowUp","floor":2},{"not_picked":["ClearTheMind","FollowUp"],"picked":"LikeWater","floor":3},{"not_picked":["PathToVictory","Crescendo"],"picked":"Adaptation","floor":5},{"not_picked":["CutThroughFate","WreathOfFlame"],"picked":"FearNoEvil","floor":7},{"not_picked":["Scrawl","EmptyFist"],"picked":"WaveOfTheHand","floor":8},{"not_picked":["ClearTheMind","Adaptation"],"picked":"EmptyFist","floor":10},{"not_picked":["Evaluate","Consecrate"],"picked":"DeusExMachina","floor":12},{"not_picked":["Worship","BowlingBash","Prostrate"],"picked":"SKIP","floor":13},{"not_picked":["Fasting2","Sanctity","WreathOfFlame"],"picked":"SKIP","floor":14},{"not_picked":["SpiritShield","Alpha"],"picked":"LessonLearned","floor":16},{"not_picked":[],"picked":"Indignation","floor":18},{"not_picked":[],"picked":"ThirdEye+1","floor":21},{"not_picked":[],"picked":"EmptyBody","floor":23}],"player_experience":1824218,"relics_obtained":[{"floor":8,"key":"Ice Cream"},{"floor":9,"key":"Potion Belt"},{"floor":10,"key":"Toy Ornithopter"},{"floor":12,"key":"HornCleat"},{"floor":23,"key":"Yang"}],"event_choices":[{"cards_removed":["Strike_P"],"damage_healed":0,"gold_gain":0,"player_choice":"Card Removal","damage_taken":7,"max_hp_gain":0,"max_hp_loss":0,"event_name":"Golden Wing","floor":4,"gold_loss":0},{"damage_healed":0,"gold_gain":0,"player_choice":"Trade","damage_taken":0,"relics_obtained":["SsserpentHead"],"max_hp_gain":0,"max_hp_loss":0,"event_name":"FaceTrader","floor":19,"gold_loss":0},{"damage_healed":15,"gold_gain":0,"player_choice":"Heal","damage_taken":0,"max_hp_gain":0,"max_hp_loss":0,"event_name":"The Library","floor":22,"gold_loss":0}],"is_beta":false,"boss_relics":[{"not_picked":["Runic Dome","Philosopher\u0027s Stone"],"picked":"Busted Crown"}],"items_purged_floors":[20],"is_endless":false,"potions_floor_spawned":[2,3,5,7,14,18,21],"killed_by":"Chosen and Byrds","ascension_level":20}}