{"host":"c52z9ixzgdjttcmx","time":1611083050,"event":{"mods":["BaseMod","Colored Powertips","Minty Spire (QoL Compilation)","Rare Cards Sparkle","Relic Stats"],"gold_per_floor":[116,128,147,163,181,181,209,21,76,76,126,164,314,369,369,442,442,452,377,48,48,64,64,98,98,146,172,206,206,219,73,73,73,73],"floor_reached":33,"language":"ENG","playtime":1650,"items_purged":[],"score":578,"play_id":"04d99283-da84-4a01-ac7d-669ffc8477c2","local_time":"20210119130410","is_ascension_mode":true,"campfire_choices":[{"data":"Madness","floor":10,"key":"SMITH"},{"floor":15,"key":"REST"},{"floor":23,"key":"REST"},{"floor":25,"key":"REST"},{"floor":32,"key":"REST"}],"circlet_count":0,"master_deck":["AscendersBane","Strike_R","Strike_R","Defend_R","Defend_R","Defend_R","Bash","Madness+1","Pommel Strike","Carnage","Thunderclap","Rage","Sword Boomerang","Fire Breathing","HandOfGreed","Body Slam","Disarm","Doubt","Cleave","Demon Form","Flame Barrier","Sadistic Nature","Infernal Blade+1","Entrench+1","Rampage","Anger","Bludgeon","Headbutt","Feel No Pain","Feel No Pain+1","Sever Soul","Shrug It Off","Reckless Charge","Burning Pact"],"relics":["Burning Blood","PreservedInsect","Bag of Preparation","Bottled Flame","Akabeko","Empty Cage","Orrery","MutagenicStrength","Vajra","Anchor","Bottled Tornado"],"acts_visited":["Exordium","TheCity"],"potions_floor_usage":[11,16,28,30],"damage_taken":[{"damage":9,"enemies":"Jaw Worm","floor":1,"turns":3},{"damage":4,"enemies":"2 Louse","floor":2,"turns":3},{"damage":0,"enemies":"Small Slimes","floor":3,"turns":3},{"damage":12,"enemies":"Looter","floor":4,"turns":3},{"damage":0,"enemies":"Large Slime","floor":5,"turns":5},{"damage":24,"enemies":"Lagavulin","floor":7,"turns":7},{"damage":10,"enemies":"3 Sentries","floor":11,"turns":4},{"damage":2,"enemies":"3 Louse","floor":12,"turns":3},{"damage":26,"enemies":"Lagavulin","floor":14,"turns":6},{"damage":21,"enemies":"Slime Boss","floor":16,"turns":9},{"damage":48,"enemies":"Shell Parasite","floor":18,"turns":7},{"damage":12,"enemies":"Chosen","floor":22,"turns":3},{"damage":34,"enemies":"Slavers","floor":24,"turns":5},{"damage":0,"enemies":"Gremlin Leader","floor":27,"turns":5},{"damage":27,"enemies":"Snecko","floor":28,"turns":4},{"damage":15,"enemies":"Cultist and Chosen","floor":30,"turns":7},{"damage":83,"enemies":"Automaton","floor":33,"turns":6}],"seed_played":"2367866767467955422","potions_obtained":[{"floor":2,"key":"Strength Potion"},{"floor":5,"key":"FearPotion"},{"floor":7,"key":"Block Potion"},{"floor":11,"key":"SteroidPotion"},{"floor":28,"key":"LiquidMemories"}],"is_trial":false,"path_per_floor":["M","M","M","M","M","?","E","$","T","R","E","M","?","E","R","B",null,"M","?","$","?","M","R","E","R","T","E","M","?","M","$","R","B"],"character_chosen":"IRONCLAD","items_purchased":["HandOfGreed","Sadistic Nature","Orrery","Reckless Charge","Burning Pact"],"campfire_rested":4,"item_purchase_floors":[8,20,20,31,31],"current_hp_per_floor":[65,67,73,67,73,66,48,48,48,48,44,48,48,28,50,35,65,23,23,23,23,17,39,11,33,33,39,18,18,9,9,31,0,0],"gold":73,"neow_bonus":"RANDOM_COLORLESS","is_daily":false,"chose_seed":false,"campfire_upgraded":1,"win_rate":0.0,"timestamp":1611083050,"path_taken":["M","M","M","M","M","?","E","$","T","R","E","M","?","E","R","BOSS","M","?","$","?","M","R","E","R","T","E","M","?","M","$","R","BOSS"],"items_purchased_type":["Card","Card","Relic","Card","Card"],"build_version":"2020-12-22","purchased_purges":0,"victory":false,"max_hp_per_floor":[75,75,75,75,75,75,75,75,75,75,75,75,75,75,75,75,75,75,75,75,75,75,75,75,75,75,75,75,75,75,75,75,75,75],"relic_stats":{"counters":[17,83],"PreservedInsect":151,"Bag of Preparation":[22],"obtain_stats":[{"Bottled Flame":11,"Anchor":26,"MutagenicStrength":21,"Orrery":20,"Vajra":24,"PreservedInsect":7,"Bag of Preparation":9,"Bottled Tornado":27,"Empty Cage":17,"Burning Blood":0,"Akabeko":14},{"Bottled Flame":7,"Anchor":13,"MutagenicStrength":11,"Orrery":11,"Vajra":13,"PreservedInsect":6,"Bag of Preparation":6,"Bottled Tornado":14,"Empty Cage":10,"Burning Blood":0,"Akabeko":9},{"Bottled Flame":28,"Anchor":61,"MutagenicStrength":53,"Orrery":53,"Vajra":61,"PreservedInsect":24,"Bag of Preparation":24,"Bottled Tornado":66,"Empty Cage":46,"Burning Blood":0,"Akabeko":37}],"Burning Blood":96},"card_choices":[{"not_picked":["Impatience","Trip"],"picked":"Madness","floor":0},{"not_picked":["Heavy Blade","Burning Pact"],"picked":"Pommel Strike","floor":1},{"not_picked":["Thunderclap","Rage"],"picked":"Carnage","floor":2},{"not_picked":["Battle Trance","Sever Soul"],"picked":"Thunderclap","floor":3},{"not_picked":["Twin Strike","Dual Wield"],"picked":"Rage","floor":4},{"not_picked":["Blood for Blood","Sever Soul"],"picked":"Sword Boomerang","floor":5},{"not_picked":["Twin Strike","Limit Break"],"picked":"Fire Breathing","floor":7},{"not_picked":["Anger","Rage"],"picked":"Body Slam","floor":11},{"not_picked":["Iron Wave","Perfected Strike"],"picked":"Disarm","floor":12},{"not_picked":["Whirlwind","Clothesline"],"picked":"Cleave","floor":14},{"not_picked":["Offering","Reaper"],"picked":"Demon Form","floor":16},{"not_picked":["Clothesline","Inflame"],"picked":"Flame Barrier","floor":18},{"not_picked":["Anger","Clash"],"picked":"Infernal Blade+1","floor":20},{"not_picked":["Searing Blow","Exhume"],"picked":"Entrench+1","floor":20},{"not_picked":["Entrench","Cleave"],"picked":"Rampage","floor":20},{"not_picked":["Rupture","Twin Strike"],"picked":"Anger","floor":20},{"not_picked":["Flex","Clash"],"picked":"Bludgeon","floor":20},{"not_picked":["Infernal Blade","Thunderclap"],"picked":"Headbutt","floor":22},{"not_picked":["Carnage","Whirlwind"],"picked":"Feel No Pain","floor":24},{"not_picked":["Hemokinesis","Sword Boomerang"],"picked":"Feel No Pain+1","floor":27},{"not_picked":["Pommel Strike","Armaments"],"picked":"Sever Soul","floor":28},{"not_picked":["Iron Wave+1","Metallicize"],"picked":"Shrug It Off","floor":30}],"player_experience":3287051,"relics_obtained":[{"floor":7,"key":"PreservedInsect"},{"floor":9,"key":"Bag of Preparation"},{"floor":11,"key":"Bottled Flame"},{"floor":14,"key":"Akabeko"},{"floor":24,"key":"Vajra"},{"floor":26,"key":"Anchor"},{"floor":27,"key":"Bottled Tornado"}],"event_choices":[{"cards_removed":["Strike_R"],"damage_healed":0,"gold_gain":0,"player_choice":"Card Removal","damage_taken":7,"max_hp_gain":0,"max_hp_loss":0,"event_name":"Golden Wing","floor":6,"gold_loss":0},{"damage_healed":0,"gold_gain":150,"player_choice":"AGREE","damage_taken":0,"max_hp_gain":0,"max_hp_loss":0,"event_name":"Liars Game","floor":13,"gold_loss":0,"cards_obtained":["Doubt"]},{"cards_removed":["Defend_R"],"damage_healed":0,"gold_gain":0,"player_choice":"Gave Gold","damage_taken":0,"max_hp_gain":0,"max_hp_loss":0,"event_name":"Beggar","floor":19,"gold_loss":75},{"damage_healed":0,"gold_gain":0,"player_choice":"Inject Mutagens","damage_taken":0,"relics_obtained":["MutagenicStrength"],"max_hp_gain":0,"max_hp_loss":0,"event_name":"Drug Dealer","floor":21,"gold_loss":0},{"damage_healed":0,"gold_gain":0,"player_choice":"Ignored","damage_taken":0,"max_hp_gain":0,"max_hp_loss":0,"event_name":"Vampires","floor":29,"gold_loss":0}],"is_beta":false,"boss_relics":[{"not_picked":["Philosopher\u0027s Stone","Runic Pyramid"],"picked":"Empty Cage"}],"items_purged_floors":[],"is_endless":false,"potions_floor_spawned":[2,5,7,11,14,28],"killed_by":"Automaton","ascension_level":15}}