{"host":"zsm7bdfo51n66z45","time":1611090760,"event":{"mods":["AchievementEnabler","BaseMod","Bestiary","Better Skull","Better Third Choice","Colored Powertips","DeckTracker","Mimic Mod","Minty Spire (QoL Compilation)","MostiFishMod","Quick Restart","Relic Stats","Spicy Shops","StSLib","Waifu the Spire"],"gold_per_floor":[109,109,124,94,108,108,138,156,156,172,172,200,216,216,216,321,321,338,61,87,97,117,117,148,23,23,23,23,65,164,177,177,291,291,303,303,7,37,49,49,380,436,436,448,461,520,543,543,543,543,543,543,158,183,183],"floor_reached":56,"language":"ENG","playtime":1307,"items_purged":["Defend_R","Defend_R","Strike_R","Strike_R","Strike_R"],"score":1445,"play_id":"fc22a1ed-4c52-4d35-8a43-9778a81a1f38","local_time":"20210119151240","is_ascension_mode":false,"campfire_choices":[{"data":"Flex","floor":6,"key":"SMITH"},{"data":"Whirlwind","floor":11,"key":"SMITH"},{"data":"MostiFishMod:DarkDeal","floor":15,"key":"SMITH"},{"floor":27,"key":"REST"},{"data":"MostiFishMod:DarkDeal","floor":32,"key":"SMITH"},{"floor":40,"key":"RECALL"},{"data":"Heavy Blade","floor":49,"key":"SMITH"},{"data":"Heavy Blade","floor":52,"key":"SMITH"}],"circlet_count":0,"master_deck":["Strike_R","Strike_R","Bash","Flex+1","Sword Boomerang","Whirlwind+1","Cleave","Sword Boomerang","MostiFishMod:DarkDeal+1","MostiFishMod:DarkDeal+1","Heavy Blade+1","Sword Boomerang","Flex+1","Sword Boomerang","Limit Break+1","Heavy Blade","Heavy Blade+1","Heavy Blade+1","Heavy Blade+1","Heavy Blade"],"relics":["Burning Blood","DaveBox","MetatronsCube","Bronze Scales","SynthV:TestCard","Mercury Hourglass","Matryoshka","Juzu Bracelet","Empty Cage","Red Mask","Art of War","Blue Candle","Lantern","Anchor","CeramicFish","Red Skull","ExusiaiGun","Pen Nib","Torii","Turnip","Thread and Needle","Orrery","Toy Ornithopter","CombinedTypeHook"],"acts_visited":["Exordium","TheCity","TheBeyond","TheEnding"],"potions_floor_usage":[7,7,7,12,16,33,42,42,55,55],"damage_taken":[{"damage":1,"enemies":"Jaw Worm","floor":1,"turns":3},{"damage":2,"enemies":"2 Louse","floor":3,"turns":2},{"damage":0,"enemies":"Cultist","floor":5,"turns":2},{"damage":0,"enemies":"Lagavulin","floor":7,"turns":2},{"damage":5,"enemies":"Lots of Slimes","floor":8,"turns":2},{"damage":5,"enemies":"Looter","floor":10,"turns":2},{"damage":0,"enemies":"3 Sentries","floor":12,"turns":2},{"damage":2,"enemies":"2 Fungi Beasts","floor":13,"turns":2},{"damage":53,"enemies":"Hexaghost","floor":16,"turns":4},{"damage":20,"enemies":"Chosen","floor":18,"turns":2},{"damage":5,"enemies":"Masked Bandits","floor":20,"turns":1},{"damage":10,"enemies":"3 Byrds","floor":21,"turns":1},{"damage":10,"enemies":"Snecko","floor":22,"turns":2},{"damage":10,"enemies":"Slavers","floor":24,"turns":1},{"damage":0,"enemies":"Gremlin Leader","floor":29,"turns":1},{"damage":10,"enemies":"Centurion and Healer","floor":31,"turns":2},{"damage":15,"enemies":"Collector","floor":33,"turns":2},{"damage":0,"enemies":"Orb Walker","floor":35,"turns":1},{"damage":5,"enemies":"3 Darklings","floor":38,"turns":2},{"damage":0,"enemies":"3 Darklings","floor":39,"turns":1},{"damage":10,"enemies":"2 Orb Walkers","floor":42,"turns":2},{"damage":0,"enemies":"Transient","floor":44,"turns":1},{"damage":0,"enemies":"Sphere and 2 Shapes","floor":45,"turns":1},{"damage":0,"enemies":"Mind Bloom Boss Battle","floor":46,"turns":1},{"damage":10,"enemies":"Maw","floor":47,"turns":2},{"damage":0,"enemies":"Time Eater","floor":50,"turns":1},{"damage":0,"enemies":"Shield and Spear","floor":54,"turns":1},{"damage":33,"enemies":"The Heart","floor":55,"turns":3}],"seed_played":"-4057854517508911670","potions_obtained":[{"floor":3,"key":"SteroidPotion"},{"floor":4,"key":"Strength Potion"},{"floor":4,"key":"Fire Potion"},{"floor":7,"key":"Fire Potion"},{"floor":10,"key":"EssenceOfSteel"},{"floor":13,"key":"Strength Potion"},{"floor":18,"key":"DuplicationPotion"},{"floor":22,"key":"ColorlessPotion"},{"floor":24,"key":"ColorlessPotion"},{"floor":29,"key":"BloodPotion"},{"floor":35,"key":"Regen Potion"},{"floor":44,"key":"PowerPotion"},{"floor":46,"key":"LiquidMemories"}],"is_trial":false,"path_per_floor":["M","?","M","?","M","R","E","M","T","M","R","E","M","?","R","B",null,"M","$","?","M","M","T","E","$","T","R","$","E","?","M","R","B",null,"M","?","$","MIM","M","R","?","?","T","M","M","?","M","?","R","B",null,"R","$","E","B",null],"character_chosen":"IRONCLAD","items_purchased":["Sword Boomerang","Pen Nib","Orrery","Toy Ornithopter"],"campfire_rested":1,"item_purchase_floors":[19,37,53,53],"current_hp_per_floor":[80,80,80,80,80,80,80,80,80,80,80,80,80,73,73,26,80,66,66,67,63,59,59,55,55,55,79,79,80,80,76,76,67,80,80,80,80,80,80,80,55,72,72,78,80,80,76,76,76,76,76,76,76,76,49],"gold":183,"neow_bonus":"RANDOM_COMMON_RELIC","is_daily":false,"chose_seed":false,"campfire_upgraded":6,"win_rate":0.0,"timestamp":1611090760,"path_taken":["M","?","M","?","M","R","E","?","T","?","R","E","M","?","R","BOSS","M","$","?","M","M","?","E","?","T","R","$","E","?","M","R","BOSS","M","?","$","?","M","R","?","?","T","M","M","?","M","?","R","BOSS","R","$","E","BOSS"],"items_purchased_type":["Card","Relic","Relic","Relic"],"build_version":"2020-12-22","purchased_purges":5,"victory":true,"max_hp_per_floor":[80,80,80,80,80,80,80,80,80,80,80,80,80,80,80,80,80,80,80,80,80,80,80,80,80,80,80,80,80,80,80,80,80,80,80,80,80,80,80,80,80,80,80,80,80,80,80,76,76,76,76,76,76,76,76],"relic_stats":{"Torii":11,"counters":[28,48],"Blue Candle":[0],"CeramicFish":63,"Pen Nib":[6],"Juzu Bracelet":2,"Burning Blood":95,"Mercury Hourglass":[196],"Bronze Scales":[90],"Turnip":[5],"Art of War":[1],"obtain_stats":[{"CombinedTypeHook":54,"Lantern":24,"DaveBox":0,"Torii":38,"Blue Candle":23,"CeramicFish":26,"Thread and Needle":46,"Pen Nib":37,"Juzu Bracelet":12,"ExusiaiGun":34,"Empty Cage":17,"Burning Blood":0,"Mercury Hourglass":7,"Anchor":26,"SynthV:TestCard":1,"Matryoshka":9,"Bronze Scales":0,"Orrery":53,"Turnip":42,"Red Mask":20,"Art of War":23,"Red Skull":29,"Toy Ornithopter":53,"MetatronsCube":0},{"CombinedTypeHook":27,"Lantern":14,"DaveBox":0,"Torii":19,"Blue Candle":13,"CeramicFish":14,"Thread and Needle":24,"Pen Nib":18,"Juzu Bracelet":7,"ExusiaiGun":17,"Empty Cage":9,"Burning Blood":0,"Mercury Hourglass":4,"Anchor":14,"SynthV:TestCard":1,"Matryoshka":5,"Bronze Scales":0,"Orrery":26,"Turnip":21,"Red Mask":11,"Art of War":13,"Red Skull":15,"Toy Ornithopter":26,"MetatronsCube":0},{"CombinedTypeHook":45,"Lantern":27,"DaveBox":0,"Torii":35,"Blue Candle":26,"CeramicFish":27,"Thread and Needle":41,"Pen Nib":33,"Juzu Bracelet":15,"ExusiaiGun":32,"Empty Cage":21,"Burning Blood":0,"Mercury Hourglass":9,"Anchor":27,"SynthV:TestCard":3,"Matryoshka":11,"Bronze Scales":0,"Orrery":44,"Turnip":38,"Red Mask":24,"Art of War":26,"Red Skull":28,"Toy Ornithopter":44,"MetatronsCube":0}],"Toy Ornithopter":0},"card_choices":[{"not_picked":["Cleave","Thunderclap"],"picked":"Flex","floor":1},{"not_picked":["True Grit","Wild Strike","Cleave","Warcry"],"picked":"Sword Boomerang","floor":3},{"not_picked":["Body Slam","Carnage","Uppercut","Infernal Blade","Wild Strike"],"picked":"SKIP","floor":5},{"not_picked":["Entrench","Body Slam","Clash","Heavy Blade"],"picked":"Whirlwind","floor":7},{"not_picked":["Spot Weakness","Barricade","Shockwave","Warcry"],"picked":"Cleave","floor":8},{"not_picked":["True Grit","Body Slam","Warcry","Clothesline","Headbutt"],"picked":"SKIP","floor":10},{"not_picked":["True Grit","Armaments","Wild Strike","Carnage"],"picked":"Sword Boomerang","floor":12},{"not_picked":["Wild Strike","Dual Wield","Rage","Thunderclap"],"picked":"MostiFishMod:DarkDeal","floor":13},{"not_picked":["Juggernaut","Offering","Immolate","MostiFishMod:404NotFound"],"picked":"MostiFishMod:DarkDeal","floor":16},{"not_picked":["Sword Boomerang","Armaments","Evolve+1","Flame Barrier"],"picked":"Heavy Blade","floor":18},{"not_picked":["Wild Strike","Uppercut","Clash","Pommel Strike"],"picked":"Flex+1","floor":20},{"not_picked":["Rage","Headbutt","Body Slam","Armaments+1","Corruption"],"picked":"SKIP","floor":21},{"not_picked":["Fire Breathing","Perfected Strike+1","Clothesline","Shrug It Off","Battle Trance"],"picked":"SKIP","floor":22},{"not_picked":["MostiFishMod:PerfectStrikeMKII","Second Wind","Havoc","Iron Wave+1","Rage"],"picked":"SKIP","floor":24},{"not_picked":["Clothesline","Pommel Strike","Rampage","Wild Strike"],"picked":"Sword Boomerang","floor":29},{"not_picked":["Seeing Red","Second Wind+1","Anger+1","Disarm+1","Perfected Strike"],"picked":"SKIP","floor":31},{"not_picked":["Barricade","MostiFishMod:NewArrival","MostiFishMod:OrdinaryWorld","Brutality"],"picked":"Limit Break","floor":33},{"not_picked":["Shrug It Off+1","Wild Strike","Power Through","Flex+1","Rage"],"picked":"SKIP","floor":35},{"not_picked":["Anger","Warcry+1","Evolve","Pommel Strike","True Grit"],"picked":"SKIP","floor":39},{"not_picked":["Uppercut","Dark Embrace","Thunderclap+1","Twin Strike+1"],"picked":"Heavy Blade","floor":42},{"not_picked":["Perfected Strike+1","Flex","Rage","Iron Wave+1","Reckless Charge"],"picked":"SKIP","floor":44},{"not_picked":["True Grit+1","Pummel","Dual Wield","Anger","Perfected Strike"],"picked":"SKIP","floor":45},{"not_picked":["Spot Weakness+1","Headbutt+1","Hemokinesis","Carnage+1"],"picked":"Heavy Blade","floor":46},{"not_picked":["MostiFishMod:FlyOverUtopia","Fire Breathing","Headbutt+1","Uppercut+1"],"picked":"Heavy Blade+1","floor":47},{"not_picked":["Bloodletting","Twin Strike+1","Spot Weakness+1","Inflame"],"picked":"Heavy Blade+1","floor":53},{"not_picked":["Uppercut+1","Bloodletting","Flex+1","Rupture+1"],"picked":"Heavy Blade","floor":53},{"not_picked":["Flex","Thunderclap+1","Feel No Pain","MostiFishMod:FlyOverUtopia","MostiFishMod:#F4004+1"],"picked":"SKIP","floor":54}],"player_experience":151893,"relics_obtained":[{"floor":1,"key":"SynthV:TestCard"},{"floor":7,"key":"Mercury Hourglass"},{"floor":9,"key":"Matryoshka"},{"floor":12,"key":"Juzu Bracelet"},{"floor":20,"key":"Red Mask"},{"floor":23,"key":"Art of War"},{"floor":23,"key":"Blue Candle"},{"floor":24,"key":"Lantern"},{"floor":26,"key":"Anchor"},{"floor":26,"key":"CeramicFish"},{"floor":29,"key":"Red Skull"},{"floor":38,"key":"Torii"},{"floor":42,"key":"Turnip"},{"floor":46,"key":"Thread and Needle"},{"floor":54,"key":"CombinedTypeHook"}],"event_choices":[{"damage_healed":80,"gold_gain":0,"player_choice":"Embrace Burn","damage_taken":0,"max_hp_gain":0,"max_hp_loss":80,"event_name":"betterThird:BetterShining","floor":2,"gold_loss":0},{"damage_healed":0,"gold_gain":0,"player_choice":"Bought 2 Potions","damage_taken":0,"max_hp_gain":0,"max_hp_loss":0,"event_name":"The Woman in Blue","floor":4,"gold_loss":0},{"cards_removed":["Burn"],"damage_healed":0,"gold_gain":0,"player_choice":"Card Removal","damage_taken":7,"max_hp_gain":0,"max_hp_loss":0,"event_name":"Golden Wing","floor":14,"gold_loss":0},{"damage_healed":0,"gold_gain":0,"player_choice":"Fought Bandits","damage_taken":0,"max_hp_gain":0,"max_hp_loss":0,"event_name":"Masked Bandits","floor":20,"gold_loss":0},{"damage_healed":0,"gold_gain":99,"player_choice":"Steal","damage_taken":0,"max_hp_gain":0,"max_hp_loss":0,"event_name":"betterThird:BetterNest","floor":30,"gold_loss":0},{"damage_healed":0,"gold_gain":0,"player_choice":"Upgraded","damage_taken":0,"max_hp_gain":0,"max_hp_loss":0,"event_name":"Upgrade Shrine","floor":36,"gold_loss":0,"cards_upgraded":["Limit Break"]},{"damage_healed":0,"gold_gain":331,"player_choice":"GO GO GO ","damage_taken":28,"relics_obtained":[],"max_hp_gain":0,"max_hp_loss":0,"event_name":"betterSkull:BetterSkull","floor":41,"gold_loss":0,"cards_upgraded":[]},{"damage_healed":0,"gold_gain":0,"player_choice":"Fight","damage_taken":0,"max_hp_gain":0,"max_hp_loss":0,"event_name":"Mysterious Sphere","floor":42,"gold_loss":0},{"damage_healed":0,"gold_gain":0,"player_choice":"Fight","damage_taken":0,"max_hp_gain":0,"max_hp_loss":0,"event_name":"MindBloom","floor":46,"gold_loss":0},{"damage_healed":0,"gold_gain":0,"player_choice":"Max HP","damage_taken":0,"max_hp_gain":0,"max_hp_loss":4,"event_name":"Winding Halls","floor":48,"gold_loss":0}],"is_beta":false,"boss_relics":[{"not_picked":["GuanYuAspect","RhineFirstAidKit"],"picked":"Empty Cage"},{"not_picked":["Pandora\u0027s Box","Black Blood"],"picked":"ExusiaiGun"}],"items_purged_floors":[19,19,25,37,53],"is_endless":false,"potions_floor_spawned":[3,7,10,13,18,22,24,29,31,35,44,46],"ascension_level":0}}