{"host":"dowi7cgbhepuzvpj","time":1611092083,"event":{"mods":["AchievementEnabler","BaseMod","Colored Map","Highlight Path","Keyboard Shortcuts","Minty Spire (QoL Compilation)","Permanent Neow","Quick Restart","StSLib","SuperFastMode"],"gold_per_floor":[111,111,124,30,64,64,44,44,44,58,74,74,106,121,121,198,198,198,118,118,118,118,118,118],"floor_reached":23,"language":"KOR","playtime":596,"items_purged":[],"score":382,"play_id":"f1b20a6f-cd86-4576-b108-0ac01410db12","local_time":"20210120063443","is_ascension_mode":true,"campfire_choices":[{"data":"Neutralize","floor":6.0,"key":"SMITH"},{"data":"Footwork","floor":8.0,"key":"SMITH"},{"data":"Corpse Explosion","floor":12.0,"key":"SMITH"},{"floor":15.0,"key":"REST"}],"circlet_count":0,"master_deck":["AscendersBane","Strike_G","Strike_G","Defend_G","Defend_G","Defend_G","Defend_G","Survivor","Neutralize+1","Catalyst+1","Bane+1","Deflect+1","Flying Knee","Footwork+1","PiercingWail","Corpse Explosion+1","Backflip","Bane","Malaise","Poisoned Stab","Dagger Spray+1","Writhe"],"relics":["Astrolabe","Bottled Lightning","Girya","Ectoplasm","Red Mask","Juzu Bracelet"],"acts_visited":["Exordium","TheCity"],"potions_floor_usage":[23],"damage_taken":[{"damage":4.0,"enemies":"Small Slimes","floor":1.0,"turns":6.0},{"damage":5.0,"enemies":"Cultist","floor":3.0,"turns":5.0},{"damage":1.0,"enemies":"Jaw Worm","floor":5.0,"turns":5.0},{"damage":16.0,"enemies":"Lots of Slimes","floor":10.0,"turns":2.0},{"damage":8.0,"enemies":"Large Slime","floor":11.0,"turns":4.0},{"damage":9.0,"enemies":"Lagavulin","floor":13.0,"turns":4.0},{"damage":0.0,"enemies":"3 Louse","floor":14.0,"turns":1.0},{"damage":31.0,"enemies":"Slime Boss","floor":16.0,"turns":13.0},{"damage":10.0,"enemies":"Chosen","floor":18.0,"turns":4.0},{"damage":22.0,"enemies":"2 Thieves","floor":19.0,"turns":3.0},{"damage":4,"enemies":"Masked Bandits","floor":20,"turns":3},{"damage":47,"enemies":"Gremlin Leader","floor":23,"turns":5}],"seed_played":"-8281682215399818830","potions_obtained":[{"floor":1.0,"key":"ColorlessPotion"},{"floor":3.0,"key":"EssenceOfSteel"},{"floor":7.0,"key":"PowerPotion"},{"floor":14.0,"key":"Regen Potion"},{"floor":18.0,"key":"EssenceOfSteel"},{"floor":19.0,"key":"FairyPotion"}],"is_trial":false,"path_per_floor":["M","?","M","$","M","R","?","R","T","M","M","R","E","M","R","B",null,"M","M","?","?","?","E"],"character_chosen":"THE_SILENT","items_purchased":["Footwork","PiercingWail"],"campfire_rested":1,"item_purchase_floors":[4,4],"current_hp_per_floor":[55,55,50,50,49,49,49,49,49,33,25,25,16,16,35,19,54,44,22,18,18,18,0,0],"gold":118,"neow_bonus":"BOSS_RELIC","is_daily":false,"chose_seed":false,"campfire_upgraded":3,"win_rate":0.0,"timestamp":1611092083,"path_taken":["M","?","?","$","M","R","?","R","T","?","M","R","E","M","R","BOSS","M","M","?","?","?","E"],"items_purchased_type":["Card","Card"],"build_version":"2020-12-22","purchased_purges":0,"victory":false,"max_hp_per_floor":[66,66,66,66,66,66,66,66,66,66,66,66,66,66,66,66,66,66,66,66,66,66,66,66],"card_choices":[{"not_picked":["Concentrate","Cloak And Dagger","Deflect"],"picked":"SKIP","floor":1.0},{"not_picked":["Tactician","Outmaneuver"],"picked":"Flying Knee","floor":3.0},{"not_picked":["Well Laid Plans","Quick Slash"],"picked":"Corpse Explosion","floor":5.0},{"not_picked":["Distraction","Quick Slash"],"picked":"Backflip","floor":10.0},{"not_picked":["Doppelganger","Slice","Underhanded Strike"],"picked":"SKIP","floor":11.0},{"not_picked":["Masterful Stab","Slice"],"picked":"Bane","floor":13.0},{"not_picked":["Deflect","Expertise","Outmaneuver"],"picked":"SKIP","floor":14.0},{"not_picked":["Phantasmal Killer","Doppelganger"],"picked":"Malaise","floor":16.0},{"not_picked":["Deflect","Bane"],"picked":"Poisoned Stab","floor":18.0},{"not_picked":["Quick Slash","Poisoned Stab"],"picked":"Dagger Spray+1","floor":19.0}],"player_experience":829983,"relics_obtained":[{"floor":9.0,"key":"Bottled Lightning"},{"floor":13.0,"key":"Girya"},{"floor":20,"key":"Red Mask"}],"event_choices":[{"cards_removed":["Defend_G"],"damage_healed":0.0,"max_hp_gain":0.0,"max_hp_loss":0.0,"gold_gain":0.0,"event_name":"Purifier","player_choice":"Purged","floor":2.0,"gold_loss":0.0,"damage_taken":0.0},{"damage_healed":0.0,"max_hp_gain":0.0,"max_hp_loss":0.0,"gold_gain":0.0,"event_name":"The Woman in Blue","player_choice":"Bought 1 Potion","floor":7.0,"gold_loss":0.0,"damage_taken":0.0},{"damage_healed":0,"gold_gain":0,"player_choice":"Fought Bandits","damage_taken":0,"max_hp_gain":0,"max_hp_loss":0,"event_name":"Masked Bandits","floor":20,"gold_loss":0},{"damage_healed":0,"gold_gain":50,"player_choice":"Stole From Cult","damage_taken":0,"max_hp_gain":0,"max_hp_loss":0,"event_name":"Nest","floor":21,"gold_loss":0},{"damage_healed":0,"gold_gain":0,"player_choice":"Opened","damage_taken":0,"relics_obtained":["Juzu Bracelet"],"max_hp_gain":0,"max_hp_loss":0,"event_name":"The Mausoleum","floor":22,"gold_loss":0,"cards_obtained":["Writhe"]}],"is_beta":false,"boss_relics":[{"not_picked":["Tiny House","Pandora\u0027s Box"],"picked":"Ectoplasm"}],"items_purged_floors":[],"is_endless":false,"potions_floor_spawned":[1,3,14,18,19],"killed_by":"Gremlin Leader","ascension_level":20}}