{"host":"o9jberp09efpriuv","time":1611062492,"event":{"mods":["BaseMod","HololiveMod","Minty Spire (QoL Compilation)","StSLib","Waifu the Spire"],"gold_per_floor":[20,55,67,117,154,208,245,245,268,4,35,35,87,100,100,174,174,193,195,195],"floor_reached":19,"language":"ZHS","playtime":944,"items_purged":[],"score":597,"play_id":"f062f550-5997-4fa9-8ec0-1259c9dae720","local_time":"20210119212132","is_ascension_mode":true,"campfire_choices":[{"data":"Hololive_CallYogiri","floor":8,"key":"SMITH"},{"data":"Hololive_Yoholoon","floor":15,"key":"SMITH"}],"circlet_count":0,"master_deck":["AscendersBane","Hololive_Strike","Hololive_Strike","Hololive_Defend","Hololive_Defend","Hololive_CandyCastle","Hololive_CallYogiri+1","Hololive_CallShiroganeNoel","Hololive_CallFriendA","Hololive_CallAkaiHaato","Hololive_CallOzoraSubaru","HandOfGreed","Hololive_CallUsadaPekora","Hololive_CallDoris","Hololive_Yoholoon+1","Hololive_CallYuzukiChoco","Hololive_Spy","Hololive_IdolExercise","Hololive_CallSpadeEcho"],"relics":["Hololive_TheStar","Bottled Tornado","Sundial","Ancient Tea Set","HornCleat","Hololive_FriedShrimpLion","Black Star"],"acts_visited":["Exordium","TheCity"],"potions_floor_usage":[6,13,19],"damage_taken":[{"damage":0,"enemies":"Cultist","floor":1,"turns":3},{"damage":0,"enemies":"Jaw Worm","floor":2,"turns":3},{"damage":6,"enemies":"Small Slimes","floor":3,"turns":3},{"damage":0,"enemies":"Exordium Wildlife","floor":5,"turns":3},{"damage":0,"enemies":"3 Sentries","floor":6,"turns":7},{"damage":0,"enemies":"Large Slime","floor":7,"turns":4},{"damage":0,"enemies":"Lagavulin","floor":11,"turns":5},{"damage":0,"enemies":"3 Sentries","floor":13,"turns":4},{"damage":4,"enemies":"Lots of Slimes","floor":14,"turns":4},{"damage":0,"enemies":"The Guardian","floor":16,"turns":5},{"damage":16,"enemies":"2 Thieves","floor":18,"turns":5},{"damage":17,"enemies":"Masked Bandits","floor":19,"turns":3}],"seed_played":"-7378315060247861239","potions_obtained":[{"floor":1,"key":"Block Potion"},{"floor":2,"key":"SteroidPotion"},{"floor":7,"key":"DuplicationPotion"},{"floor":14,"key":"Ancient Potion"},{"floor":16,"key":"GamblersBrew"}],"is_trial":false,"path_per_floor":["M","M","M","?","M","E","M","R","T","$","E","T","E","M","R","B",null,"M","?"],"character_chosen":"Hololive_HololiveCharacter","items_purchased":["Sundial"],"campfire_rested":0,"item_purchase_floors":[10],"current_hp_per_floor":[27,27,21,21,21,21,21,21,21,21,21,21,21,17,17,17,27,11,0,0],"gold":195,"neow_bonus":"RANDOM_COLORLESS_2","is_daily":false,"chose_seed":false,"campfire_upgraded":2,"win_rate":0.0,"timestamp":1611062492,"path_taken":["M","M","M","?","M","E","?","R","T","?","E","?","E","M","R","BOSS","M","?"],"items_purchased_type":["Relic"],"build_version":"2020-12-22","purchased_purges":0,"victory":false,"max_hp_per_floor":[30,30,30,30,30,30,30,30,30,30,30,30,30,30,30,30,30,30,30,30],"card_choices":[{"not_picked":["Thinking Ahead","Secret Weapon"],"picked":"HandOfGreed","floor":0},{"not_picked":["Hololive_RevenueBasedLive","Hololive_LuckPotion","Hololive_CallShishiroBotan","Hololive_Breathe"],"picked":"SKIP","floor":1},{"not_picked":["Hololive_Sequa","Hololive_Psychosis","Hololive_Breathe"],"picked":"Hololive_CallUsadaPekora","floor":2},{"not_picked":["Hololive_Sequa","Hololive_CallShirakamiFubuki","Hololive_ASMR","Hololive_CocoNews"],"picked":"SKIP","floor":3},{"not_picked":["Hololive_CallMoonaHoshinova","Hololive_Rebound","Hololive_StrengthChampion"],"picked":"Hololive_CallDoris","floor":5},{"not_picked":["Hololive_Breathe","Hololive_Psychosis","Hololive_StrengthChampion"],"picked":"Hololive_Yoholoon","floor":6},{"not_picked":["Hololive_RevenueBasedLive","Hololive_CallYogiri","Hololive_LuckPotion","Hololive_Sequa"],"picked":"SKIP","floor":7},{"not_picked":["Hololive_Sequa","Hololive_Trident","Hololive_CallAZKi"],"picked":"Hololive_CallYuzukiChoco","floor":11},{"not_picked":["Hololive_FlyingPonyTail","Hololive_BeCareful","Hololive_StrengthChampion","Hololive_RevenueBasedLive"],"picked":"SKIP","floor":13},{"not_picked":["Hololive_Psychosis","Hololive_Trident","Hololive_RevenueBasedLive"],"picked":"Hololive_Spy","floor":14},{"not_picked":["Hololive_DDD","Hololive_WolfAndLamb","Hololive_OpenUp"],"picked":"Hololive_IdolExercise","floor":16},{"not_picked":["Hololive_RevenueBasedLive","Hololive_Rebound","Hololive_Sequa+1"],"picked":"Hololive_CallSpadeEcho","floor":18}],"player_experience":377075,"relics_obtained":[{"floor":6,"key":"Bottled Tornado"},{"floor":11,"key":"Ancient Tea Set"},{"floor":12,"key":"HornCleat"},{"floor":13,"key":"Hololive_FriedShrimpLion"}],"event_choices":[{"damage_healed":0,"gold_gain":50,"player_choice":"Pray","damage_taken":0,"max_hp_gain":0,"max_hp_loss":0,"event_name":"Golden Shrine","floor":4,"gold_loss":0},{"damage_healed":0,"gold_gain":0,"player_choice":"Fought Bandits","damage_taken":0,"max_hp_gain":0,"max_hp_loss":0,"event_name":"Masked Bandits","floor":19,"gold_loss":0}],"is_beta":false,"boss_relics":[{"not_picked":["Astrolabe","Tiny House"],"picked":"Black Star"}],"items_purged_floors":[],"is_endless":false,"potions_floor_spawned":[1,2,7,14,16,18],"killed_by":"Masked Bandits","ascension_level":18}}