{"host":"xh4jtn7krw5slv5y","time":1611096275,"event":{"mods":["BaseMod","Bestiary","Block Reminder","Colored Map","Downfall","Minty Spire (QoL Compilation)","Quick Restart","Relic Sorter","Relic Stats","StSLib"],"gold_per_floor":[99,114,3,453,628,628,651,651,682,682,700,710,710,350,364,462,462,462,474,474,490,490,490,490,575,575,575,575],"floor_reached":26,"language":"ENG","playtime":1486,"items_purged":["Doubt"],"score":227,"play_id":"d5ee274c-0a32-45bf-ba6c-6a93821bf1b5","local_time":"20210119184435","is_ascension_mode":false,"campfire_choices":[{"data":"bronze:Replicate","floor":1,"key":"SMITH"},{"data":"bronze:Repulsor","floor":6,"key":"SMITH"},{"data":"bronze:Allocate","floor":8,"key":"SMITH"},{"floor":13,"key":"REST"},{"data":"bronze:ItsAFeature","floor":18,"key":"SMITH"},{"data":"bronze:MaxOutput","floor":23,"key":"SMITH"}],"circlet_count":0,"master_deck":["bronze:Strike","bronze:Strike","bronze:Defend","bronze:Defend","bronze:Defend","bronze:Replicate+1","bronze:Goto+1","bronze:Allocate+1","bronze:BitShift","bronze:Repulsor+1","downfall:Icky","downfall:Icky","downfall:Icky","bronze:CutThrough+1","bronze:WildBeam","bronze:WildBeam","bronze:ItsAFeature+1","bronze:Shell","bronze:Verify","bronze:Overheat+1","bronze:Safeguard","bronze:Branch","downfall:Malfunctioning","bronze:Overload","bronze:MaxOutput+1"],"relics":["bronze:BronzeCore","Mango","Lee\u0027s Waffle","Busted Crown","downfall:RedIOU","Shuriken"],"acts_visited":["Exordium","TheCity"],"potions_floor_usage":[12,16,16],"damage_taken":[{"damage":0,"enemies":"Cultist","floor":2,"turns":3},{"damage":5,"enemies":"downfall:FleeingMerchant","floor":3,"turns":4},{"damage":21,"enemies":"Lagavulin","floor":9,"turns":8},{"damage":12,"enemies":"2 Louse","floor":11,"turns":4},{"damage":13,"enemies":"Jaw Worm","floor":12,"turns":4},{"damage":10,"enemies":"downfall:FleeingMerchant","floor":14,"turns":4},{"damage":31,"enemies":"Gremlin Gang","floor":15,"turns":5},{"damage":61,"enemies":"WA_ARCHETYPE_RETAIN","floor":16,"turns":8},{"damage":24,"enemies":"3 Byrds","floor":19,"turns":6},{"damage":31,"enemies":"Cultist and Chosen","floor":21,"turns":7},{"damage":29,"enemies":"downfall:FleeingMerchant","floor":26,"turns":2}],"seed_played":"-2691731517512528681","potions_obtained":[{"floor":2,"key":"Weak Potion"},{"floor":11,"key":"Weak Potion"},{"floor":16,"key":"DuplicationPotion"}],"is_trial":false,"path_per_floor":["R","M","$","?","?","R","T","R","E","?","M","M","R","$","M","B",null,"R","M","?","M","?","R","T","?","$"],"character_chosen":"THE_AUTOMATON","items_purchased":["bronze:BitShift","bronze:Repulsor","bronze:ItsAFeature","Lee\u0027s Waffle","Block Potion"],"campfire_rested":1,"item_purchase_floors":[3,3,14,14,14],"current_hp_per_floor":[77,77,72,72,72,72,72,72,65,65,53,40,67,98,67,6,98,98,74,74,43,43,43,43,29,0,0,0],"gold":575,"neow_bonus":"TEN_PERCENT_HP_BONUS","is_daily":false,"chose_seed":false,"campfire_upgraded":5,"win_rate":0.0,"timestamp":1611096275,"path_taken":["R","M","$","?","?","R","T","R","E","?","M","M","R","$","M","BOSS","R","?","?","?","?","R","T","?","$"],"items_purchased_type":["Card","Card","Card","Relic","Potion"],"build_version":"2020-12-22","purchased_purges":1,"victory":false,"max_hp_per_floor":[77,77,77,77,77,77,77,77,91,91,91,91,91,98,98,98,98,98,98,98,98,98,98,98,98,98,98,98],"relic_stats":{"Lee\u0027s Waffle":41,"Busted Crown":4,"counters":[11,55],"Shuriken":[1],"obtain_stats":[{"Lee\u0027s Waffle":14,"bronze:BronzeCore":0,"Busted Crown":17,"Shuriken":24,"Mango":9,"Pen Nib":7,"downfall:RedIOU":22},{"Lee\u0027s Waffle":6,"bronze:BronzeCore":0,"Busted Crown":8,"Shuriken":10,"Mango":3,"Pen Nib":2,"downfall:RedIOU":10},{"Lee\u0027s Waffle":27,"bronze:BronzeCore":0,"Busted Crown":40,"Shuriken":53,"Mango":15,"Pen Nib":7,"downfall:RedIOU":53}]},"card_choices":[{"not_picked":["bronze:Safeguard","bronze:Overheat"],"picked":"bronze:Allocate","floor":2},{"not_picked":["bronze:Overheat","bronze:Optimize","bronze:NullPointer"],"picked":"SKIP","floor":3},{"not_picked":["bronze:Overheat","bronze:BronzeArmor"],"picked":"bronze:CutThrough","floor":9},{"not_picked":["bronze:ChosenStrike","bronze:Repulsor","bronze:Iterate"],"picked":"SKIP","floor":11},{"not_picked":["bronze:Overheat","bronze:BitShift"],"picked":"bronze:WildBeam","floor":12},{"not_picked":["bronze:Repair","bronze:ChosenStrike"],"picked":"bronze:WildBeam","floor":14},{"not_picked":["bronze:Overload","bronze:Invalidate"],"picked":"bronze:Shell","floor":15},{"not_picked":["bronze:SpaghettiCode","bronze:RecursiveStrike"],"picked":"bronze:Verify","floor":16},{"not_picked":[],"picked":"bronze:Overheat+1","floor":19},{"not_picked":[],"picked":"bronze:MaxOutput","floor":21}],"player_experience":305729,"relics_obtained":[{"floor":7,"key":"Pen Nib"},{"floor":9,"key":"Mango"},{"floor":24,"key":"Shuriken"}],"event_choices":[],"is_beta":false,"boss_relics":[{"not_picked":["Sozu","SlaversCollar"],"picked":"Busted Crown"}],"items_purged_floors":[14],"is_endless":false,"potions_floor_spawned":[2,11,16],"killed_by":"downfall:FleeingMerchant","ascension_level":0}}