{"host":"sygfylmorsvdndbx","time":1611026528,"event":{"mods":["AchievementEnabler","BaseMod","Highlight Path","Minty Spire (QoL Compilation)","Permanent Neow","Quick Restart","Relic Stats"],"gold_per_floor":[115,129,129,149,162,192,192,192,218,248,263,294,320,330,330,430,430,450,466,466,479,511,543,557,591,591,114,114,145,145,145,145,247,247,263,274,286,302,16,43,43,43,43,43,74,90,104,130,130,130,130,130,30,63,63],"floor_reached":56,"language":"ENG","playtime":6228,"items_purged":["Parasite","Pain"],"score":1672,"play_id":"9cf85ba6-4740-4bc0-9742-ca1154d693c1","local_time":"20210118222208","is_ascension_mode":true,"campfire_choices":[{"data":"Feed","floor":7,"key":"SMITH"},{"data":"Fire Breathing","floor":15,"key":"SMITH"},{"data":"Fiend Fire","floor":28,"key":"SMITH"},{"data":"Demon Form","floor":32,"key":"SMITH"},{"data":"Fiend Fire","floor":41,"key":"SMITH"},{"data":"Impervious","floor":44,"key":"SMITH"},{"floor":49,"key":"RECALL"},{"data":"Feel No Pain","floor":52,"key":"SMITH"}],"circlet_count":0,"master_deck":["Defend_R+1","Defend_R+1","Defend_R","Bash","Headbutt+1","Metallicize","Power Through","Feed+1","Fire Breathing+1","Wild Strike","Feel No Pain+1","Fiend Fire+1","Headbutt","Thunderclap","Bite","Bite","Bite","Bite","Bite","Burning Pact","Fiend Fire+1","Whirlwind+1","Battle Trance","Demon Form+1","Shrug It Off","Impervious+1","Shrug It Off+1","Pommel Strike+1","Master of Strategy","Feel No Pain","Decay","Warcry+1","Whirlwind+1","Shrug It Off","Uppercut+1"],"relics":["Burning Blood","Centennial Puzzle","War Paint","Mummified Hand","Odd Mushroom","Runic Dome","Red Mask","MealTicket","Meat on the Bone","Chemical X","Gremlin Horn","Question Card","MutagenicStrength","Cursed Key","Red Skull","WarpedTongs","Letter Opener","Bag of Preparation","Nunchaku","Mercury Hourglass"],"acts_visited":["Exordium","TheCity","TheBeyond","TheEnding"],"potions_floor_usage":[5,5,10,16,55,55],"damage_taken":[{"damage":3,"enemies":"Small Slimes","floor":1,"turns":3},{"damage":2,"enemies":"Jaw Worm","floor":2,"turns":3},{"damage":0,"enemies":"Cultist","floor":4,"turns":2},{"damage":6,"enemies":"Large Slime","floor":5,"turns":8},{"damage":14,"enemies":"Lagavulin","floor":6,"turns":6},{"damage":30,"enemies":"3 Sentries","floor":10,"turns":6},{"damage":19,"enemies":"Exordium Wildlife","floor":11,"turns":5},{"damage":4,"enemies":"Lagavulin","floor":12,"turns":8},{"damage":0,"enemies":"The Mushroom Lair","floor":13,"turns":5},{"damage":0,"enemies":"2 Fungi Beasts","floor":14,"turns":2},{"damage":12,"enemies":"The Guardian","floor":16,"turns":10},{"damage":8,"enemies":"Spheric Guardian","floor":18,"turns":4},{"damage":12,"enemies":"Chosen","floor":19,"turns":2},{"damage":22,"enemies":"Shelled Parasite and Fungi","floor":21,"turns":5},{"damage":2,"enemies":"Masked Bandits","floor":22,"turns":4},{"damage":21,"enemies":"Slavers","floor":23,"turns":5},{"damage":11,"enemies":"Cultist and Chosen","floor":24,"turns":5},{"damage":26,"enemies":"Gremlin Leader","floor":25,"turns":6},{"damage":17,"enemies":"Slavers","floor":29,"turns":5},{"damage":34,"enemies":"Automaton","floor":33,"turns":5},{"damage":12,"enemies":"Orb Walker","floor":35,"turns":3},{"damage":14,"enemies":"3 Shapes","floor":36,"turns":3},{"damage":51,"enemies":"Writhing Mass","floor":37,"turns":6},{"damage":11,"enemies":"Jaw Worm Horde","floor":38,"turns":3},{"damage":38,"enemies":"Reptomancer","floor":40,"turns":5},{"damage":23,"enemies":"Giant Head","floor":45,"turns":7},{"damage":28,"enemies":"Spire Growth","floor":46,"turns":4},{"damage":10,"enemies":"Sphere and 2 Shapes","floor":47,"turns":2},{"damage":5,"enemies":"Reptomancer","floor":48,"turns":3},{"damage":54,"enemies":"Time Eater","floor":50,"turns":5},{"damage":54,"enemies":"Shield and Spear","floor":54,"turns":4},{"damage":147,"enemies":"The Heart","floor":55,"turns":9}],"seed_played":"-2554806364097283167","potions_obtained":[{"floor":4,"key":"EntropicBrew"},{"floor":12,"key":"SpeedPotion"},{"floor":13,"key":"AttackPotion"},{"floor":14,"key":"Regen Potion"},{"floor":22,"key":"Energy Potion"},{"floor":23,"key":"FairyPotion"},{"floor":33,"key":"BloodPotion"}],"is_trial":false,"path_per_floor":["M","M","?","M","M","E","R","?","T","E","M","E","?","M","R","B",null,"M","M","?","M","?","E","M","E","T","$","R","E","?","?","R","B",null,"M","M","M","M","$","E","R","?","T","R","E","M","M","E","R","B",null,"R","$","E","B",null],"character_chosen":"IRONCLAD","items_purchased":["Chemical X","Battle Trance","Gremlin Horn","Master of Strategy","Feel No Pain"],"campfire_rested":0,"item_purchase_floors":[27,27,27,39,39],"current_hp_per_floor":[72,72,58,64,64,56,56,56,56,38,31,35,47,59,59,55,80,80,80,80,78,96,92,97,92,92,104,104,105,105,105,105,77,100,102,108,79,86,101,77,77,77,77,77,74,74,79,88,88,60,109,109,124,77,47],"gold":63,"neow_bonus":"REMOVE_TWO","is_daily":false,"chose_seed":false,"campfire_upgraded":7,"win_rate":0.0,"timestamp":1611026528,"path_taken":["M","M","?","M","M","E","R","?","T","E","?","E","?","M","R","BOSS","M","M","?","M","?","E","M","E","T","$","R","E","?","?","R","BOSS","M","M","M","M","$","E","R","?","T","R","E","M","?","E","R","BOSS","R","$","E","BOSS"],"items_purchased_type":["Relic","Card","Relic","Card","Card"],"build_version":"2020-12-22","purchased_purges":2,"victory":true,"max_hp_per_floor":[72,72,72,72,72,72,72,72,72,76,80,80,84,88,88,88,88,88,92,92,92,96,100,100,104,104,104,104,108,108,108,108,108,108,112,116,116,120,117,117,117,117,117,117,117,121,125,125,125,125,125,125,125,125,125],"relic_stats":{"Gremlin Horn":[15,18],"counters":[32,153],"Bag of Preparation":[12],"Letter Opener":[60],"War Paint":["Defend_R","Defend_R"],"Question Card":11,"Cursed Key":1,"Burning Blood":183,"WarpedTongs":[33],"Mercury Hourglass":[27],"Centennial Puzzle":[72],"Nunchaku":[4],"Mummified Hand":[81],"MealTicket":42,"Chemical X":[22],"obtain_stats":[{"Gremlin Horn":27,"Bag of Preparation":45,"Letter Opener":43,"War Paint":10,"Odd Mushroom":13,"Question Card":29,"Cursed Key":34,"Burning Blood":0,"WarpedTongs":42,"Mercury Hourglass":54,"Blood Vial":9,"Runic Dome":17,"Centennial Puzzle":6,"Nunchaku":48,"Mummified Hand":12,"MutagenicStrength":30,"MealTicket":23,"Red Mask":22,"Chemical X":27,"Red Skull":40,"Meat on the Bone":25},{"Gremlin Horn":18,"Bag of Preparation":26,"Letter Opener":25,"War Paint":6,"Odd Mushroom":9,"Question Card":19,"Cursed Key":20,"Burning Blood":0,"WarpedTongs":25,"Mercury Hourglass":31,"Blood Vial":5,"Runic Dome":11,"Centennial Puzzle":5,"Nunchaku":29,"Mummified Hand":8,"MutagenicStrength":19,"MealTicket":16,"Red Mask":15,"Chemical X":18,"Red Skull":25,"Meat on the Bone":18},{"Gremlin Horn":89,"Bag of Preparation":126,"Letter Opener":119,"War Paint":28,"Odd Mushroom":46,"Question Card":94,"Cursed Key":99,"Burning Blood":0,"WarpedTongs":119,"Mercury Hourglass":144,"Blood Vial":22,"Runic Dome":58,"Centennial Puzzle":22,"Nunchaku":135,"Mummified Hand":41,"MutagenicStrength":94,"MealTicket":78,"Red Mask":73,"Chemical X":89,"Red Skull":119,"Meat on the Bone":89}],"Meat on the Bone":36},"card_choices":[{"not_picked":["Warcry","Perfected Strike"],"picked":"Headbutt","floor":1},{"not_picked":["Thunderclap","Power Through"],"picked":"Metallicize","floor":2},{"not_picked":["Heavy Blade","Havoc"],"picked":"Power Through","floor":4},{"not_picked":["Clothesline","Bloodletting","Clash"],"picked":"SKIP","floor":5},{"not_picked":["Blood for Blood","Body Slam"],"picked":"Feed","floor":6},{"not_picked":["Seeing Red","Searing Blow","Pummel"],"picked":"SKIP","floor":10},{"not_picked":["Anger","Twin Strike"],"picked":"Fire Breathing","floor":11},{"not_picked":["Pommel Strike","Body Slam"],"picked":"Wild Strike","floor":12},{"not_picked":["Heavy Blade","Warcry"],"picked":"Feel No Pain","floor":13},{"not_picked":["Wild Strike","Feel No Pain","Warcry"],"picked":"SKIP","floor":14},{"not_picked":["Immolate","Exhume"],"picked":"Fiend Fire","floor":16},{"not_picked":["Havoc","Perfected Strike+1"],"picked":"Headbutt","floor":18},{"not_picked":["Cleave","Headbutt"],"picked":"Thunderclap","floor":19},{"not_picked":["Wild Strike+1","Rupture"],"picked":"Burning Pact","floor":21},{"not_picked":["Entrench+1","Searing Blow"],"picked":"Fiend Fire","floor":23},{"not_picked":["Thunderclap","Spot Weakness"],"picked":"Whirlwind+1","floor":24},{"not_picked":["Juggernaut","Havoc+1","True Grit"],"picked":"SKIP","floor":25},{"not_picked":["Fire Breathing","Clash"],"picked":"Demon Form","floor":29},{"not_picked":["Reaper","Corruption","Feed"],"picked":"Impervious","floor":33},{"not_picked":["Clash+1","Havoc+1","Perfected Strike+1"],"picked":"Shrug It Off+1","floor":35},{"not_picked":["Heavy Blade","Shrug It Off","Clothesline+1"],"picked":"Pommel Strike+1","floor":36},{"not_picked":["Sword Boomerang","Cleave+1","Body Slam","Twin Strike"],"picked":"SKIP","floor":37},{"not_picked":["Anger","Ghostly Armor+1","Brutality","Clothesline+1"],"picked":"SKIP","floor":38},{"not_picked":["Twin Strike","Rampage+1","Searing Blow","Rage+1"],"picked":"SKIP","floor":40},{"not_picked":["Double Tap","Bloodletting","Uppercut"],"picked":"Warcry+1","floor":45},{"not_picked":["Dark Embrace+1","Warcry+1","Body Slam"],"picked":"Whirlwind+1","floor":46},{"not_picked":["Combust+1","Seeing Red","Clothesline+1"],"picked":"Shrug It Off","floor":47},{"not_picked":["Battle Trance+1","Flame Barrier+1","Heavy Blade+1"],"picked":"Uppercut+1","floor":48},{"not_picked":["Flame Barrier","Sword Boomerang+1","Shockwave","Body Slam+1"],"picked":"SKIP","floor":54},{"not_picked":["Flame Barrier","Sword Boomerang+1","Shockwave","Body Slam+1"],"picked":"SKIP","floor":54}],"player_experience":271396,"relics_obtained":[{"floor":6,"key":"Centennial Puzzle"},{"floor":9,"key":"Blood Vial"},{"floor":10,"key":"War Paint"},{"floor":12,"key":"Mummified Hand"},{"floor":13,"key":"Odd Mushroom"},{"floor":22,"key":"Red Mask"},{"floor":23,"key":"MealTicket"},{"floor":25,"key":"Meat on the Bone"},{"floor":29,"key":"Question Card"},{"floor":40,"key":"Red Skull"},{"floor":43,"key":"Letter Opener"},{"floor":45,"key":"Bag of Preparation"},{"floor":48,"key":"Nunchaku"},{"floor":54,"key":"Mercury Hourglass"}],"event_choices":[{"damage_healed":0,"gold_gain":0,"player_choice":"Entered Light","damage_taken":14,"max_hp_gain":0,"max_hp_loss":0,"event_name":"Shining Light","floor":3,"gold_loss":0,"cards_upgraded":["Strike_R","Headbutt"]},{"cards_removed":["Strike_R"],"damage_healed":0,"gold_gain":0,"player_choice":"Offered Basic","damage_taken":0,"max_hp_gain":0,"max_hp_loss":0,"event_name":"Bonfire Elementals","floor":8,"gold_loss":0},{"damage_healed":0,"gold_gain":0,"player_choice":"Fought Mushrooms","damage_taken":0,"max_hp_gain":0,"max_hp_loss":0,"event_name":"Mushrooms","floor":13,"gold_loss":0},{"damage_healed":0,"gold_gain":0,"player_choice":"Became a vampire (Vial)","damage_taken":0,"max_hp_gain":0,"max_hp_loss":0,"event_name":"Vampires","floor":20,"relics_lost":["Blood Vial"],"gold_loss":0,"cards_obtained":["Bite","Bite","Bite","Bite","Bite"]},{"damage_healed":0,"gold_gain":0,"player_choice":"Fought Bandits","damage_taken":0,"max_hp_gain":0,"max_hp_loss":0,"event_name":"Masked Bandits","floor":22,"gold_loss":0},{"damage_healed":0,"gold_gain":0,"player_choice":"Inject Mutagens","damage_taken":0,"relics_obtained":["MutagenicStrength"],"max_hp_gain":0,"max_hp_loss":0,"event_name":"Drug Dealer","floor":30,"gold_loss":0},{"damage_healed":0,"gold_gain":0,"player_choice":"Read","damage_taken":0,"max_hp_gain":0,"max_hp_loss":0,"event_name":"The Library","floor":31,"gold_loss":0,"cards_obtained":["Shrug It Off"]},{"damage_healed":0,"gold_gain":0,"player_choice":"Rummage","damage_taken":0,"relics_obtained":["WarpedTongs"],"max_hp_gain":0,"max_hp_loss":0,"event_name":"Accursed Blacksmith","floor":42,"gold_loss":0,"cards_obtained":["Pain"]}],"is_beta":false,"boss_relics":[{"not_picked":["Snecko Eye","Sozu"],"picked":"Runic Dome"},{"not_picked":["Astrolabe","SlaversCollar"],"picked":"Cursed Key"}],"items_purged_floors":[39,53],"is_endless":false,"potions_floor_spawned":[4,12,13,14,22,23,29,33,37,40,48,54],"ascension_level":6}}