{"host":"61xbmbtf5zrn7rzc","time":1611039855,"event":{"mods":["BaseMod","Challenge The Spire","Hubris","Infinite Spire","Minty Spire (QoL Compilation)","Replay The Spire","StSLib","SuperFastMode"],"gold_per_floor":[54,54,54,92,92,177,216,216,216],"floor_reached":8,"language":"ENG","playtime":337,"items_purged":[],"score":67,"play_id":"0151571c-22ca-4b8e-9113-f08fa3e491aa","local_time":"20210119020415","is_ascension_mode":true,"campfire_choices":[],"circlet_count":0,"master_deck":["Strike_R","Strike_R","Strike_R","Strike_R","Strike_R","Defend_R","Defend_R","Defend_R","Defend_R","Bash","HandOfGreed","hubris:SharpeningStone+1","Inflame"],"relics":["infinitespire:DarkRift","infinitespire:Cubic Diamond","Oddly Smooth Stone"],"acts_visited":["Exordium"],"potions_floor_usage":[8,8],"damage_taken":[{"damage":12,"enemies":"Small Slimes","floor":1,"turns":5},{"damage":8,"enemies":"Jaw Worm","floor":4,"turns":4},{"damage":60,"enemies":"3 Sentries","floor":6,"turns":13},{"damage":0,"enemies":"Cultist","floor":7,"turns":3},{"damage":51,"enemies":"Gremlin Nob","floor":8,"turns":5}],"seed_played":"2409126460324550859","potions_obtained":[{"floor":4,"key":"Languid Potion"},{"floor":6,"key":"Dexterity Potion"}],"is_trial":false,"path_per_floor":["M","?","?","M","?","E","M","E"],"character_chosen":"IRONCLAD","items_purchased":[],"campfire_rested":0,"item_purchase_floors":[],"current_hp_per_floor":[74,74,74,66,66,16,16,0,0],"gold":216,"neow_bonus":"RANDOM_COLORLESS_2","is_daily":false,"chose_seed":false,"campfire_upgraded":0,"win_rate":0.0,"timestamp":1611039855,"path_taken":["M","?","?","M","?","E","?","E"],"items_purchased_type":[],"build_version":"2020-12-22","purchased_purges":0,"victory":false,"max_hp_per_floor":[80,80,80,80,80,80,80,80,80],"card_choices":[{"not_picked":["Thinking Ahead","Magnetism"],"picked":"HandOfGreed","floor":0},{"not_picked":["Iron Wave","Warcry"],"picked":"hubris:SharpeningStone","floor":1},{"not_picked":["Intimidate","Combust","Rampage"],"picked":"SKIP","floor":4},{"not_picked":["Rampage","Sword Boomerang"],"picked":"Inflame","floor":6},{"not_picked":["Headbutt","Sword Boomerang","Thunderclap"],"picked":"SKIP","floor":7}],"player_experience":138261,"relics_obtained":[{"floor":6,"key":"Oddly Smooth Stone"}],"event_choices":[{"damage_healed":0,"gold_gain":0,"player_choice":"Grow","damage_taken":0,"max_hp_gain":0,"max_hp_loss":0,"event_name":"Living Wall","floor":3,"gold_loss":0,"cards_upgraded":["hubris:SharpeningStone"]},{"damage_healed":0,"gold_gain":0,"player_choice":"Ignored","damage_taken":0,"max_hp_gain":0,"max_hp_loss":0,"event_name":"Liars Game","floor":5,"gold_loss":0}],"is_beta":false,"boss_relics":[],"items_purged_floors":[],"is_endless":false,"potions_floor_spawned":[4,6],"killed_by":"Gremlin Nob","ascension_level":4}}