{"host":"0x0gr83ly0vxzjzg","time":1611069706,"event":{"mods":["BaseMod","Better Skull","Hubris","Infinite Spire","Minty Spire (QoL Compilation)","Shop Mod","StSLib","The Cursed"],"gold_per_floor":[109,128,139,29,46,46,46,46,69,81,81,81,97,115,115,210,210,190,29,44,44,44],"floor_reached":21,"language":"ENG","playtime":1515,"items_purged":[],"score":173,"play_id":"6cc54bc6-dc4d-4d9b-ac54-a451637ad1d2","local_time":"20210119102146","is_ascension_mode":false,"campfire_choices":[{"data":"TheCursedMod:CursedWand","floor":6,"key":"SMITH"},{"floor":8,"key":"REST"},{"data":"TheCursedMod:BloodBarrier","floor":15,"key":"SMITH"}],"circlet_count":0,"master_deck":["TheCursedMod:Strike_TheCursed","TheCursedMod:Strike_TheCursed","TheCursedMod:Strike_TheCursed","TheCursedMod:Strike_TheCursed","TheCursedMod:Defend_TheCursed","TheCursedMod:Defend_TheCursed","TheCursedMod:Defend_TheCursed","TheCursedMod:Defend_TheCursed","TheCursedMod:CursedWand+1","TheCursedMod:CleanUpWorkshop","TheCursedMod:Dregs","TheCursedMod:CircleOfCorruption","TheCursedMod:SpitefulStrike","TheCursedMod:CircleOfFlame","TheCursedMod:SoulCrush","TheCursedMod:HellfireBreathing","TheCursedMod:Obscuration","TheCursedMod:CursedMace","TheCursedMod:SpitefulPray","Parasite","TheCursedMod:CircleOfFocus","TheCursedMod:BloodBarrier+1","TheCursedMod:VoidForm","TheCursedMod:CursedShiv+1","TheCursedMod:HellsGateOpen","TheCursedMod:BlessingInDisguise","TheCursedMod:SurpriseAttack","TheCursedMod:EmpowerCircles+1"],"relics":["infinitespire:DarkRift","NeowsBlessing","Orichalcum","infinitespire:Cubic Diamond","hubris:Backtick","Du-Vu Doll"],"acts_visited":["Exordium","TheCity"],"potions_floor_usage":[5,14],"damage_taken":[{"damage":0,"enemies":"Cultist","floor":1,"turns":1},{"damage":0,"enemies":"Small Slimes","floor":2,"turns":1},{"damage":0,"enemies":"Jaw Worm","floor":3,"turns":1},{"damage":23,"enemies":"Large Slime","floor":5,"turns":6},{"damage":7,"enemies":"Exordium Wildlife","floor":10,"turns":5},{"damage":0,"enemies":"Lots of Slimes","floor":13,"turns":4},{"damage":15,"enemies":"Large Slime","floor":14,"turns":6},{"damage":33,"enemies":"Hexaghost","floor":16,"turns":8},{"damage":15,"enemies":"2 Thieves","floor":18,"turns":4},{"damage":11,"enemies":"Spheric Guardian","floor":20,"turns":5},{"damage":49,"enemies":"Shelled Parasite and Fungi","floor":21,"turns":5}],"seed_played":"-8818384708547186411","potions_obtained":[{"floor":1,"key":"LiquidMemories"},{"floor":2,"key":"ColorlessPotion"},{"floor":5,"key":"TheCursedMod:DregsPotion"},{"floor":18,"key":"Ancient Potion"}],"is_trial":false,"path_per_floor":["M","M","M","$","M","R","?","R","T","M","?","?","M","M","R","B",null,"M","$","M","M"],"character_chosen":"THE_CURSED","items_purchased":["TheCursedMod:SoulCrush","TheCursedMod:HellfireBreathing","TheCursedMod:HellsGateOpen","TheCursedMod:BlessingInDisguise","TheCursedMod:SurpriseAttack"],"campfire_rested":1,"item_purchase_floors":[4,4,19,19,19],"current_hp_per_floor":[75,75,75,75,52,52,52,74,74,67,75,75,75,60,60,27,75,60,60,49,0,0],"gold":44,"neow_bonus":"THREE_ENEMY_KILL","is_daily":false,"chose_seed":false,"campfire_upgraded":2,"win_rate":0.0,"timestamp":1611069706,"path_taken":["M","M","?","$","?","R","?","R","T","M","?","?","M","?","R","BOSS","M","$","?","M"],"items_purchased_type":["Card","Card","Card","Card","Card"],"build_version":"2020-12-22","purchased_purges":0,"victory":false,"max_hp_per_floor":[75,75,75,75,75,75,75,75,75,75,75,75,75,75,75,75,75,75,75,75,75,75],"card_choices":[{"not_picked":["TheCursedMod:RavingStaff","TheCursedMod:WearCloak"],"picked":"TheCursedMod:CircleOfCorruption","floor":1},{"not_picked":["TheCursedMod:AbyssShockwave","TheCursedMod:CircleOfFocus"],"picked":"TheCursedMod:SpitefulStrike","floor":2},{"not_picked":["TheCursedMod:Wield","TheCursedMod:CircleOfCorruption"],"picked":"TheCursedMod:CircleOfFlame","floor":3},{"not_picked":["TheCursedMod:RavingStaff","TheCursedMod:CircleOfWindfury"],"picked":"TheCursedMod:Obscuration","floor":5},{"not_picked":["TheCursedMod:CursedBoomerang","TheCursedMod:Evocation"],"picked":"TheCursedMod:SpitefulPray","floor":10},{"not_picked":["TheCursedMod:Wield","TheCursedMod:Stretching"],"picked":"TheCursedMod:CircleOfFocus","floor":13},{"not_picked":["TheCursedMod:CursedMace","TheCursedMod:DemonicPact"],"picked":"TheCursedMod:BloodBarrier","floor":14},{"not_picked":["TheCursedMod:ForbiddenAlchemy","TheCursedMod:DemonSword"],"picked":"TheCursedMod:VoidForm","floor":16},{"not_picked":["TheCursedMod:ReleasedKnowledge","TheCursedMod:DoubleShield+1"],"picked":"TheCursedMod:CursedShiv+1","floor":18},{"not_picked":["TheCursedMod:CursedAmulet","TheCursedMod:PrepareRite"],"picked":"TheCursedMod:EmpowerCircles+1","floor":20}],"player_experience":93357,"relics_obtained":[{"floor":9,"key":"Orichalcum"}],"event_choices":[{"damage_healed":18,"gold_gain":0,"player_choice":"Healed and dodged fight","damage_taken":0,"max_hp_gain":0,"max_hp_loss":0,"event_name":"Mushrooms","floor":11,"gold_loss":0,"cards_obtained":["Parasite"]}],"is_beta":false,"boss_relics":[{"not_picked":["Snecko Eye","infinitespire:Cupcake"],"picked":"hubris:Backtick"}],"items_purged_floors":[],"is_endless":false,"potions_floor_spawned":[1,2,5,18],"killed_by":"Shelled Parasite and Fungi","ascension_level":0}}