{"host":"qe8kwmaaj944063g","time":1611017999,"event":{"mods":["BaseMod","Minty Spire (QoL Compilation)","Replay The Spire","StSLib","The Servant 0.9.4"],"gold_per_floor":[109,56,66,6,19,19,47,47,100,100,120,38,72,87,87,184,184,200,200,216,93,110,110,110,110,133,145,64,64,64],"floor_reached":29,"language":"ENG","playtime":1614,"items_purged":[],"score":258,"play_id":"1d25da88-b750-4cf6-bf9e-5bd2c82c79e7","local_time":"20210119015959","is_ascension_mode":false,"campfire_choices":[{"data":"Revamp","floor":6,"key":"SMITH"},{"floor":8,"key":"REST"},{"data":"Luminosity","floor":10,"key":"SMITH"},{"floor":15,"key":"REST"},{"floor":23,"key":"REST"},{"data":"GearUp","floor":25,"key":"SMITH"}],"circlet_count":0,"master_deck":["Strike_S","Strike_S","Strike_S","Strike_S","Defend_S","Defend_S","Defend_S","Defend_S","KidneyShot","Exchange","Starlight","Revamp+1","Misdirection+1","BottledTime","Luminosity+1","Desolation","Desolation","FastForward","TimeWarp","Rewind+1","Ricochet","GearUp+1","ShiftingGears+1","RealityMarble"],"relics":["Uniform","NeowsBlessing","Centennial Puzzle","Divine Protection","Vajra","Incense Burner","SlaversCollar","Question Card","Toy Ornithopter"],"acts_visited":["Exordium","TheCity"],"potions_floor_usage":[16,16,22,27],"damage_taken":[{"damage":0,"enemies":"Jaw Worm","floor":1,"turns":1},{"damage":0,"enemies":"Cultist","floor":3,"turns":1},{"damage":0,"enemies":"Small Slimes","floor":5,"turns":1},{"damage":52,"enemies":"3 Sentries","floor":7,"turns":17},{"damage":7,"enemies":"Exordium Wildlife","floor":11,"turns":4},{"damage":0,"enemies":"Replay:BlueRogue","floor":13,"turns":4},{"damage":7,"enemies":"3 Louse","floor":14,"turns":3},{"damage":20,"enemies":"Hexaghost","floor":16,"turns":11},{"damage":20,"enemies":"Spheric Guardian","floor":18,"turns":6},{"damage":12,"enemies":"3 Byrds","floor":20,"turns":7},{"damage":13,"enemies":"Shelled Parasite and Fungi","floor":22,"turns":5},{"damage":0,"enemies":"Snecko","floor":27,"turns":8},{"damage":46,"enemies":"Masked Bandits","floor":29,"turns":5}],"seed_played":"-61813582664292510","potions_obtained":[{"floor":7,"key":"BlessingOfTheForge"},{"floor":13,"key":"Elixir"},{"floor":14,"key":"Dexterity Potion"},{"floor":22,"key":"SneckoOil"}],"is_trial":false,"path_per_floor":["M","?","M","$","M","R","E","R","T","R","M","$","E","M","R","B",null,"M","?","M","$","M","R","T","R","T","M","$","?"],"character_chosen":"THE_SERVANT","items_purchased":["Misdirection+1","Desolation","Ricochet","AttackPotion","Fire Potion","RealityMarble"],"campfire_rested":3,"item_purchase_floors":[4,12,21,21,21,28],"current_hp_per_floor":[65,65,65,65,65,65,13,32,32,32,25,25,25,18,37,17,65,45,45,33,33,20,39,39,39,39,44,44,0,0],"gold":64,"neow_bonus":"THREE_ENEMY_KILL","is_daily":false,"chose_seed":false,"campfire_upgraded":3,"win_rate":0.0,"timestamp":1611017999,"path_taken":["M","?","?","$","M","R","E","R","T","R","M","?","E","M","R","BOSS","M","?","M","$","M","R","?","R","T","M","$","?"],"items_purchased_type":["Card","Card","Card","Potion","Potion","Card"],"build_version":"2020-12-22","purchased_purges":0,"victory":false,"max_hp_per_floor":[65,65,65,65,65,65,65,65,65,65,65,65,65,65,65,65,65,65,65,65,65,65,65,65,65,65,65,65,65,65],"card_choices":[{"not_picked":["DoubleEdge","Revamp"],"picked":"Starlight","floor":1},{"not_picked":["Desolation","ShatteredReality"],"picked":"Revamp","floor":3},{"not_picked":["Rearm","Collapse"],"picked":"BottledTime","floor":5},{"not_picked":["DoubleEdge","Replace"],"picked":"Luminosity","floor":7},{"not_picked":["Alleviate","BottledTime"],"picked":"Desolation","floor":11},{"not_picked":["DualDimension","Deny","Unruled"],"picked":"SKIP","floor":13},{"not_picked":["ShiftingGears","DoubleEdge"],"picked":"FastForward","floor":14},{"not_picked":["BottledTime","Collapse"],"picked":"TimeWarp","floor":18},{"not_picked":["Reset","FanOfKnives"],"picked":"Rewind+1","floor":20},{"not_picked":["TimeWarp+1","DoubleEdge"],"picked":"GearUp","floor":22},{"not_picked":["Deny","StarChef","Collapse"],"picked":"ShiftingGears+1","floor":27}],"player_experience":50219,"relics_obtained":[{"floor":7,"key":"Divine Protection"},{"floor":9,"key":"Vajra"},{"floor":13,"key":"Incense Burner"},{"floor":24,"key":"Question Card"},{"floor":26,"key":"Toy Ornithopter"}],"event_choices":[{"damage_healed":0,"gold_gain":0,"player_choice":"Paid Gold","damage_taken":0,"relics_obtained":["Centennial Puzzle"],"max_hp_gain":0,"max_hp_loss":0,"event_name":"WeMeetAgain","floor":2,"gold_loss":53},{"damage_healed":0,"gold_gain":0,"player_choice":"Fought Bandits","damage_taken":0,"max_hp_gain":0,"max_hp_loss":0,"event_name":"Masked Bandits","floor":29,"gold_loss":0}],"is_beta":false,"boss_relics":[{"not_picked":["Astrolabe","Philosopher\u0027s Stone"],"picked":"SlaversCollar"}],"items_purged_floors":[],"is_endless":false,"potions_floor_spawned":[7,13,14,22],"killed_by":"Masked Bandits","ascension_level":0}}