{"host":"9jj9tzo2iym4bpat","time":1611080398,"event":{"mods":["Act Like it!","BaseMod","CapriCore","Colored Map","Dark Map","Luminous","Minty Spire (QoL Compilation)","Permanent Neow","StSLib","Td1madao Mod","The Animator","The Immortal","The Marked","The Servant 0.9.4","Yakumo Yukari mod"],"gold_per_floor":[112,123,136,28,48,48,75,75,75,90,17,17,30,30,30,132,132,147,161,141,153,166,166,166,166],"floor_reached":24,"language":"ENG","playtime":809,"items_purged":[],"score":240,"play_id":"2044f898-d62c-4336-835b-0eca68e03e85","local_time":"20210119121958","is_ascension_mode":true,"campfire_choices":[{"floor":6,"key":"REST"},{"floor":8,"key":"REST"},{"floor":12,"key":"REST"},{"floor":15,"key":"REST"},{"floor":23,"key":"REST"}],"circlet_count":0,"master_deck":["Strike_G","Strike_G","Strike_G","Strike_G","Strike_G","Defend_G","Defend_G","Defend_G","Defend_G","Defend_G","Survivor","Neutralize","Dagger Spray","Slice","Caltrops","Footwork","Accuracy","Dash","After Image","Blade Dance"],"relics":["Ring of the Snake","Ninja Scroll","StrikeDummy","Boot","WristBlade"],"acts_visited":["Exordium","TheCity"],"potions_floor_usage":[7,16,16,16,19,20],"damage_taken":[{"damage":0,"enemies":"Cultist","floor":1,"turns":3},{"damage":8,"enemies":"Jaw Worm","floor":2,"turns":5},{"damage":0,"enemies":"2 Louse","floor":3,"turns":3},{"damage":2,"enemies":"Exordium Thugs","floor":5,"turns":5},{"damage":48,"enemies":"Gremlin Nob","floor":7,"turns":6},{"damage":11,"enemies":"Lots of Slimes","floor":10,"turns":3},{"damage":4,"enemies":"Looter","floor":13,"turns":4},{"damage":32,"enemies":"Hexaghost","floor":16,"turns":8},{"damage":9,"enemies":"Chosen","floor":18,"turns":6},{"damage":13,"enemies":"2 Thieves","floor":19,"turns":4},{"damage":15,"enemies":"Shelled Parasite and Fungi","floor":21,"turns":6},{"damage":32,"enemies":"Cultist and Chosen","floor":22,"turns":10},{"damage":47,"enemies":"Gremlin Leader","floor":24,"turns":7}],"seed_played":"2732602776174807925","potions_obtained":[{"floor":2,"key":"SkillPotion"},{"floor":7,"key":"Poison Potion"},{"floor":10,"key":"Poison Potion"},{"floor":18,"key":"Explosive Potion"},{"floor":20,"key":"Fruit Juice"}],"is_trial":false,"path_per_floor":["M","M","M","$","M","R","E","R","T","M","$","R","M","T","R","B",null,"M","M","?","M","M","R","E"],"character_chosen":"THE_SILENT","items_purchased":["DistilledChaos","Caltrops","Accuracy"],"campfire_rested":5,"item_purchase_floors":[4,4,11],"current_hp_per_floor":[77,69,69,69,67,77,29,52,52,41,41,64,60,60,77,45,77,68,55,60,45,13,37,0,0],"gold":166,"neow_bonus":"TEN_PERCENT_HP_BONUS","is_daily":false,"chose_seed":false,"campfire_upgraded":0,"win_rate":0.0,"timestamp":1611080398,"path_taken":["M","M","?","$","M","R","E","R","T","M","$","R","M","?","R","BOSS","M","M","?","M","?","R","E"],"items_purchased_type":["Potion","Card","Card"],"build_version":"2020-12-22","purchased_purges":0,"victory":false,"max_hp_per_floor":[77,77,77,77,77,77,77,77,77,77,77,77,77,77,77,77,77,77,77,82,82,82,82,82,82],"card_choices":[{"not_picked":["Acrobatics","Blur","Poisoned Stab"],"picked":"SKIP","floor":1},{"not_picked":["Concentrate","Outmaneuver"],"picked":"Dagger Spray","floor":2},{"not_picked":["Catalyst","Setup"],"picked":"Slice","floor":3},{"not_picked":["Outmaneuver","Riddle With Holes"],"picked":"Footwork","floor":5},{"not_picked":["Glass Knife","Storm of Steel","Quick Slash"],"picked":"SKIP","floor":7},{"not_picked":["Poisoned Stab","Bane","Catalyst"],"picked":"SKIP","floor":10},{"not_picked":["Acrobatics","Backflip"],"picked":"Dash","floor":13},{"not_picked":["Grand Finale","Unload"],"picked":"After Image","floor":16},{"not_picked":["Endless Agony","Backflip+1","Dagger Spray"],"picked":"SKIP","floor":18},{"not_picked":["Dagger Throw","Deadly Poison","Crippling Poison+1"],"picked":"SKIP","floor":19},{"not_picked":["Flying Knee+1","Finisher","Expertise"],"picked":"SKIP","floor":21},{"not_picked":["Acrobatics+1","Slice+1"],"picked":"Blade Dance","floor":22}],"player_experience":288981,"relics_obtained":[{"floor":7,"key":"Ninja Scroll"},{"floor":9,"key":"StrikeDummy"},{"floor":14,"key":"Boot"}],"event_choices":[{"damage_healed":0,"gold_gain":0,"player_choice":"Bought 1 Potion","damage_taken":0,"max_hp_gain":0,"max_hp_loss":0,"event_name":"The Woman in Blue","floor":20,"gold_loss":0}],"is_beta":false,"boss_relics":[{"not_picked":["SacredBark","Snecko Eye"],"picked":"WristBlade"}],"items_purged_floors":[],"is_endless":false,"potions_floor_spawned":[2,7,10,13,18],"killed_by":"Gremlin Leader","ascension_level":4}}