{"host":"eny0bxnatoru6fum","time":1611076355,"event":{"mods":["A Magickal Journey","AchievementEnabler","AlwaysNeverKeys","Aspiration","BaseMod","Beaked The Cultist","BetterRewards","Colored Map","Colored Powertips","Conspire","DeckTracker","Duelist Mod","Energized Spire","Glutton Mod","Halation","Hubris","Infinite Spire","Jedi Mod","Lobotomy","LobotomyExtend","Minty Spire (QoL Compilation)","Relic Sorter","Replay The Spire","Shop Mod","Spicy Shops","Spikes Relics","StSLib","Synergy Search","The Animator","The Blue Laboratory","The Bug Knight","The Cursed","The Hierophant","The Jungle","The Problem Sleuth","The Runesmith","The Sage","The Servant 0.9.4","The Spell Scribe","vexMod"],"gold_per_floor":[109,122,122,397,407,447,460,52,52,52,68,80,30,62,62,157,157,176,176,190,205,223,256,291,310,310,324,374,399,399,416,416,545,545,559,559,559,571,584,616,616,616,666,683,703,739,756,756,756,759,759,759,747,747,747],"floor_reached":54,"language":"ENG","playtime":4620,"items_purged":["animator:Strike"],"score":945,"play_id":"0c71047e-bd19-441b-8503-13f299723d25","local_time":"20210119111235","is_ascension_mode":false,"campfire_choices":[{"floor":10.0,"key":"RECALL"},{"data":"animator:Guy","floor":15.0,"key":"SMITH"},{"data":"animator:AcuraAkari","floor":30.0,"key":"SMITH"},{"data":"animator:AcuraTooru","floor":32.0,"key":"SMITH"},{"data":"animator:HinaKagiyama","floor":42.0,"key":"SMITH"},{"data":"1","floor":49.0,"key":"LIFT"},{"data":"animator:AcuraAkari","floor":52,"key":"SMITH"}],"circlet_count":0,"master_deck":["animator:Strike_HitsugiNoChaika","animator:Defend_HitsugiNoChaika","animator:Strike","animator:Strike","animator:Defend","animator:Defend","animator:Defend","animator:AcuraAkari","animator:Gillette","animator:Benimaru","animator:Gillette","animator:Viivi","animator:Guy","animator:Gillette","animator:AcuraTooru","animator:Kyubey","animator:HigakiRinne","animator:Guy","animator:AcuraAkari","animator:ChaikaBohdan","animator:PinaCoLada","animator:Guy","animator:AcuraShin","theDuelist:DuelistAscender","animator:Viivi","animator:Layla","animator:HinaKagiyama","animator:AcuraAkari","animator:AcuraAkari","animator:DolaRiku+1","animator:IrohaTamaki+1"],"relics":["animator:TheWolleyCore"],"acts_visited":["Exordium","TheCity","TheBeyond","TheEnding","EYB:TheUnnamedReign"],"potions_floor_usage":[],"damage_taken":[{"damage":0.0,"enemies":"conspire:RoseBush","floor":1.0,"turns":4.0},{"damage":2.0,"enemies":"Small Slimes","floor":2.0,"turns":4.0},{"damage":2.0,"enemies":"Cultist","floor":5.0,"turns":3.0},{"damage":10.0,"enemies":"Gremlin Nob","floor":6.0,"turns":4.0},{"damage":3.0,"enemies":"conspire:2 RoseBushes","floor":7.0,"turns":4.0},{"damage":1.0,"enemies":"Exordium Thugs","floor":11.0,"turns":2.0},{"damage":2.0,"enemies":"Looter","floor":12.0,"turns":3.0},{"damage":6.0,"enemies":"Red Slaver","floor":14.0,"turns":2.0},{"damage":1.0,"enemies":"Slime Boss","floor":16.0,"turns":7.0},{"damage":0.0,"enemies":"Shell Parasite","floor":18.0,"turns":2.0},{"damage":0.0,"enemies":"3 Byrds","floor":20.0,"turns":2.0},{"damage":4.0,"enemies":"Sentry and Sphere","floor":21.0,"turns":5.0},{"damage":0.0,"enemies":"Snecko","floor":22.0,"turns":3.0},{"damage":0.0,"enemies":"Slavers","floor":23.0,"turns":3.0},{"damage":1.0,"enemies":"conspire:MimicChest","floor":24.0,"turns":5.0},{"damage":0.0,"enemies":"Shelled Parasite and Fungi","floor":25.0,"turns":2.0},{"damage":0.0,"enemies":"Sentry and Sphere","floor":27.0,"turns":2.0},{"damage":0.0,"enemies":"Replay:Snechameleon","floor":29.0,"turns":2.0},{"damage":0.0,"enemies":"Snake Plant","floor":31.0,"turns":2.0},{"damage":0.0,"enemies":"Automaton","floor":33.0,"turns":3.0},{"damage":0.0,"enemies":"Orb Walker","floor":35.0,"turns":2.0},{"damage":0.0,"enemies":"3 Shapes","floor":38.0,"turns":2.0},{"damage":0.0,"enemies":"Writhing Mass","floor":39.0,"turns":3.0},{"damage":0.0,"enemies":"Nemesis","floor":40.0,"turns":3.0},{"damage":0.0,"enemies":"Maw","floor":44.0,"turns":4.0},{"damage":0.0,"enemies":"Spire Growth","floor":45.0,"turns":3.0},{"damage":0.0,"enemies":"HollowMod:StalkingDevout","floor":46.0,"turns":4.0},{"damage":0.0,"enemies":"3 Darklings","floor":47.0,"turns":2.0},{"damage":12,"enemies":"Awakened One","floor":50,"turns":5},{"damage":97,"enemies":"animator:TRIPLE_SHAPES_WEAK","floor":54,"turns":3}],"seed_played":"4971614335641828443","potions_obtained":[{"floor":0.0,"key":"jedi:StrikingPotion"},{"floor":0.0,"key":"blueLaboratory:ArtificerPotion"},{"floor":0.0,"key":"blueLaboratory:FruitPunch"},{"floor":2.0,"key":"blueLaboratory:AbyssPotion"},{"floor":6.0,"key":"DistilledChaos"},{"floor":11.0,"key":"blueLaboratory:EnragingPotion"},{"floor":12.0,"key":"jedi:mysterypotion"},{"floor":18.0,"key":"Milkshake"},{"floor":22.0,"key":"Adrenaline Potion"},{"floor":24.0,"key":"Weak Potion"},{"floor":27.0,"key":"Block Potion"},{"floor":29.0,"key":"blueLaboratory:BottleOfRum"},{"floor":38.0,"key":"Cursed Concoction"},{"floor":45.0,"key":"blueLaboratory:AbyssPotion"},{"floor":48.0,"key":"LiquidMemories"},{"floor":48.0,"key":"Block Potion"},{"floor":48.0,"key":"SkillPotion"}],"is_trial":false,"path_per_floor":["M","M","?","?","M","E","M","$","T","R","M","M","?","M","R","B",null,"M","AVR","M","M","M","E","?","M","T","M","?","E","R","M","R","B",null,"M","T","?","M","M","E","?","R","T","M","M","E","M","?","R","B",null,"R","??","M"],"character_chosen":"THE_ANIMATOR","items_purchased":["jedi:fakemustache","jedi:heavyjacket"],"campfire_rested":0,"item_purchase_floors":[8,8],"current_hp_per_floor":[66,64,64,64,62,52,50,65,65,65,64,62,62,56,56,57,69,69,69,69,65,65,66,65,65,65,65,65,65,65,70,70,70,70,70,70,42,42,44,44,44,44,44,56,56,56,56,56,56,44,72,72,95,0,0],"gold":747,"neow_bonus":"THREE_SMALL_POTIONS","is_daily":false,"chose_seed":false,"campfire_upgraded":5,"win_rate":0.0,"timestamp":1611076355,"path_taken":["M","M","?","?","M","E","M","$","T","R","M","?","?","M","R","BOSS","M","AVR","M","M","M","E","?","?","T","M","?","E","R","M","R","BOSS","M","?","?","M","M","E","?","R","T","M","M","E","M","?","R","BOSS","R","??","M"],"items_purchased_type":["Relic","Relic"],"build_version":"2020-12-22","purchased_purges":1,"victory":false,"max_hp_per_floor":[66,66,66,66,66,66,67,67,67,67,67,67,67,67,67,69,69,69,69,69,69,69,70,70,70,70,70,70,70,70,70,70,70,70,70,70,70,70,72,72,72,72,72,72,72,72,72,72,72,72,72,72,95,95,95],"card_choices":[{"not_picked":["animator:IrohaTamaki","animator:Alexander","animator:Aisha"],"picked":"SKIP","floor":1.0},{"not_picked":["animator:Lancer","animator:SakuraMatou"],"picked":"animator:Benimaru","floor":2.0},{"not_picked":["animator:EmiyaShirou","animator:Benimaru"],"picked":"animator:Gillette","floor":5.0},{"not_picked":["animator:Gillette","animator:ChaikaBohdan"],"picked":"animator:Viivi","floor":6.0},{"not_picked":["animator:Assassin","animator:EmiyaShirou"],"picked":"animator:Guy","floor":7.0},{"not_picked":["animator:Archer","animator:Bozes","animator:Shion"],"picked":"SKIP","floor":11.0},{"not_picked":["animator:Lu","animator:Raven"],"picked":"animator:Gillette","floor":12.0},{"not_picked":["animator:Viivi","animator:Gillette"],"picked":"animator:AcuraTooru","floor":14.0},{"not_picked":["animator:MadokaKaname","animator:Shizu"],"picked":"animator:Kyubey","floor":16.0},{"not_picked":["animator:IrohaTamaki+1","animator:FielNirvalen+1","animator:ShinjiMatou"],"picked":"SKIP","floor":18.0},{"not_picked":["animator:Laby","animator:Lancer","animator:DolaStephanie+1"],"picked":"SKIP","floor":20.0},{"not_picked":["animator:Kuribayashi+1","animator:Ara"],"picked":"animator:Guy+1","floor":21.0},{"not_picked":["animator:Layla","animator:ChaikaBohdan"],"picked":"animator:AcuraAkari","floor":22.0},{"not_picked":["animator:Millim","animator:Gillette"],"picked":"animator:ChaikaBohdan","floor":23.0},{"not_picked":["animator:Jibril+1","animator:GazelDwargon","animator:LeleiLaLalena"],"picked":"SKIP","floor":25.0},{"not_picked":["animator:Rider","animator:Kaijin","animator:IrohaTamaki"],"picked":"SKIP","floor":27.0},{"not_picked":["animator:Shizu","animator:Rimuru"],"picked":"animator:PinaCoLada","floor":29.0},{"not_picked":["animator:AcuraTooru","animator:ChaikaBohdan"],"picked":"animator:Guy","floor":29.0},{"not_picked":["animator:Raven","animator:DolaRiku","animator:LeleiLaLalena+1"],"picked":"SKIP","floor":31.0},{"not_picked":["animator:Gilgamesh","animator:PinaCoLada"],"picked":"animator:AcuraShin","floor":33.0},{"not_picked":["hubris:Greed","theDuelist:CurseAging"],"picked":"theDuelist:DuelistAscender","floor":34.0},{"not_picked":["CurseOfTheBell","ReplayTheSpireMod:Faulty Equipment"],"picked":"hubris:Lust","floor":34.0},{"not_picked":["ReplayTheSpireMod:Doomed","theSleuth:OglogMRubbit"],"picked":"vexMod:UltimateCard","floor":34.0},{"not_picked":["animator:Bozes","animator:Shion","animator:Viivi"],"picked":"SKIP","floor":35.0},{"not_picked":["animator:Bozes","animator:Shion"],"picked":"animator:Viivi","floor":35.0},{"not_picked":["animator:Shion+1","animator:Millim+1","animator:Elsword+1"],"picked":"SKIP","floor":38.0},{"not_picked":["animator:Viivi","animator:Gillette"],"picked":"animator:Layla","floor":39.0},{"not_picked":["animator:Ain+1","animator:ShinjiMatou+1","animator:Gilgamesh"],"picked":"SKIP","floor":40.0},{"not_picked":["animator:Gillette+1","animator:Millim+1","animator:Shion"],"picked":"SKIP","floor":44.0},{"not_picked":["animator:TukaLunaMarceau+1","animator:Vesta","animator:HomuraAkemi"],"picked":"SKIP","floor":45.0},{"not_picked":["animator:Viivi","animator:Fredrika"],"picked":"animator:AcuraAkari","floor":46.0},{"not_picked":["animator:Shion+1","animator:Kaijin"],"picked":"animator:AcuraAkari+1","floor":47.0}],"player_experience":496767,"relics_obtained":[{"floor":1.0,"key":"LetterFromLob"},{"floor":6.0,"key":"conspire:DecoderRing"},{"floor":17.0,"key":"Oddly Smooth Stone"},{"floor":17.0,"key":"Garlic"},{"floor":17.0,"key":"jedi:gremlinknob"},{"floor":23.0,"key":"infinitespire:Satchel"},{"floor":23.0,"key":"Dead Branch"},{"floor":24.0,"key":"Sundial"},{"floor":26.0,"key":"Bottled Lightning"},{"floor":29.0,"key":"conspire:GiftBox"},{"floor":29.0,"key":"HollowMod:LifeEnderRelic"},{"floor":36.0,"key":"Thread and Needle"},{"floor":40.0,"key":"Omamori"},{"floor":40.0,"key":"halation:Toothbrush"},{"floor":43.0,"key":"halation:IllGainedPizza"},{"floor":46.0,"key":"Girya"},{"floor":46.0,"key":"Replay:Baseball"},{"floor":48.0,"key":"ReplayTheSpireMod:Ring of Addiction"},{"floor":48.0,"key":"Potion Belt"},{"floor":48.0,"key":"SacredBark"},{"floor":53,"key":"animator:TheWolleyCore"}],"event_choices":[{"damage_healed":0.0,"max_hp_gain":0.0,"max_hp_loss":0.0,"gold_gain":275.0,"event_name":"Golden Shrine","player_choice":"Desecrate","floor":4.0,"gold_loss":0.0,"damage_taken":0.0,"cards_obtained":["Regret"]},{"cards_removed":["Regret"],"damage_healed":0.0,"max_hp_gain":0.0,"max_hp_loss":0.0,"gold_gain":0.0,"event_name":"The Cleric","player_choice":"Card Removal","floor":13.0,"gold_loss":50.0,"damage_taken":0.0},{"damage_healed":0.0,"max_hp_gain":0.0,"max_hp_loss":0.0,"gold_gain":100.0,"event_name":"The Joust","player_choice":"Bet on Murderer","floor":28.0,"gold_loss":50.0,"damage_taken":0.0}],"is_beta":false,"boss_relics":[{"not_picked":["vexMod:RockOfEvil","halation:SmartPhone"],"picked":"Calling Bell"},{"not_picked":["vexMod:EndlessSickness","energizedSpire:NeverEndingSparkler"],"picked":"Replay:Ancient Bell"},{"not_picked":["hubris:SlimyHat","Bag of Marbles"],"picked":"Vajra"},{"not_picked":["RoseTintedShades","Letter Opener"],"picked":"infinitespire:WardingShard"},{"not_picked":["jedi:matchstick","aspiration:HatOfInfinitePower"],"picked":"hubris:GlazedTorus"}],"items_purged_floors":[19],"is_endless":false,"potions_floor_spawned":[2,6,11,12,18,22,24,27,29,38,45],"killed_by":"animator:TRIPLE_SHAPES_WEAK","ascension_level":0}}