{"host":"rl5ku05escnl5kxo","time":1611017715,"event":{"mods":["Act Like it!","BaseMod","Minty Spire (QoL Compilation)","StSLib","The Bug Knight"],"gold_per_floor":[114,133,16,31,42,16,44,44,44,15,15,15,15,33,33,33,33],"floor_reached":16,"language":"ENG","playtime":1034,"items_purged":[],"score":100,"play_id":"73147cfb-8728-4d2a-ab25-38aa975fcfb7","local_time":"20210118165515","is_ascension_mode":false,"campfire_choices":[{"data":"Halt","floor":8,"key":"SMITH"},{"floor":13,"key":"REST"},{"floor":15,"key":"REST"}],"circlet_count":0,"master_deck":["Strike_P","Strike_P","Strike_P","Strike_P","Defend_P","Defend_P","Defend_P","Defend_P","Eruption+1","Vigilance","BowlingBash","FlyingSleeves","ReachHeaven","Worship","Halt+1","Devotion","FlyingSleeves","JustLucky","EmptyFist"],"relics":["PureWater","MealTicket","Bag of Marbles"],"acts_visited":["Exordium"],"potions_floor_usage":[],"damage_taken":[{"damage":16,"enemies":"Jaw Worm","floor":1,"turns":4},{"damage":0,"enemies":"2 Louse","floor":2,"turns":2},{"damage":7,"enemies":"Cultist","floor":4,"turns":3},{"damage":15,"enemies":"3 Louse","floor":5,"turns":3},{"damage":25,"enemies":"Gremlin Nob","floor":7,"turns":4},{"damage":16,"enemies":"Large Slime","floor":14,"turns":4},{"damage":50,"enemies":"Hexaghost","floor":16,"turns":9}],"seed_played":"-4477010329073981284","potions_obtained":[{"floor":4,"key":"Dexterity Potion"},{"floor":14,"key":"Fruit Juice"}],"is_trial":false,"path_per_floor":["M","M","$","M","M","$","E","R","T","?","?","$","R","M","R","B"],"character_chosen":"WATCHER","items_purchased":["ReachHeaven","Worship","FlyingSleeves"],"campfire_rested":2,"item_purchase_floors":[3,3,6],"current_hp_per_floor":[56,56,56,49,34,34,9,9,9,9,9,24,45,29,50,0,0],"gold":33,"neow_bonus":"UPGRADE_CARD","is_daily":false,"chose_seed":false,"campfire_upgraded":1,"win_rate":0.0,"timestamp":1611017715,"path_taken":["M","M","$","M","M","$","E","R","T","?","?","$","R","?","R","BOSS"],"items_purchased_type":["Card","Card","Card"],"build_version":"2020-12-22","purchased_purges":0,"victory":false,"max_hp_per_floor":[72,72,72,72,72,72,72,72,72,72,72,72,72,72,72,72,72],"card_choices":[{"not_picked":["ClearTheMind","Halt"],"picked":"BowlingBash","floor":1},{"not_picked":["EmptyFist","Crescendo"],"picked":"FlyingSleeves","floor":2},{"not_picked":["Evaluate","EmptyFist"],"picked":"Halt","floor":4},{"not_picked":["CrushJoints","PathToVictory"],"picked":"Devotion","floor":5},{"not_picked":["CutThroughFate","Worship"],"picked":"JustLucky","floor":7},{"not_picked":["Wallop","Crescendo"],"picked":"EmptyFist","floor":14}],"player_experience":487014,"relics_obtained":[{"floor":7,"key":"MealTicket"},{"floor":9,"key":"Bag of Marbles"}],"event_choices":[{"damage_healed":0,"gold_gain":0,"player_choice":"Left Gold","damage_taken":0,"max_hp_gain":0,"max_hp_loss":0,"event_name":"World of Goop","floor":10,"gold_loss":29},{"damage_healed":0,"gold_gain":0,"player_choice":"Ignored","damage_taken":0,"max_hp_gain":0,"max_hp_loss":0,"event_name":"Transmorgrifier","floor":11,"gold_loss":0}],"is_beta":false,"boss_relics":[],"items_purged_floors":[],"is_endless":false,"potions_floor_spawned":[4,14],"killed_by":"Hexaghost","ascension_level":0}}