{"host":"8d3fefv2347kqkpz","time":1611066150,"event":{"mods":["100% Spire Juice","AchievementEnabler","Act Like it!","Aspiration","BaseMod","Better Vampires","Colored Map","Colored Powertips","Conspire","Gensokyo","GifTheSpireLib","Highlight Path","Marisa£®ÏF”Í°°ƒß¿Ì…≥£©","Mimic Mod","Minty Spire (QoL Compilation)","Pale of the Ancients","Quick Restart","Rare Cards Sparkle","Reimu£®≤©¿ˆ¡È√Œ£©","Relic Stats","Remilia_Scarlet Moed£®¿Ÿ√◊¿Ú—«°§Àπø®¿◊Ãÿ£©3.3.5","Remilia£®¿Ÿ√◊¿Ú—«£©","Replay The Spire","Spicy Shops","StSLib","The Animator","The Gatherer","The Jungle","The Servant 0.9.4","Waifu the Spire","Youmu£®ªÍ∆«—˝√Œ£©","vexMod"],"gold_per_floor":[109,129,129,129,129,161,161,188,188,200,200,214,214,17,17,116,116,131,131,131,120,135,163,163,163,163,163,178,194,294,294,294],"floor_reached":31,"language":"ZHS","playtime":1139,"items_purged":[],"score":313,"play_id":"7a2b4e7c-f6e1-4bf7-890e-f462fc6356cb","local_time":"20210119222230","is_ascension_mode":false,"campfire_choices":[{"floor":7.0,"key":"REST"},{"floor":11.0,"key":"REST"},{"floor":13.0,"key":"REST"},{"floor":15.0,"key":"RECALL"},{"floor":27.0,"key":"REST"}],"circlet_count":0,"master_deck":["Strike_R","Defend_R","Defend_R","Bash","Spot Weakness","conspire:Purge","Sword Boomerang","Apotheosis","Berserk","Warcry","Spot Weakness","Life Link+1","Heavy Blade"],"relics":["Burning Blood","Dream Catcher","Oddly Smooth Stone","vexMod:BigBerry","King of Hearts","Ancient Tea Set","vexMod:RedPlottingStone","CrazyTorch:ReiMu"],"acts_visited":["Exordium","TheCity"],"potions_floor_usage":[31,31],"damage_taken":[{"damage":7.0,"enemies":"2 Louse","floor":1.0,"turns":4.0},{"damage":8.0,"enemies":"Jaw Worm","floor":2.0,"turns":4.0},{"damage":50.0,"enemies":"Lagavulin","floor":6.0,"turns":7.0},{"damage":46.0,"enemies":"3 Sentries","floor":8.0,"turns":12.0},{"damage":5.0,"enemies":"conspire:RoseBush","floor":10.0,"turns":5.0},{"damage":9.0,"enemies":"Looter","floor":12.0,"turns":4.0},{"damage":42.0,"enemies":"Fading Forest","floor":16.0,"turns":11.0},{"damage":33.0,"enemies":"conspire:FuzzyDice","floor":18.0,"turns":5.0},{"damage":22.0,"enemies":"2 Thieves","floor":21.0,"turns":4.0},{"damage":51.0,"enemies":"Shelled Parasite and Fungi","floor":22.0,"turns":6.0},{"damage":15.0,"enemies":"conspire:SneckoGhost","floor":23.0,"turns":6.0},{"damage":17.0,"enemies":"Chosen and Byrds","floor":28.0,"turns":6.0},{"damage":30.0,"enemies":"Snake Plant","floor":29.0,"turns":4.0},{"damage":31.0,"enemies":"Colosseum Slavers","floor":30.0,"turns":3.0},{"damage":14.0,"enemies":"Colosseum Nobs","floor":30.0,"turns":4.0},{"damage":37,"enemies":"Sentry and Sphere","floor":31,"turns":4}],"seed_played":"7586620615357576307","potions_obtained":[{"floor":8.0,"key":"SkillPotion"},{"floor":12.0,"key":"ZuzhouPotion:ReiMu"},{"floor":18.0,"key":"Languid Potion"},{"floor":22.0,"key":"EntropicBrew"}],"is_trial":false,"path_per_floor":["M","M","?","?","?","E","R","E","T","M","R","M","R","$","R","B",null,"M","?","?","M","M","E","?","?","T","R","M","M","?","M"],"character_chosen":"IRONCLAD","items_purchased":["Apotheosis"],"campfire_rested":4,"item_purchase_floors":[14],"current_hp_per_floor":[87,85,78,78,83,39,66,26,26,27,54,51,78,78,78,68,123,96,96,96,80,35,26,26,67,67,103,92,68,35,0,0],"gold":294,"neow_bonus":"TEN_PERCENT_HP_BONUS","is_daily":false,"chose_seed":false,"campfire_upgraded":0,"win_rate":0.0,"timestamp":1611066150,"path_taken":["M","M","?","?","?","E","R","E","T","M","R","M","R","$","R","BOSS","M","?","?","M","?","E","?","?","T","R","M","M","?","?"],"items_purchased_type":["Card"],"build_version":"2020-12-22","purchased_purges":0,"victory":false,"max_hp_per_floor":[88,88,88,88,93,93,93,93,93,93,93,93,93,93,93,93,123,123,123,123,123,123,123,123,123,123,123,123,123,123,123,123],"relic_stats":{"Dream Catcher":4,"counters":[16,89],"obtain_stats":[{"Dream Catcher":6,"vexMod:RedPlottingStone":30,"Oddly Smooth Stone":8,"CrazyTorch:ReiMu":30,"King of Hearts":23,"Ancient Tea Set":26,"Burning Blood":0,"vexMod:BigBerry":17},{"Dream Catcher":3,"vexMod:RedPlottingStone":15,"Oddly Smooth Stone":4,"CrazyTorch:ReiMu":15,"King of Hearts":11,"Ancient Tea Set":11,"Burning Blood":0,"vexMod:BigBerry":7},{"Dream Catcher":15,"vexMod:RedPlottingStone":85,"Oddly Smooth Stone":27,"CrazyTorch:ReiMu":85,"King of Hearts":68,"Ancient Tea Set":68,"Burning Blood":0,"vexMod:BigBerry":47}],"Burning Blood":90},"card_choices":[{"not_picked":["Flex","Headbutt"],"picked":"Spot Weakness","floor":1.0},{"not_picked":["Flame Barrier","Massacre","Iron Wave"],"picked":"SKIP","floor":2.0},{"not_picked":["True Grit","Flex","Bloodletting"],"picked":"SKIP","floor":6.0},{"not_picked":["Wild Strike","Power Through"],"picked":"conspire:Purge","floor":7.0},{"not_picked":["Dropkick","Pommel Strike","ReplayTheSpireMod:Strike From Hell"],"picked":"SKIP","floor":8.0},{"not_picked":["Anger","Flex"],"picked":"Sword Boomerang","floor":10.0},{"not_picked":["conspire:ExplosiveBarrier","Body Slam","Dropkick"],"picked":"SKIP","floor":12.0},{"not_picked":["Corruption","Eclipse"],"picked":"Berserk","floor":16.0},{"not_picked":["Thunderclap","Body Slam"],"picked":"Warcry","floor":18.0},{"not_picked":["Abandon+1","Clothesline","Sentinel+1"],"picked":"SKIP","floor":21.0},{"not_picked":["Shrug It Off+1","Shockwave","Flex"],"picked":"SKIP","floor":22.0},{"not_picked":["Pommel Strike+1","Replay:Undeath\u0027s Touch","Bloodletting"],"picked":"SKIP","floor":23.0},{"not_picked":["Defy Death","Corruption"],"picked":"Life Link+1","floor":27.0},{"not_picked":["Twin Strike","Body Slam","Perfected Strike"],"picked":"SKIP","floor":28.0},{"not_picked":["Perfected Strike","Twin Strike+1","Havoc"],"picked":"SKIP","floor":29.0},{"not_picked":["True Grit","Run Through"],"picked":"Heavy Blade","floor":30.0}],"player_experience":150789,"relics_obtained":[{"floor":6.0,"key":"Dream Catcher"},{"floor":8.0,"key":"Oddly Smooth Stone"},{"floor":23.0,"key":"King of Hearts"},{"floor":26.0,"key":"Ancient Tea Set"},{"floor":30.0,"key":"vexMod:RedPlottingStone"},{"floor":30.0,"key":"CrazyTorch:ReiMu"}],"event_choices":[{"cards_removed":["Strike_R"],"damage_healed":0.0,"max_hp_gain":0.0,"max_hp_loss":0.0,"gold_gain":0.0,"event_name":"Golden Wing","player_choice":"Card Removal","floor":3.0,"gold_loss":0.0,"damage_taken":7.0},{"damage_healed":0.0,"max_hp_gain":0.0,"max_hp_loss":0.0,"gold_gain":0.0,"event_name":"conspire:LoneGhost","player_choice":"Disagree","floor":4.0,"gold_loss":0.0,"damage_taken":0.0},{"damage_healed":0.0,"max_hp_gain":5.0,"max_hp_loss":0.0,"gold_gain":0.0,"event_name":"Big Fish","player_choice":"Donut","floor":5.0,"gold_loss":0.0,"damage_taken":0.0},{"damage_healed":0.0,"max_hp_gain":0.0,"max_hp_loss":0.0,"gold_gain":0.0,"event_name":"conspire:Investor","player_choice":"Leave","floor":19.0,"gold_loss":0.0,"damage_taken":0.0},{"damage_healed":0.0,"max_hp_gain":0.0,"max_hp_loss":0.0,"gold_gain":0.0,"event_name":"Duplicator","player_choice":"Copied","floor":20.0,"gold_loss":0.0,"damage_taken":0.0,"cards_obtained":["Spot Weakness"]},{"damage_healed":0.0,"max_hp_gain":0.0,"max_hp_loss":0.0,"gold_gain":0.0,"event_name":"The Mausoleum","player_choice":"Ignored","floor":24.0,"gold_loss":0.0,"damage_taken":0.0},{"damage_healed":41.0,"max_hp_gain":0.0,"max_hp_loss":0.0,"gold_gain":0.0,"event_name":"The Library","player_choice":"Heal","floor":25.0,"gold_loss":0.0,"damage_taken":0.0},{"damage_healed":0.0,"max_hp_gain":0.0,"max_hp_loss":0.0,"gold_gain":0.0,"event_name":"Colosseum","player_choice":"Fight","floor":30.0,"gold_loss":0.0,"damage_taken":0.0},{"damage_healed":0.0,"max_hp_gain":0.0,"max_hp_loss":0.0,"gold_gain":0.0,"event_name":"Colosseum","player_choice":"Fought Nobs","floor":30.0,"gold_loss":0.0,"damage_taken":0.0}],"is_beta":false,"boss_relics":[{"not_picked":["Snecko Eye","Cursed Key"],"picked":"vexMod:BigBerry"}],"items_purged_floors":[],"is_endless":false,"potions_floor_spawned":[8,12,18,21,22,30],"killed_by":"Sentry and Sphere","ascension_level":0}}