{"host":"Qube","time":1611015352,"event":{"mods":["AchievementEnabler","BaseMod","Colored Map","Colored Powertips","Highlight Path","Minty Spire (QoL Compilation)","Permanent Neow","Quick Restart","Random Character Button","StSLib"],"gold_per_floor":[114,125,138,213,225,254,254,284,311,311,326,291,291,306,306,380,380,399,89,105,105,105,136,156,156,156,156,186,102,121,135,135,212,212,225,225,62,0,17,49,61,61,61,61,116,116,131,131,131,131,131],"floor_reached":52,"language":"ENG","playtime":2165,"items_purged":["Perfected Strike+1"],"score":2110,"play_id":"18e9d885-6a9e-4ef7-bbbe-d85e4ab6dfd5","local_time":"20210118161552","is_ascension_mode":true,"campfire_choices":[{"floor":7.0,"key":"REST"},{"data":"Armaments","floor":10.0,"key":"SMITH"},{"data":"Rampage","floor":13.0,"key":"SMITH"},{"data":"True Grit","floor":15.0,"key":"SMITH"},{"data":"Shockwave","floor":25.0,"key":"SMITH"},{"floor":27.0,"key":"REST"},{"floor":32.0,"key":"REST"},{"data":"Entrench","floor":42.0,"key":"SMITH"},{"data":"Power Through","floor":44.0,"key":"SMITH"},{"floor":46.0,"key":"REST"},{"floor":49.0,"key":"REST"}],"circlet_count":0,"master_deck":["AscendersBane","Bash","Sever Soul+1","Corruption+1","Shockwave+1","Armaments+1","Pommel Strike","True Grit+1","Headbutt+1","Rampage+1","Body Slam+1","Shrug It Off","Immolate","Power Through+1","Entrench+1","Intimidate+1","Barricade+1","Evolve+1","Power Through","Power Through+1","Sentinel+1","Body Slam+1","True Grit+1","Havoc+1","Entrench+1"],"relics":["Astrolabe","Kunai","Dream Catcher","Anchor","Pandora\u0027s Box","Whetstone","Red Skull","White Beast Statue","Self Forming Clay","SacredBark","Sling","Red Mask","Strawberry","Blue Candle","Ginger","HornCleat"],"acts_visited":["Exordium","TheCity","TheBeyond"],"potions_floor_usage":[51],"damage_taken":[{"damage":7.0,"enemies":"Small Slimes","floor":1.0,"turns":4.0},{"damage":3.0,"enemies":"2 Louse","floor":2.0,"turns":3.0},{"damage":0.0,"enemies":"Cultist","floor":3.0,"turns":3.0},{"damage":0.0,"enemies":"Blue Slaver","floor":5.0,"turns":3.0},{"damage":30.0,"enemies":"3 Sentries","floor":6.0,"turns":8.0},{"damage":24.0,"enemies":"Gremlin Nob","floor":8.0,"turns":4.0},{"damage":9.0,"enemies":"Exordium Thugs","floor":11.0,"turns":3.0},{"damage":0.0,"enemies":"3 Louse","floor":14.0,"turns":2.0},{"damage":23.0,"enemies":"Hexaghost","floor":16.0,"turns":9.0},{"damage":13.0,"enemies":"Shell Parasite","floor":18.0,"turns":5.0},{"damage":0.0,"enemies":"Spheric Guardian","floor":20.0,"turns":3.0},{"damage":10.0,"enemies":"Slavers","floor":23.0,"turns":4.0},{"damage":0.0,"enemies":"Snake Plant","floor":24.0,"turns":2.0},{"damage":21.0,"enemies":"Book of Stabbing","floor":28.0,"turns":5.0},{"damage":3.0,"enemies":"Snecko","floor":30.0,"turns":4.0},{"damage":3.0,"enemies":"Shelled Parasite and Fungi","floor":31.0,"turns":4.0},{"damage":0.0,"enemies":"Champ","floor":33.0,"turns":12.0},{"damage":0.0,"enemies":"Orb Walker","floor":35.0,"turns":4.0},{"damage":0.0,"enemies":"3 Shapes","floor":39.0,"turns":3.0},{"damage":0.0,"enemies":"Giant Head","floor":40.0,"turns":7.0},{"damage":38.0,"enemies":"Transient","floor":41.0,"turns":6.0},{"damage":27.0,"enemies":"2 Orb Walkers","floor":45.0,"turns":4.0},{"damage":8.0,"enemies":"Writhing Mass","floor":47.0,"turns":5.0},{"damage":0.0,"enemies":"Time Eater","floor":50.0,"turns":8.0},{"damage":12,"enemies":"Awakened One","floor":51,"turns":14}],"seed_played":"-1049139899953153627","potions_obtained":[{"floor":1.0,"key":"SkillPotion"},{"floor":2.0,"key":"Ancient Potion"},{"floor":3.0,"key":"FearPotion"},{"floor":16.0,"key":"SteroidPotion"},{"floor":22.0,"key":"FairyPotion"},{"floor":23.0,"key":"Block Potion"},{"floor":24.0,"key":"Fruit Juice"},{"floor":28.0,"key":"PowerPotion"},{"floor":30.0,"key":"Energy Potion"},{"floor":33.0,"key":"SteroidPotion"},{"floor":40.0,"key":"Block Potion"},{"floor":41.0,"key":"Strength Potion"},{"floor":45.0,"key":"Strength Potion"}],"is_trial":false,"path_per_floor":["M","M","M","?","M","E","R","E","T","R","M","?","R","M","R","B",null,"M","$","M","?","?","E","M","R","T","R","E","$","M","M","R","B",null,"M","?","$","?","M","E","M","R","T","R","?","R","M","T","R","B","B",null],"character_chosen":"IRONCLAD","items_purchased":["Whetstone","DistilledChaos","Barricade","Sling"],"campfire_rested":5,"item_purchase_floors":[19,19,29,37],"current_hp_per_floor":[61,58,58,47,47,17,39,15,15,15,6,24,24,24,24,1,57,44,44,44,44,44,34,34,34,34,56,40,40,37,34,58,58,75,75,75,75,75,75,82,44,44,44,44,17,43,35,35,61,61,49],"gold":131,"neow_bonus":"BOSS_RELIC","is_daily":false,"chose_seed":false,"campfire_upgraded":6,"win_rate":0.0,"timestamp":1611015352,"path_taken":["M","M","M","?","M","E","R","E","T","R","M","?","R","M","R","BOSS","M","$","M","?","?","E","?","R","T","R","E","$","M","M","R","BOSS","M","?","?","?","M","E","M","R","T","R","?","R","M","?","R","BOSS","BOSS"],"items_purchased_type":["Relic","Potion","Card","Relic"],"build_version":"2020-12-18","purchased_purges":1,"victory":true,"max_hp_per_floor":[75,75,75,75,75,75,75,75,75,75,75,75,75,75,75,75,75,75,75,75,75,75,75,75,75,75,75,80,80,80,80,80,80,80,80,80,80,80,80,87,87,87,87,87,87,87,87,87,87,87,87],"card_choices":[{"not_picked":["Dark Embrace","Cleave"],"picked":"Shockwave","floor":1.0},{"not_picked":["Uppercut","Anger"],"picked":"Armaments","floor":2.0},{"not_picked":["True Grit","Combust"],"picked":"Pommel Strike","floor":3.0},{"not_picked":["Clash","Armaments"],"picked":"True Grit","floor":5.0},{"not_picked":["True Grit","Pommel Strike"],"picked":"Headbutt","floor":6.0},{"not_picked":["Anger","Sword Boomerang"],"picked":"Rampage","floor":8.0},{"not_picked":["Corruption","Clash"],"picked":"Body Slam","floor":11.0},{"not_picked":["Iron Wave","Rupture"],"picked":"Shrug It Off","floor":14.0},{"not_picked":["Exhume","Brutality"],"picked":"Immolate","floor":16.0},{"not_picked":["Perfected Strike","Headbutt","Inflame"],"picked":"SKIP","floor":18.0},{"not_picked":["True Grit","Anger","Flex"],"picked":"SKIP","floor":20.0},{"not_picked":["Cleave","Uppercut"],"picked":"Power Through","floor":23.0},{"not_picked":["Headbutt","Warcry"],"picked":"Entrench","floor":24.0},{"not_picked":["Twin Strike","Burning Pact"],"picked":"Intimidate+1","floor":28.0},{"not_picked":["Blood for Blood","Reckless Charge"],"picked":"Evolve+1","floor":30.0},{"not_picked":["Combust","Second Wind"],"picked":"Power Through","floor":31.0},{"not_picked":["Clash","Thunderclap"],"picked":"Power Through+1","floor":32.0},{"not_picked":["Infernal Blade","Inflame+1","Twin Strike"],"picked":"SKIP","floor":35.0},{"not_picked":["Wild Strike+1","Thunderclap"],"picked":"Sentinel+1","floor":39.0},{"not_picked":["Inflame","Searing Blow","Sword Boomerang"],"picked":"SKIP","floor":40.0},{"not_picked":["Entrench","Iron Wave+1"],"picked":"Body Slam+1","floor":41.0},{"not_picked":["Dual Wield","Perfected Strike+1"],"picked":"True Grit+1","floor":45.0},{"not_picked":["Rupture","Heavy Blade"],"picked":"Havoc+1","floor":46.0},{"not_picked":["Rage","Cleave"],"picked":"Entrench+1","floor":47.0}],"player_experience":931109,"relics_obtained":[{"floor":6.0,"key":"Kunai"},{"floor":8.0,"key":"Dream Catcher"},{"floor":9.0,"key":"Anchor"},{"floor":23.0,"key":"Red Skull"},{"floor":26.0,"key":"White Beast Statue"},{"floor":28.0,"key":"Self Forming Clay"},{"floor":40.0,"key":"Strawberry"},{"floor":43.0,"key":"Blue Candle"},{"floor":45.0,"key":"Ginger"},{"floor":48.0,"key":"HornCleat"}],"event_choices":[{"damage_healed":0.0,"max_hp_gain":0.0,"max_hp_loss":0.0,"gold_gain":75.0,"event_name":"World of Goop","player_choice":"Gather Gold","floor":4.0,"gold_loss":0.0,"damage_taken":11.0},{"damage_healed":18.0,"max_hp_gain":0.0,"max_hp_loss":0.0,"gold_gain":0.0,"event_name":"The Cleric","player_choice":"Healed","floor":12.0,"gold_loss":35.0,"damage_taken":0.0},{"damage_healed":0.0,"max_hp_gain":0.0,"max_hp_loss":0.0,"gold_gain":0.0,"event_name":"Ghosts","player_choice":"Ignored","floor":21.0,"gold_loss":0.0,"damage_taken":0.0},{"damage_healed":0.0,"max_hp_gain":0.0,"max_hp_loss":0.0,"gold_gain":0.0,"event_name":"Lab","player_choice":"Got Potions","floor":22.0,"gold_loss":0.0,"damage_taken":0.0},{"damage_healed":0.0,"max_hp_gain":0.0,"max_hp_loss":0.0,"gold_gain":0.0,"event_name":"Accursed Blacksmith","player_choice":"Forge","floor":36.0,"gold_loss":0.0,"damage_taken":0.0,"cards_upgraded":["Barricade"]},{"damage_healed":0.0,"max_hp_gain":0.0,"max_hp_loss":0.0,"gold_gain":0.0,"event_name":"Tomb of Lord Red Mask","player_choice":"Paid","floor":38.0,"gold_loss":62.0,"damage_taken":0.0,"relics_obtained":["Red Mask"]},{"damage_healed":0.0,"max_hp_gain":0.0,"max_hp_loss":0.0,"gold_gain":0.0,"event_name":"Mysterious Sphere","player_choice":"Fight","floor":45.0,"gold_loss":0.0,"damage_taken":0.0}],"is_beta":true,"boss_relics":[{"not_picked":["Fusion Hammer","Runic Cube"],"picked":"Pandora\u0027s Box"},{"not_picked":["Mark of Pain","Black Star"],"picked":"SacredBark"}],"items_purged_floors":[19],"is_endless":false,"potions_floor_spawned":[1,2,3,16,23,24,28,30,31,33,35,39,40,41,45,47],"ascension_level":20}}