{"host":"nzq3d31h1j2g5t95","time":1611026356,"event":{"mods":["BaseMod","Hubris","Minty Spire (QoL Compilation)","Replay The Spire","StSLib","[IsaacMod]ÒÔÈö¼âËþ"],"gold_per_floor":[133,183,2,47,136,198,236,313,313,417,466,466,499,221,268,268,52,52,52,52,113,113,201,201,201,288,354,462,214,242,242,332,439,439,158,238,238,491,559,559,809,809,922,498,571,571,598,593,593,664,664],"floor_reached":42,"language":"ZHS","playtime":2664,"items_purged":["Amnesia","ReplayTheSpireMod:Restless Dread","Normality","Replay:Hysterical Blindness","Spreading Infection","hubris:Sloth"],"score":874,"play_id":"bab4717d-b57f-4e62-ab1b-db03840a22cf","local_time":"20210119111916","is_ascension_mode":true,"campfire_choices":[{"data":"Replay:Many Hands","floor":16.0,"key":"SMITH"},{"data":"ReplayTheSpireMod:Faulty Equipment","floor":18.0,"key":"SMITH"},{"floor":22.0,"key":"REST"},{"floor":23.0,"key":"REST"},{"floor":29.0,"key":"REST"},{"floor":32.0,"key":"REST"},{"floor":41.0,"key":"REST"}],"circlet_count":0,"master_deck":["AscendersBane","Strike_R+1","Strike_R+1","Defend_R+1","Defend_R","Defend_R","Bash","BettingIsNotGood","Replay:Many Hands+1","Regret","Rampage+1","Dual Wield","hubris:Envy","hubris:CleavingFinish","Delirium","hubris:Wrath","Shame","hubris:Greed","hubris:Greed","Flex+1","hubris:Greed","hubris:Greed","Delirium","Parasite","Heavy Blade","ReplayTheSpireMod:LeadingStrike","Hallucinations","Clumsy","hubris:Greed","hubris:Greed","Feel No Pain","Looming Evil","Carnage+1","Languid","Power Through+1","Delirium","ReplayReversal+1","Midas Touch+1","Abandon+1","Discovery+1","Dropkick","Pommel Strike","Metallicize+1","hubris:Sloth","Doubt","Hemogenesis","Shame","Feel No Pain","hubris:Wrath","ReplayTheSpireMod:Corrosion Curse+1","ReplayTheSpireMod:Faulty Equipment","Inflame","Regret","Looming Evil","hubris:Envy","Spreading Infection","Dark Embrace","Hallucinations","Corruption","Body Slam+1","Run Through+1","Sever Soul+1","Regret","Whirlwind+1","Pommel Strike+1","Doubt","hubris:Wrath","ReplayTheSpireMod:IOU","Decay","hubris:Envy","hubris:Compulsion","True Grit+1","hubris:Gluttony","Amnesia","ReplayTheSpireMod:Splinters","Delirium"],"relics":["HushsDoor","Cursed Key","SteamSale","Ring of Greed","Ring of Panic","Replay:Bandana","MealTicket","TheBible","Toxic Egg 2","Sundial","Replay:Wanted Poster","hubris:OldNail","Happy Flower","hubris:HerbalPaste","Medical Kit","Oddly Smooth Stone","hubris:BundleOfHerbs","SalivaCoin","hubris:Icosahedron","Tiny Chest","BargainBundle","BelialBook","Orichalcum","Nilry\u0027s Codex","Simple Rune","hubris:ChampionShield","Charon\u0027s Ashes","Astrolabe","Replay:Accelerometer","PillsDrop","Cauldron","Gremlin Food"],"acts_visited":["Exordium","TheBeyond"],"potions_floor_usage":[],"damage_taken":[{"damage":10.0,"enemies":"Small Slimes","floor":1.0,"turns":4.0},{"damage":10.0,"enemies":"Cultist","floor":4.0,"turns":4.0},{"damage":17.0,"enemies":"Gremlin Nob","floor":6.0,"turns":3.0},{"damage":3.0,"enemies":"2 Louse","floor":7.0,"turns":2.0},{"damage":21.0,"enemies":"3 Sentries","floor":8.0,"turns":9.0},{"damage":2.0,"enemies":"Cultist","floor":11.0,"turns":2.0},{"damage":2.0,"enemies":"2 Louse","floor":13.0,"turns":2.0},{"damage":39.0,"enemies":"Jaw Worm","floor":15.0,"turns":5.0},{"damage":64.0,"enemies":"Lagavulin","floor":21.0,"turns":7.0},{"damage":45.0,"enemies":"Exordium Wildlife","floor":23.0,"turns":5.0},{"damage":17.0,"enemies":"2 Thieves","floor":18.0,"turns":4.0},{"damage":29.0,"enemies":"Chosen","floor":20.0,"turns":5.0},{"damage":25.0,"enemies":"Snecko","floor":24.0,"turns":3.0},{"damage":21.0,"enemies":"Slavers","floor":25.0,"turns":4.0},{"damage":24.0,"enemies":"Chosen and Byrds","floor":28.0,"turns":5.0},{"damage":56.0,"enemies":"Shelled Parasite and Fungi","floor":30.0,"turns":13.0},{"damage":5.0,"enemies":"Cultist and Chosen","floor":31.0,"turns":6.0},{"damage":64.0,"enemies":"Champ","floor":33.0,"turns":11.0},{"damage":56.0,"enemies":"3 Darklings","floor":35.0,"turns":7.0},{"damage":0.0,"enemies":"3 Shapes","floor":37.0,"turns":1.0},{"damage":36.0,"enemies":"Reptomancer","floor":40.0,"turns":5.0},{"damage":55,"enemies":"Nemesis","floor":42,"turns":6}],"seed_played":"2763907131846894545","potions_obtained":[{"floor":7.0,"key":"Milkshake"},{"floor":8.0,"key":"SkillPotion"},{"floor":19.0,"key":"FairyPotion"},{"floor":20.0,"key":"Elixir"},{"floor":28.0,"key":"Block Potion"},{"floor":31.0,"key":"Fruit Juice"},{"floor":35.0,"key":"SteroidPotion"},{"floor":36.0,"key":"DuplicationPotion"},{"floor":36.0,"key":"CultistPotion"},{"floor":40.0,"key":"Energy Potion"}],"is_trial":false,"path_per_floor":["M","?","$","M","?","E","M","E","T","M","M","?","M","$","M","R","$","R","T","?","E","R","M","?","R","M","?","M","$","?","R","M","E","T","$","M","R","M","M","R","B",null,"M","$","M","?","T","E","R","E"],"character_chosen":"IRONCLAD","items_purchased":["ForgetMeNow","hubris:OldNail","Happy Flower","hubris:HerbalPaste","Medical Kit","Oddly Smooth Stone","BargainBundle","BelialBook","Orichalcum","Midas Touch+1","Abandon+1","Discovery+1","Dropkick","Pommel Strike","Charon\u0027s Ashes","Feel No Pain","Replay:Accelerometer","PillsDrop","Cauldron"],"campfire_rested":5,"item_purchase_floors":[3,14,14,14,17,17,21,21,21,21,21,21,21,21,27,27,36,36,36],"current_hp_per_floor":[62,62,77,70,55,38,35,14,14,63,61,45,43,58,30,30,45,45,45,65,7,31,1,1,60,49,49,26,41,25,49,29,20,20,35,17,41,26,35,59,11,67,34,49,49,49,49,24,49,0,0],"gold":664,"neow_bonus":"BOSS_RELIC","is_daily":false,"chose_seed":false,"campfire_upgraded":2,"win_rate":0.0,"timestamp":1611026356,"path_taken":["M","?","$","M","?","E","M","E","T","M","M","?","M","$","?","R","$","R","T","?","E","R","M","?","R","M","?","M","$","?","R","M","E","T","$","M","R","M","?","R","BOSS","M","$","M","?","?","E","R","E"],"items_purchased_type":["Relic","Relic","Relic","Relic","Relic","Relic","Relic","Relic","Relic","Card","Card","Card","Card","Card","Relic","Card","Relic","Relic","Relic"],"build_version":"2020-12-22","purchased_purges":6,"victory":false,"max_hp_per_floor":[80,80,80,80,80,80,80,80,80,80,80,80,80,80,80,80,80,80,80,80,80,80,80,80,80,80,80,80,80,80,80,80,80,80,80,80,80,80,80,80,85,85,85,85,85,85,85,85,85,85,85],"card_choices":[{"not_picked":[],"picked":"BettingIsNotGood","floor":0.0},{"not_picked":["ReplayTheSpireMod:Muscle Training","Flex"],"picked":"Replay:Many Hands","floor":1.0},{"not_picked":["Disarm","Hemokinesis","Twin Strike"],"picked":"SKIP","floor":4.0},{"not_picked":["Cleave","Infernal Blade"],"picked":"Rampage","floor":6.0},{"not_picked":["Body Slam","Entrench"],"picked":"Dual Wield","floor":7.0},{"not_picked":["Dual Wield+1","Uppercut"],"picked":"hubris:CleavingFinish","floor":8.0},{"not_picked":["Carnage","Havoc+1"],"picked":"Flex+1","floor":11.0},{"not_picked":["Rupture","hubris:ReadiedAction+1","Iron Wave"],"picked":"SKIP","floor":13.0},{"not_picked":["Heavy Blade","Cleave","Wild Strike"],"picked":"SKIP","floor":15.0},{"not_picked":["Uppercut","Exhume+1"],"picked":"Heavy Blade","floor":21.0},{"not_picked":["Replay:Undeath\u0027s Touch","Wild Strike"],"picked":"ReplayTheSpireMod:LeadingStrike","floor":23.0},{"not_picked":["Heavy Blade","Anger+1"],"picked":"Feel No Pain","floor":18.0},{"not_picked":["Run Through","Headbutt+1"],"picked":"Carnage+1","floor":19.0},{"not_picked":["Twin Strike","Anger"],"picked":"Power Through+1","floor":19.0},{"not_picked":["Heavy Blade","Perfected Strike+1"],"picked":"ReplayReversal+1","floor":20.0},{"not_picked":["Run Through+1","Uppercut"],"picked":"Metallicize+1","floor":24.0},{"not_picked":["Metallicize","Havoc+1"],"picked":"Hemogenesis","floor":25.0},{"not_picked":["Iron Wave+1","Blood for Blood"],"picked":"ReplayTheSpireMod:Corrosion Curse+1","floor":28.0},{"not_picked":["Hemokinesis+1","Whirlwind"],"picked":"Inflame","floor":30.0},{"not_picked":["ReplayTheSpireMod:Strike From Hell+1","Massacre"],"picked":"Dark Embrace","floor":31.0},{"not_picked":["Reaper","Immolate"],"picked":"Corruption","floor":33.0},{"not_picked":["Perfected Strike","Cleave"],"picked":"Whirlwind+1","floor":35.0},{"not_picked":["Rampage+1","Flex+1"],"picked":"Pommel Strike+1","floor":37.0},{"not_picked":["Replay:Undeath\u0027s Touch","Shrug It Off+1"],"picked":"True Grit+1","floor":40.0}],"player_experience":159056,"relics_obtained":[{"floor":2.0,"key":"Ring of Greed"},{"floor":2.0,"key":"Ring of Panic"},{"floor":2.0,"key":"Replay:Bandana"},{"floor":2.0,"key":"MealTicket"},{"floor":6.0,"key":"TheBible"},{"floor":8.0,"key":"Toxic Egg 2"},{"floor":9.0,"key":"Sundial"},{"floor":19.0,"key":"hubris:BundleOfHerbs"},{"floor":21.0,"key":"SalivaCoin"},{"floor":19.0,"key":"Tiny Chest"},{"floor":22.0,"key":"Nilry\u0027s Codex"},{"floor":25.0,"key":"Simple Rune"},{"floor":26.0,"key":"hubris:ChampionShield"},{"floor":39.0,"key":"Gremlin Food"}],"event_choices":[{"damage_healed":0.0,"max_hp_gain":0.0,"max_hp_loss":0.0,"gold_gain":0.0,"event_name":"Shining Light","player_choice":"Entered Light","floor":12.0,"gold_loss":0.0,"damage_taken":16.0,"cards_upgraded":["Defend_R","Strike_R"]},{"damage_healed":20.0,"max_hp_gain":0.0,"max_hp_loss":0.0,"gold_gain":0.0,"event_name":"Mushrooms","player_choice":"Healed and dodged fight","floor":20.0,"gold_loss":0.0,"damage_taken":0.0,"cards_obtained":["Parasite"]},{"damage_healed":0.0,"max_hp_gain":0.0,"max_hp_loss":0.0,"gold_gain":0.0,"event_name":"Cursed Tome","player_choice":"Obtained Book","floor":22.0,"gold_loss":0.0,"damage_taken":16.0},{"damage_healed":0.0,"max_hp_gain":0.0,"max_hp_loss":0.0,"gold_gain":0.0,"event_name":"Mysterious Sphere","player_choice":"Ignored","floor":38.0,"gold_loss":0.0,"damage_taken":0.0}],"is_beta":false,"boss_relics":[{"not_picked":["Runic Dome","hubris:TerracottaHorce"],"picked":"Astrolabe"},{"not_picked":[]}],"items_purged_floors":[3,14,17,21,27,36],"is_endless":false,"potions_floor_spawned":[7,8,11,15,20,28,31,35,40],"killed_by":"Nemesis","ascension_level":11}}