{"host":"61r95uy0hn86b9iu","time":1611028121,"event":{"mods":["AchievementEnabler","BaseMod","Better Vampires","BetterRewards","Colored Powertips","Hubris","Minty Spire (QoL Compilation)","Shop Mod","StSLib"],"gold_per_floor":[109,129,200,218,17,17,17,17,17,17,17,52,52,77,77,157,157,180,198,198,248,163,198,198,75,123,123,132,165,165,1,1,88,88,111,133,27,27,27,27,27,27],"floor_reached":41,"language":"ENG","playtime":1331,"items_purged":["Strike_B","Strike_B","Strike_B"],"score":1024,"play_id":"5cd9f30a-f6be-4eb9-9670-136bc8476084","local_time":"20210118214841","is_ascension_mode":true,"campfire_choices":[{"floor":6.0,"key":"REST"},{"data":"Echo Form","floor":8.0,"key":"SMITH"},{"data":"White Noise","floor":15.0,"key":"SMITH"},{"data":"Fission","floor":24.0,"key":"SMITH"},{"data":"Static Discharge","floor":27.0,"key":"SMITH"},{"data":"Consume","floor":30.0,"key":"SMITH"},{"data":"Reboot","floor":32.0,"key":"SMITH"},{"floor":40.0,"key":"RECALL"}],"circlet_count":0,"master_deck":["AscendersBane","Defend_B","Defend_B","Defend_B","Zap","Dualcast","Streamline","Go for the Eyes","Static Discharge+1","Conserve Battery","Echo Form+1","Self Repair","hubris:Ukulele","Self Repair","Reboot+1","White Noise+1","Doom and Gloom","FTL","Fission+1","Glacier","Stack","Rainbow","The Bomb","Consume+1","Electrodynamics","Coolheaded","Sunder"],"relics":["Cracked Core","Membership Card","Juzu Bracelet","MerchantsRug","Eternal Feather","CeramicFish","Pen Nib","hubris:ScarierMask","hubris:SlimyHat","Tiny Chest","DataDisk","Oddly Smooth Stone","Blood Vial","Inserter","Regal Pillow","hubris:Towel","Calipers"],"acts_visited":["Exordium","TheCity","TheBeyond"],"potions_floor_usage":[],"damage_taken":[{"damage":4.0,"enemies":"Cultist","floor":1.0,"turns":3.0},{"damage":7.0,"enemies":"Jaw Worm","floor":2.0,"turns":3.0},{"damage":1.0,"enemies":"2 Louse","floor":4.0,"turns":2.0},{"damage":14.0,"enemies":"Gremlin Nob","floor":12.0,"turns":4.0},{"damage":13.0,"enemies":"Large Slime","floor":14.0,"turns":6.0},{"damage":56.0,"enemies":"The Guardian","floor":16.0,"turns":9.0},{"damage":20.0,"enemies":"Spheric Guardian","floor":18.0,"turns":4.0},{"damage":16.0,"enemies":"Gremlin Leader","floor":23.0,"turns":5.0},{"damage":42.0,"enemies":"Book of Stabbing","floor":29.0,"turns":5.0},{"damage":67.0,"enemies":"hubris:MusketHawk","floor":33.0,"turns":9.0},{"damage":0.0,"enemies":"3 Darklings","floor":35.0,"turns":2.0},{"damage":25.0,"enemies":"Orb Walker","floor":36.0,"turns":5.0},{"damage":89,"enemies":"Writhing Mass","floor":41,"turns":4}],"seed_played":"1161699687857237443","potions_obtained":[{"floor":2.0,"key":"Weak Potion"},{"floor":12.0,"key":"Explosive Potion"},{"floor":16.0,"key":"FearPotion"},{"floor":18.0,"key":"AttackPotion"},{"floor":23.0,"key":"Fruit Juice"},{"floor":29.0,"key":"FocusPotion"}],"is_trial":false,"path_per_floor":["M","M","?","M","$","R","T","R","T","$","?","E","?","M","R","B",null,"M","?","?","?","?","E","R","$","T","R","?","E","R","$","R","B",null,"M","M","$","?","T","R","M"],"character_chosen":"DEFECT","items_purchased":["Membership Card","Juzu Bracelet","Static Discharge","Self Repair","Orrery","MerchantsRug","The Bomb","Strawberry","Blood Vial","Regal Pillow"],"campfire_rested":1,"item_purchase_floors":[0,0,0,5,5,5,25,31,31,37],"current_hp_per_floor":[53,46,46,45,45,66,66,71,71,71,53,60,65,66,76,41,67,61,61,61,61,61,57,69,69,69,81,81,53,68,75,88,35,75,77,75,75,75,75,88,0,0],"gold":27,"neow_bonus":"","is_daily":false,"chose_seed":false,"campfire_upgraded":6,"win_rate":0.0,"timestamp":1611028121,"path_taken":["M","M","?","M","$","R","?","R","T","$","?","E","?","M","R","BOSS","M","?","?","?","?","E","R","?","T","R","?","E","R","$","R","BOSS","M","M","$","?","?","R","M"],"items_purchased_type":["Relic","Relic","Card","Card","Relic","Relic","Card","Relic","Relic","Relic"],"build_version":"2020-12-22","purchased_purges":3,"victory":false,"max_hp_per_floor":[71,71,71,71,71,71,71,71,71,71,71,71,76,76,76,76,76,76,76,76,76,76,81,81,81,81,81,81,81,81,88,88,88,88,88,88,88,88,88,88,88,88],"card_choices":[{"not_picked":["Sweeping Beam","Hologram","Cold Snap"],"picked":"SKIP","floor":1.0},{"not_picked":["Coolheaded","Loop"],"picked":"Conserve Battery","floor":2.0},{"not_picked":["Rebound","Ball Lightning"],"picked":"Echo Form","floor":4.0},{"not_picked":["Turbo","Go for the Eyes"],"picked":"hubris:Ukulele","floor":5.0},{"not_picked":["Sweeping Beam","Redo"],"picked":"Self Repair","floor":5.0},{"not_picked":["Undo","Hologram"],"picked":"Reboot","floor":5.0},{"not_picked":["Ball Lightning","Rebound"],"picked":"White Noise","floor":5.0},{"not_picked":["Gash","Biased Cognition"],"picked":"Doom and Gloom","floor":5.0},{"not_picked":["Sweeping Beam","Hologram","Hello World"],"picked":"SKIP","floor":12.0},{"not_picked":["White Noise","Hologram"],"picked":"FTL","floor":14.0},{"not_picked":["hubris:Prefetch","Echo Form"],"picked":"Fission","floor":16.0},{"not_picked":["Leap","Coolheaded"],"picked":"Glacier","floor":18.0},{"not_picked":["Rebound","Streamline","Hologram"],"picked":"SKIP","floor":23.0},{"not_picked":["Force Field","Echo Form","Sunder"],"picked":"SKIP","floor":29.0},{"not_picked":["Reboot","Amplify"],"picked":"Electrodynamics","floor":33.0},{"not_picked":["Compile Driver","Ball Lightning"],"picked":"Coolheaded","floor":35.0},{"not_picked":["Turbo","hubris:PowerSurge"],"picked":"Sunder","floor":36.0}],"player_experience":3289560,"relics_obtained":[{"floor":7.0,"key":"Eternal Feather"},{"floor":9.0,"key":"CeramicFish"},{"floor":12.0,"key":"Pen Nib"},{"floor":23.0,"key":"Tiny Chest"},{"floor":26.0,"key":"DataDisk"},{"floor":29.0,"key":"Oddly Smooth Stone"},{"floor":39.0,"key":"Calipers"}],"event_choices":[{"damage_healed":0.0,"max_hp_gain":0.0,"max_hp_loss":0.0,"gold_gain":71.0,"event_name":"Golden Wing","player_choice":"Gained Gold","floor":3.0,"gold_loss":0.0,"damage_taken":0.0},{"damage_healed":0.0,"max_hp_gain":0.0,"max_hp_loss":0.0,"gold_gain":0.0,"event_name":"Scrap Ooze","player_choice":"Success","floor":11.0,"gold_loss":0.0,"damage_taken":18.0,"relics_obtained":["Potion Belt"]},{"damage_healed":0.0,"max_hp_gain":5.0,"max_hp_loss":0.0,"gold_gain":0.0,"event_name":"Big Fish","player_choice":"Donut","floor":13.0,"gold_loss":0.0,"damage_taken":0.0},{"damage_healed":0.0,"max_hp_gain":0.0,"max_hp_loss":0.0,"gold_gain":0.0,"cards_transformed":["Strike_B","Defend_B"],"event_name":"Drug Dealer","player_choice":"Became Test Subject","floor":19.0,"gold_loss":0.0,"damage_taken":0.0,"cards_obtained":["Stack","Rainbow"]},{"damage_healed":0.0,"max_hp_gain":0.0,"max_hp_loss":0.0,"gold_gain":0.0,"event_name":"Ghosts","player_choice":"Ignored","floor":20.0,"gold_loss":0.0,"damage_taken":0.0},{"damage_healed":0.0,"max_hp_gain":0.0,"max_hp_loss":0.0,"gold_gain":50.0,"event_name":"Nest","player_choice":"Stole From Cult","floor":21.0,"gold_loss":0.0,"damage_taken":0.0},{"damage_healed":0.0,"max_hp_gain":0.0,"max_hp_loss":0.0,"gold_gain":0.0,"event_name":"Addict","player_choice":"Obtained Relic","floor":22.0,"gold_loss":85.0,"damage_taken":0.0,"relics_obtained":["hubris:SlimyHat"]}],"is_beta":false,"boss_relics":[{"not_picked":["Busted Crown","Black Star"],"picked":"hubris:ScarierMask"},{"not_picked":["FrozenCore","Nuclear Battery"],"picked":"Inserter"}],"items_purged_floors":[0,25,37],"is_endless":false,"potions_floor_spawned":[2,12,16,18,23,29],"killed_by":"Writhing Mass","ascension_level":16}}