{"host":"a49aoqbkajnlmy9c","time":1611048310,"event":{"mods":["100% Spire Juice","2.2 Compatiblity","AchievementEnabler","Act Like it!","AlwaysNeverKeys","Arknights The Spire","BaseMod","Better Match","BetterRewards","Block Reminder","Colored Map","Colored Powertips","Downfall","Emptier Cage","Friendly Minions","Gensokyo","GifTheSpireLib","Gremlin Skip","Halation","HololiveMod","Hubris","Hyrulean Relics","Infinite Spire","Ironclad Rager","Minty Spire (QoL Compilation)","Prisma Mod","Quarter Circle Forward PUNCH!","Quick Restart","Random Character Button","Relic Filter","Reorder Act Four","StSLib","The Alterego","The Animator","Transform Curses","Treasure Hunter","Unceasing Turn Reminder","Useless Jewels Mod","Virulent Crown","Waifu the Spire","WarShipGirlsR/????R mod","Yakumo Yukari mod"],"gold_per_floor":[99,113,145,158,138,153,153,78,97,115,149,149,174,198,216,326,326,326,354,354,279,77,98,121,121,121,121],"floor_reached":25,"language":"ENG","playtime":1758,"items_purged":["Pain"],"score":240,"play_id":"739032e2-c29b-4ee9-bc8f-fa67c07a89e0","local_time":"20210119042510","is_ascension_mode":false,"campfire_choices":[{"data":"hexamod:Float","floor":1,"key":"SMITH"},{"data":"hexamod:FastForward","floor":18,"key":"SMITH"}],"circlet_count":0,"master_deck":["hexamod:Strike","hexamod:Strike","hexamod:Strike","hexamod:Strike","hexamod:Defend","hexamod:Defend","hexamod:Defend","hexamod:Defend","hexamod:Sear","hexamod:Float+1","hexamod:FastForward+1","hexamod:DynamicBlow","hexamod:ChargedBarrage","hexamod:Hexaguard","hexamod:SwordOfDarkness","hexamod:UnleashSpirits","hexamod:Incineration","Blind+1","hexamod:DynamicBlow","hexamod:ThermalTransfer","hexamod:SecondSeal","hexamod:NightmareStrike","hexamod:Again","hexamod:HeatCrush","hexamod:FifthSeal","hexamod:ThermalTransfer","hexamod:ExtraCrispy+1","hexamod:EmpoweredFlame","hexamod:FourthSeal","hexamod:ThirdSeal","hexamod:PhantomFireball+1"],"relics":["hexamod:SpiritBrand","Potion Belt","qcfpunch:White_Boots","infinitespire:Lucky Rock","Gensokyo:LunaticRedEyes","Black Star","hubris:Icosahedron","Happy Flower"],"acts_visited":["Gensokyo:Gensokyo","Gensokyo:Gensokyoer"],"potions_floor_usage":[25,25],"damage_taken":[{"damage":0,"enemies":"Gensokyo:3_Fairies","floor":2,"turns":5},{"damage":12,"enemies":"Gensokyo:Cirno","floor":3,"turns":6},{"damage":7,"enemies":"Gensokyo:Gryphon","floor":4,"turns":3},{"damage":0,"enemies":"Gensokyo:Python","floor":6,"turns":3},{"damage":0,"enemies":"Gensokyo:Gryphon_and_Rabbit","floor":9,"turns":4},{"damage":0,"enemies":"Gensokyo:LivingMonolith","floor":10,"turns":3},{"damage":0,"enemies":"Gensokyo:Aya","floor":11,"turns":3},{"damage":3,"enemies":"Gensokyo:Python_and_Kodama","floor":13,"turns":3},{"damage":4,"enemies":"Gensokyo:5_Fairies","floor":14,"turns":5},{"damage":2,"enemies":"Gensokyo:Kitsune","floor":15,"turns":2},{"damage":19,"enemies":"IC_STATUS_ARCHETYPE","floor":16,"turns":6},{"damage":36,"enemies":"Gensokyo:3_Dogs","floor":19,"turns":7},{"damage":3,"enemies":"downfall:FleeingMerchant","floor":22,"turns":4},{"damage":23,"enemies":"Gensokyo:2_Gloops","floor":23,"turns":6},{"damage":30,"enemies":"Gensokyo:Swordslinger","floor":25,"turns":2}],"seed_played":"4249883159090406183","potions_obtained":[{"floor":13,"key":"PowerPotion"},{"floor":23,"key":"hexamod:EctoCoolerPotion"},{"floor":23,"key":"BlessingOfTheForge"}],"is_trial":false,"path_per_floor":["R","M","?","M","?","M","T","?","M","M","E","?","M","M","M","B",null,"R","M","?","?","$","M","T","M"],"character_chosen":"THE_SPIRIT","items_purchased":["hexamod:FourthSeal","hexamod:DoubleChargePotion"],"campfire_rested":0,"item_purchase_floors":[22,22],"current_hp_per_floor":[77,77,65,58,58,58,58,58,58,58,58,58,55,51,49,30,77,77,41,41,41,38,15,15,0,0,0],"gold":121,"neow_bonus":"TEN_PERCENT_HP_BONUS","is_daily":false,"chose_seed":false,"campfire_upgraded":2,"win_rate":0.0,"timestamp":1611048310,"path_taken":["R","M","?","M","?","?","T","?","M","?","E","?","M","?","M","BOSS","R","M","?","?","?","M","T","M"],"items_purchased_type":["Card","Potion"],"build_version":"2020-12-22","purchased_purges":1,"victory":false,"max_hp_per_floor":[77,77,77,77,77,77,77,77,77,77,77,77,77,77,77,77,77,77,77,77,77,77,77,77,77,77,77],"card_choices":[{"not_picked":["hexamod:BurningTouch","hexamod:HeatShield"],"picked":"hexamod:FastForward","floor":2},{"not_picked":["hexamod:HauntingEcho","hexamod:Hexaguard"],"picked":"hexamod:DynamicBlow","floor":3},{"not_picked":["TH:TreasureMap","TH:DeckOfManyThings"],"picked":"SKIP","floor":3},{"not_picked":["hexamod:NecessarySacrifice","hexamod:SpectralAdrenaline"],"picked":"hexamod:ChargedBarrage","floor":4},{"not_picked":[],"picked":"hexamod:Hexaguard","floor":5},{"not_picked":[],"picked":"hexamod:SwordOfDarkness","floor":5},{"not_picked":[],"picked":"hexamod:UnleashSpirits","floor":5},{"not_picked":["hexamod:AdvancingGuard","hexamod:DynamicBlow"],"picked":"hexamod:Incineration","floor":6},{"not_picked":["TH:Mimic","TH:ArmorSpikes"],"picked":"SKIP","floor":7},{"not_picked":["Dramatic Entrance+1","Purity+1"],"picked":"Blind+1","floor":8},{"not_picked":["hexamod:NightmareGuise","hexamod:NecessarySacrifice"],"picked":"hexamod:DynamicBlow","floor":9},{"not_picked":["hexamod:NightmareStrike","hexamod:SoulSteal"],"picked":"hexamod:ThermalTransfer","floor":10},{"not_picked":["hexamod:GhostShield","hexamod:NightmareStrike"],"picked":"hexamod:SecondSeal","floor":11},{"not_picked":["TH:EnergyPotion","TH:TreasureMap"],"picked":"SKIP","floor":11},{"not_picked":["hexamod:NightmareGuise","hexamod:GhostLash"],"picked":"hexamod:NightmareStrike","floor":13},{"not_picked":["hexamod:PhantomFireball","hexamod:UnleashSpirits"],"picked":"hexamod:Again","floor":14},{"not_picked":["hexamod:GhostOfSpirePast","hexamod:NightmareStrike"],"picked":"hexamod:HeatCrush","floor":15},{"not_picked":["hexamod:TimeWarp","hexamod:UnleashSpirits"],"picked":"hexamod:FifthSeal","floor":16},{"not_picked":["hexamod:GhostflameBarrier","hexamod:SwordOfDarkness"],"picked":"hexamod:ThermalTransfer","floor":19},{"not_picked":["hexamod:Incineration+1","hexamod:HeatShield+1"],"picked":"hexamod:ExtraCrispy+1","floor":21},{"not_picked":["hexamod:HeatMetal","hexamod:ThermalTransfer"],"picked":"hexamod:EmpoweredFlame","floor":22},{"not_picked":["hexamod:SecondSeal","hexamod:FourthSeal"],"picked":"hexamod:ThirdSeal","floor":23},{"not_picked":["hexamod:ThermalTransfer","hexamod:BacktrackSmack"],"picked":"hexamod:PhantomFireball+1","floor":23},{"not_picked":["TH:CursedSword","TH:ArmorSpikes"],"picked":"SKIP","floor":24}],"player_experience":499913,"relics_obtained":[{"floor":3,"key":"Potion Belt"},{"floor":7,"key":"qcfpunch:White_Boots"},{"floor":11,"key":"infinitespire:Lucky Rock"},{"floor":24,"key":"Happy Flower"}],"event_choices":[{"damage_healed":0,"gold_gain":0,"player_choice":"2","damage_taken":0,"max_hp_gain":0,"max_hp_loss":0,"event_name":"betterMatch:BetterMatch","floor":8,"gold_loss":0,"cards_obtained":["betterMatch:ColorlessUncommonCard"]},{"damage_healed":0,"gold_gain":0,"player_choice":"2","damage_taken":0,"max_hp_gain":0,"max_hp_loss":0,"event_name":"betterMatch:BetterMatch","floor":21,"gold_loss":0,"cards_obtained":["betterMatch:UncommonCard"]}],"is_beta":false,"boss_relics":[{"not_picked":["Fusion Hammer","Hololive_Finger"],"picked":"Black Star"}],"items_purged_floors":[22],"is_endless":false,"potions_floor_spawned":[3,4,10,13,23],"killed_by":"Gensokyo:Swordslinger","ascension_level":0}}