{"host":"y1ddfcy74k2q25dd","time":1611022869,"event":{"mods":["BaseMod","BetterRewards","Minty Spire (QoL Compilation)","Quick Restart","StSLib","noobMod"],"gold_per_floor":[119,131,159,184,196,241,264,306,392,404,491,503,543,136,136,236,236,250,261,168,218,234,268,279,306,306,332,332,367,367,386,386,490,490,506,519,533,583,656,689,225,245,245,257,282,5,17,64,64,164,164,183,201,201,280,300,338,354,368,395,418,432,455,78,119,119,240,240,258,279,279,300,315,340,340,381,424,148,187,187,228,241,241,366,366,384,606,631,631,647,690,690,734,769,784,784,784,103,118,118,244,244,262,262,262,281,300,300,313,313,346,360,383,383,383,383,383,504,504,538,852,812,833,854,895,895,810,854,867,888,242,287,307,307,437,509,524,542,182,196,219,219,243,243],"floor_reached":143,"language":"ZHS","playtime":11126,"items_purged":[],"score":4415,"play_id":"6bc417b8-7c8d-4ad0-8d83-9a53e2b3692f","local_time":"20210119102109","daily_mods":["Draft","Vintage"],"is_ascension_mode":true,"campfire_choices":[{"data":"Armaments","floor":10.0,"key":"SMITH"},{"floor":15.0,"key":"REST"},{"floor":30.0,"key":"REST"},{"data":"Metallicize","floor":32.0,"key":"SMITH"},{"data":"True Grit","floor":49.0,"key":"SMITH"},{"data":"Dark Embrace","floor":66.0,"key":"SMITH"},{"data":"Searing Blow+1","floor":75.0,"key":"PURGE"},{"data":"Twin Strike","floor":80.0,"key":"PURGE"},{"data":"Demon Form+1","floor":83.0,"key":"PURGE"},{"data":"Flame Barrier+1","floor":92.0,"key":"PURGE"},{"data":"Barricade+1","floor":100.0,"key":"PURGE"},{"data":"Anger","floor":108.0,"key":"PURGE"},{"data":"Armaments+1","floor":110.0,"key":"PURGE"},{"data":"Finesse+1","floor":115.0,"key":"PURGE"},{"data":"Iron Wave","floor":117.0,"key":"PURGE"},{"data":"Second Wind+1","floor":126.0,"key":"PURGE"},{"data":"1","floor":134,"key":"LIFT"}],"circlet_count":3,"master_deck":["Anger+1","Feel No Pain+1","Rampage+1","Iron Wave","Iron Wave+1","Shrug It Off+1","Flex+1","Feel No Pain+1","Rage+1","True Grit+1","Sentinel+1","Sentinel+1","Barricade+1","Metallicize+1","Havoc+1","Feed+1","Blind+1","Entrench+1","Double Tap+1","Body Slam+1","Havoc+1","Dark Embrace+1","Madness+1","Iron Wave+1","Warcry+1","Havoc+1","Warcry+1","Sentinel+1","Berserk+1","Shrug It Off+1","Feed+1","Bloodletting+1","Exhume+1","Intimidate+1","Ghostly+1","Ghostly+1","Ghostly+1","Ghostly+1","Ghostly+1","Thunderclap+1","Metallicize+1"],"relics":["Unceasing Top","ice","MawBank","Peace Pipe","Red Skull","Toxic Egg 2","Boot","InkBottle","Bottled Flame","Eternal Feather","Prayer Wheel","Busted Crown","Tiny Chest","Strawberry","Art of War","Blood Vial","Bronze Scales","Regal Pillow","Bottled Tornado","Oddly Smooth Stone","Mercury Hourglass","The Courier","Sozu","Self Forming Clay","Juzu Bracelet","Pantograph","TungstenRod","Gremlin Horn","Pen Nib","TheAbacus","StrikeDummy","Singing Bowl","Meat on the Bone","Bag of Marbles","Ginger","Molten Egg 2","Omamori","Charon\u0027s Ashes","Coffee Dripper","ice","Frozen Egg 2","PreservedInsect","Golden Idol","Smiling Mask","Nunchaku","Bottled Lightning","Potion Belt","Ancient Tea Set","Turnip","Anchor","MealTicket","Du-Vu Doll","Toolbox","Fusion Hammer","Matryoshka","Darkstone Periapt","Thread and Needle","Dream Catcher","Letter Opener","ClockworkSouvenir","War Paint","Red Mask","Paper Frog","Black Star","Vajra","Toy Ornithopter","Centennial Puzzle","Blue Candle","Medical Kit","Orichalcum","Happy Flower","Lantern","Bag of Preparation","Kunai","Calling Bell","Ornamental Fan","Mummified Hand","Dead Branch","ice","Whetstone","Sundial","Akabeko","White Beast Statue","Question Card","HornCleat","Pear","SlaversCollar","Shuriken","Old Coin","CaptainsWheel","Torii","CeramicFish","Magic Flower","WingedGreaves","Calipers","Girya","OrangePellets","Lizard Tail","Tiny House","FossilizedHelix","Pocketwatch","Membership Card","Champion Belt","Ice Cream","Circlet"],"acts_visited":["Exordium","TheCity","TheBeyond","Exordium","TheCity","TheBeyond","Exordium","TheCity","TheBeyond"],"potions_floor_usage":[],"damage_taken":[{"damage":0.0,"enemies":"2 Louse","floor":1.0,"turns":3.0},{"damage":0.0,"enemies":"Cultist","floor":3.0,"turns":4.0},{"damage":1.0,"enemies":"Jaw Worm","floor":4.0,"turns":3.0},{"damage":10.0,"enemies":"3 Sentries","floor":6.0,"turns":8.0},{"damage":14.0,"enemies":"Lots of Slimes","floor":7.0,"turns":5.0},{"damage":1.0,"enemies":"Lagavulin","floor":8.0,"turns":7.0},{"damage":32.0,"enemies":"Gremlin Nob","floor":13.0,"turns":5.0},{"damage":4.0,"enemies":"Slime Boss","floor":16.0,"turns":7.0},{"damage":2.0,"enemies":"Shell Parasite","floor":18.0,"turns":5.0},{"damage":8.0,"enemies":"2 Thieves","floor":19.0,"turns":4.0},{"damage":4.0,"enemies":"Snake Plant","floor":22.0,"turns":6.0},{"damage":0.0,"enemies":"Book of Stabbing","floor":23.0,"turns":7.0},{"damage":16.0,"enemies":"Shelled Parasite and Fungi","floor":24.0,"turns":6.0},{"damage":59.0,"enemies":"Slavers","floor":27.0,"turns":7.0},{"damage":0.0,"enemies":"Gremlin Leader","floor":29.0,"turns":7.0},{"damage":6.0,"enemies":"Snecko","floor":31.0,"turns":9.0},{"damage":30.0,"enemies":"Collector","floor":33.0,"turns":10.0},{"damage":0.0,"enemies":"3 Darklings","floor":35.0,"turns":5.0},{"damage":0.0,"enemies":"Orb Walker","floor":36.0,"turns":4.0},{"damage":26.0,"enemies":"3 Darklings","floor":37.0,"turns":7.0},{"damage":0.0,"enemies":"Mind Bloom Boss Battle","floor":38.0,"turns":7.0},{"damage":8.0,"enemies":"Giant Head","floor":40.0,"turns":7.0},{"damage":0.0,"enemies":"Transient","floor":42.0,"turns":5.0},{"damage":9.0,"enemies":"4 Shapes","floor":44.0,"turns":5.0},{"damage":0.0,"enemies":"Reptomancer","floor":45.0,"turns":1.0},{"damage":0.0,"enemies":"Jaw Worm Horde","floor":47.0,"turns":3.0},{"damage":11.0,"enemies":"2 Orb Walkers","floor":48.0,"turns":6.0},{"damage":28.0,"enemies":"Time Eater","floor":50.0,"turns":8.0},{"damage":0.0,"enemies":"2 Louse","floor":52.0,"turns":1.0},{"damage":0.0,"enemies":"Cultist","floor":53.0,"turns":3.0},{"damage":0.0,"enemies":"Gremlin Nob","floor":55.0,"turns":2.0},{"damage":0.0,"enemies":"Jaw Worm","floor":56.0,"turns":2.0},{"damage":10.0,"enemies":"Lagavulin","floor":57.0,"turns":4.0},{"damage":0.0,"enemies":"Gremlin Gang","floor":58.0,"turns":1.0},{"damage":0.0,"enemies":"2 Fungi Beasts","floor":59.0,"turns":1.0},{"damage":9.0,"enemies":"Exordium Wildlife","floor":61.0,"turns":2.0},{"damage":0.0,"enemies":"3 Louse","floor":62.0,"turns":2.0},{"damage":0.0,"enemies":"Blue Slaver","floor":63.0,"turns":2.0},{"damage":0.0,"enemies":"Gremlin Nob","floor":65.0,"turns":2.0},{"damage":0.0,"enemies":"Slime Boss","floor":67.0,"turns":3.0},{"damage":0.0,"enemies":"3 Byrds","floor":69.0,"turns":1.0},{"damage":0.0,"enemies":"Chosen","floor":70.0,"turns":1.0},{"damage":0.0,"enemies":"Sentry and Sphere","floor":72.0,"turns":3.0},{"damage":0.0,"enemies":"Centurion and Healer","floor":73.0,"turns":2.0},{"damage":0.0,"enemies":"Snake Plant","floor":74.0,"turns":3.0},{"damage":0.0,"enemies":"Gremlin Leader","floor":76.0,"turns":1.0},{"damage":0.0,"enemies":"Book of Stabbing","floor":77.0,"turns":2.0},{"damage":0.0,"enemies":"Masked Bandits","floor":79.0,"turns":2.0},{"damage":0.0,"enemies":"Gremlin Leader","floor":81.0,"turns":2.0},{"damage":0.0,"enemies":"Chosen and Byrds","floor":82.0,"turns":2.0},{"damage":0.0,"enemies":"Automaton","floor":84.0,"turns":5.0},{"damage":0.0,"enemies":"3 Darklings","floor":86.0,"turns":2.0},{"damage":0.0,"enemies":"Orb Walker","floor":88.0,"turns":3.0},{"damage":0.0,"enemies":"Transient","floor":90.0,"turns":4.0},{"damage":0.0,"enemies":"Reptomancer","floor":91.0,"turns":2.0},{"damage":0.0,"enemies":"Giant Head","floor":93.0,"turns":3.0},{"damage":0.0,"enemies":"Nemesis","floor":94.0,"turns":3.0},{"damage":0.0,"enemies":"Maw","floor":95.0,"turns":3.0},{"damage":0.0,"enemies":"4 Shapes","floor":99.0,"turns":2.0},{"damage":0.0,"enemies":"Donu and Deca","floor":101.0,"turns":4.0},{"damage":1.0,"enemies":"Jaw Worm","floor":103.0,"turns":1.0},{"damage":0.0,"enemies":"Cultist","floor":106.0,"turns":2.0},{"damage":0.0,"enemies":"2 Louse","floor":107.0,"turns":1.0},{"damage":0.0,"enemies":"2 Fungi Beasts","floor":109.0,"turns":1.0},{"damage":0.0,"enemies":"3 Sentries","floor":111.0,"turns":2.0},{"damage":0.0,"enemies":"Large Slime","floor":112.0,"turns":1.0},{"damage":0.0,"enemies":"3 Louse","floor":113.0,"turns":1.0},{"damage":81.0,"enemies":"Hexaghost","floor":118.0,"turns":4.0},{"damage":0.0,"enemies":"3 Byrds","floor":120.0,"turns":1.0},{"damage":0.0,"enemies":"2 Thieves","floor":121.0,"turns":1.0},{"damage":0.0,"enemies":"Sentry and Sphere","floor":123.0,"turns":1.0},{"damage":0.0,"enemies":"Centurion and Healer","floor":124.0,"turns":1.0},{"damage":0.0,"enemies":"Slavers","floor":125.0,"turns":1.0},{"damage":0.0,"enemies":"Book of Stabbing","floor":128.0,"turns":1.0},{"damage":2.0,"enemies":"Snecko","floor":129.0,"turns":2.0},{"damage":0.0,"enemies":"3 Cultists","floor":130.0,"turns":2.0},{"damage":0,"enemies":"Shelled Parasite and Fungi","floor":133,"turns":2},{"damage":0,"enemies":"Automaton","floor":135,"turns":5},{"damage":0,"enemies":"3 Shapes","floor":137,"turns":1},{"damage":0,"enemies":"Orb Walker","floor":138,"turns":2},{"damage":0,"enemies":"3 Darklings","floor":140,"turns":2},{"damage":0,"enemies":"Transient","floor":141,"turns":4},{"damage":0,"enemies":"Jaw Worm Horde","floor":143,"turns":2}],"seed_played":"-8544454737317243161","potions_obtained":[{"floor":3.0,"key":"Strength Potion"},{"floor":4.0,"key":"SpeedPotion"},{"floor":6.0,"key":"ElixirPotion"},{"floor":8.0,"key":"Block Potion"},{"floor":16.0,"key":"EntropicBrew"},{"floor":18.0,"key":"Strength Potion"},{"floor":22.0,"key":"GamblersBrew"},{"floor":23.0,"key":"Regen Potion"},{"floor":31.0,"key":"ElixirPotion"},{"floor":33.0,"key":"DistilledChaos"}],"is_trial":true,"path_per_floor":["M","?","M","M","?","E","M","E","T","R","?","$","E","$","R","B",null,"M","M","$","?","M","E","M","T","T","E","?","E","R","M","R","B",null,"M","M","M","?","T","E","$","M","T","M","E","$","M","?","R","B",null,"M","M","?","?","M","E","M","M","T","M","M","M","$","E","R","B",null,"M","M","?","M","M","M","R","E","E","$","?","R","E","M","R","B",null,"M","?","M","?","M","E","R","E","E","M","?","?","$","M","R","B",null,"M","?","?","M","M","R","M","R","E","M","M","?","R","?","R","B",null,"M","M","?","M","M","E","R","?","E","M","M","$","?","M","R","B",null,"M","M","$","M","M","?","M"],"character_chosen":"IRONCLAD","items_purchased":["Metallicize","Prayer Wheel","Havoc+1","Blind+1","TheAbacus","StrikeDummy","Havoc+1","Second Wind+1","Dark Embrace","Molten Egg 2","Madness+1","Du-Vu Doll","Havoc+1","Toolbox","ClockworkSouvenir","Warcry+1","War Paint","Medical Kit","Orichalcum","Happy Flower","Lantern","Bag of Preparation","Finesse+1","Calipers","Girya","OrangePellets","Intimidate+1","Membership Card","Champion Belt","Ice Cream","Metallicize+1"],"campfire_rested":2,"item_purchase_floors":[14,14,14,20,41,41,41,41,41,46,46,64,64,64,78,78,78,98,98,98,98,98,98,131,131,131,131,139,139,139,139],"current_hp_per_floor":[80,80,80,79,79,69,55,54,54,54,43,43,11,11,47,43,80,81,80,80,80,76,76,78,78,78,21,21,38,93,88,94,64,94,94,94,68,97,97,89,89,91,91,84,88,88,93,84,102,76,104,107,107,82,84,86,78,80,82,82,75,77,79,94,101,112,112,112,112,112,112,112,112,112,112,114,116,116,118,118,118,121,121,121,121,121,121,121,121,121,123,123,123,123,123,123,125,125,125,125,127,127,126,127,127,127,127,127,131,131,133,133,133,107,125,121,139,74,143,147,151,151,151,151,151,151,151,155,153,159,159,79,83,83,89,94,94,94,94,94,94,89,93,93],"gold":243,"neow_bonus":"","is_daily":false,"chose_seed":false,"campfire_upgraded":4,"win_rate":0.0,"timestamp":1611022869,"path_taken":["M","?","?","M","?","E","M","E","T","R","?","?","E","$","R","BOSS","M","?","$","?","?","E","M","?","T","E","?","E","R","M","R","BOSS","M","?","M","?","?","E","$","M","T","M","E","$","M","?","R","BOSS","M","M","?","?","M","E","M","M","T","M","M","M","$","E","R","BOSS","M","M","?","M","M","M","R","E","E","$","?","R","E","M","R","BOSS","M","?","M","?","M","E","R","E","E","M","?","?","$","M","R","BOSS","M","?","?","M","M","R","M","R","E","M","M","?","R","?","R","BOSS","M","M","?","M","M","E","R","?","E","M","M","$","?","M","R","BOSS","M","M","$","M","M","?","M"],"items_purchased_type":["Card","Relic","Card","Card","Relic","Relic","Card","Card","Card","Relic","Card","Relic","Card","Relic","Relic","Card","Relic","Relic","Relic","Relic","Relic","Relic","Card","Relic","Relic","Relic","Card","Relic","Relic","Relic","Card"],"build_version":"2020-12-22","purchased_purges":0,"victory":false,"max_hp_per_floor":[80,80,80,80,80,80,80,80,80,80,80,80,80,80,80,80,80,83,90,90,90,90,90,94,94,94,94,94,94,94,94,94,94,94,94,94,94,97,97,97,97,97,97,97,99,99,102,102,102,104,104,107,107,107,107,107,107,107,107,107,107,107,107,107,112,112,112,112,112,112,112,112,112,112,112,114,116,116,118,118,118,121,121,121,121,121,121,121,121,121,123,123,123,123,123,123,125,125,125,125,127,127,127,127,127,127,127,127,131,131,133,133,133,133,133,143,143,143,143,147,151,151,151,151,151,151,151,155,155,159,159,79,83,83,89,94,94,94,94,94,94,89,93,93],"card_choices":[{"not_picked":["Warcry","Wild Strike"],"picked":"Anger","floor":0.0},{"not_picked":["Flame Barrier","Power Through"],"picked":"Feel No Pain","floor":0.0},{"not_picked":["Shrug It Off","Heavy Blade"],"picked":"Anger","floor":0.0},{"not_picked":["Carnage","Perfected Strike"],"picked":"Armaments","floor":0.0},{"not_picked":["Rage","Infernal Blade"],"picked":"Flame Barrier","floor":0.0},{"not_picked":["Blood for Blood","Intimidate"],"picked":"Rampage","floor":0.0},{"not_picked":["Body Slam","Clash"],"picked":"Iron Wave","floor":0.0},{"not_picked":["Flame Barrier","Anger"],"picked":"Iron Wave","floor":0.0},{"not_picked":["Wild Strike","Twin Strike"],"picked":"Shrug It Off","floor":0.0},{"not_picked":["Dark Embrace","Twin Strike"],"picked":"Iron Wave","floor":0.0},{"not_picked":["Combust","Armaments"],"picked":"Flex","floor":0.0},{"not_picked":["Rage","Power Through"],"picked":"Flex","floor":0.0},{"not_picked":["Flex","Clash"],"picked":"Feel No Pain","floor":0.0},{"not_picked":["Anger","Wild Strike"],"picked":"Rage","floor":0.0},{"not_picked":["Pummel","Flex"],"picked":"True Grit","floor":0.0},{"not_picked":["Pommel Strike","Shrug It Off+1"],"picked":"Sentinel+1","floor":6.0},{"not_picked":["Body Slam","Perfected Strike"],"picked":"Sentinel+1","floor":8.0},{"not_picked":["Thunderclap","Spot Weakness+1"],"picked":"Barricade","floor":13.0},{"not_picked":["Brutality","Double Tap+1"],"picked":"Feed","floor":16.0},{"not_picked":["Clash"],"picked":"SKIP","floor":23.0},{"not_picked":[],"picked":"Entrench+1","floor":27.0},{"not_picked":["Battle Trance+1"],"picked":"SKIP","floor":29.0},{"not_picked":[],"picked":"Double Tap+1","floor":33.0},{"not_picked":[],"picked":"Twin Strike","floor":38.0},{"not_picked":[],"picked":"Body Slam+1","floor":40.0},{"not_picked":["Twin Strike"],"picked":"Singing Bowl","floor":45.0},{"not_picked":[],"picked":"Iron Wave+1","floor":48.0},{"not_picked":["Corruption"],"picked":"Singing Bowl","floor":50.0},{"not_picked":[],"picked":"Searing Blow+1","floor":55.0},{"not_picked":[],"picked":"Warcry+1","floor":57.0},{"not_picked":["Body Slam+1"],"picked":"Singing Bowl","floor":65.0},{"not_picked":[],"picked":"Demon Form+1","floor":67.0},{"not_picked":["Wild Strike+1"],"picked":"Singing Bowl","floor":76.0},{"not_picked":["Dropkick+1"],"picked":"Singing Bowl","floor":77.0},{"not_picked":["Battle Trance+1"],"picked":"Singing Bowl","floor":79.0},{"not_picked":[],"picked":"Sentinel+1","floor":81.0},{"not_picked":[],"picked":"Berserk+1","floor":84.0},{"not_picked":["Flex+1"],"picked":"Singing Bowl","floor":91.0},{"not_picked":[],"picked":"Shrug It Off+1","floor":93.0},{"not_picked":[],"picked":"Barricade+1","floor":94.0},{"not_picked":["Dark Shackles+1"],"picked":"Singing Bowl","floor":97.0},{"not_picked":["Limit Break+1"],"picked":"Singing Bowl","floor":101.0},{"not_picked":["Demon Form+1"],"picked":"Singing Bowl","floor":111.0},{"not_picked":["Bludgeon+1"],"picked":"Feed+1","floor":118.0},{"not_picked":["Hemokinesis+1"],"picked":"Bloodletting+1","floor":125.0},{"not_picked":["Clash+1"],"picked":"Exhume+1","floor":128.0},{"not_picked":["Demon Form+1","Corruption+1"],"picked":"Singing Bowl","floor":135},{"not_picked":["Shockwave+1"],"picked":"Thunderclap+1","floor":136}],"player_experience":9071,"relics_obtained":[{"floor":1.0,"key":"MawBank"},{"floor":3.0,"key":"Peace Pipe"},{"floor":4.0,"key":"Red Skull"},{"floor":6.0,"key":"Toxic Egg 2"},{"floor":7.0,"key":"Boot"},{"floor":8.0,"key":"InkBottle"},{"floor":9.0,"key":"Bottled Flame"},{"floor":13.0,"key":"Eternal Feather"},{"floor":18.0,"key":"Tiny Chest"},{"floor":19.0,"key":"Strawberry"},{"floor":22.0,"key":"Art of War"},{"floor":23.0,"key":"Blood Vial"},{"floor":24.0,"key":"Bronze Scales"},{"floor":25.0,"key":"Regal Pillow"},{"floor":26.0,"key":"Bottled Tornado"},{"floor":27.0,"key":"Oddly Smooth Stone"},{"floor":29.0,"key":"Mercury Hourglass"},{"floor":31.0,"key":"The Courier"},{"floor":35.0,"key":"Self Forming Clay"},{"floor":36.0,"key":"Juzu Bracelet"},{"floor":37.0,"key":"Pantograph"},{"floor":38.0,"key":"TungstenRod"},{"floor":39.0,"key":"Gremlin Horn"},{"floor":40.0,"key":"Pen Nib"},{"floor":42.0,"key":"Singing Bowl"},{"floor":43.0,"key":"Meat on the Bone"},{"floor":44.0,"key":"Bag of Marbles"},{"floor":45.0,"key":"Ginger"},{"floor":47.0,"key":"Omamori"},{"floor":48.0,"key":"Charon\u0027s Ashes"},{"floor":52.0,"key":"Frozen Egg 2"},{"floor":53.0,"key":"PreservedInsect"},{"floor":56.0,"key":"Nunchaku"},{"floor":58.0,"key":"Bottled Lightning"},{"floor":59.0,"key":"Potion Belt"},{"floor":60.0,"key":"Ancient Tea Set"},{"floor":61.0,"key":"Turnip"},{"floor":62.0,"key":"Anchor"},{"floor":63.0,"key":"MealTicket"},{"floor":69.0,"key":"Matryoshka"},{"floor":70.0,"key":"Darkstone Periapt"},{"floor":72.0,"key":"Thread and Needle"},{"floor":73.0,"key":"Dream Catcher"},{"floor":74.0,"key":"Letter Opener"},{"floor":79.0,"key":"Red Mask"},{"floor":82.0,"key":"Paper Frog"},{"floor":86.0,"key":"Vajra"},{"floor":88.0,"key":"Toy Ornithopter"},{"floor":90.0,"key":"Centennial Puzzle"},{"floor":95.0,"key":"Blue Candle"},{"floor":99.0,"key":"Kunai"},{"floor":102.0,"key":"Ornamental Fan"},{"floor":102.0,"key":"Mummified Hand"},{"floor":102.0,"key":"Dead Branch"},{"floor":103.0,"key":"Whetstone"},{"floor":106.0,"key":"Sundial"},{"floor":107.0,"key":"Akabeko"},{"floor":109.0,"key":"White Beast Statue"},{"floor":112.0,"key":"Question Card"},{"floor":113.0,"key":"HornCleat"},{"floor":120.0,"key":"Shuriken"},{"floor":121.0,"key":"Old Coin"},{"floor":123.0,"key":"CaptainsWheel"},{"floor":124.0,"key":"Torii"},{"floor":129.0,"key":"Magic Flower"},{"floor":130.0,"key":"WingedGreaves"},{"floor":133,"key":"Lizard Tail"},{"floor":137,"key":"FossilizedHelix"},{"floor":138,"key":"Pocketwatch"},{"floor":140,"key":"Circlet"},{"floor":141,"key":"Circlet"},{"floor":143,"key":"Circlet"}],"event_choices":[{"damage_healed":0.0,"max_hp_gain":0.0,"max_hp_loss":0.0,"gold_gain":0.0,"event_name":"Purifier","player_choice":"Ignored","floor":2.0,"gold_loss":0.0,"damage_taken":0.0},{"damage_healed":0.0,"max_hp_gain":0.0,"max_hp_loss":0.0,"gold_gain":0.0,"event_name":"Liars Game","player_choice":"Ignored","floor":5.0,"gold_loss":0.0,"damage_taken":0.0},{"damage_healed":0.0,"max_hp_gain":0.0,"max_hp_loss":0.0,"gold_gain":75.0,"event_name":"World of Goop","player_choice":"Gather Gold","floor":11.0,"gold_loss":0.0,"damage_taken":11.0},{"damage_healed":0.0,"max_hp_gain":0.0,"max_hp_loss":0.0,"gold_gain":100.0,"event_name":"The Joust","player_choice":"Bet on Murderer","floor":21.0,"gold_loss":50.0,"damage_taken":0.0},{"damage_healed":0.0,"max_hp_gain":0.0,"max_hp_loss":0.0,"gold_gain":0.0,"event_name":"Upgrade Shrine","player_choice":"Upgraded","floor":28.0,"gold_loss":0.0,"damage_taken":0.0,"cards_upgraded":["Barricade"]},{"damage_healed":0.0,"max_hp_gain":0.0,"max_hp_loss":0.0,"gold_gain":0.0,"event_name":"MindBloom","player_choice":"Fight","floor":38.0,"gold_loss":0.0,"damage_taken":0.0},{"damage_healed":0.0,"max_hp_gain":0.0,"max_hp_loss":0.0,"gold_gain":0.0,"event_name":"Mysterious Sphere","player_choice":"Fight","floor":48.0,"gold_loss":0.0,"damage_taken":0.0},{"damage_healed":0.0,"max_hp_gain":0.0,"max_hp_loss":0.0,"gold_gain":0.0,"event_name":"Golden Idol","player_choice":"Take Damage","floor":54.0,"gold_loss":0.0,"damage_taken":26.0,"relics_obtained":["Golden Idol"]},{"damage_healed":0.0,"max_hp_gain":0.0,"max_hp_loss":0.0,"gold_gain":0.0,"event_name":"Dead Adventurer","player_choice":"Searched \u00272\u0027 times","floor":55.0,"gold_loss":0.0,"damage_taken":0.0,"relics_obtained":["Smiling Mask"]},{"damage_healed":0.0,"max_hp_gain":0.0,"max_hp_loss":0.0,"gold_gain":0.0,"event_name":"Ghosts","player_choice":"Ignored","floor":71.0,"gold_loss":0.0,"damage_taken":0.0},{"damage_healed":0.0,"max_hp_gain":0.0,"max_hp_loss":0.0,"gold_gain":0.0,"event_name":"Masked Bandits","player_choice":"Fought Bandits","floor":79.0,"gold_loss":0.0,"damage_taken":0.0},{"damage_healed":0.0,"max_hp_gain":0.0,"max_hp_loss":0.0,"gold_gain":222.0,"event_name":"Tomb of Lord Red Mask","player_choice":"Wore Mask","floor":87.0,"gold_loss":0.0,"damage_taken":0.0},{"damage_healed":0.0,"max_hp_gain":0.0,"max_hp_loss":0.0,"gold_gain":0.0,"event_name":"The Moai Head","player_choice":"Ignored","floor":89.0,"gold_loss":0.0,"damage_taken":0.0},{"damage_healed":31.0,"max_hp_gain":0.0,"max_hp_loss":0.0,"gold_gain":0.0,"event_name":"Winding Halls","player_choice":"Writhe","floor":96.0,"gold_loss":0.0,"damage_taken":0.0,"cards_obtained":["Writhe"]},{"damage_healed":0.0,"max_hp_gain":0.0,"max_hp_loss":0.0,"gold_gain":0.0,"event_name":"SensoryStone","player_choice":"Memory 1","floor":97.0,"gold_loss":0.0,"damage_taken":0.0},{"cards_removed":["Flex"],"damage_healed":5.0,"max_hp_gain":0.0,"max_hp_loss":0.0,"gold_gain":0.0,"event_name":"Bonfire Elementals","player_choice":"Offered Common","floor":104.0,"gold_loss":0.0,"damage_taken":0.0},{"cards_removed":["Flex"],"damage_healed":5.0,"max_hp_gain":0.0,"max_hp_loss":0.0,"gold_gain":0.0,"event_name":"Bonfire Elementals","player_choice":"Offered Special","floor":104.0,"gold_loss":0.0,"damage_taken":0.0},{"damage_healed":0.0,"max_hp_gain":0.0,"max_hp_loss":0.0,"gold_gain":0.0,"event_name":"Upgrade Shrine","player_choice":"Upgraded","floor":105.0,"gold_loss":0.0,"damage_taken":0.0,"cards_upgraded":["Feel No Pain"]},{"damage_healed":0.0,"max_hp_gain":0.0,"max_hp_loss":0.0,"gold_gain":0.0,"event_name":"Shining Light","player_choice":"Entered Light","floor":114.0,"gold_loss":0.0,"damage_taken":27.0,"cards_upgraded":["Iron Wave","Shrug It Off"]},{"damage_healed":0.0,"max_hp_gain":0.0,"max_hp_loss":0.0,"gold_gain":0.0,"event_name":"Scrap Ooze","player_choice":"Success","floor":116.0,"gold_loss":0.0,"damage_taken":18.0,"relics_obtained":["Pear"]},{"damage_healed":0.0,"max_hp_gain":0.0,"max_hp_loss":0.0,"gold_gain":0.0,"event_name":"Designer","player_choice":"Upgraded Two","floor":122.0,"gold_loss":40.0,"damage_taken":0.0,"cards_upgraded":["Rage","Feel No Pain"]},{"damage_healed":0.0,"max_hp_gain":0.0,"max_hp_loss":0.0,"gold_gain":0.0,"event_name":"Addict","player_choice":"Obtained Relic","floor":127.0,"gold_loss":85.0,"damage_taken":0.0,"relics_obtained":["CeramicFish"]},{"damage_healed":0.0,"max_hp_gain":0.0,"max_hp_loss":80.0,"gold_gain":0.0,"event_name":"Ghosts","player_choice":"Became a Ghost","floor":132.0,"gold_loss":0.0,"damage_taken":0.0,"cards_obtained":["Ghostly","Ghostly","Ghostly","Ghostly","Ghostly"]},{"damage_healed":0,"gold_gain":0,"player_choice":"Max HP","damage_taken":0,"max_hp_gain":0,"max_hp_loss":5,"event_name":"Winding Halls","floor":142,"gold_loss":0}],"is_beta":false,"boss_relics":[{"not_picked":["SacredBark","Astrolabe"],"picked":"Busted Crown"},{"not_picked":["Snecko Eye","Mark of Pain"],"picked":"Sozu"},{"not_picked":["Velvet Choker","SlaversCollar"],"picked":"Coffee Dripper"},{"not_picked":["Cursed Key","Mark of Pain"],"picked":"Fusion Hammer"},{"not_picked":["Tiny House","Snecko Eye"],"picked":"Black Star"},{"not_picked":["Runic Pyramid","Philosopher\u0027s Stone"],"picked":"Calling Bell"},{"not_picked":["Astrolabe","Runic Pyramid"],"picked":"SlaversCollar"},{"not_picked":["Runic Cube","Mark of Pain"],"picked":"Tiny House"}],"items_purged_floors":[],"is_endless":true,"potions_floor_spawned":[3,4,6,8,16,18,22,23,31,33,35,40,47,48,50,55,56,59,62,69,73,79,81,82,86,94,99,103,109,111,112,113,118,120,121,123,124,125,128,129,130,133,135,137,138,140,141,143],"killed_by":"Jaw Worm Horde","ascension_level":1}}