{"host":"6e4d2nejd5141r00","time":1611053317,"event":{"mods":["Act Like it!","BaseMod","Better Synergies","Better Third Choice","BetterRewards","CapriCore","Colored Map","Colored Powertips","GifTheSpireLib","Hallownest","Minty Spire (QoL Compilation)","Pale of the Ancients","Relic Stats","StSLib","The Bug Knight","Wandering Minibosses"],"gold_per_floor":[119,119,119,137,67,67,67,85,166,166,91,91,193,208,208,312,312,338,358,381,381,301,301,315,315,341,368,458,163,183,196,196,196,196],"floor_reached":33,"language":"ENG","playtime":4192,"items_purged":[],"score":257,"play_id":"a362e390-efce-4e53-a411-cf995e284b89","local_time":"20210119114837","is_ascension_mode":false,"campfire_choices":[{"data":"HollowMod:FastStrike","floor":6,"key":"SMITH"},{"data":"HollowMod:DashSlash","floor":10,"key":"SMITH"},{"data":"Hallownest:skillGreenpathMap","floor":15,"key":"SMITH"},{"data":"HollowMod:HuntersJournal","floor":23,"key":"SMITH"},{"data":"HollowMod:SlysStrikes","floor":25,"key":"SMITH"},{"floor":32,"key":"REST"}],"circlet_count":0,"master_deck":["HollowMod:NailStrikeStart","HollowMod:NailStrikeStart","HollowMod:NailStrikeStart","HollowMod:NailStrikeStart","HollowMod:QuickDashStart","HollowMod:QuickDashStart","HollowMod:QuickDashStart","HollowMod:QuickDashStart","HollowMod:FocusHealStart+1","HollowMod:PogoStrike","HollowMod:FastStrike+1","Writhe","HollowMod:HeavyBlow","HollowMod:DashSlash+1","Hallownest:skillGreenpathMap+1","HollowMod:HuntersJournal+1","HollowMod:DoubleDash+1","Hallownest:attackMasterCycloneSlash","Hallownest:skillCityofTearsMap","HollowMod:SlysStrikes+1","HollowMod:GreatSlash"],"relics":["HollowMod:VesselMask","Hallownest:DreamNailRelic","Hallownest:StagBellRelic1","Hallownest:SalubrasBlessingRelic","InkBottle","Philosopher\u0027s Stone","Bag of Preparation","Orichalcum","Prayer Wheel","Turnip"],"acts_visited":["Hallownest:Greenpath","Hallownest:CityofTears"],"potions_floor_usage":[8,8,13,16,18,28,30,33,33],"damage_taken":[{"damage":0,"enemies":"Hallownest:2_Baldur","floor":1,"turns":4},{"damage":0,"enemies":"Hallownest:2_MossCreeps","floor":4,"turns":4},{"damage":0,"enemies":"Hallownest:monsterHuskWarrior","floor":8,"turns":2},{"damage":0,"enemies":"Hallownest:monsterMossCharger","floor":13,"turns":5},{"damage":3,"enemies":"Hallownest:MossCreep_and_Mosskin","floor":14,"turns":4},{"damage":31,"enemies":"Hallownest:BossHornet","floor":16,"turns":12},{"damage":0,"enemies":"Hallownest:3_Youths","floor":18,"turns":6},{"damage":16,"enemies":"Hallownest:2_Mistakes","floor":19,"turns":6},{"damage":3,"enemies":"Hallownest:monsterMisterMushroom","floor":24,"turns":5},{"damage":44,"enemies":"Hallownest:eliteWatcherKnight","floor":27,"turns":12},{"damage":8,"enemies":"Hallownest:Warrior_and_Youth","floor":28,"turns":5},{"damage":13,"enemies":"Hallownest:2_Flukemon","floor":30,"turns":6},{"damage":0,"enemies":"Hallownest:monsterShrumalOgre","floor":31,"turns":3},{"damage":69,"enemies":"Hallownest:BossMantisLord","floor":33,"turns":6}],"seed_played":"8943823369935953586","potions_obtained":[{"floor":1,"key":"EntropicBrew"},{"floor":4,"key":"LiquidMemories"},{"floor":8,"key":"EssenceOfSteel"},{"floor":16,"key":"BlessingOfTheForge"},{"floor":27,"key":"SteroidPotion"},{"floor":28,"key":"SkillPotion"},{"floor":31,"key":"SkillPotion"}],"is_trial":false,"path_per_floor":["M","?","?","M","?","R","?","M","T","R","?","$","M","M","R","B",null,"M","M","T","?","?","R","M","R","T","E","M","$","M","M","R","B"],"character_chosen":"THE_BUGKNIGHT","items_purchased":["Turnip"],"campfire_rested":1,"item_purchase_floors":[29],"current_hp_per_floor":[75,84,84,84,84,84,84,84,84,84,84,84,84,81,81,60,84,84,74,74,74,74,74,71,71,71,33,31,31,28,34,61,0,0],"gold":196,"neow_bonus":"UPGRADE_CARD","is_daily":false,"chose_seed":false,"campfire_upgraded":5,"win_rate":0.0,"timestamp":1611053317,"path_taken":["M","?","?","?","?","R","?","M","T","R","?","?","M","M","R","BOSS","M","M","?","?","?","R","M","R","T","E","?","?","?","M","R","BOSS"],"items_purchased_type":["Relic"],"build_version":"2020-12-22","purchased_purges":0,"victory":false,"max_hp_per_floor":[75,84,84,84,84,84,84,84,84,84,84,84,84,84,84,84,84,84,84,84,84,84,84,84,84,84,84,84,84,84,84,86,86,86],"relic_stats":{"counters":[14,80],"Prayer Wheel":3,"Turnip":[1],"Bag of Preparation":[12],"Orichalcum":[18],"obtain_stats":[{"Hallownest:SalubrasBlessingRelic":7,"Hallownest:StagBellRelic1":5,"HollowMod:VesselMask":0,"Philosopher\u0027s Stone":17,"Prayer Wheel":27,"Turnip":29,"Hallownest:DreamNailRelic":3,"Bag of Preparation":20,"Orichalcum":26,"InkBottle":9},{"Hallownest:SalubrasBlessingRelic":2,"Hallownest:StagBellRelic1":2,"HollowMod:VesselMask":0,"Philosopher\u0027s Stone":6,"Prayer Wheel":10,"Turnip":11,"Hallownest:DreamNailRelic":1,"Bag of Preparation":8,"Orichalcum":9,"InkBottle":3},{"Hallownest:SalubrasBlessingRelic":8,"Hallownest:StagBellRelic1":8,"HollowMod:VesselMask":0,"Philosopher\u0027s Stone":31,"Prayer Wheel":60,"Turnip":65,"Hallownest:DreamNailRelic":4,"Bag of Preparation":43,"Orichalcum":48,"InkBottle":10}],"InkBottle":[22]},"card_choices":[{"not_picked":["HollowMod:LuriensSpire","HollowMod:CornifersMapStart"],"picked":"HollowMod:FastStrike","floor":1},{"not_picked":["HollowMod:DescendingDark","HollowMod:FastStrike"],"picked":"HollowMod:HeavyBlow","floor":4},{"not_picked":["HollowMod:HeavyBlow","HollowMod:SoulSplash"],"picked":"HollowMod:DashSlash","floor":8},{"not_picked":["HollowMod:LifebloodCocoon","HollowMod:SharpenedNail","HollowMod:DungDefenderAura"],"picked":"SKIP","floor":13},{"not_picked":["HollowMod:NewLittleFool","HollowMod:GrimmsGift","HollowMod:LifebloodCocoon"],"picked":"SKIP","floor":14},{"not_picked":["HollowMod:CornifersMapStart+1","HollowMod:MonomonsArchive"],"picked":"HollowMod:HuntersJournal","floor":18},{"not_picked":["HollowMod:FallenFury","HollowMod:NewGlowingWomb+1"],"picked":"HollowMod:DoubleDash+1","floor":19},{"not_picked":["HollowMod:RecoilStrike","HollowMod:TaintedHusks"],"picked":"HollowMod:SlysStrikes","floor":24},{"not_picked":["HollowMod:SoulStrike","HollowMod:DoubleDash","HollowMod:SoulEater+1"],"picked":"SKIP","floor":27},{"not_picked":["HollowMod:GrimmsGift","HollowMod:DashSlash+1","HollowMod:DreamGate"],"picked":"SKIP","floor":28},{"not_picked":["HollowMod:SoulEater","HollowMod:WraithStrike+1","HollowMod:MawleksShell"],"picked":"SKIP","floor":28},{"not_picked":["HollowMod:GrimmsGift","HollowMod:NewJinnsSoul+1","HollowMod:PerfectDash"],"picked":"SKIP","floor":30},{"not_picked":["HollowMod:HowlingWraiths","HollowMod:CloakDash+1","HollowMod:SoulSplash"],"picked":"SKIP","floor":30},{"not_picked":["HollowMod:SharpenedNail","HollowMod:WraithStrike+1"],"picked":"HollowMod:GreatSlash","floor":31},{"not_picked":["HollowMod:PureNailStrike","HollowMod:WraithStrike","HollowMod:DungDefenderAura"],"picked":"SKIP","floor":31}],"player_experience":102195,"relics_obtained":[{"floor":9,"key":"InkBottle"},{"floor":20,"key":"Bag of Preparation"},{"floor":26,"key":"Orichalcum"},{"floor":27,"key":"Prayer Wheel"}],"event_choices":[],"is_beta":false,"boss_relics":[{"not_picked":["HollowMod:VoidIdolRelic","Velvet Choker"],"picked":"Philosopher\u0027s Stone"}],"items_purged_floors":[],"is_endless":false,"potions_floor_spawned":[1,4,8,16,27,28,31],"killed_by":"Hallownest:BossMantisLord","ascension_level":0}}