{"host":"eemx8njkng76fu5x","time":1611072111,"event":{"mods":["2.2 Compatiblity","BaseMod","Downfall","Minty Spire (QoL Compilation)","Permanent Neow","StSLib","Unceasing Turn Reminder","Unknown Chances"],"gold_per_floor":[199,212,228,228,93,126,149,161,183,95,137,49,74,117,141,153,153,153],"floor_reached":16,"language":"ENG","playtime":592,"items_purged":["bronze:Strike"],"score":138,"play_id":"c9cacc38-23ae-4a61-a92d-ea748fe182ce","local_time":"20210120000151","is_ascension_mode":true,"campfire_choices":[{"data":"bronze:Replicate","floor":1.0,"key":"SMITH"},{"floor":10.0,"key":"RECALL"},{"data":"bronze:BronzeOrb","floor":12.0,"key":"SMITH"}],"circlet_count":0,"master_deck":["bronze:Strike","bronze:Strike","bronze:Strike","bronze:Defend","bronze:Defend","bronze:Defend","bronze:Defend","bronze:Replicate+1","bronze:Goto","bronze:CloningBeam","bronze:BronzeOrb","bronze:BronzeOrb+1","bronze:Optimize","bronze:OilSpill","bronze:Backtrace","bronze:WhirlingStrike","bronze:Repair","bronze:GetLatest"],"relics":["bronze:BronzeCore","Peace Pipe","MawBank","downfall:BrokenWingStatue","downfall:HeartBlessingGreen","Potion Belt","downfall:HeartBlessingRed","Eternal Feather"],"acts_visited":["Exordium"],"potions_floor_usage":[16],"damage_taken":[{"damage":1.0,"enemies":"Jaw Worm","floor":2.0,"turns":4.0},{"damage":1.0,"enemies":"Cultist","floor":3.0,"turns":3.0},{"damage":0.0,"enemies":"downfall:FleeingMerchant","floor":5.0,"turns":4.0},{"damage":20.0,"enemies":"3 Sentries","floor":6.0,"turns":8.0},{"damage":0.0,"enemies":"Small Slimes","floor":9.0,"turns":2.0},{"damage":8.0,"enemies":"Gremlin Nob","floor":11.0,"turns":3.0},{"damage":5.0,"enemies":"Exordium Thugs","floor":13.0,"turns":3.0},{"damage":22.0,"enemies":"Lagavulin","floor":14.0,"turns":4.0},{"damage":0.0,"enemies":"2 Fungi Beasts","floor":15.0,"turns":1.0},{"damage":51,"enemies":"IC_STATUS_ARCHETYPE","floor":16,"turns":4}],"seed_played":"-5089997276634863240","potions_obtained":[{"floor":2.0,"key":"ColorlessPotion"},{"floor":3.0,"key":"Guardian:BlockOnCardUsePotion"},{"floor":11.0,"key":"SpeedPotion"},{"floor":14.0,"key":"SteroidPotion"},{"floor":15.0,"key":"SmokeBomb"}],"is_trial":false,"path_per_floor":["R","M","M","?","$","E","T","?","M","R","E","R","M","E","M","B"],"character_chosen":"THE_AUTOMATON","items_purchased":["bronze:OilSpill"],"campfire_rested":0,"item_purchase_floors":[5],"current_hp_per_floor":[70,69,68,68,68,48,48,48,48,48,40,40,35,23,33,0,0,0],"gold":153,"neow_bonus":"HUNDRED_GOLD","is_daily":false,"chose_seed":false,"campfire_upgraded":2,"win_rate":0.0,"timestamp":1611072111,"path_taken":["R","M","M","?","?","E","T","?","M","R","E","R","?","E","M","BOSS"],"items_purchased_type":["Card"],"build_version":"2020-12-22","purchased_purges":1,"victory":false,"max_hp_per_floor":[70,70,70,70,70,70,70,70,70,70,70,70,70,70,70,70,70,70],"card_choices":[{"not_picked":["bronze:Repair","bronze:FollowUp"],"picked":"bronze:CloningBeam","floor":2.0},{"not_picked":["bronze:BugBarrage","bronze:BitShift"],"picked":"bronze:BronzeOrb","floor":3.0},{"not_picked":["bronze:ForceShield","bronze:Branch"],"picked":"bronze:Optimize","floor":5.0},{"not_picked":["bronze:WildBeam","bronze:Iterate"],"picked":"bronze:Backtrace","floor":6.0},{"not_picked":["bronze:Deprecate","bronze:Separator"],"picked":"bronze:WhirlingStrike","floor":9.0},{"not_picked":["bronze:ForLoop","bronze:Turbo","bronze:Iterate"],"picked":"SKIP","floor":11.0},{"not_picked":["bronze:RecursiveStrike","bronze:Return"],"picked":"bronze:Repair","floor":13.0},{"not_picked":["bronze:NullPointer","bronze:BuggyMess","bronze:Overheat"],"picked":"SKIP","floor":14.0},{"not_picked":["bronze:Branch","bronze:CutThrough"],"picked":"bronze:GetLatest","floor":15.0}],"player_experience":499842,"relics_obtained":[{"floor":6.0,"key":"Peace Pipe"},{"floor":7.0,"key":"MawBank"},{"floor":11.0,"key":"Potion Belt"},{"floor":14.0,"key":"Eternal Feather"}],"event_choices":[],"is_beta":false,"boss_relics":[],"items_purged_floors":[5],"is_endless":false,"potions_floor_spawned":[2,3,11,14,15],"killed_by":"IC_STATUS_ARCHETYPE","ascension_level":3}}