{"host":"xnlvqftufi8t6vnl","time":1611094504,"event":{"mods":["BaseMod","Downfall","Minty Spire (QoL Compilation)","StSLib"],"gold_per_floor":[117,130,140,157,176,176,202,202,225,225,225,246,269,283,283,283,283,283],"floor_reached":16,"language":"ENG","playtime":2100,"items_purged":[],"score":106,"play_id":"70beda58-ac08-4b3f-a952-28c8983751bf","local_time":"20210119161504","is_ascension_mode":false,"campfire_choices":[{"data":"bronze:Deprecate","floor":6,"key":"SMITH"},{"floor":8,"key":"REST"},{"floor":10,"key":"REST"},{"floor":15,"key":"REST"}],"circlet_count":0,"master_deck":["bronze:Strike","bronze:Strike","bronze:Strike","bronze:Strike","bronze:Defend","bronze:Defend","bronze:Defend","bronze:Defend","bronze:Replicate","bronze:Goto","bronze:Frontload","bronze:Invalidate","bronze:Deprecate+1","bronze:WildBeam","bronze:CutThrough","bronze:DelayedGuard"],"relics":["bronze:BronzeCore","Strawberry","Tiny Chest","Golden Idol"],"acts_visited":["Exordium"],"potions_floor_usage":[7,16,16],"damage_taken":[{"damage":1,"enemies":"Cultist","floor":1,"turns":3},{"damage":2,"enemies":"Jaw Worm","floor":2,"turns":4},{"damage":3,"enemies":"Small Slimes","floor":3,"turns":4},{"damage":7,"enemies":"Red Slaver","floor":4,"turns":6},{"damage":16,"enemies":"Large Slime","floor":5,"turns":6},{"damage":35,"enemies":"Lagavulin","floor":7,"turns":14},{"damage":0,"enemies":"Looter","floor":12,"turns":3},{"damage":9,"enemies":"Red Slaver","floor":13,"turns":2},{"damage":9,"enemies":"3 Louse","floor":14,"turns":2},{"damage":59,"enemies":"Slime Boss","floor":16,"turns":13}],"seed_played":"-4854338508456754746","potions_obtained":[{"floor":1,"key":"bronze:BuildAFunctionPotion"},{"floor":3,"key":"BlessingOfTheForge"},{"floor":5,"key":"ColorlessPotion"},{"floor":12,"key":"DistilledChaos"}],"is_trial":false,"path_per_floor":["M","M","M","M","M","R","E","R","T","R","?","M","M","M","R","B"],"character_chosen":"THE_AUTOMATON","items_purchased":[],"campfire_rested":3,"item_purchase_floors":[],"current_hp_per_floor":[76,74,71,64,48,48,20,45,45,70,49,49,40,31,56,0,0,0],"gold":283,"neow_bonus":"TEN_PERCENT_HP_BONUS","is_daily":false,"chose_seed":false,"campfire_upgraded":1,"win_rate":0.0,"timestamp":1611094504,"path_taken":["M","M","?","M","M","R","E","R","T","R","?","M","M","M","R","BOSS"],"items_purchased_type":[],"build_version":"2020-12-22","purchased_purges":0,"victory":false,"max_hp_per_floor":[77,77,77,77,77,77,84,84,84,84,84,84,84,84,84,84,84,84],"card_choices":[{"not_picked":["bronze:BugBarrage","bronze:Overload"],"picked":"bronze:Frontload","floor":1},{"not_picked":["bronze:Branch","bronze:FineTuning"],"picked":"bronze:Invalidate","floor":2},{"not_picked":["bronze:ItsAFeature","bronze:Fortify"],"picked":"bronze:Deprecate","floor":3},{"not_picked":["bronze:BugBarrage","bronze:ClassDefault"],"picked":"bronze:WildBeam","floor":4},{"not_picked":["bronze:SpaghettiCode","bronze:Philosophize"],"picked":"bronze:CutThrough","floor":5},{"not_picked":["bronze:DigitalCarnage","bronze:CloningBeam","bronze:Invalidate"],"picked":"SKIP","floor":7},{"not_picked":["bronze:FineTuning","bronze:ForLoop","bronze:Branch"],"picked":"SKIP","floor":12},{"not_picked":["bronze:Iterate","bronze:OilSpill"],"picked":"bronze:DelayedGuard","floor":13},{"not_picked":["bronze:Iterate","bronze:FineTuning","bronze:Verify"],"picked":"SKIP","floor":14}],"player_experience":104930,"relics_obtained":[{"floor":7,"key":"Strawberry"},{"floor":9,"key":"Tiny Chest"}],"event_choices":[{"damage_healed":0,"gold_gain":0,"player_choice":"Take Damage","damage_taken":21,"relics_obtained":["Golden Idol"],"max_hp_gain":0,"max_hp_loss":0,"event_name":"Golden Idol","floor":11,"gold_loss":0}],"is_beta":false,"boss_relics":[],"items_purged_floors":[],"is_endless":false,"potions_floor_spawned":[1,3,5,12],"killed_by":"Slime Boss","ascension_level":0}}