{"host":"oigynbtg272c19pw","time":1611074925,"event":{"mods":["BaseMod","Colored Map","Minty Spire (QoL Compilation)","Relic Stats","Slay the Relics Exporter","StSLib"],"gold_per_floor":[111,111,130,144,156,156,189,209,209,244,256,291,311,7,7,78,78,96,114,127,137,150,150,165,192,192,192,192],"floor_reached":27,"playtime":2026,"items_purged":["Strike_R"],"score":547,"play_id":"22fb3f85-b485-420e-8210-1be0a494813a","local_time":"20210119174845","is_ascension_mode":true,"campfire_choices":[{"data":"Carnage","floor":6.0,"key":"SMITH"},{"data":"Dual Wield","floor":15.0,"key":"SMITH"},{"data":"Feed","floor":23.0,"key":"SMITH"}],"circlet_count":0,"master_deck":["AscendersBane","Strike_R","Strike_R","Strike_R","Defend_R","Defend_R","Defend_R","Bash","Clash+1","Wild Strike","Carnage+1","Cleave","Shrug It Off","Intimidate","Dual Wield+1","Pummel","Burning Pact","Feed+1","Rage","Impervious","Seeing Red","Spot Weakness","Shrug It Off","Intimidate+1","Doubt"],"relics":["Burning Blood","Boot","Orichalcum","Red Skull","HornCleat","Cursed Key","Tiny Chest","Du-Vu Doll"],"acts_visited":["Exordium","TheCity"],"potions_floor_usage":[27],"damage_taken":[{"damage":1.0,"enemies":"Cultist","floor":1.0,"turns":3.0},{"damage":9.0,"enemies":"Small Slimes","floor":3.0,"turns":4.0},{"damage":0.0,"enemies":"2 Louse","floor":4.0,"turns":2.0},{"damage":0.0,"enemies":"Blue Slaver","floor":5.0,"turns":1.0},{"damage":35.0,"enemies":"3 Sentries","floor":7.0,"turns":7.0},{"damage":6.0,"enemies":"Looter","floor":8.0,"turns":2.0},{"damage":27.0,"enemies":"Lagavulin","floor":10.0,"turns":6.0},{"damage":4.0,"enemies":"Lots of Slimes","floor":11.0,"turns":3.0},{"damage":14.0,"enemies":"3 Sentries","floor":12.0,"turns":6.0},{"damage":0.0,"enemies":"Large Slime","floor":13.0,"turns":3.0},{"damage":18.0,"enemies":"Slime Boss","floor":16.0,"turns":10.0},{"damage":12.0,"enemies":"Spheric Guardian","floor":18.0,"turns":5.0},{"damage":4.0,"enemies":"3 Byrds","floor":19.0,"turns":6.0},{"damage":6.0,"enemies":"3 Cultists","floor":20.0,"turns":5.0},{"damage":17.0,"enemies":"Centurion and Healer","floor":21.0,"turns":8.0},{"damage":29.0,"enemies":"Snecko","floor":22.0,"turns":9.0},{"damage":14.0,"enemies":"3 Cultists","floor":24.0,"turns":5.0},{"damage":26.0,"enemies":"Gremlin Leader","floor":25.0,"turns":8.0},{"damage":18,"enemies":"Chosen and Byrds","floor":27,"turns":5}],"seed_played":"-1590164306431171233","potions_obtained":[{"floor":3.0,"key":"SkillPotion"},{"floor":5.0,"key":"Weak Potion"},{"floor":12.0,"key":"Block Potion"},{"floor":18.0,"key":"Energy Potion"},{"floor":19.0,"key":"HeartOfIron"},{"floor":21.0,"key":"Ancient Potion"},{"floor":22.0,"key":"GamblersBrew"}],"is_trial":false,"path_per_floor":["M","?","M","M","M","R","E","M","T","E","M","E","M","$","R","B",null,"M","M","M","M","M","R","M","E","T","M"],"character_chosen":"IRONCLAD","items_purchased":["Feed","Rage"],"campfire_rested":0,"item_purchase_floors":[14,14],"current_hp_per_floor":[68,68,65,68,68,68,39,39,39,18,20,12,18,18,18,12,59,56,61,64,56,36,36,28,12,12,0,0],"gold":192,"neow_bonus":"REMOVE_TWO","is_daily":false,"chose_seed":false,"campfire_upgraded":3,"win_rate":0.0,"timestamp":1611074925,"path_taken":["M","?","M","M","?","R","E","M","T","E","M","E","M","$","R","BOSS","M","M","M","M","M","R","?","E","T","M"],"items_purchased_type":["Card","Card"],"build_version":"2020-12-13","purchased_purges":1,"victory":false,"max_hp_per_floor":[68,68,68,68,68,68,68,68,68,68,68,68,68,68,68,74,74,77,80,83,86,89,89,89,93,93,97,97],"relic_stats":{"counters":[19,98],"Tiny Chest":0,"Orichalcum":[114],"Boot":[83],"Cursed Key":1,"obtain_stats":[{"Du-Vu Doll":26,"HornCleat":12,"Tiny Chest":25,"Orichalcum":9,"Boot":7,"Cursed Key":17,"Burning Blood":0,"Red Skull":10},{"Du-Vu Doll":18,"HornCleat":9,"Tiny Chest":18,"Orichalcum":6,"Boot":5,"Cursed Key":11,"Burning Blood":0,"Red Skull":7},{"Du-Vu Doll":93,"HornCleat":34,"Tiny Chest":93,"Orichalcum":19,"Boot":17,"Cursed Key":47,"Burning Blood":0,"Red Skull":25}],"Burning Blood":94},"card_choices":[{"not_picked":["Seeing Red","Thunderclap"],"picked":"Clash","floor":1.0},{"not_picked":["Sword Boomerang","Perfected Strike"],"picked":"Wild Strike","floor":3.0},{"not_picked":["Thunderclap","Battle Trance"],"picked":"Carnage","floor":4.0},{"not_picked":["Dropkick","Body Slam","Anger"],"picked":"SKIP","floor":5.0},{"not_picked":["Flex","Havoc"],"picked":"Cleave","floor":7.0},{"not_picked":["Armaments","Sever Soul"],"picked":"Shrug It Off","floor":8.0},{"not_picked":["Blood for Blood","True Grit"],"picked":"Intimidate","floor":10.0},{"not_picked":["Whirlwind","Barricade"],"picked":"Dual Wield","floor":11.0},{"not_picked":["Searing Blow","Cleave"],"picked":"Pummel","floor":12.0},{"not_picked":["Flex","Sword Boomerang"],"picked":"Burning Pact","floor":13.0},{"not_picked":["Exhume","Barricade"],"picked":"Impervious","floor":16.0},{"not_picked":["Thunderclap","Clash","Cleave"],"picked":"SKIP","floor":18.0},{"not_picked":["Heavy Blade","Sword Boomerang","Warcry"],"picked":"SKIP","floor":19.0},{"not_picked":["Warcry","Intimidate"],"picked":"Seeing Red","floor":20.0},{"not_picked":["Metallicize","Inflame"],"picked":"Spot Weakness","floor":21.0},{"not_picked":["Headbutt","Sword Boomerang+1"],"picked":"Shrug It Off","floor":22.0},{"not_picked":["Shrug It Off","Evolve"],"picked":"Intimidate+1","floor":24.0},{"not_picked":["Thunderclap","Ghostly Armor","Pommel Strike"],"picked":"SKIP","floor":25.0}],"player_experience":1438434,"relics_obtained":[{"floor":7.0,"key":"Boot"},{"floor":9.0,"key":"Orichalcum"},{"floor":10.0,"key":"Red Skull"},{"floor":12.0,"key":"HornCleat"},{"floor":25.0,"key":"Tiny Chest"},{"floor":26.0,"key":"Du-Vu Doll"}],"event_choices":[{"damage_healed":0.0,"max_hp_gain":0.0,"max_hp_loss":0.0,"gold_gain":0.0,"event_name":"Upgrade Shrine","player_choice":"Upgraded","floor":2.0,"gold_loss":0.0,"damage_taken":0.0,"cards_upgraded":["Clash"]}],"is_beta":false,"boss_relics":[{"not_picked":["Sozu","Snecko Eye"],"picked":"Cursed Key"}],"items_purged_floors":[14],"is_endless":false,"potions_floor_spawned":[3,5,7,12,18,19,21,22],"killed_by":"Chosen and Byrds","ascension_level":20}}