{"host":"i7jfea87xc8lz16p","time":1611066723,"event":{"mods":["AchievementEnabler","BaseMod","Colored Powertips","Minty Spire (QoL Compilation)","Relic Stats"],"gold_per_floor":[115,132,142,159,173,173,204,204,228,228,243,278,278,293,293,369,369,369,369,309,92,92,92,92,92,92,14,14,0,0,0,0,0,0,0,0,0,0,0,0,0,0,0,0,0,0,0,0,0,0,0],"floor_reached":52,"language":"ENG","playtime":3279,"items_purged":["Strike_R"],"score":2057,"play_id":"f76c13db-868d-45b1-8b1e-ed5084bdebb5","local_time":"20210119153203","is_ascension_mode":true,"campfire_choices":[{"data":"Bash","floor":6,"key":"SMITH"},{"data":"Disarm","floor":8,"key":"SMITH"},{"floor":10,"key":"REST"},{"data":"Shrug It Off","floor":13,"key":"SMITH"},{"floor":15,"key":"REST"},{"data":"Impervious","floor":23,"key":"SMITH"},{"floor":32,"key":"REST"},{"floor":47,"key":"REST"},{"floor":49,"key":"REST"}],"circlet_count":0,"master_deck":["AscendersBane","Strike_R+1","Strike_R+1","Strike_R+1","Strike_R+1","Defend_R+1","Defend_R+1","Defend_R+1","Defend_R+1","Bash+1","Shrug It Off+1","Perfected Strike","Heavy Blade","Disarm+1","Ghostly Armor","Barricade","Impervious+1","Second Wind+1","Body Slam","Immolate","Uppercut","Metallicize","Entrench","Dark Embrace","Havoc","Juggernaut","True Grit","Disarm","Power Through+1","Flame Barrier","Rage","Iron Wave"],"relics":["Snecko Eye","Charon\u0027s Ashes","Smiling Mask","Regal Pillow","Ectoplasm","MawBank","Dream Catcher","Question Card","Philosopher\u0027s Stone","Lantern","Lizard Tail","Oddly Smooth Stone","Kunai"],"acts_visited":["Exordium","TheCity","TheBeyond"],"potions_floor_usage":[12,24,33,35,38,42,48,51],"damage_taken":[{"damage":6,"enemies":"2 Louse","floor":1,"turns":3},{"damage":0,"enemies":"Cultist","floor":2,"turns":2},{"damage":0,"enemies":"Small Slimes","floor":3,"turns":3},{"damage":1,"enemies":"2 Fungi Beasts","floor":4,"turns":3},{"damage":1,"enemies":"Looter","floor":5,"turns":2},{"damage":32,"enemies":"Gremlin Nob","floor":7,"turns":4},{"damage":0,"enemies":"3 Louse","floor":11,"turns":2},{"damage":14,"enemies":"Lagavulin","floor":12,"turns":4},{"damage":12,"enemies":"Exordium Wildlife","floor":14,"turns":4},{"damage":0,"enemies":"The Guardian","floor":16,"turns":10},{"damage":13,"enemies":"3 Byrds","floor":18,"turns":5},{"damage":5,"enemies":"2 Thieves","floor":20,"turns":4},{"damage":0,"enemies":"Gremlin Leader","floor":24,"turns":4},{"damage":2,"enemies":"3 Cultists","floor":25,"turns":4},{"damage":10,"enemies":"Book of Stabbing","floor":28,"turns":5},{"damage":0,"enemies":"Centurion and Healer","floor":30,"turns":4},{"damage":0,"enemies":"Snecko","floor":31,"turns":4},{"damage":17,"enemies":"Automaton","floor":33,"turns":13},{"damage":11,"enemies":"3 Shapes","floor":35,"turns":4},{"damage":0,"enemies":"Orb Walker","floor":36,"turns":2},{"damage":28,"enemies":"Transient","floor":38,"turns":6},{"damage":2,"enemies":"Nemesis","floor":40,"turns":7},{"damage":0,"enemies":"Mind Bloom Boss Battle","floor":41,"turns":8},{"damage":0,"enemies":"Jaw Worm Horde","floor":42,"turns":5},{"damage":33,"enemies":"3 Darklings","floor":45,"turns":3},{"damage":6,"enemies":"Writhing Mass","floor":46,"turns":8},{"damage":16,"enemies":"Reptomancer","floor":48,"turns":11},{"damage":61,"enemies":"Donu and Deca","floor":50,"turns":16},{"damage":36,"enemies":"Awakened One","floor":51,"turns":13}],"seed_played":"1883712437882412004","potions_obtained":[{"floor":1,"key":"BlessingOfTheForge"},{"floor":4,"key":"SteroidPotion"},{"floor":12,"key":"SmokeBomb"},{"floor":19,"key":"CultistPotion"},{"floor":28,"key":"Weak Potion"},{"floor":31,"key":"PowerPotion"},{"floor":33,"key":"SkillPotion"},{"floor":36,"key":"Regen Potion"},{"floor":38,"key":"Fire Potion"},{"floor":41,"key":"Block Potion"},{"floor":48,"key":"Explosive Potion"}],"is_trial":false,"path_per_floor":["M","M","M","M","M","R","E","R","T","R","M","E","R","M","R","B",null,"M","?","M","$","?","R","E","M","T","$","E","?","M","M","R","B",null,"M","M","?","M","$","E","?","M","T","$","M","M","R","E","R","B","B",null],"character_chosen":"IRONCLAD","items_purchased":["Immolate","Metallicize"],"campfire_rested":5,"item_purchase_floors":[21,27],"current_hp_per_floor":[62,62,62,61,60,60,28,28,28,50,50,36,36,24,61,61,72,59,59,54,54,54,54,54,52,52,52,42,42,42,42,75,58,71,60,60,60,47,47,45,45,45,45,45,12,6,42,26,62,1,11],"gold":0,"neow_bonus":"BOSS_RELIC","is_daily":false,"chose_seed":false,"campfire_upgraded":4,"win_rate":0.0,"timestamp":1611066723,"path_taken":["M","M","M","M","M","R","E","R","T","R","M","E","R","M","R","BOSS","M","?","?","$","?","R","E","M","T","$","E","?","M","M","R","BOSS","M","M","?","M","$","E","?","M","T","?","?","M","R","E","R","BOSS","BOSS"],"items_purchased_type":["Card","Card"],"build_version":"2020-12-22","purchased_purges":1,"victory":true,"max_hp_per_floor":[75,75,75,75,75,75,75,75,75,75,75,75,75,75,75,75,75,75,75,75,75,75,75,75,75,75,75,75,75,75,75,75,75,75,75,75,71,71,71,71,71,71,71,71,71,71,71,71,71,71,71],"relic_stats":{"Regal Pillow":56,"Dream Catcher":3,"Lizard Tail":35,"counters":[29,163],"Snecko Eye":[275,298,293,282],"Charon\u0027s Ashes":[601],"Ectoplasm":538,"Kunai":[2],"Smiling Mask":25,"MawBank":0,"Question Card":15,"obtain_stats":[{"Regal Pillow":12,"Lantern":40,"Oddly Smooth Stone":43,"Charon\u0027s Ashes":7,"Smiling Mask":9,"MawBank":24,"Question Card":28,"Burning Blood":0,"Dream Catcher":26,"Lizard Tail":41,"Snecko Eye":0,"Philosopher\u0027s Stone":34,"Ectoplasm":17,"Kunai":48},{"Regal Pillow":8,"Lantern":22,"Oddly Smooth Stone":24,"Charon\u0027s Ashes":6,"Smiling Mask":6,"MawBank":13,"Question Card":15,"Burning Blood":0,"Dream Catcher":14,"Lizard Tail":23,"Snecko Eye":0,"Philosopher\u0027s Stone":18,"Ectoplasm":10,"Kunai":27},{"Regal Pillow":23,"Lantern":99,"Oddly Smooth Stone":112,"Charon\u0027s Ashes":17,"Smiling Mask":17,"MawBank":50,"Question Card":59,"Burning Blood":0,"Dream Catcher":54,"Lizard Tail":107,"Snecko Eye":0,"Philosopher\u0027s Stone":80,"Ectoplasm":37,"Kunai":134}]},"card_choices":[{"not_picked":["Rupture","Sword Boomerang","True Grit"],"picked":"SKIP","floor":1},{"not_picked":["Searing Blow","Havoc"],"picked":"Shrug It Off","floor":2},{"not_picked":["Evolve","Armaments"],"picked":"Perfected Strike","floor":3},{"not_picked":["Rupture","Clash"],"picked":"Heavy Blade","floor":4},{"not_picked":["Sword Boomerang","Wild Strike","Twin Strike"],"picked":"SKIP","floor":5},{"not_picked":["Perfected Strike","Power Through"],"picked":"Disarm","floor":7},{"not_picked":["Armaments","Power Through"],"picked":"Ghostly Armor","floor":11},{"not_picked":["Anger","Warcry"],"picked":"Barricade","floor":12},{"not_picked":["Twin Strike","Heavy Blade","Sword Boomerang"],"picked":"SKIP","floor":14},{"not_picked":["Immolate","Reaper"],"picked":"Impervious","floor":16},{"not_picked":["Iron Wave","Wild Strike"],"picked":"Second Wind+1","floor":18},{"not_picked":["Armaments","Shrug It Off"],"picked":"Body Slam","floor":20},{"not_picked":["Headbutt+1","Spot Weakness"],"picked":"Uppercut","floor":24},{"not_picked":["Pummel","Flex","Anger"],"picked":"SKIP","floor":25},{"not_picked":["Perfected Strike","Searing Blow","Sword Boomerang"],"picked":"SKIP","floor":28},{"not_picked":["Pummel","Searing Blow","Flame Barrier"],"picked":"Entrench","floor":30},{"not_picked":["Clash","Perfected Strike","Pommel Strike"],"picked":"Dark Embrace","floor":31},{"not_picked":["Hemokinesis","Cleave","Inflame+1"],"picked":"Havoc","floor":32},{"not_picked":["Limit Break","Corruption","Feed"],"picked":"Juggernaut","floor":33},{"not_picked":["Reckless Charge","Bloodletting","Hemokinesis"],"picked":"True Grit","floor":35},{"not_picked":["Iron Wave","Wild Strike","Sever Soul+1","Havoc"],"picked":"SKIP","floor":36},{"not_picked":["Iron Wave+1","Hemokinesis","Headbutt"],"picked":"Disarm","floor":38},{"not_picked":["Wild Strike","Hemokinesis","Carnage+1","Intimidate"],"picked":"SKIP","floor":40},{"not_picked":["Disarm","Ghostly Armor+1","Iron Wave"],"picked":"Power Through+1","floor":41},{"not_picked":["Flex","Searing Blow","Clash"],"picked":"Flame Barrier","floor":42},{"not_picked":["Uppercut","Clash","Hemokinesis","Reckless Charge"],"picked":"SKIP","floor":45},{"not_picked":["Body Slam","Heavy Blade+1","Disarm","Reaper"],"picked":"SKIP","floor":46},{"not_picked":["Blood for Blood","Fire Breathing","Bloodletting"],"picked":"Rage","floor":48},{"not_picked":["Sever Soul","Headbutt","Thunderclap+1"],"picked":"Iron Wave","floor":49}],"player_experience":1814520,"relics_obtained":[{"floor":7,"key":"Charon\u0027s Ashes"},{"floor":9,"key":"Smiling Mask"},{"floor":12,"key":"Regal Pillow"},{"floor":24,"key":"MawBank"},{"floor":26,"key":"Dream Catcher"},{"floor":28,"key":"Question Card"},{"floor":40,"key":"Lantern"},{"floor":41,"key":"Lizard Tail"},{"floor":43,"key":"Oddly Smooth Stone"},{"floor":48,"key":"Kunai"}],"event_choices":[{"damage_healed":0,"gold_gain":0,"player_choice":"Got Potions","damage_taken":0,"max_hp_gain":0,"max_hp_loss":0,"event_name":"Lab","floor":19,"gold_loss":0},{"damage_healed":0,"gold_gain":0,"player_choice":"Simplicity","damage_taken":0,"max_hp_gain":0,"max_hp_loss":0,"event_name":"Back to Basics","floor":22,"gold_loss":0,"cards_upgraded":["Strike_R","Strike_R","Strike_R","Strike_R","Defend_R","Defend_R","Defend_R","Defend_R"]},{"damage_healed":0,"gold_gain":0,"player_choice":"Paid Fearfully","damage_taken":0,"max_hp_gain":0,"max_hp_loss":0,"event_name":"Masked Bandits","floor":29,"gold_loss":14},{"damage_healed":0,"gold_gain":0,"player_choice":"Max HP","damage_taken":0,"max_hp_gain":0,"max_hp_loss":4,"event_name":"Winding Halls","floor":37,"gold_loss":0},{"damage_healed":0,"gold_gain":0,"player_choice":"Fight","damage_taken":0,"max_hp_gain":0,"max_hp_loss":0,"event_name":"MindBloom","floor":41,"gold_loss":0}],"is_beta":false,"boss_relics":[{"not_picked":["Sozu","SacredBark"],"picked":"Ectoplasm"},{"not_picked":["Velvet Choker","Calling Bell"],"picked":"Philosopher\u0027s Stone"}],"items_purged_floors":[21],"is_endless":false,"potions_floor_spawned":[1,4,7,11,12,28,31,33,36,38,41,48],"ascension_level":20}}