{"host":"6drv1qzpbnls60z2","time":1611071276,"event":{"mods":["ATMod(°¢èªMod)","Act Like it!","Arknights The Spire","BaseMod","Hallownest","Luminous","Minty Spire (QoL Compilation)","Reimu£¨²©ÀöÁéÃÎ£©","Replay The Spire","Shop Mod","Spicy Shops","StSLib","TheWitcher","Uncapped","²ÐÁôÖ®Îï","óô»ðÖ¸ÄÏ"],"gold_per_floor":[112,1,11,11,31,31,48,73,73,37,57,57,57,70,70,148,148,169,141,141,141,66,66,101,101,101,118,157,176,208,220,0,84,84,104,104,104],"floor_reached":36,"language":"ZHS","playtime":3668,"items_purged":["Regret","PlaceholderMod:StressReaction"],"score":1294,"play_id":"7563d05e-748c-444d-8bcc-54464b3ed3b4","local_time":"20210119234756","daily_mods":["SealedDeck"],"is_ascension_mode":true,"campfire_choices":[{"data":"AT_ShrugMaster","floor":6,"key":"SMITH"},{"data":"Luminous:Abyss_Heart_Luminous","floor":12,"key":"SMITH"},{"data":"Luminous:Accumulation_Luminous","floor":15,"key":"SMITH"},{"data":"PlaceholderMod:Hyperplasia","floor":23,"key":"SMITH"},{"data":"PlaceholderMod:Corrosion","floor":25,"key":"SMITH"}],"circlet_count":0,"master_deck":["AscendersBane","AT_ShrugMaster+1","AlertArray:ReiMu","PlaceholderMod:Hyperplasia+1","PlaceholderMod:StrongAcid","SnafuTest:BombMoonDust","SubAcupoint:ReiMu","Luminous:Darks_Surge_Luminous","Luminous:Light_Glare","PlaceholderMod:ParasiteChange","FineLineFantasy:ReiMu","PlaceholderMod:Corrosion+1","Luminous:Light_Sylvan_Lance","Luminous:Accumulation_Luminous+1","Luminous:Light_Gather+1","PlaceholderMod:EnergyAbsorb","SubAcupoint:ReiMu","ats:Counter Healing Mode","PlaceholderMod:Internalization","SnafuTest:Oriole+1","Luminous:Abyss_Heart_Luminous+1","PlaceholderMod:TriggerStrike","ats:Support Order+1","Luminous:Light_Wash_Luminous","Intuition:ReiMu+1","PlaceholderMod:SelectReaction","SnafuTest:PowerAlwaysOnRoads","SubcavityFantasy:ReiMu","ats:Shell Defense+1"],"relics":["ats:Sanity","AT_ATBox","ats:Originium","Meat on the Bone","ReplayTheSpireMod:Shallot","PlaceholderMod:LiveLive","Incense Burner","AT_GuinsooRageblade","Gremlin Horn","Ice Cream","MerchantsRug","Black Star"],"acts_visited":["Exordium","TheCity","TheBeyond"],"potions_floor_usage":[8,8,27,31,35],"damage_taken":[{"damage":6,"enemies":"2 Louse","floor":1,"turns":3},{"damage":6,"enemies":"Jaw Worm","floor":3,"turns":4},{"damage":1,"enemies":"Cultist","floor":5,"turns":4},{"damage":8,"enemies":"2 Fungi Beasts","floor":7,"turns":5},{"damage":20,"enemies":"Gremlin Nob","floor":8,"turns":6},{"damage":9,"enemies":"3 Louse","floor":11,"turns":4},{"damage":19,"enemies":"Lots of Slimes","floor":14,"turns":6},{"damage":8,"enemies":"Slime Boss","floor":16,"turns":8},{"damage":1,"enemies":"Chosen","floor":18,"turns":5},{"damage":3,"enemies":"Book of Stabbing","floor":24,"turns":8},{"damage":6,"enemies":"Spheric Guardian","floor":27,"turns":4},{"damage":0,"enemies":"Gremlin Leader","floor":28,"turns":5},{"damage":0,"enemies":"Snecko","floor":29,"turns":5},{"damage":1,"enemies":"Book of Stabbing","floor":30,"turns":7},{"damage":14,"enemies":"3 Cultists","floor":31,"turns":6},{"damage":0,"enemies":"Champ","floor":33,"turns":9},{"damage":59,"enemies":"3 Shapes","floor":35,"turns":4},{"damage":33,"enemies":"Orb Walker","floor":36,"turns":3}],"seed_played":"-5357427564165720914","potions_obtained":[{"floor":1,"key":"MagicPotion:ReiMu"},{"floor":7,"key":"DuplicationPotion"},{"floor":11,"key":"LiquidMemories"},{"floor":16,"key":"SkillPotion"},{"floor":28,"key":"BlessingOfTheForge"},{"floor":33,"key":"Fire Potion"},{"floor":35,"key":"SteroidPotion"}],"is_trial":true,"path_per_floor":["M","$","M","?","M","R","M","E","T","R","M","R","?","M","R","B",null,"M","$","?","?","$","R","E","R","T","M","E","M","E","M","R","B",null,"M","M"],"character_chosen":"DOCTOR_CLASS","items_purchased":["Luminous:Accumulation_Luminous","Luminous:Light_Gather","SnafuTest:Oriole+1","Luminous:Light_Wash_Luminous","MerchantsRug","SnafuTest:PowerAlwaysOnRoads"],"campfire_rested":0,"item_purchase_floors":[2,2,10,19,32,32],"current_hp_per_floor":[59,59,53,53,52,52,44,24,24,24,27,27,27,20,20,24,60,59,59,59,59,59,59,56,56,56,50,50,50,49,47,47,47,66,19,0,0],"gold":104,"neow_bonus":"","is_daily":false,"chose_seed":false,"campfire_upgraded":5,"win_rate":0.0,"timestamp":1611071276,"path_taken":["M","$","M","?","M","R","M","E","T","R","M","R","?","M","R","BOSS","M","$","?","?","?","R","E","R","T","M","E","M","E","?","R","BOSS","M","M"],"items_purchased_type":["Card","Card","Card","Card","Relic","Card"],"build_version":"2020-12-22","purchased_purges":2,"victory":false,"max_hp_per_floor":[72,72,72,72,72,72,72,72,72,72,72,72,72,72,72,72,72,72,72,72,72,72,72,72,72,72,72,72,72,72,72,72,72,72,72,72,72],"card_choices":[{"not_picked":["PlaceholderMod:ContinueSpray","SnafuTest:BombDimeritium"],"picked":"Luminous:Light_Sylvan_Lance","floor":1},{"not_picked":["SnafuTest:BlueWhale","PlaceholderMod:PoisonAbsorb"],"picked":"PlaceholderMod:EnergyAbsorb","floor":3},{"not_picked":["AirStrike:ReiMu","ats:Poison Spread"],"picked":"SubAcupoint:ReiMu","floor":5},{"not_picked":["SnafuTest:BombMoonDust","SnafuTest:SpellIncendiaryShower"],"picked":"ats:Counter Healing Mode","floor":7},{"not_picked":["SnafuTest:QueensGuard","SnafuTest:SpellIthlinneProphecy"],"picked":"PlaceholderMod:Internalization","floor":8},{"not_picked":["Intuition:ReiMu","PlaceholderMod:ChainPoly"],"picked":"Luminous:Abyss_Heart_Luminous","floor":11},{"not_picked":["SnafuTest:SpellArcaneDomain","PlaceholderMod:PoisonAbsorb"],"picked":"PlaceholderMod:TriggerStrike","floor":14},{"not_picked":["PlaceholderMod:AngryAttack+1","ats:Rapid Magazine"],"picked":"ats:Support Order+1","floor":18},{"not_picked":["Dreaming2:ReiMu","SnafuTest:ShoulderSlam+1","SnafuTest:TrackingSense"],"picked":"SKIP","floor":24},{"not_picked":["SnafuTest:PowerMartialMagical","Luminous:Light_Gather"],"picked":"Intuition:ReiMu+1","floor":27},{"not_picked":["PlaceholderMod:InnerSoften","SnafuTest:ArmoredSortie"],"picked":"PlaceholderMod:StressReaction","floor":28},{"not_picked":["FantasyBorder:ReiMu","SnafuTest:SwiftAssault","SnafuTest:Shooting"],"picked":"SKIP","floor":29},{"not_picked":["Heavy Blade+1","UpKicking:ReiMu+1"],"picked":"PlaceholderMod:SelectReaction","floor":30},{"not_picked":["Intuition:ReiMu","ats:Childhood Dance"],"picked":"SnafuTest:GetPaid","floor":31},{"not_picked":["ats:Roar Of Ursus","HakureiPhantom:ReiMu"],"picked":"SubcavityFantasy:ReiMu","floor":33},{"not_picked":["Luminous:Accumulation_Luminous","PlaceholderMod:Stratification"],"picked":"ats:Shell Defense+1","floor":35}],"player_experience":83735,"relics_obtained":[{"floor":8,"key":"ats:Originium"},{"floor":8,"key":"Meat on the Bone"},{"floor":9,"key":"ReplayTheSpireMod:Shallot"},{"floor":24,"key":"ats:Originium"},{"floor":24,"key":"Incense Burner"},{"floor":26,"key":"AT_GuinsooRageblade"},{"floor":28,"key":"ats:Originium"},{"floor":28,"key":"Gremlin Horn"},{"floor":30,"key":"Ice Cream"}],"event_choices":[],"is_beta":false,"boss_relics":[{"not_picked":["Velvet Choker","Busted Crown"],"picked":"PlaceholderMod:LiveLive"},{"not_picked":["Astrolabe","Abe\u0027s Treasure"],"picked":"Black Star"}],"items_purged_floors":[22,32],"is_endless":true,"potions_floor_spawned":[1,7,11,16,18,28,29,33,35],"killed_by":"Orb Walker","ascension_level":20}}