{"host":"ifd7sfhtlbe34qll","time":1611036217,"event":{"mods":["2.2 Compatiblity","BaseMod","Block Reminder","Colored Map","Curses Come First","Highlight Path","Minty Spire (QoL Compilation)","Potion Indicator Mod","Quick Restart","Relic Stats","StSLib"],"gold_per_floor":[119,119,138,138,138,169,194,208,208,208,242,256,272,303,303,392,392,405,67,91,5,5,5,5,44,67,94,146,13,13,13],"floor_reached":30,"language":"ENG","playtime":1043,"items_purged":["Strike_G"],"score":651,"play_id":"472da38a-4b9c-4523-b84e-33249d860117","local_time":"20210119000337","is_ascension_mode":true,"campfire_choices":[{"data":"Skewer","floor":10,"key":"SMITH"},{"floor":15,"key":"REST"},{"data":"Dash","floor":23,"key":"SMITH"}],"circlet_count":0,"master_deck":["AscendersBane","Strike_G+1","Strike_G+1","Strike_G+1","Strike_G+1","Defend_G+1","Defend_G+1","Defend_G+1","Defend_G+1","Defend_G+1","Survivor","Neutralize","Dash+1","Skewer+1","Dagger Spray","Adrenaline","Noxious Fumes","Blade Dance","Dash","Adrenaline","Backflip","Noxious Fumes","Tools of the Trade","Backflip+1","Burst","Well Laid Plans"],"relics":["Ring of the Snake","NeowsBlessing","Golden Idol","FaceOfCleric","Singing Bowl","White Beast Statue","Eternal Feather","Bird Faced Urn","SacredBark","Paper Crane","Sundial","CeramicFish","Juzu Bracelet"],"acts_visited":["Exordium","TheCity"],"potions_floor_usage":[11,12,14,16,18,20,25,27,28],"damage_taken":[{"damage":0,"enemies":"2 Louse","floor":1,"turns":1},{"damage":0,"enemies":"Cultist","floor":3,"turns":1},{"damage":0,"enemies":"Lagavulin","floor":6,"turns":1},{"damage":2,"enemies":"Small Slimes","floor":7,"turns":5},{"damage":0,"enemies":"2 Fungi Beasts","floor":8,"turns":4},{"damage":12,"enemies":"3 Sentries","floor":11,"turns":8},{"damage":1,"enemies":"Red Slaver","floor":12,"turns":2},{"damage":0,"enemies":"Lots of Slimes","floor":13,"turns":2},{"damage":47,"enemies":"Gremlin Nob","floor":14,"turns":4},{"damage":28,"enemies":"Slime Boss","floor":16,"turns":9},{"damage":20,"enemies":"Spheric Guardian","floor":18,"turns":4},{"damage":0,"enemies":"3 Byrds","floor":20,"turns":2},{"damage":15,"enemies":"Slavers","floor":25,"turns":8},{"damage":0,"enemies":"Centurion and Healer","floor":27,"turns":9},{"damage":58,"enemies":"Book of Stabbing","floor":28,"turns":7},{"damage":10,"enemies":"Snecko","floor":30,"turns":3}],"seed_played":"62124289901174083","potions_obtained":[{"floor":2,"key":"SmokeBomb"},{"floor":2,"key":"Poison Potion"},{"floor":7,"key":"Block Potion"},{"floor":11,"key":"LiquidMemories"},{"floor":12,"key":"CultistPotion"},{"floor":14,"key":"Fire Potion"},{"floor":16,"key":"Fruit Juice"},{"floor":18,"key":"Explosive Potion"},{"floor":20,"key":"Ancient Potion"},{"floor":25,"key":"Dexterity Potion"},{"floor":27,"key":"AttackPotion"},{"floor":28,"key":"GamblersBrew"}],"is_trial":false,"path_per_floor":["M","?","M","?","?","E","M","M","T","R","E","M","M","E","R","B",null,"M","$","M","$","T","R","?","E","T","M","E","$","M"],"character_chosen":"THE_SILENT","items_purchased":["Paper Crane","Noxious Fumes","Well Laid Plans","Dexterity Potion"],"campfire_rested":1,"item_purchase_floors":[19,21,29,29],"current_hp_per_floor":[59,59,59,59,59,60,61,62,62,62,51,51,52,6,38,13,56,49,49,52,52,52,64,64,52,52,57,4,4,0,0],"gold":13,"neow_bonus":"THREE_ENEMY_KILL","is_daily":false,"chose_seed":false,"campfire_upgraded":2,"win_rate":0.0,"timestamp":1611036217,"path_taken":["M","?","?","?","?","E","M","M","T","R","E","?","M","E","R","BOSS","M","$","M","$","?","R","?","E","T","M","E","?","M"],"items_purchased_type":["Relic","Card","Card","Potion"],"build_version":"2020-12-22","purchased_purges":1,"victory":false,"max_hp_per_floor":[66,66,66,60,60,61,64,65,65,65,66,67,68,69,69,70,70,81,81,84,84,84,84,84,85,85,86,87,87,87,87],"relic_stats":{"FaceOfCleric":13,"Singing Bowl":4,"counters":[16,70],"Golden Idol":80,"Sundial":[2],"Bird Faced Urn":[16],"CeramicFish":27,"Eternal Feather":24,"Juzu Bracelet":0,"obtain_stats":[{"NeowsBlessing":0,"Singing Bowl":6,"Golden Idol":4,"SacredBark":17,"CeramicFish":26,"Eternal Feather":11,"Juzu Bracelet":28,"Paper Crane":19,"White Beast Statue":9,"FaceOfCleric":5,"Sundial":25,"Bird Faced Urn":14,"Ring of the Snake":0},{"NeowsBlessing":0,"Singing Bowl":3,"Golden Idol":2,"SacredBark":10,"CeramicFish":13,"Eternal Feather":6,"Juzu Bracelet":15,"Paper Crane":11,"White Beast Statue":5,"FaceOfCleric":2,"Sundial":13,"Bird Faced Urn":9,"Ring of the Snake":0},{"NeowsBlessing":0,"Singing Bowl":3,"Golden Idol":2,"SacredBark":37,"CeramicFish":51,"Eternal Feather":20,"Juzu Bracelet":67,"Paper Crane":41,"White Beast Statue":12,"FaceOfCleric":2,"Sundial":51,"Bird Faced Urn":28,"Ring of the Snake":0}],"Ring of the Snake":[32]},"card_choices":[{"not_picked":["Deflect","Backflip","Prepared"],"picked":"SKIP","floor":1},{"not_picked":["Dodge and Roll","PiercingWail"],"picked":"Dash","floor":3},{"not_picked":["Acrobatics","Infinite Blades"],"picked":"Skewer","floor":6},{"not_picked":["Acrobatics","Dodge and Roll","Backflip"],"picked":"Singing Bowl","floor":7},{"not_picked":["Dodge and Roll","Quick Slash"],"picked":"Dagger Spray","floor":8},{"not_picked":["Dagger Throw","Cloak And Dagger"],"picked":"Adrenaline","floor":11},{"not_picked":["Cloak And Dagger","Tactician"],"picked":"Noxious Fumes","floor":12},{"not_picked":["Outmaneuver","Escape Plan"],"picked":"Blade Dance","floor":13},{"not_picked":["Deadly Poison","Acrobatics"],"picked":"Dash","floor":14},{"not_picked":["Die Die Die","Doppelganger"],"picked":"Adrenaline","floor":16},{"not_picked":["Poisoned Stab","Outmaneuver"],"picked":"Backflip","floor":18},{"not_picked":["Eviscerate","Dodge and Roll","Slice"],"picked":"Singing Bowl","floor":20},{"not_picked":["Choke","Concentrate"],"picked":"Tools of the Trade","floor":25},{"not_picked":["Bane","Distraction"],"picked":"Backflip+1","floor":27},{"not_picked":["Bane","Reflex"],"picked":"Burst","floor":28}],"player_experience":1424117,"relics_obtained":[{"floor":6,"key":"Singing Bowl"},{"floor":9,"key":"White Beast Statue"},{"floor":11,"key":"Eternal Feather"},{"floor":14,"key":"Bird Faced Urn"},{"floor":25,"key":"Sundial"},{"floor":26,"key":"CeramicFish"},{"floor":28,"key":"Juzu Bracelet"}],"event_choices":[{"damage_healed":0,"gold_gain":0,"player_choice":"Got Potions","damage_taken":0,"max_hp_gain":0,"max_hp_loss":0,"event_name":"Lab","floor":2,"gold_loss":0},{"damage_healed":0,"gold_gain":0,"player_choice":"Lose Max HP","damage_taken":0,"relics_obtained":["Golden Idol"],"max_hp_gain":0,"max_hp_loss":6,"event_name":"Golden Idol","floor":4,"gold_loss":0},{"damage_healed":0,"gold_gain":0,"player_choice":"Trade","damage_taken":0,"relics_obtained":["FaceOfCleric"],"max_hp_gain":0,"max_hp_loss":0,"event_name":"FaceTrader","floor":5,"gold_loss":0},{"damage_healed":0,"gold_gain":0,"player_choice":"Simplicity","damage_taken":0,"max_hp_gain":0,"max_hp_loss":0,"event_name":"Back to Basics","floor":24,"gold_loss":0,"cards_upgraded":["Strike_G","Strike_G","Strike_G","Strike_G","Defend_G","Defend_G","Defend_G","Defend_G","Defend_G"]}],"is_beta":false,"boss_relics":[{"not_picked":["Ring of the Serpent","Busted Crown"],"picked":"SacredBark"}],"items_purged_floors":[19],"is_endless":false,"potions_floor_spawned":[7,8,11,12,13,14,16,18,20,25,27,28],"killed_by":"Snecko","ascension_level":20}}