{"host":"0v07cr0k93jhgkpm","time":1611035072,"event":{"mods":["BaseMod","Colored Map","DeckTracker","Minty Spire (QoL Compilation)","Quick Restart","SuperFastMode"],"gold_per_floor":[115,95,107,107,31,57,76,86,86,86,86,86,115,135,135,135,135],"floor_reached":16,"language":"KOR","playtime":418,"items_purged":[],"score":274,"play_id":"3cac83ce-b4e3-443c-b1d7-a40ca6fed8eb","local_time":"20210119144432","is_ascension_mode":true,"campfire_choices":[{"data":"Bullet Time","floor":10,"key":"SMITH"},{"data":"Night Terror","floor":12,"key":"SMITH"},{"data":"Terror","floor":15,"key":"SMITH"}],"circlet_count":0,"master_deck":["AscendersBane","Strike_G","Strike_G","Strike_G","Strike_G","Strike_G","Defend_G","Defend_G","Defend_G","Defend_G","Defend_G","Survivor","Neutralize","Backflip","Poisoned Stab","Bullet Time+1","Die Die Die","Dagger Spray","Night Terror+1","PiercingWail","Terror+1","Outmaneuver"],"relics":["Ring of the Snake","NeowsBlessing","Calipers","Matryoshka","Ninja Scroll"],"acts_visited":["Exordium"],"potions_floor_usage":[11,13],"damage_taken":[{"damage":0,"enemies":"2 Louse","floor":1,"turns":1},{"damage":0,"enemies":"Cultist","floor":3,"turns":1},{"damage":0,"enemies":"3 Sentries","floor":6,"turns":1},{"damage":0,"enemies":"Small Slimes","floor":7,"turns":2},{"damage":0,"enemies":"3 Louse","floor":8,"turns":3},{"damage":0,"enemies":"Exordium Thugs","floor":11,"turns":1},{"damage":33,"enemies":"Lagavulin","floor":13,"turns":8},{"damage":3,"enemies":"Exordium Wildlife","floor":14,"turns":4},{"damage":46,"enemies":"Hexaghost","floor":16,"turns":12}],"seed_played":"1947802509769090860","potions_obtained":[{"floor":2,"key":"DuplicationPotion"},{"floor":3,"key":"SneckoOil"},{"floor":8,"key":"SmokeBomb"},{"floor":14,"key":"FairyPotion"}],"is_trial":false,"path_per_floor":["M","?","M","?","$","E","M","M","T","R","M","R","E","M","R","B"],"character_chosen":"THE_SILENT","items_purchased":["Die Die Die"],"campfire_rested":0,"item_purchase_floors":[5],"current_hp_per_floor":[59,59,59,59,59,59,59,59,59,59,59,59,26,23,23,0,0],"gold":135,"neow_bonus":"THREE_ENEMY_KILL","is_daily":false,"chose_seed":false,"campfire_upgraded":3,"win_rate":0.0,"timestamp":1611035072,"path_taken":["M","?","?","?","$","E","M","M","T","R","M","R","E","M","R","BOSS"],"items_purchased_type":["Card"],"build_version":"2020-12-22","purchased_purges":0,"victory":false,"max_hp_per_floor":[66,66,66,66,66,66,66,66,66,66,66,66,66,66,66,66,66],"card_choices":[{"not_picked":["Prepared","All Out Attack"],"picked":"Backflip","floor":1},{"not_picked":["All Out Attack","Prepared"],"picked":"Poisoned Stab","floor":3},{"not_picked":["Deflect","Heel Hook"],"picked":"Dagger Spray","floor":6},{"not_picked":["PiercingWail","Underhanded Strike"],"picked":"Night Terror","floor":7},{"not_picked":["Outmaneuver","Heel Hook"],"picked":"PiercingWail","floor":8},{"not_picked":["Blade Dance","Sucker Punch"],"picked":"Terror","floor":13},{"not_picked":["Quick Slash","Flechettes"],"picked":"Outmaneuver","floor":14}],"player_experience":2502964,"relics_obtained":[{"floor":6,"key":"Calipers"},{"floor":9,"key":"Matryoshka"},{"floor":13,"key":"Ninja Scroll"}],"event_choices":[{"damage_healed":0,"gold_gain":0,"player_choice":"Bought 1 Potion","damage_taken":0,"max_hp_gain":0,"max_hp_loss":0,"event_name":"The Woman in Blue","floor":2,"gold_loss":0},{"damage_healed":0,"gold_gain":0,"player_choice":"1 cards matched","damage_taken":0,"max_hp_gain":0,"max_hp_loss":0,"event_name":"Match and Keep!","floor":4,"gold_loss":0,"cards_obtained":["Bullet Time"]}],"is_beta":false,"boss_relics":[],"items_purged_floors":[],"is_endless":false,"potions_floor_spawned":[3,8,11,14],"killed_by":"Hexaghost","ascension_level":20}}