{"host":"f5gffvlv6a66yqkd","time":1611071361,"event":{"mods":["2.2 Compatiblity","BaseMod","Colored Map","Custom Start","Dark Map","DeckTracker","Keyboard Shortcuts","Minty Spire (QoL Compilation)","Permanent Neow","Quick Restart","Relic Stats","StSLib","SuperFastMode"],"gold_per_floor":[109,129,54,54,72,72,72,92,92,4,4,14,14,29,29,29,29],"floor_reached":16,"language":"KOR","playtime":384,"items_purged":[],"score":184,"play_id":"0bbfec68-84a7-44e2-bd6e-1b85402dc63e","local_time":"20210120004921","is_ascension_mode":true,"campfire_choices":[{"floor":7,"key":"REST"},{"data":"Infinite Blades","floor":11,"key":"SMITH"},{"data":"Accuracy","floor":13,"key":"SMITH"},{"data":"Predator","floor":15,"key":"SMITH"}],"circlet_count":0,"master_deck":["AscendersBane","Strike_G","Strike_G","Strike_G","Strike_G","Strike_G+1","Defend_G","Defend_G","Defend_G","Defend_G","Survivor","Neutralize+1","Dagger Throw","Dagger Spray","Predator+1","Infinite Blades+1","Accuracy+1","PiercingWail","Blur"],"relics":["Ring of the Snake","Orichalcum","Kunai"],"acts_visited":["Exordium"],"potions_floor_usage":[16,16],"damage_taken":[{"damage":0,"enemies":"2 Louse","floor":1,"turns":4},{"damage":2,"enemies":"Jaw Worm","floor":2,"turns":4},{"damage":0,"enemies":"Small Slimes","floor":5,"turns":3},{"damage":6,"enemies":"3 Louse","floor":8,"turns":2},{"damage":4,"enemies":"Red Slaver","floor":12,"turns":3},{"damage":7,"enemies":"Large Slime","floor":14,"turns":5},{"damage":24,"enemies":"Slime Boss","floor":16,"turns":7}],"seed_played":"-6739161776241993871","potions_obtained":[{"floor":8,"key":"LiquidMemories"},{"floor":14,"key":"Swift Potion"}],"is_trial":false,"path_per_floor":["M","M","?","?","M","?","R","M","T","$","R","M","R","M","R","B"],"character_chosen":"THE_SILENT","items_purchased":["Accuracy"],"campfire_rested":1,"item_purchase_floors":[10],"current_hp_per_floor":[59,57,57,39,39,19,38,32,32,32,32,28,28,21,21,0,0],"gold":29,"neow_bonus":"THREE_CARDS","is_daily":false,"chose_seed":false,"campfire_upgraded":3,"win_rate":0.0,"timestamp":1611071361,"path_taken":["M","M","?","?","?","?","R","M","T","$","R","M","R","M","R","BOSS"],"items_purchased_type":["Card"],"build_version":"2020-12-22","purchased_purges":0,"victory":false,"max_hp_per_floor":[66,66,66,66,66,66,66,66,66,66,66,66,66,66,66,66,66],"relic_stats":{"counters":[7,28],"Kunai":[10],"Orichalcum":[78],"obtain_stats":[{"Kunai":9,"Orichalcum":4,"Ring of the Snake":0},{"Kunai":4,"Orichalcum":2,"Ring of the Snake":0},{"Kunai":13,"Orichalcum":8,"Ring of the Snake":0}],"Ring of the Snake":[14]},"card_choices":[{"not_picked":["Cloak And Dagger","Bane"],"picked":"Dagger Throw","floor":0},{"not_picked":["Dagger Throw","Acrobatics"],"picked":"Dagger Spray","floor":1},{"not_picked":["Bane","Noxious Fumes"],"picked":"Predator","floor":2},{"not_picked":["Slice","Deadly Poison"],"picked":"Infinite Blades","floor":5},{"not_picked":["Doppelganger","Bane","Finisher"],"picked":"SKIP","floor":8},{"not_picked":["Slice","Dodge and Roll"],"picked":"PiercingWail","floor":12},{"not_picked":["Dagger Spray","Underhanded Strike"],"picked":"Blur","floor":14}],"player_experience":1602476,"relics_obtained":[{"floor":9,"key":"Kunai"}],"event_choices":[{"cards_removed":["Defend_G"],"damage_healed":0,"gold_gain":0,"player_choice":"Card Removal","damage_taken":0,"max_hp_gain":0,"max_hp_loss":0,"event_name":"The Cleric","floor":3,"gold_loss":75},{"damage_healed":0,"gold_gain":0,"player_choice":"Success","damage_taken":18,"relics_obtained":["Orichalcum"],"max_hp_gain":0,"max_hp_loss":0,"event_name":"Scrap Ooze","floor":4,"gold_loss":0},{"damage_healed":0,"gold_gain":0,"player_choice":"Entered Light","damage_taken":20,"max_hp_gain":0,"max_hp_loss":0,"event_name":"Shining Light","floor":6,"gold_loss":0,"cards_upgraded":["Neutralize","Strike_G"]}],"is_beta":false,"boss_relics":[],"items_purged_floors":[],"is_endless":false,"potions_floor_spawned":[8,14],"killed_by":"Slime Boss","ascension_level":20}}