{"host":"prbesmsd58qkujmx","time":1611017824,"event":{"mods":["2.2 Compatiblity","AchievementEnabler","BaseMod","Colored Map","DeckTracker","Highlight Path","Keyboard Shortcuts","Minty Spire (QoL Compilation)","Permanent Neow","Quick Restart","Random Character Button","StSLib","SuperFastMode","everything is the same but u backflip on backflip"],"gold_per_floor":[119,44,64,64,78,112,112,139,166,166,178,194,207,222,222,320,320,330,230,259,184,198,198,227,78,78,97,115,115,147,158,158,263,263,275,324,341,34,34,34,51,51,96,127,127,147,147,159,159,159,159],"floor_reached":50,"language":"KOR","playtime":3505,"items_purged":["Strike_P","Defend_P","Strike_P","WaveOfTheHand"],"score":574,"play_id":"e73ee090-28c4-4afe-9692-93a03bd9593c","local_time":"20210119095704","is_ascension_mode":false,"campfire_choices":[{"data":"Eruption","floor":7,"key":"SMITH"},{"floor":10,"key":"REST"},{"data":"CutThroughFate","floor":15,"key":"SMITH"},{"data":"CrushJoints","floor":23,"key":"SMITH"},{"floor":29,"key":"REST"},{"floor":32,"key":"REST"},{"data":"Adaptation","floor":40,"key":"SMITH"},{"floor":42,"key":"REST"},{"floor":45,"key":"REST"},{"floor":47,"key":"REST"},{"floor":49,"key":"REST"}],"circlet_count":0,"master_deck":["Defend_P+1","Defend_P+1","Eruption+1","Vigilance+1","WheelKick","ThirdEye","Conclude+1","LikeWater","CutThroughFate+1","Weave+1","FearNoEvil+1","CrushJoints+1","Judgement+1","LessonLearned","PathToVictory+1","SashWhip+1","FlurryOfBlows","ThirdEye+1","Tantrum+1","InnerPeace+1","Scrawl+1","ClearTheMind","Pray+1","Adaptation+1","PathToVictory","FlurryOfBlows+1","FlurryOfBlows+1"],"relics":["HolyWater","Bronze Scales","Potion Belt","Boot","Red Mask","Darkstone Periapt","Oddly Smooth Stone","Tiny Chest","VioletLotus","Thread and Needle","War Paint","Lantern","Nunchaku"],"acts_visited":["Exordium","TheCity","TheBeyond"],"potions_floor_usage":[6,6,22,24,33,33,33,50],"damage_taken":[{"damage":1,"enemies":"Jaw Worm","floor":1,"turns":4},{"damage":0,"enemies":"Cultist","floor":3,"turns":3},{"damage":0,"enemies":"2 Louse","floor":5,"turns":4},{"damage":12,"enemies":"Lagavulin","floor":6,"turns":6},{"damage":33,"enemies":"Gremlin Nob","floor":8,"turns":5},{"damage":0,"enemies":"Looter","floor":11,"turns":3},{"damage":0,"enemies":"Large Slime","floor":12,"turns":3},{"damage":3,"enemies":"3 Louse","floor":13,"turns":2},{"damage":0,"enemies":"2 Fungi Beasts","floor":14,"turns":2},{"damage":30,"enemies":"Slime Boss","floor":16,"turns":7},{"damage":3,"enemies":"Spheric Guardian","floor":18,"turns":2},{"damage":7,"enemies":"Masked Bandits","floor":20,"turns":5},{"damage":1,"enemies":"Chosen","floor":22,"turns":4},{"damage":7,"enemies":"Book of Stabbing","floor":24,"turns":3},{"damage":8,"enemies":"Snecko","floor":27,"turns":5},{"damage":36,"enemies":"Snake Plant","floor":28,"turns":3},{"damage":0,"enemies":"Gremlin Leader","floor":30,"turns":4},{"damage":0,"enemies":"Centurion and Healer","floor":31,"turns":2},{"damage":22,"enemies":"Collector","floor":33,"turns":9},{"damage":7,"enemies":"Orb Walker","floor":35,"turns":3},{"damage":17,"enemies":"2 Orb Walkers","floor":36,"turns":4},{"damage":13,"enemies":"3 Shapes","floor":37,"turns":10},{"damage":35,"enemies":"Sphere and 2 Shapes","floor":41,"turns":6},{"damage":32,"enemies":"Giant Head","floor":44,"turns":7},{"damage":4,"enemies":"Transient","floor":46,"turns":5},{"damage":7,"enemies":"Writhing Mass","floor":48,"turns":2},{"damage":60,"enemies":"Donu and Deca","floor":50,"turns":4}],"seed_played":"5886389523297475009","potions_obtained":[{"floor":1,"key":"SkillPotion"},{"floor":5,"key":"SkillPotion"},{"floor":12,"key":"SpeedPotion"},{"floor":16,"key":"BlessingOfTheForge"},{"floor":18,"key":"Fire Potion"},{"floor":27,"key":"BottledMiracle"},{"floor":30,"key":"Energy Potion"},{"floor":31,"key":"AttackPotion"},{"floor":41,"key":"AttackPotion"},{"floor":44,"key":"SpeedPotion"},{"floor":46,"key":"DuplicationPotion"},{"floor":48,"key":"Ancient Potion"}],"is_trial":false,"path_per_floor":["M","$","M","?","M","E","R","E","T","R","M","M","M","M","R","B",null,"M","$","?","?","M","R","E","$","T","M","M","R","E","M","R","B",null,"M","?","M","$","?","R","M","R","T","E","R","M","R","M","R","B"],"character_chosen":"WATCHER","items_purchased":["FlurryOfBlows","War Paint"],"campfire_rested":7,"item_purchase_floors":[25,38],"current_hp_per_floor":[64,64,64,64,64,52,52,19,19,38,38,38,35,35,35,5,65,62,62,55,55,54,54,47,47,47,39,3,22,22,22,41,19,65,58,41,28,28,57,57,22,39,39,7,24,20,37,30,47,0,0],"gold":159,"neow_bonus":"REMOVE_TWO","is_daily":false,"chose_seed":false,"campfire_upgraded":4,"win_rate":0.0,"timestamp":1611017824,"path_taken":["M","$","M","?","M","E","R","E","T","R","M","M","M","M","R","BOSS","M","$","?","?","M","R","E","$","T","M","M","R","E","M","R","BOSS","M","?","M","$","?","R","M","R","T","E","R","M","R","M","R","BOSS"],"items_purchased_type":["Card","Relic"],"build_version":"2020-12-22","purchased_purges":4,"victory":false,"max_hp_per_floor":[65,65,65,65,65,65,65,65,65,65,65,65,65,65,65,65,65,65,65,65,65,65,65,65,65,65,65,65,65,65,65,65,65,65,65,65,65,65,57,57,57,57,57,57,57,57,57,57,57,57,57],"card_choices":[{"not_picked":["ThirdEye","Crescendo"],"picked":"WheelKick","floor":1},{"not_picked":["JustLucky","Perseverance"],"picked":"ThirdEye","floor":3},{"not_picked":["CrushJoints","Protect"],"picked":"Conclude","floor":5},{"not_picked":["Adaptation","DeceiveReality"],"picked":"LikeWater","floor":6},{"not_picked":["CrushJoints","FollowUp"],"picked":"CutThroughFate","floor":8},{"not_picked":["FlyingSleeves","BowlingBash"],"picked":"Weave","floor":11},{"not_picked":["BattleHymn","Halt"],"picked":"FearNoEvil","floor":12},{"not_picked":["FlurryOfBlows","BowlingBash"],"picked":"CrushJoints","floor":13},{"not_picked":["FollowUp","CarveReality"],"picked":"Judgement","floor":14},{"not_picked":["Scrawl","Omniscience"],"picked":"LessonLearned","floor":16},{"not_picked":["Consecrate","Fasting2"],"picked":"PathToVictory","floor":18},{"not_picked":["LikeWater","CutThroughFate+1"],"picked":"SashWhip+1","floor":20},{"not_picked":["BattleHymn+1","Conclude+1"],"picked":"WaveOfTheHand","floor":22},{"not_picked":["Halt","Fasting2","EmptyFist+1"],"picked":"SKIP","floor":24},{"not_picked":["FollowUp","EmptyBody"],"picked":"ThirdEye+1","floor":27},{"not_picked":["FlurryOfBlows","EmptyMind"],"picked":"Tantrum","floor":28},{"not_picked":["Halt","Establishment","WheelKick"],"picked":"SKIP","floor":30},{"not_picked":["FearNoEvil","ReachHeaven+1"],"picked":"InnerPeace","floor":31},{"not_picked":["Omniscience","Establishment"],"picked":"Scrawl","floor":33},{"not_picked":["TalkToTheHand","CutThroughFate"],"picked":"ClearTheMind","floor":35},{"not_picked":["Perseverance","EmptyFist+1"],"picked":"Pray+1","floor":36},{"not_picked":["ClearTheMind","Tantrum+1"],"picked":"Adaptation","floor":37},{"not_picked":["Conclude","EmptyFist"],"picked":"PathToVictory","floor":41},{"not_picked":["Protect","BowlingBash+1","SashWhip"],"picked":"SKIP","floor":44},{"not_picked":["EmptyBody","Collect"],"picked":"FlurryOfBlows+1","floor":46},{"not_picked":["Swivel+1","Protect"],"picked":"FlurryOfBlows+1","floor":48}],"player_experience":109963,"relics_obtained":[{"floor":6,"key":"Bronze Scales"},{"floor":8,"key":"Potion Belt"},{"floor":9,"key":"Boot"},{"floor":20,"key":"Red Mask"},{"floor":24,"key":"Darkstone Periapt"},{"floor":26,"key":"Oddly Smooth Stone"},{"floor":30,"key":"Tiny Chest"},{"floor":36,"key":"Thread and Needle"},{"floor":43,"key":"Lantern"},{"floor":44,"key":"Nunchaku"}],"event_choices":[{"damage_healed":0,"gold_gain":0,"player_choice":"Ignored","damage_taken":0,"max_hp_gain":0,"max_hp_loss":0,"event_name":"NoteForYourself","floor":4,"gold_loss":0},{"damage_healed":0,"gold_gain":0,"player_choice":"Fought Bandits","damage_taken":0,"max_hp_gain":0,"max_hp_loss":0,"event_name":"Masked Bandits","floor":20,"gold_loss":0},{"cards_removed":["Strike_P"],"damage_healed":0,"gold_gain":0,"player_choice":"Gave Gold","damage_taken":0,"max_hp_gain":0,"max_hp_loss":0,"event_name":"Beggar","floor":21,"gold_loss":75},{"damage_healed":0,"gold_gain":0,"player_choice":"Fight","damage_taken":0,"max_hp_gain":0,"max_hp_loss":0,"event_name":"Mysterious Sphere","floor":36,"gold_loss":0},{"damage_healed":57,"gold_gain":0,"player_choice":"Heal","damage_taken":0,"max_hp_gain":0,"max_hp_loss":8,"event_name":"The Moai Head","floor":39,"gold_loss":0}],"is_beta":false,"boss_relics":[{"not_picked":["Tiny House","Busted Crown"],"picked":"HolyWater"},{"not_picked":["Velvet Choker","SlaversCollar"],"picked":"VioletLotus"}],"items_purged_floors":[2,19,25,38],"is_endless":false,"potions_floor_spawned":[1,5,12,16,18,27,30,31,41,44,46,48],"killed_by":"Donu and Deca","ascension_level":0}}