{"host":"kq2g769nefmuyn7c","time":1611065401,"event":{"mods":["ATMod(°¢èªMod)","Act Like it!","BaseMod","Gensokyo","Koishi","Minty Spire (QoL Compilation)","Remilia£¨ÀÙÃ×ÀòÑÇ£©","Replay The Spire","StSLib","The Servant 0.9.4"],"gold_per_floor":[109,109,109,125,125,125,152,152,152,202,202,214,214,214,214,287,287,297,297,297,17,17,47,47,78,90,127,158,200,25,66,78,169,181,205,217,247,278,290,302,341,353,391,43,43,61,76,111,111,111,111,111,44,75,75],"floor_reached":56,"language":"ZHS","playtime":3201,"items_purged":["Defend_RM","Defend_RM"],"score":2349,"play_id":"1d0040b7-6023-47de-8cce-534b67052043","local_time":"20210119221001","is_ascension_mode":true,"campfire_choices":[{"data":"ScarletSymphony","floor":6.0,"key":"SMITH"},{"data":"AT_FamilyPortrait","floor":8.0,"key":"SMITH"},{"data":"ScarletShoot","floor":11.0,"key":"SMITH"},{"floor":15.0,"key":"RECALL"},{"data":"QueenOfMidnight","floor":24,"key":"SMITH"},{"data":"BloodyMagicSquare","floor":32,"key":"SMITH"},{"data":"GlobalNightmare","floor":40,"key":"SMITH"},{"data":"Septette","floor":45,"key":"SMITH"},{"data":"1","floor":52,"key":"LIFT"}],"circlet_count":0,"master_deck":["AscendersBane","Defend_RM+1","RedMoon+1","ScarletShoot+1","AT_FamilyPortrait+1","DiffusionOfMisfortune+1","MillenniumVampire+1","Clumsy","ScarletMeister+1","TwelveNightmare+1","EquivalentExchange+1","VampireKiss+1","ScarletCoffin+1","BloodyMagicSquare+1","ReincarnationDial+1","RedRainbow+1","BloodHunter+1","TricksterDevil+1","GlobalNightmare+1","BloodRain+1","TransientEternity+1","Septette+1","AfternoonTea+1","ScarletNetherworld","MillenniumVampire","Delirium","BloodyHallows+1","ScarletSymphony+1"],"relics":["ScarletHat","AT_ATBox","Strawberry","Gensokyo:NagashiBinaDoll","ReplayTheSpireMod:TigerMarble","AT_EbonyIvory","Gensokyo:Mercy","Coffee Dripper","Chemical X","Gensokyo:SongOfSouls","Replay:Rubber Ducky","MawBank","Turnip","Chameleon Ring","Replay:PocketPolymizer","Replay:Ringing Soul","MealTicket","Strange Spoon","Du-Vu Doll","Golden Egg","Sozu","Smiling Mask","Girya","HornCleat","Gensokyo:DualWield","Guide Book","Gremlin Food","Replay:Mystery Machine","Bronze Scales","AT_SunfireAegis","Ring of Peace","ReplayTheSpireMod:Ring of Challenge","StrikeDummy"],"acts_visited":["Gensokyo:Gensokyo","Gensokyo:Gensokyoer","Gensokyo:Gensokyoest","TheEnding"],"potions_floor_usage":[23],"damage_taken":[{"damage":4.0,"enemies":"Gensokyo:3_Fairies","floor":1.0,"turns":6.0},{"damage":0.0,"enemies":"Gensokyo:Python","floor":4.0,"turns":4.0},{"damage":1.0,"enemies":"Gensokyo:Cirno","floor":7.0,"turns":7.0},{"damage":0.0,"enemies":"Gensokyo:Mamizou","floor":10.0,"turns":9.0},{"damage":0.0,"enemies":"Gensokyo:Gryphon","floor":12.0,"turns":1.0},{"damage":10.0,"enemies":"Gensokyo:Yukari","floor":16.0,"turns":5.0},{"damage":0.0,"enemies":"Gensokyo:2_Gloops","floor":18.0,"turns":5.0},{"damage":23,"enemies":"Gensokyo:Reisen","floor":23,"turns":5},{"damage":48,"enemies":"Gensokyo:Tenshi","floor":25,"turns":3},{"damage":33,"enemies":"Gensokyo:Koishi","floor":27,"turns":7},{"damage":5,"enemies":"Gensokyo:AngelMirror","floor":28,"turns":2},{"damage":27,"enemies":"Gensokyo:Reisen","floor":29,"turns":6},{"damage":43,"enemies":"Gensokyo:Koishi","floor":31,"turns":6},{"damage":89,"enemies":"Gensokyo:Eiki","floor":33,"turns":12},{"damage":61,"enemies":"Gensokyo:AncientGuardian","floor":35,"turns":3},{"damage":56,"enemies":"Gensokyo:3_Boulders","floor":37,"turns":6},{"damage":66,"enemies":"Gensokyo:AtlasGolem","floor":38,"turns":3},{"damage":58,"enemies":"Gensokyo:Doremy","floor":41,"turns":1},{"damage":52,"enemies":"Gensokyo:Sharpion","floor":46,"turns":2},{"damage":0,"enemies":"Gensokyo:Dusk_and_Dawn","floor":47,"turns":6},{"damage":44,"enemies":"Gensokyo:Kasen","floor":48,"turns":5},{"damage":8,"enemies":"Gensokyo:Scarlet_Devils","floor":50,"turns":5},{"damage":12,"enemies":"Shield and Spear","floor":54,"turns":3},{"damage":81,"enemies":"The Heart","floor":55,"turns":5}],"seed_played":"4851535502731110834","potions_obtained":[{"floor":4.0,"key":"Weak Potion"},{"floor":12.0,"key":"PowerPotion"},{"floor":18.0,"key":"AttackPotion"},{"floor":27,"key":"DuplicationPotion"},{"floor":27,"key":"PowerPotion"}],"is_trial":false,"path_per_floor":["M","?","?","M","?","R","E","R","T","E","R","M","?","?","R","B",null,"M","?","?","$","?","E","R","E","T","E","M","E","COS","E","R","B",null,"M","?","M","M","?","R","E","?","T","$","R","M","M","E","R","B",null,"R","$","E","B",null],"character_chosen":"REMILIA","items_purchased":["Chemical X","VampireKiss","TransientEternity","Guide Book","BloodyHallows"],"campfire_rested":0,"item_purchase_floors":[21,21,44,44,53],"current_hp_per_floor":[59,52,52,52,52,52,51,51,51,62,62,62,62,62,62,62,73,76,76,76,76,76,68,68,73,73,57,53,80,83,86,89,92,92,92,92,92,95,76,79,94,94,94,101,104,67,87,71,74,109,112,112,116,115,60],"gold":75,"neow_bonus":"TRANSFORM_CARD","is_daily":false,"chose_seed":false,"campfire_upgraded":7,"win_rate":0.0,"timestamp":1611065401,"path_taken":["M","?","?","?","?","R","E","R","T","E","R","M","?","?","R","BOSS","M","?","?","$","?","E","R","E","T","E","M","E","COS","E","R","BOSS","M","?","M","M","?","R","E","?","T","?","R","M","M","E","R","BOSS","R","$","E","BOSS"],"items_purchased_type":["Relic","Card","Card","Relic","Card"],"build_version":"2020-12-22","purchased_purges":2,"victory":true,"max_hp_per_floor":[70,77,77,77,77,77,77,77,77,77,77,77,77,77,77,77,77,77,77,77,77,77,77,77,77,77,77,77,80,83,86,89,92,92,92,92,92,95,95,98,98,98,98,101,104,107,107,110,113,113,113,113,116,119,119],"card_choices":[{"not_picked":["BombardNight","UnstableMagic"],"picked":"DiffusionOfMisfortune","floor":1.0},{"not_picked":["ScarletImprint","UnderTheZenith"],"picked":"MillenniumVampire","floor":4.0},{"not_picked":["ScarletDevil","RedMagic","BloodyTrap"],"picked":"SKIP","floor":7.0},{"not_picked":["Maim","SuperhumanBloodyKnife","DiffusionOfMisfortune"],"picked":"SKIP","floor":10.0},{"not_picked":["BadLadyScramble","Septette"],"picked":"VampireClaw","floor":12.0},{"not_picked":["CurseOfVladTepes","BloodRain"],"picked":"QueenOfMidnight","floor":16.0},{"not_picked":["Stigmanizer","DevilSight"],"picked":"TwelveNightmare+1","floor":18.0},{"not_picked":["VampireKiss","BloodyTrap","CharismaGuard"],"picked":"SKIP","floor":23},{"not_picked":["UnderTheZenith","VampireKiss"],"picked":"ScarletCoffin","floor":25},{"not_picked":["VampireSweep","NightDance"],"picked":"BloodyMagicSquare","floor":27},{"not_picked":["BlasphemousPunishment","ScarletDevilSign"],"picked":"ReincarnationDial","floor":28},{"not_picked":["Stigmanizer","UnstableMagic"],"picked":"RedRainbow+1","floor":29},{"not_picked":["ScarletDevil+1","TwelveNightmare+1"],"picked":"BloodHunter+1","floor":31},{"not_picked":["RedMagic","TwelveNightmare"],"picked":"BlasphemousPunishment","floor":31},{"not_picked":["EquivalentExchange","CeilingFear"],"picked":"TricksterDevil","floor":33},{"not_picked":["BombardNight","CharismaGuard","StarOfDavid+1"],"picked":"SKIP","floor":35},{"not_picked":["BombardNight","DiffusionOfMisfortune","ForbiddenFruit"],"picked":"SKIP","floor":37},{"not_picked":["BombardNight","CharismaGuard"],"picked":"GlobalNightmare","floor":38},{"not_picked":["BombardNight","EmergencyRegeneration+1","ScarletSymphony"],"picked":"SKIP","floor":41},{"not_picked":["ScarletDevilSign+1","UnstableMagic"],"picked":"AfternoonTea","floor":46},{"not_picked":["BombardNight","BloodHunter","MastersStateliness"],"picked":"SKIP","floor":47},{"not_picked":["Ultimatum","BloodRain"],"picked":"ScarletNetherworld","floor":48},{"not_picked":["StarOfDavid","VampireClaw"],"picked":"ScarletSymphony+1","floor":54}],"player_experience":285245,"relics_obtained":[{"floor":7.0,"key":"ReplayTheSpireMod:TigerMarble"},{"floor":9.0,"key":"War Paint"},{"floor":10.0,"key":"AT_EbonyIvory"},{"floor":23,"key":"Replay:Rubber Ducky"},{"floor":25,"key":"MawBank"},{"floor":26,"key":"Turnip"},{"floor":27,"key":"Chameleon Ring"},{"floor":27,"key":"Replay:PocketPolymizer"},{"floor":29,"key":"Replay:Ringing Soul"},{"floor":29,"key":"MealTicket"},{"floor":31,"key":"Du-Vu Doll"},{"floor":33,"key":"Golden Egg"},{"floor":37,"key":"Smiling Mask"},{"floor":41,"key":"Girya"},{"floor":41,"key":"HornCleat"},{"floor":47,"key":"Gremlin Food"},{"floor":47,"key":"Replay:Mystery Machine"},{"floor":48,"key":"Bronze Scales"},{"floor":48,"key":"AT_SunfireAegis"},{"floor":49,"key":"Ring of Peace"},{"floor":49,"key":"ReplayTheSpireMod:Ring of Challenge"},{"floor":54,"key":"StrikeDummy"}],"event_choices":[],"is_beta":false,"boss_relics":[{"not_picked":["Calling Bell","SlaversCollar"],"picked":"Coffee Dripper"},{"not_picked":["Snecko Eye","Runic Dome"],"picked":"Sozu"}],"items_purged_floors":[21,44],"is_endless":false,"potions_floor_spawned":[4,12,18,27,28,33,35,37,41],"ascension_level":15}}