{"host":"7fyy23rucerupe6i","time":1611060219,"event":{"mods":["AchievementEnabler","Act Like it!","BaseMod","BetterRewards","Colored Map","Colored Powertips","Conspire","Custom Start","Downfall","Marisa£®ÏF”Í°°ƒß¿Ì…≥£©","Minty Spire (QoL Compilation)","Quick Restart","Shop Mod","Spicy Shops","StSLib","SuperFastMode","The Factory","The Jungle","UnlockEverythingMod"],"gold_per_floor":[0,19,19,19,19,30,30,30,46,78,78,89,123,134,145,247,247,247,262,272,282,298,248,248,248,248],"floor_reached":25,"language":"ZHS","playtime":1714,"items_purged":[],"score":215,"play_id":"1b161fb8-2dd0-4dda-a812-7ed235227b2d","local_time":"20210119204339","is_ascension_mode":false,"campfire_choices":[{"data":"bronze:Replicate","floor":1,"key":"SMITH"},{"data":"bronze:Return","floor":11,"key":"SMITH"},{"data":"bronze:AlphaBuild","floor":18,"key":"SMITH"}],"circlet_count":0,"master_deck":["bronze:Strike","bronze:Strike","bronze:Strike","bronze:Defend","bronze:Defend","bronze:Defend","bronze:Defend","bronze:Replicate+1","bronze:Goto","bronze:Boost","bronze:Return+1","bronze:CutThrough","bronze:MaxOutput","bronze:Frontload","bronze:Repulsor","bronze:Turbo+1","bronze:MaxOutput","bronze:BronzeOrb","bronze:AlphaBuild+1","bronze:WildBeam+1","bronze:ClassDefault+1","bronze:FineTuning+1"],"relics":["bronze:BronzeCore","hexamod:CandleOfCauterizing","Potion Belt","Toxic Egg 2","Black Star","Prayer Wheel"],"acts_visited":["Exordium","TheCity"],"potions_floor_usage":[10,16,20,25],"damage_taken":[{"damage":1,"enemies":"2 Louse","floor":2,"turns":3},{"damage":1,"enemies":"Jaw Worm","floor":6,"turns":5},{"damage":0,"enemies":"Cultist","floor":8,"turns":1},{"damage":7,"enemies":"3 Louse","floor":9,"turns":4},{"damage":15,"enemies":"3 Sentries","floor":10,"turns":8},{"damage":1,"enemies":"2 Fungi Beasts","floor":12,"turns":3},{"damage":14,"enemies":"Lagavulin","floor":13,"turns":8},{"damage":9,"enemies":"Lots of Slimes","floor":14,"turns":6},{"damage":2,"enemies":"Blue Slaver","floor":15,"turns":4},{"damage":24,"enemies":"DF_ARCHETYPE_STREAMLINE","floor":16,"turns":10},{"damage":17,"enemies":"Chosen","floor":19,"turns":6},{"damage":18,"enemies":"Snake Plant","floor":20,"turns":5},{"damage":14,"enemies":"Centurion and Healer","floor":21,"turns":5},{"damage":0,"enemies":"Snecko","floor":22,"turns":5},{"damage":48,"enemies":"Book of Stabbing","floor":25,"turns":7}],"seed_played":"8819762776883891269","potions_obtained":[{"floor":5,"key":"Strength Potion"},{"floor":5,"key":"bronze:CleanCodePotion"},{"floor":5,"key":"FairyPotion"},{"floor":6,"key":"SkillPotion"},{"floor":13,"key":"Fire Potion"},{"floor":14,"key":"bronze:BurnAndBuffPotion"},{"floor":15,"key":"bronze:CleanCodePotion"},{"floor":19,"key":"Block Potion"},{"floor":21,"key":"SneckoOil"}],"is_trial":false,"path_per_floor":["R","M","?","?","?","M","T","M","M","E","R","M","E","M","M","B",null,"R","M","M","M","M","?","T","E"],"character_chosen":"THE_AUTOMATON","items_purchased":[],"campfire_rested":0,"item_purchase_floors":[],"current_hp_per_floor":[84,83,83,83,83,82,82,82,75,60,60,59,45,36,34,10,84,84,67,49,35,35,66,66,18,18],"gold":248,"neow_bonus":"TWENTY_PERCENT_HP_BONUS","is_daily":false,"chose_seed":false,"campfire_upgraded":3,"win_rate":0.0,"timestamp":1611060219,"path_taken":["R","M","?","?","?","M","T","M","?","E","R","M","E","M","M","BOSS","R","M","M","M","M","?","T","E"],"items_purchased_type":[],"build_version":"2020-12-22","purchased_purges":0,"victory":false,"max_hp_per_floor":[84,84,84,84,84,84,84,84,84,84,84,84,84,84,84,84,84,84,84,84,84,84,84,84,84,84],"card_choices":[{"not_picked":["bronze:Deprecate","bronze:Separator"],"picked":"bronze:Boost","floor":2},{"not_picked":["bronze:Constructor","bronze:Philosophize"],"picked":"bronze:Return","floor":6},{"not_picked":["bronze:Turbo","bronze:Deprecate"],"picked":"bronze:CutThrough","floor":8},{"not_picked":["bronze:Deprecate","bronze:BronzeArmor"],"picked":"bronze:MaxOutput","floor":9},{"not_picked":["bronze:Overheat","bronze:FineTuning"],"picked":"bronze:Frontload","floor":10},{"not_picked":["bronze:DelayedSlice","bronze:BitShift"],"picked":"bronze:Repulsor","floor":12},{"not_picked":["bronze:WildBeam","bronze:Branch"],"picked":"bronze:Turbo+1","floor":13},{"not_picked":["bronze:Frontload+1","bronze:DarkDash"],"picked":"bronze:MaxOutput","floor":14},{"not_picked":["bronze:DelayedGuard+1","bronze:CloningBeam"],"picked":"bronze:BronzeOrb","floor":15},{"not_picked":["bronze:ThunderWave","bronze:CleanCode"],"picked":"bronze:AlphaBuild","floor":16},{"not_picked":["bronze:DelayedGuard+1","bronze:BitShift+1"],"picked":"bronze:WildBeam+1","floor":19},{"not_picked":["bronze:DelayedSlice+1","bronze:Terminator+1"],"picked":"bronze:ClassDefault+1","floor":20},{"not_picked":["bronze:BitShift+1","bronze:Separator"],"picked":"bronze:FineTuning+1","floor":21},{"not_picked":["bronze:Repair+1","bronze:BitShift+1","bronze:DelayedGuard+1"],"picked":"SKIP","floor":22}],"player_experience":370286,"relics_obtained":[{"floor":7,"key":"hexamod:CandleOfCauterizing"},{"floor":10,"key":"Potion Belt"},{"floor":13,"key":"Toxic Egg 2"},{"floor":24,"key":"Prayer Wheel"}],"event_choices":[{"damage_healed":0,"gold_gain":0,"player_choice":"Got Potions","damage_taken":0,"max_hp_gain":0,"max_hp_loss":0,"event_name":"Lab","floor":5,"gold_loss":0}],"is_beta":false,"boss_relics":[{"not_picked":["Philosopher\u0027s Stone","Astrolabe"],"picked":"Black Star"}],"items_purged_floors":[],"is_endless":false,"potions_floor_spawned":[6,13,14,15,19,21],"killed_by":"Book of Stabbing","ascension_level":0}}