{"host":"4ek4eq5z32z3zgvw","time":1611037994,"event":{"mods":["2.2 Compatiblity","AchievementEnabler","Act Like it!","AlwaysNeverKeys","Aspiration","BaseMod","Better Altar","Better Match","Better Note","Better Sensory Stone","Better Skull","Better Third Choice","BetterRewards","Block Reminder","Challenge The Spire","Colored Map","Colored Powertips","Curses Come First","Dark Map","DeckTracker","Defuse TimeMaze Blight","Energized Spire","Evolution","Gensokyo","GifTheSpireLib","Halation","Hallownest","Highlight Path","Hubris","Infinite Spire","Minty Spire (QoL Compilation)","Permanent Neow","Quick Restart","RRrroohrrRGHHhhh!!","Rare Cards Sparkle","RatMod","Relic Filter","Relic Sorter","Relic Stats","Replay The Spire","Reworked Bosses","Shop Mod","Spicy Shops","Spikes Relics","StSLib","Stuff the Spire","SuperFastMode","The Blue Laboratory","Uncapped","Unceasing Turn Reminder","Unknown Chances","UnlockEverythingMod","Waifu the Spire","egg","vexMod","????"],"gold_per_floor":[115,115,40,40,40,65,65,65,65,65,76,95,108,141,141,220,220,233,79,79,92,107,140,140,150,173,173,187,204,224,40,40,113,113,130,148,148,8,8],"floor_reached":38,"language":"ENG","playtime":2114,"items_purged":["Night Terror"],"score":1192,"play_id":"83d85b4d-3453-43ac-86ce-db590c53f95f","local_time":"20210119003314","is_ascension_mode":true,"campfire_choices":[{"data":"After Image","floor":7.0,"key":"SMITH"},{"data":"hubris:EnhanceAbility","floor":10.0,"key":"SMITH"},{"data":"infinitespire:TheBestDefense","floor":15.0,"key":"SMITH"},{"floor":24.0,"key":"REST"},{"floor":27.0,"key":"REST"},{"floor":32,"key":"REST"}],"circlet_count":0,"master_deck":["AscendersBane","Bane+1","Bane+1","Backflip","Backflip","Backflip","Backflip","Survivor","Neutralize","Footwork+1","After Image+1","Footwork","rat:SilveredBlade","Dagger Spray+1","ReplayTheSpireMod:Private Reserves","hubris:EnhanceAbility+1","Deadly Poison","Flying Knee+1","rat:RuptureArtery","infinitespire:TheBestDefense+1","rat:Exsanguinate","rat:SilverCoating+1","PiercingWail","Dodge and Roll","ReplayTheSpireMod:Black Plague","PiercingWail","infinitespire:Neurotoxin","ReplayUltimateDefense","Glass Knife+1","rat:SilveredBlade+1","rat:WitheringShackles+1","rat:DextrousStrike","StuffTheSpire:MirrorStance","infinitespire:FutureSight","hubris:Rewind","infinitespire:UltimateForm","ReplayTheSpireMod:Brewmster","Replay:Bootleg Shield Generator"],"relics":["Ring of the Snake","EVO:Axolotl","SpikesRelics:DaevaFist","Matryoshka","Orrery","halation:PeacePiece","Snake Skull","halation:LostSnail","StuffTheSpire:HeavyRock","halation:EternalFortune","LugNut","aspiration:TomeofQuesting","Anchor","infinitespire:EmpoweringShard","hubris:ScarierMask","ClockworkSouvenir","Whetstone","rorgmod:The Boot","Replay:Mystery Machine","Astrolabe","hubris:FunFungus","ReplayTheSpireMod:ShopPack"],"acts_visited":["Exordium","Gensokyo:Gensokyoer","TheBeyond"],"potions_floor_usage":[29,29,29,30,36,38,38,38,38,38,38,38],"damage_taken":[{"damage":0.0,"enemies":"Jaw Worm","floor":1.0,"turns":7.0},{"damage":5.0,"enemies":"Lagavulin","floor":6.0,"turns":6.0},{"damage":0.0,"enemies":"Small Slimes","floor":11.0,"turns":2.0},{"damage":0.0,"enemies":"2 Louse","floor":12.0,"turns":4.0},{"damage":0.0,"enemies":"Large Slime","floor":13.0,"turns":7.0},{"damage":1.0,"enemies":"Nightmare","floor":14.0,"turns":10.0},{"damage":3.0,"enemies":"Slime Boss","floor":16.0,"turns":13.0},{"damage":0.0,"enemies":"Gensokyo:2_Gloops","floor":18.0,"turns":4.0},{"damage":0.0,"enemies":"Gensokyo:Chomper","floor":21.0,"turns":4.0},{"damage":11.0,"enemies":"Gensokyo:Slime_Group","floor":22.0,"turns":4.0},{"damage":0.0,"enemies":"Nightmare","floor":23.0,"turns":10.0},{"damage":13.0,"enemies":"Gensokyo:Wraith","floor":25.0,"turns":5.0},{"damage":4,"enemies":"Gensokyo:3_Gloops","floor":28,"turns":7},{"damage":24,"enemies":"Gensokyo:Swordslinger","floor":29,"turns":5},{"damage":9,"enemies":"Gensokyo:Slime_Group","floor":30,"turns":7},{"damage":18,"enemies":"Gensokyo:Eiki","floor":33,"turns":10},{"damage":12,"enemies":"3 Shapes","floor":35,"turns":6},{"damage":0,"enemies":"Orb Walker","floor":36,"turns":5},{"damage":54,"enemies":"hubris:Merchant","floor":38,"turns":8}],"seed_played":"3961250104885822179","potions_obtained":[{"floor":1.0,"key":"Flashbang"},{"floor":13.0,"key":"blueLaboratory:RememoryPotion"},{"floor":16.0,"key":"blueLaboratory:HeartbeatPotion"},{"floor":23.0,"key":"blueLaboratory:FrostheartPotion"},{"floor":28,"key":"EntropicBrew"},{"floor":29,"key":"blueLaboratory:HorrorPotion"},{"floor":33,"key":"blueLaboratory:RecallPotion"},{"floor":36,"key":"Energy Potion"}],"is_trial":false,"path_per_floor":["M","?","?","?","?","E","R","$","T","R","M","M","M","NM","R_BF","B",null,"M","COS","?","M","M","NM","R","M","T","R","M","M","M","$","R","B",null,"M","M","AVR","$"],"character_chosen":"THE_SILENT","items_purchased":["SpikesRelics:DaevaFist","Matryoshka","Orrery","halation:PeacePiece","Snake Skull","ReplayTheSpireMod:Private Reserves","halation:LostSnail","hubris:EnhanceAbility","StuffTheSpire:HeavyRock","Adrenaline Potion","ReplayUltimateDefense","ReplayTheSpireMod:ShopPack"],"campfire_rested":3,"item_purchase_floors":[0,0,0,0,0,0,0,0,0,0,31,38],"current_hp_per_floor":[66,69,69,69,69,64,64,64,64,64,64,64,64,63,63,60,72,72,72,24,24,13,13,35,22,22,44,40,16,7,7,29,11,60,48,48,48,0,0],"gold":8,"neow_bonus":"","is_daily":false,"chose_seed":false,"campfire_upgraded":3,"win_rate":0.0,"timestamp":1611037994,"path_taken":["M","?","?","?","?","E","R","$","T","R","M","M","M","NM","R_BF","BOSS","M","COS","?","?","M","NM","R","?","T","R","M","M","M","$","R","BOSS","M","M","AVR","?"],"items_purchased_type":["Relic","Relic","Relic","Relic","Relic","Card","Relic","Card","Relic","Potion","Card","Relic"],"build_version":"2020-12-22","purchased_purges":1,"victory":false,"max_hp_per_floor":[73,76,76,76,76,76,76,76,76,76,76,76,76,76,76,76,76,76,76,76,76,76,76,76,76,76,76,76,76,76,76,76,76,76,76,76,76,76,76],"relic_stats":{"counters":[87,351],"Astrolabe":["Glass Knife","rat:SilveredBlade","rat:WitheringShackles"],"Snake Skull":[32],"Whetstone":["Bane","Dagger Spray"],"obtain_stats":[{"TwistedFunnel":11,"Golden Egg":0,"StuffTheSpire:Barrel":36,"vexMod:MemoryStick":40,"Whetstone":0,"Bottled Tornado":0,"Sling":0,"Boot":42,"vexMod:InvisibilityCloak":9,"infinitespire:ShieldingShard":0,"rorgmod:The Boot":46,"aspiration:PoetsPen":34,"halation:PromiseList":7,"Replay:Wax Seal":9,"hubris:MobiusCoin":0,"MerchantsRug":11,"GiantMaggot":44,"Blue Candle":29,"Eternal Feather":43,"Pen Nib":10,"infinitespire:Magic Flask":3,"aspiration:FrozenJewel":0,"Bird Faced Urn":8,"Kintsugi":17,"infinitespire:PuzzleCube":6,"Lantern":0,"Torii":0,"Singing Bowl":0,"Bag of Preparation":46,"HeavenlyBonsai":0,"Burning Blood":29,"Replay:Rubber Ducky":0,"StuffTheSpire:OccultApparatus":3,"Matryoshka":0,"Ring of Peace":4,"hubris:ScarierMask":17,"hubris:CuriousFeather":47,"hubris:FunFungus":37,"Chemical X":0,"Ring of Panic":25,"Replay:Bottled Eggs":49,"InkBottle":14,"Ring of the Snake":0,"StuffTheSpire:TintedRock":0,"Potion Belt":0,"Lee\u0027s Waffle":0,"StuffTheSpire:Saxophone":0,"PreservedInsect":0,"Omamori":0,"infinitespire:Lucky Rock":26,"hubris:Towel":2,"Frozen Egg 2":0,"halation:NonexistentMirror":0,"StuffTheSpire:Mouthbags":25,"Ornamental Fan":0,"rat:KircheisShard":23,"Ring of Misfortune":25,"Orrery":0,"Garlic":0,"SpikesRelics:DaevaFist":0,"Art of War":29,"Bottled Lightning":11,"halation:LostSnail":0,"halation:PinkSoulGem":42,"halation:PeacePiece":0,"Ice Cream":13,"CeramicFish":0,"EVO:Axolotl":0,"Centennial Puzzle":49,"DollysMirror":0,"halation:PrussianBluePaint":0,"halation:VictoryRuler":17,"Philosopher\u0027s Stone":34,"Toxic Egg 2":0,"LugNut":6,"Happy Flower":11,"hubris:DuctTape":0,"ReplayTheSpireMod:CursedCoin":0,"aspiration:Nostalgia":29,"Astrolabe":34,"Oddly Smooth Stone":0,"infinitespire:Beetle Shell":0,"vexMod:PaidLearning":0,"BlackRope":0,"War Paint":0,"Question Card":0,"Du-Vu Doll":0,"rat:RedSneckoSkull":46,"ReplayTheSpireMod:Shallot":0,"Bronze Scales":0,"StuffTheSpire:DarkSteelAnvil":0,"Onion Ring":29,"ReplayTheSpireMod:TigerMarble":0,"infinitespire:EmpoweringShard":14,"Pocketwatch":9,"Darkstone Periapt":0,"ReplayFunnel":0,"SnailShell":0,"aspiration:TomeofQuesting":0,"Snake Skull":0,"halation:WeightlessCrab":0,"Juzu Bracelet":0,"hubris:SlimyHat":0,"Replay:Mystery Machine":26,"vexMod:Spyglass":0,"ClockworkSouvenir":0,"StuffTheSpire:Experiment12":7,"Tough Bandages":0,"Dream Catcher":4,"hubris:Icosahedron":3,"Mummified Hand":0,"StuffTheSpire:HeavyRock":0,"MiniBlackHole":12,"RollingBoulder":0,"Tiny Chest":0,"energizedSpire:RedRose":52,"BargainBundle":0,"Replay:Towering Pillar of Hats":0,"infinitespire:CursedDice":27,"Guide Book":0,"Quantum Egg":44,"halation:IllGainedPizza":43,"hubris:MedicalManual":0,"Orichalcum":0,"Medical Kit":0,"Peace Pipe":29,"Calling Bell":17,"Strange Spoon":0,"Anchor":46,"vexMod:BarristanHead":26,"vexMod:HeadHunter":0,"halation:EternalFortune":47,"rat:QuicksilverSash":0,"Membership Card":0,"hubris:OldNail":0,"hubris:Potato":0,"ReplayTheSpireMod:ShopPack":0,"hubris:NiceRug":29},{"TwistedFunnel":13,"Golden Egg":2,"StuffTheSpire:Barrel":26,"vexMod:MemoryStick":29,"Whetstone":9,"Bottled Tornado":9,"Sling":9,"Boot":65,"vexMod:InvisibilityCloak":12,"infinitespire:ShieldingShard":9,"rorgmod:The Boot":31,"aspiration:PoetsPen":60,"halation:PromiseList":5,"Replay:Wax Seal":6,"hubris:MobiusCoin":9,"MerchantsRug":13,"GiantMaggot":66,"Blue Candle":21,"Eternal Feather":65,"Pen Nib":13,"infinitespire:Magic Flask":40,"aspiration:FrozenJewel":2,"Bird Faced Urn":49,"Kintsugi":16,"infinitespire:PuzzleCube":47,"Lantern":9,"Torii":2,"Singing Bowl":9,"Bag of Preparation":31,"HeavenlyBonsai":38,"Burning Blood":22,"Replay:Rubber Ducky":9,"StuffTheSpire:OccultApparatus":1,"Matryoshka":68,"Ring of Peace":11,"hubris:ScarierMask":75,"hubris:CuriousFeather":31,"hubris:FunFungus":86,"Chemical X":9,"Ring of Panic":56,"Replay:Bottled Eggs":66,"InkBottle":15,"Ring of the Snake":0,"StuffTheSpire:TintedRock":9,"Potion Belt":9,"Lee\u0027s Waffle":9,"StuffTheSpire:Saxophone":2,"PreservedInsect":9,"Omamori":9,"infinitespire:Lucky Rock":56,"hubris:Towel":1,"Frozen Egg 2":9,"halation:NonexistentMirror":2,"StuffTheSpire:Mouthbags":20,"Ornamental Fan":9,"rat:KircheisShard":19,"Ring of Misfortune":56,"Orrery":9,"Garlic":9,"SpikesRelics:DaevaFist":9,"Art of War":22,"Bottled Lightning":13,"halation:LostSnail":9,"halation:PinkSoulGem":29,"halation:PeacePiece":68,"Ice Cream":14,"CeramicFish":9,"EVO:Axolotl":0,"Centennial Puzzle":66,"DollysMirror":9,"halation:PrussianBluePaint":9,"halation:VictoryRuler":51,"Philosopher\u0027s Stone":25,"Toxic Egg 2":38,"LugNut":70,"Happy Flower":7,"hubris:DuctTape":9,"ReplayTheSpireMod:CursedCoin":9,"aspiration:Nostalgia":22,"Astrolabe":84,"Oddly Smooth Stone":9,"infinitespire:Beetle Shell":9,"vexMod:PaidLearning":9,"BlackRope":9,"War Paint":9,"Question Card":9,"Du-Vu Doll":9,"rat:RedSneckoSkull":31,"ReplayTheSpireMod:Shallot":9,"Bronze Scales":9,"StuffTheSpire:DarkSteelAnvil":9,"Onion Ring":22,"ReplayTheSpireMod:TigerMarble":9,"infinitespire:EmpoweringShard":74,"Pocketwatch":49,"Darkstone Periapt":9,"ReplayFunnel":9,"SnailShell":9,"aspiration:TomeofQuesting":9,"Snake Skull":9,"halation:WeightlessCrab":9,"Juzu Bracelet":9,"hubris:SlimyHat":9,"Replay:Mystery Machine":80,"vexMod:Spyglass":9,"ClockworkSouvenir":9,"StuffTheSpire:Experiment12":12,"Tough Bandages":9,"Dream Catcher":45,"hubris:Icosahedron":3,"Mummified Hand":9,"StuffTheSpire:HeavyRock":68,"MiniBlackHole":14,"RollingBoulder":9,"Tiny Chest":9,"energizedSpire:RedRose":35,"BargainBundle":9,"Replay:Towering Pillar of Hats":2,"infinitespire:CursedDice":21,"Guide Book":9,"Quantum Egg":30,"halation:IllGainedPizza":29,"hubris:MedicalManual":9,"Orichalcum":38,"Medical Kit":9,"Peace Pipe":22,"Calling Bell":51,"Strange Spoon":9,"Anchor":31,"vexMod:BarristanHead":20,"vexMod:HeadHunter":9,"halation:EternalFortune":66,"rat:QuicksilverSash":9,"Membership Card":9,"hubris:OldNail":9,"hubris:Potato":9,"ReplayTheSpireMod:ShopPack":2,"hubris:NiceRug":22},{"TwistedFunnel":30,"Golden Egg":6,"StuffTheSpire:Barrel":69,"vexMod:MemoryStick":78,"Whetstone":22,"Bottled Tornado":22,"Sling":22,"Boot":211,"vexMod:InvisibilityCloak":27,"infinitespire:ShieldingShard":22,"rorgmod:The Boot":82,"aspiration:PoetsPen":193,"halation:PromiseList":14,"Replay:Wax Seal":15,"hubris:MobiusCoin":22,"MerchantsRug":30,"GiantMaggot":218,"Blue Candle":55,"Eternal Feather":211,"Pen Nib":30,"infinitespire:Magic Flask":108,"aspiration:FrozenJewel":6,"Bird Faced Urn":140,"Kintsugi":34,"infinitespire:PuzzleCube":135,"Lantern":22,"Torii":6,"Singing Bowl":22,"Bag of Preparation":82,"HeavenlyBonsai":99,"Burning Blood":60,"Replay:Rubber Ducky":22,"StuffTheSpire:OccultApparatus":5,"Matryoshka":227,"Ring of Peace":26,"hubris:ScarierMask":276,"hubris:CuriousFeather":82,"hubris:FunFungus":343,"Chemical X":22,"Ring of Panic":171,"Replay:Bottled Eggs":218,"InkBottle":32,"Ring of the Snake":0,"StuffTheSpire:TintedRock":22,"Potion Belt":22,"Lee\u0027s Waffle":22,"StuffTheSpire:Saxophone":6,"PreservedInsect":22,"Omamori":22,"infinitespire:Lucky Rock":171,"hubris:Towel":5,"Frozen Egg 2":22,"halation:NonexistentMirror":6,"StuffTheSpire:Mouthbags":53,"Ornamental Fan":22,"rat:KircheisShard":42,"Ring of Misfortune":171,"Orrery":22,"Garlic":22,"SpikesRelics:DaevaFist":22,"Art of War":60,"Bottled Lightning":30,"halation:LostSnail":22,"halation:PinkSoulGem":78,"halation:PeacePiece":227,"Ice Cream":31,"CeramicFish":22,"EVO:Axolotl":0,"Centennial Puzzle":218,"DollysMirror":22,"halation:PrussianBluePaint":22,"halation:VictoryRuler":149,"Philosopher\u0027s Stone":66,"Toxic Egg 2":99,"LugNut":240,"Happy Flower":19,"hubris:DuctTape":22,"ReplayTheSpireMod:CursedCoin":22,"aspiration:Nostalgia":60,"Astrolabe":332,"Oddly Smooth Stone":22,"infinitespire:Beetle Shell":22,"vexMod:PaidLearning":22,"BlackRope":22,"War Paint":22,"Question Card":22,"Du-Vu Doll":22,"rat:RedSneckoSkull":82,"ReplayTheSpireMod:Shallot":22,"Bronze Scales":22,"StuffTheSpire:DarkSteelAnvil":22,"Onion Ring":60,"ReplayTheSpireMod:TigerMarble":22,"infinitespire:EmpoweringShard":263,"Pocketwatch":140,"Darkstone Periapt":22,"ReplayFunnel":22,"SnailShell":22,"aspiration:TomeofQuesting":22,"Snake Skull":22,"halation:WeightlessCrab":22,"Juzu Bracelet":22,"hubris:SlimyHat":22,"Replay:Mystery Machine":303,"vexMod:Spyglass":22,"ClockworkSouvenir":22,"StuffTheSpire:Experiment12":27,"Tough Bandages":22,"Dream Catcher":128,"hubris:Icosahedron":10,"Mummified Hand":22,"StuffTheSpire:HeavyRock":227,"MiniBlackHole":31,"RollingBoulder":22,"Tiny Chest":22,"energizedSpire:RedRose":91,"BargainBundle":22,"Replay:Towering Pillar of Hats":6,"infinitespire:CursedDice":55,"Guide Book":22,"Quantum Egg":81,"halation:IllGainedPizza":78,"hubris:MedicalManual":22,"Orichalcum":99,"Medical Kit":22,"Peace Pipe":60,"Calling Bell":149,"Strange Spoon":22,"Anchor":82,"vexMod:BarristanHead":53,"vexMod:HeadHunter":22,"halation:EternalFortune":218,"rat:QuicksilverSash":22,"Membership Card":22,"hubris:OldNail":22,"hubris:Potato":22,"ReplayTheSpireMod:ShopPack":6,"hubris:NiceRug":60}],"Ring of the Snake":[167]},"card_choices":[{"not_picked":["rat:SiphonBlood","Outmaneuver"],"picked":"Footwork","floor":0.0},{"not_picked":["rat:Garrote","rorgmod:Tendon Slice"],"picked":"After Image","floor":0.0},{"not_picked":["rat:Garrote","Bane"],"picked":"Footwork","floor":0.0},{"not_picked":["rorgmod:Slice","Dagger Throw"],"picked":"rat:SilveredBlade","floor":0.0},{"not_picked":["Pace","rat:Shadowstep"],"picked":"Dagger Spray","floor":0.0},{"not_picked":["StuffTheSpire:ClusterCrunch","StuffTheSpire:Python"],"picked":"Deadly Poison","floor":1.0},{"not_picked":["rat:SilveredBlade","ReplayTheSpireMod:From All Sides","rat:SiphonBlood"],"picked":"SKIP","floor":6.0},{"not_picked":["Acrobatics","Bane","Hidden Blade"],"picked":"SKIP","floor":11.0},{"not_picked":["StuffTheSpire:ClusterCrunch","hubris:SlightOfHand","Bane"],"picked":"SKIP","floor":12.0},{"not_picked":["Blade Dance","Caltrops"],"picked":"rat:RuptureArtery","floor":13.0},{"not_picked":["infinitespire:Oblivion","infinitespire:Menacing"],"picked":"infinitespire:TheBestDefense","floor":14.0},{"not_picked":["StuffTheSpire:Injection","Deadly Poison"],"picked":"rat:Exsanguinate","floor":14.0},{"not_picked":["Poison Darts","Adrenaline"],"picked":"rat:SilverCoating","floor":16.0},{"not_picked":["Masterful Stab","rorgmod:Tendon Slice","All Out Attack+1"],"picked":"SKIP","floor":18.0},{"not_picked":["Hidden Blade","hubris:TrickCloak"],"picked":"PiercingWail","floor":21.0},{"not_picked":["Sucker Punch","Crippling Poison"],"picked":"Night Terror","floor":22.0},{"not_picked":["Acrobatics","Predator"],"picked":"Dodge and Roll","floor":23.0},{"not_picked":["ReplayTheSpireMod:Haul","infinitespire:SealOfDarkness+"],"picked":"ReplayTheSpireMod:Black Plague","floor":23.0},{"not_picked":["StuffTheSpire:Fury","hubris:Sniper+1","Predator"],"picked":"SKIP","floor":25.0},{"not_picked":["Skewer","Dagger Spray"],"picked":"PiercingWail","floor":28},{"not_picked":["Blur","Deadly Poison"],"picked":"infinitespire:Neurotoxin","floor":29},{"not_picked":["StuffTheSpire:Python","Backflip","Sucker Punch"],"picked":"SKIP","floor":30},{"not_picked":["Deflect+1","StuffTheSpire:Python"],"picked":"rat:DextrousStrike","floor":35},{"not_picked":["Cloak And Dagger+1","hubris:TrickCloak"],"picked":"StuffTheSpire:MirrorStance","floor":36},{"not_picked":["Assess","PlatinumSkin"],"picked":"ReplayTheSpireMod:Brewmster","floor":38},{"not_picked":["Replay:Sssssssssshield","Trip"],"picked":"Replay:Bootleg Shield Generator","floor":38}],"player_experience":631300,"relics_obtained":[{"floor":6.0,"key":"LugNut"},{"floor":9.0,"key":"aspiration:TomeofQuesting"},{"floor":9.0,"key":"Anchor"},{"floor":14.0,"key":"infinitespire:EmpoweringShard"},{"floor":23.0,"key":"Whetstone"},{"floor":26.0,"key":"rorgmod:The Boot"},{"floor":26.0,"key":"Replay:Mystery Machine"}],"event_choices":[{"cards_removed":["Shame"],"damage_healed":0.0,"max_hp_gain":0.0,"max_hp_loss":0.0,"gold_gain":0.0,"event_name":"The Cleric","player_choice":"Card Removal","floor":3.0,"gold_loss":75.0,"damage_taken":0.0},{"damage_healed":0.0,"max_hp_gain":0.0,"max_hp_loss":0.0,"gold_gain":0.0,"event_name":"betterSkull:BetterSkull","player_choice":"UP UP UP ","floor":20.0,"gold_loss":0.0,"damage_taken":54.0,"cards_upgraded":["Bane","Footwork","rat:SilverCoating"],"relics_obtained":[]}],"is_beta":false,"boss_relics":[{"not_picked":["energizedSpire:DeadBattery","vexMod:NewClearReactor"],"picked":"hubris:ScarierMask"},{"not_picked":["Runic Pyramid","Honey Jar"],"picked":"Astrolabe"}],"items_purged_floors":[37],"is_endless":true,"potions_floor_spawned":[1,13,16,23,28,29,33,36],"killed_by":"hubris:Merchant","ascension_level":20}}