{"host":"9nt1zhl3k8mtcf72","time":1611099345,"event":{"mods":["Aspiration","BaseMod","BetterRewards","Conjunction","Conspire","Downfall","Energized Spire","Friendly Minions","GifTheSpireLib","Halation","Hubris","Infinite Spire","JesterMod","Mimic Mod","Minty Spire (QoL Compilation)","RatMod","Spikes Relics","StSLib","Stuff the Spire","Trackpad","Useless Jewels Mod","Wandering Minibosses","vexMod"],"gold_per_floor":[99,111,96,108,283,299,331,351,363,382,208,228,28,28,39,39,39,39],"floor_reached":16,"language":"ENG","playtime":1182,"items_purged":[],"score":121,"play_id":"1abb04df-865e-4483-a154-43e42ea3bed3","local_time":"20210119183545","is_ascension_mode":false,"campfire_choices":[{"floor":1,"key":"RECALL"},{"floor":13,"key":"REST"}],"circlet_count":0,"master_deck":["bronze:Strike","bronze:Strike","bronze:Strike","bronze:Strike","bronze:Defend+1","bronze:Defend","bronze:Defend","bronze:Defend","bronze:Replicate","bronze:Goto+1","bronze:FineTuning","bronze:Frontload","bronze:Separator","Doubt","bronze:DelayedSlice","bronze:Branch","bronze:Repair","bronze:FineTuning","bronze:BronzeOrb","bronze:AlphaBuild","bronze:ChosenStrike+1","downfall:Malfunctioning","bronze:Branch"],"relics":["bronze:BronzeCore","downfall:HeartBlessingBlue","downfall:HeartBlessingRed"],"acts_visited":["Exordium"],"potions_floor_usage":[16],"damage_taken":[{"damage":1,"enemies":"Cultist","floor":2,"turns":4},{"damage":10,"enemies":"downfall:FleeingMerchant","floor":3,"turns":4},{"damage":0,"enemies":"2 Louse","floor":4,"turns":3},{"damage":12,"enemies":"Small Slimes","floor":6,"turns":4},{"damage":0,"enemies":"2 Fungi Beasts","floor":7,"turns":8},{"damage":9,"enemies":"2 Fungi Beasts","floor":8,"turns":3},{"damage":8,"enemies":"Exordium Wildlife","floor":9,"turns":6},{"damage":19,"enemies":"Gremlin Gang","floor":10,"turns":7},{"damage":0,"enemies":"downfall:FleeingMerchant","floor":11,"turns":4},{"damage":22,"enemies":"Red Slaver","floor":12,"turns":5},{"damage":0,"enemies":"Blue Slaver","floor":15,"turns":1},{"damage":65,"enemies":"WA_ARCHETYPE_RETAIN","floor":16,"turns":13}],"seed_played":"870546851773899453","potions_obtained":[{"floor":6,"key":"SteroidPotion"},{"floor":8,"key":"Dexterity Potion"},{"floor":9,"key":"EssenceOfSteel"}],"is_trial":false,"path_per_floor":["R","M","$","M","?","M","MIM","M","M","M","$","M","R","?","M","B"],"character_chosen":"THE_AUTOMATON","items_purchased":["bronze:AlphaBuild"],"campfire_rested":1,"item_purchase_floors":[11],"current_hp_per_floor":[77,76,66,66,66,54,54,45,37,25,25,10,46,46,46,0,0,0],"gold":39,"neow_bonus":"TEN_PERCENT_HP_BONUS","is_daily":false,"chose_seed":false,"campfire_upgraded":0,"win_rate":0.0,"timestamp":1611099345,"path_taken":["R","M","?","?","?","M","MIM","M","M","M","$","M","R","?","M","BOSS"],"items_purchased_type":["Card"],"build_version":"2020-12-22","purchased_purges":0,"victory":false,"max_hp_per_floor":[77,77,77,77,77,77,77,77,77,77,77,77,87,87,87,87,87,87],"card_choices":[{"not_picked":["bronze:BitShift","bronze:GetLatest"],"picked":"bronze:FineTuning","floor":2},{"not_picked":["bronze:NullPointer","bronze:Constructor"],"picked":"bronze:Frontload","floor":3},{"not_picked":["bronze:Philosophize","bronze:Fortify"],"picked":"bronze:Separator","floor":4},{"not_picked":["bronze:BitShift","bronze:WildBeam"],"picked":"bronze:DelayedSlice","floor":6},{"not_picked":["bronze:Invalidate","bronze:OilSpill"],"picked":"bronze:Branch","floor":7},{"not_picked":["bronze:CleanCode","bronze:BitShift","bronze:Repulsor"],"picked":"SKIP","floor":8},{"not_picked":["bronze:ChildClass","bronze:Overheat"],"picked":"bronze:Repair","floor":9},{"not_picked":["bronze:Iterate","bronze:WhirlingStrike"],"picked":"bronze:FineTuning","floor":10},{"not_picked":["bronze:FineTuning","bronze:Branch"],"picked":"bronze:BronzeOrb","floor":11},{"not_picked":["bronze:Repair","bronze:BuggyMess"],"picked":"bronze:ChosenStrike","floor":12},{"not_picked":["bronze:CutThrough","bronze:ItsAFeature"],"picked":"bronze:Branch","floor":15}],"player_experience":492734,"relics_obtained":[],"event_choices":[],"is_beta":false,"boss_relics":[],"items_purged_floors":[],"is_endless":false,"potions_floor_spawned":[6,8,9,12,15],"killed_by":"WA_ARCHETYPE_RETAIN","ascension_level":0}}