{"host":"jlz4is0nf6zo9oab","time":1611094566,"event":{"mods":["AchievementEnabler","BaseMod","Colored Map","Colored Powertips","Highlight Path","Minty Spire (QoL Compilation)","StSLib"],"gold_per_floor":[115,40,50,66,66,31,31,57,129,129,129,204,204,220,220,321,321,332,247,0,0,0,0,26,26,50,62,90,102,129,161,173,185,185],"floor_reached":33,"language":"SPA","playtime":881,"items_purged":["Strike_G"],"score":418,"play_id":"a0a24752-e3e9-4071-9583-55985609b8da","local_time":"20210119231606","is_ascension_mode":true,"campfire_choices":[{"data":"Noxious Fumes","floor":7,"key":"SMITH"},{"data":"Bane","floor":11,"key":"SMITH"},{"data":"Neutralize","floor":13,"key":"SMITH"},{"floor":15,"key":"REST"},{"data":"Survivor","floor":23,"key":"SMITH"},{"floor":25,"key":"REST"},{"floor":27,"key":"REST"},{"floor":29,"key":"REST"},{"floor":32,"key":"REST"}],"circlet_count":0,"master_deck":["AscendersBane","Strike_G+1","Strike_G+1","Strike_G+1","Strike_G+1","Defend_G+1","Defend_G+1","Defend_G+1","Defend_G+1","Defend_G+1","Survivor+1","Neutralize+1","Noxious Fumes+1","Bane+1","Dagger Spray","Deadly Poison+1","Cloak And Dagger+1","Dodge and Roll+1","Crippling Poison+1"],"relics":["Ring of the Snake","Blood Vial","Toxic Egg 2","Philosopher\u0027s Stone","PreservedInsect","Lantern","MawBank"],"acts_visited":["Exordium","TheCity"],"potions_floor_usage":[8,33,33],"damage_taken":[{"damage":1,"enemies":"Jaw Worm","floor":1,"turns":5},{"damage":10,"enemies":"Small Slimes","floor":3,"turns":4},{"damage":1,"enemies":"2 Louse","floor":4,"turns":4},{"damage":27,"enemies":"Gremlin Nob","floor":8,"turns":4},{"damage":10,"enemies":"2 Fungi Beasts","floor":14,"turns":4},{"damage":54,"enemies":"The Guardian","floor":16,"turns":12},{"damage":9,"enemies":"Shell Parasite","floor":18,"turns":8},{"damage":29,"enemies":"Slavers","floor":24,"turns":4},{"damage":16,"enemies":"Spheric Guardian","floor":28,"turns":5},{"damage":18,"enemies":"Snake Plant","floor":30,"turns":4},{"damage":27,"enemies":"3 Cultists","floor":31,"turns":6},{"damage":58,"enemies":"Champ","floor":33,"turns":11}],"seed_played":"9078517469324087933","potions_obtained":[{"floor":3,"key":"LiquidBronze"},{"floor":30,"key":"Ancient Potion"},{"floor":31,"key":"LiquidMemories"}],"is_trial":false,"path_per_floor":["M","$","M","M","?","?","R","E","T","?","R","?","R","M","R","B",null,"M","?","?","$","?","R","E","R","T","R","M","R","M","M","R","B"],"character_chosen":"THE_SILENT","items_purchased":[],"campfire_rested":5,"item_purchase_floors":[],"current_hp_per_floor":[62,62,52,51,51,68,68,41,41,64,64,53,53,45,66,14,56,49,49,49,49,49,49,22,43,43,64,50,70,52,27,48,0,0],"gold":185,"neow_bonus":"THREE_CARDS","is_daily":false,"chose_seed":false,"campfire_upgraded":4,"win_rate":0.0,"timestamp":1611094566,"path_taken":["M","$","M","M","?","?","R","E","T","?","R","?","R","M","R","BOSS","M","?","?","?","?","R","E","R","T","R","M","R","M","M","R","BOSS"],"items_purchased_type":[],"build_version":"2020-12-22","purchased_purges":1,"victory":false,"max_hp_per_floor":[70,70,70,70,70,70,70,70,70,70,70,70,70,70,70,70,70,70,70,70,70,70,70,70,70,70,70,70,70,70,70,70,70,70],"card_choices":[{"not_picked":["Prepared","Deadly Poison"],"picked":"Noxious Fumes","floor":0},{"not_picked":["Outmaneuver","Calculated Gamble","Slice"],"picked":"SKIP","floor":1},{"not_picked":["Acrobatics","Well Laid Plans","Accuracy"],"picked":"SKIP","floor":3},{"not_picked":["Prepared","Backflip"],"picked":"Bane","floor":4},{"not_picked":["Blade Dance","Concentrate"],"picked":"Dagger Spray","floor":8},{"not_picked":["Backflip+1","PiercingWail+1","Dagger Spray"],"picked":"SKIP","floor":14},{"not_picked":["Sucker Punch","Outmaneuver+1","Escape Plan+1"],"picked":"SKIP","floor":18},{"not_picked":["Outmaneuver+1","Choke"],"picked":"Deadly Poison+1","floor":24},{"not_picked":["Phantasmal Killer+1","Flechettes"],"picked":"Cloak And Dagger+1","floor":28},{"not_picked":["Calculated Gamble+1","Heel Hook"],"picked":"Dodge and Roll+1","floor":30},{"not_picked":["Slice","Infinite Blades"],"picked":"Crippling Poison+1","floor":31}],"player_experience":950301,"relics_obtained":[{"floor":8,"key":"Blood Vial"},{"floor":9,"key":"Toxic Egg 2"},{"floor":24,"key":"Lantern"},{"floor":26,"key":"MawBank"}],"event_choices":[{"damage_healed":0,"gold_gain":0,"player_choice":"Ignored","damage_taken":0,"max_hp_gain":0,"max_hp_loss":0,"event_name":"Liars Game","floor":5,"gold_loss":0},{"damage_healed":17,"gold_gain":0,"player_choice":"Healed","damage_taken":0,"max_hp_gain":0,"max_hp_loss":0,"event_name":"The Cleric","floor":6,"gold_loss":35},{"damage_healed":23,"gold_gain":0,"player_choice":"Banana","damage_taken":0,"max_hp_gain":0,"max_hp_loss":0,"event_name":"Big Fish","floor":10,"gold_loss":0},{"damage_healed":0,"gold_gain":75,"player_choice":"Gather Gold","damage_taken":11,"max_hp_gain":0,"max_hp_loss":0,"event_name":"World of Goop","floor":12,"gold_loss":0},{"damage_healed":0,"gold_gain":0,"player_choice":"Obtained Relic","damage_taken":0,"relics_obtained":["PreservedInsect"],"max_hp_gain":0,"max_hp_loss":0,"event_name":"Addict","floor":19,"gold_loss":85},{"damage_healed":0,"gold_gain":0,"player_choice":"Paid Fearfully","damage_taken":0,"max_hp_gain":0,"max_hp_loss":0,"event_name":"Masked Bandits","floor":20,"gold_loss":247},{"damage_healed":0,"gold_gain":0,"player_choice":"Simplicity","damage_taken":0,"max_hp_gain":0,"max_hp_loss":0,"event_name":"Back to Basics","floor":22,"gold_loss":0,"cards_upgraded":["Strike_G","Strike_G","Strike_G","Strike_G","Defend_G","Defend_G","Defend_G","Defend_G","Defend_G"]}],"is_beta":false,"boss_relics":[{"not_picked":["Runic Dome","Runic Pyramid"],"picked":"Philosopher\u0027s Stone"}],"items_purged_floors":[2],"is_endless":false,"potions_floor_spawned":[3,30,31],"killed_by":"Champ","ascension_level":12}}