{"host":"sc0o2qwpf9j16a4i","time":1611060886,"event":{"mods":["AchievementEnabler","BaseMod","BetterRewards","Block Reminder","Colored Map","Colored Powertips","Custom Start","Highlight Path","Minty Spire (QoL Compilation)","Relic Stats"],"gold_per_floor":[118,118,130,141,24,24,24,24,24,55,70,70,97,147,147,221,221,239,268,268,280,293,293,318,334,407,60,90,90,110,141,141,214,214,224,224,1223,1010,1034,1034,1062,1062,1086,1086,1097,1122,1122,498,498,498,498,498,498,22,22,22],"floor_reached":55,"language":"ENG","playtime":2087,"items_purged":["Strike_B","Blizzard","Normality","Gash","Redo"],"score":2999,"play_id":"6210c579-e0ba-4701-8241-69c5266a0a1b","local_time":"20210119145446","is_ascension_mode":true,"campfire_choices":[{"floor":6,"key":"REST"},{"data":"Doom and Gloom","floor":8,"key":"SMITH"},{"data":"Zap","floor":12,"key":"SMITH"},{"data":"Reinforced Body","floor":15,"key":"SMITH"},{"floor":23,"key":"REST"},{"data":"Biased Cognition","floor":29,"key":"SMITH"},{"data":"Fission","floor":32,"key":"SMITH"},{"data":"Biased Cognition","floor":40,"key":"SMITH"},{"data":"Fission","floor":42,"key":"SMITH"},{"data":"Go for the Eyes","floor":44,"key":"SMITH"},{"data":"Hologram","floor":47,"key":"SMITH"},{"floor":49,"key":"RECALL"},{"data":"Coolheaded","floor":53,"key":"SMITH"}],"circlet_count":0,"master_deck":["AscendersBane","Zap+1","Dualcast","Beam Cell+1","Compile Driver","Conserve Battery","Doom and Gloom+1","Redo","Electrodynamics","Reinforced Body+1","Biased Cognition+1","Double Energy+1","Coolheaded+1","Aggregate","Auto Shields+1","Go for the Eyes+1","Redo+1","Fission+1","Reinforced Body+1","Conserve Battery+1","Glacier","White Noise+1","Hologram+1","Fission+1","Biased Cognition+1","Capacitor","Core Surge","Leap+1","Self Repair","Glacier","Compile Driver","Loop","Darkness"],"relics":["Cracked Core","Cables","Regal Pillow","Medical Kit","Orichalcum","Oddly Smooth Stone","Chemical X","Pocketwatch","Blue Candle","Akabeko","Pandora\u0027s Box","Red Mask","Omamori","Mercury Hourglass","OrangePellets","Boot","Anchor","Calling Bell","Vajra","Kunai","WingedGreaves","Bag of Preparation","Pear","War Paint","Happy Flower","Membership Card","DataDisk","Blood Vial"],"acts_visited":["Exordium","TheCity","TheBeyond","TheEnding"],"potions_floor_usage":[16,55],"damage_taken":[{"damage":2,"enemies":"Small Slimes","floor":1,"turns":4},{"damage":0,"enemies":"2 Louse","floor":3,"turns":2},{"damage":0,"enemies":"Cultist","floor":4,"turns":3},{"damage":2,"enemies":"Gremlin Nob","floor":10,"turns":3},{"damage":1,"enemies":"Blue Slaver","floor":11,"turns":3},{"damage":0,"enemies":"Lagavulin","floor":13,"turns":7},{"damage":0,"enemies":"Slime Boss","floor":16,"turns":6},{"damage":3,"enemies":"Shell Parasite","floor":18,"turns":4},{"damage":0,"enemies":"Masked Bandits","floor":19,"turns":2},{"damage":10,"enemies":"2 Thieves","floor":21,"turns":2},{"damage":0,"enemies":"Snake Plant","floor":22,"turns":3},{"damage":0,"enemies":"Gremlin Leader","floor":24,"turns":7},{"damage":0,"enemies":"3 Cultists","floor":25,"turns":4},{"damage":1,"enemies":"Slavers","floor":28,"turns":3},{"damage":0,"enemies":"Sentry and Sphere","floor":30,"turns":4},{"damage":8,"enemies":"Gremlin Leader","floor":31,"turns":6},{"damage":0,"enemies":"Champ","floor":33,"turns":11},{"damage":0,"enemies":"3 Shapes","floor":35,"turns":4},{"damage":24,"enemies":"Reptomancer","floor":41,"turns":4},{"damage":0,"enemies":"Orb Walker","floor":45,"turns":3},{"damage":15,"enemies":"Nemesis","floor":46,"turns":7},{"damage":0,"enemies":"Awakened One","floor":50,"turns":9},{"damage":2,"enemies":"Donu and Deca","floor":51,"turns":13},{"damage":86,"enemies":"Shield and Spear","floor":55,"turns":3}],"seed_played":"-7387343886145871415","potions_obtained":[{"floor":1,"key":"SpeedPotion"},{"floor":10,"key":"Strength Potion"},{"floor":16,"key":"CultistPotion"},{"floor":35,"key":"PotionOfCapacity"}],"is_trial":false,"path_per_floor":["M","?","M","M","$","R","?","R","T","E","M","R","E","?","R","B",null,"M","?","?","M","M","R","E","M","T","$","E","R","M","E","R","B",null,"M","?","?","$","T","R","E","R","T","R","M","E","R","$","R","B","B",null,"R","$","E"],"character_chosen":"DEFECT","items_purchased":["Cables","Regal Pillow","Medical Kit","Orichalcum","Oddly Smooth Stone","Chemical X","Doom and Gloom","OrangePellets","Glacier","Capacitor","Happy Flower","Self Repair","LiquidBronze","Glacier","Compile Driver","Membership Card","DataDisk","Blood Vial","Loop","Darkness"],"campfire_rested":2,"item_purchase_floors":[0,0,0,0,0,0,5,27,27,38,48,48,48,48,48,54,54,54,54,54],"current_hp_per_floor":[23,23,23,23,23,59,59,59,59,57,56,56,56,56,56,56,67,64,64,44,34,34,71,71,71,71,71,70,70,70,62,62,62,73,73,72,72,72,72,72,58,58,58,58,58,43,43,43,43,43,48,74,74,74,0,0],"gold":22,"neow_bonus":"","is_daily":false,"chose_seed":false,"campfire_upgraded":10,"win_rate":0.0,"timestamp":1611060886,"path_taken":["M","?","M","M","$","R","?","R","T","E","M","R","E","?","R","BOSS","M","?","?","M","M","R","E","M","T","$","E","R","M","E","R","BOSS","M","?","?","$","?","R","E","R","T","R","M","E","R","?","R","BOSS","BOSS","R","$","E"],"items_purchased_type":["Relic","Relic","Relic","Relic","Relic","Relic","Card","Relic","Card","Card","Relic","Card","Potion","Card","Card","Relic","Relic","Relic","Card","Card"],"build_version":"2020-12-22","purchased_purges":5,"victory":false,"max_hp_per_floor":[71,71,71,71,71,71,71,71,71,71,71,71,71,71,71,71,71,71,71,76,76,76,76,76,76,76,76,76,76,76,76,76,76,76,76,72,72,72,72,72,82,82,82,82,82,82,82,82,82,82,82,82,82,82,82,82],"relic_stats":{"Regal Pillow":61,"Happy Flower":[8],"counters":[112,549],"Blue Candle":[0],"Bag of Preparation":[118],"Orichalcum":[132],"War Paint":["Double Energy","Auto Shields"],"Medical Kit":[3],"Boot":[51],"Cables":[95,53,31,11,0],"Mercury Hourglass":[300],"Blood Vial":2,"OrangePellets":[24],"Pandora\u0027s Box":["Gash","Blizzard","Double Energy","Coolheaded","Aggregate","Redo","Auto Shields"],"Chemical X":[21],"Kunai":[5],"obtain_stats":[{"Calipers":15,"Gremlin Horn":29,"Vajra":6,"Runic Capacitor":13,"Sling":0,"Boot":9,"Blood Vial":14,"Sozu":17,"HornCleat":0,"Strawberry":11,"MealTicket":0,"Prayer Wheel":7,"Fusion Hammer":34,"Kunai":34,"Toxic Egg 2":0,"Girya":41,"Pear":7,"Happy Flower":7,"Dead Branch":26,"Astrolabe":34,"Blue Candle":10,"Oddly Smooth Stone":36,"Pen Nib":0,"Letter Opener":0,"War Paint":46,"Question Card":9,"Akabeko":13,"Cables":0,"SlaversCollar":17,"OrangePellets":27,"Bronze Scales":27,"Snecko Eye":17,"Pandora\u0027s Box":17,"Meat on the Bone":10,"Pocketwatch":9,"Lantern":12,"Regal Pillow":0,"Singing Bowl":0,"StoneCalendar":46,"Bag of Preparation":24,"Smiling Mask":26,"Cursed Key":17,"Emotion Chip":6,"Nunchaku":9,"Dream Catcher":45,"Matryoshka":2,"Shovel":0,"Mummified Hand":48,"Pantograph":26,"Gambling Chip":39,"WingedGreaves":34,"Red Mask":19,"Chemical X":0,"Cracked Core":0,"NeowsBlessing":0,"PreservedInsect":43,"Omamori":24,"Orichalcum":0,"Medical Kit":0,"Mercury Hourglass":24,"Nuclear Battery":34,"Peace Pipe":12,"Calling Bell":34,"DataDisk":13,"Anchor":31,"Ornamental Fan":24,"Orrery":0,"Turnip":55,"Membership Card":0,"FossilizedHelix":29,"TungstenRod":0,"Toy Ornithopter":13},{"Calipers":61,"Gremlin Horn":15,"Vajra":57,"Runic Capacitor":39,"Sling":54,"Boot":58,"Blood Vial":7,"Sozu":41,"HornCleat":30,"Strawberry":72,"MealTicket":30,"Prayer Wheel":35,"Fusion Hammer":48,"Kunai":105,"Toxic Egg 2":30,"Girya":22,"Pear":70,"Happy Flower":58,"Dead Branch":12,"Astrolabe":80,"Blue Candle":92,"Oddly Smooth Stone":19,"Pen Nib":66,"Letter Opener":30,"War Paint":109,"Question Card":3,"Akabeko":94,"Cables":30,"SlaversCollar":8,"OrangePellets":101,"Bronze Scales":12,"Snecko Eye":75,"Pandora\u0027s Box":95,"Meat on the Bone":4,"Pocketwatch":91,"Lantern":72,"Regal Pillow":88,"Singing Bowl":54,"StoneCalendar":25,"Bag of Preparation":76,"Smiling Mask":12,"Cursed Key":62,"Emotion Chip":3,"Nunchaku":3,"Dream Catcher":24,"Matryoshka":1,"Shovel":54,"Mummified Hand":26,"Pantograph":46,"Gambling Chip":53,"WingedGreaves":105,"Red Mask":43,"Chemical X":30,"Cracked Core":0,"NeowsBlessing":0,"PreservedInsect":84,"Omamori":100,"Orichalcum":88,"Medical Kit":88,"Mercury Hourglass":12,"Nuclear Battery":18,"Peace Pipe":59,"Calling Bell":105,"DataDisk":39,"Anchor":104,"Ornamental Fan":45,"Orrery":66,"Turnip":29,"Membership Card":30,"FossilizedHelix":15,"TungstenRod":30,"Toy Ornithopter":73},{"Calipers":291,"Gremlin Horn":56,"Vajra":269,"Runic Capacitor":191,"Sling":259,"Boot":278,"Blood Vial":22,"Sozu":202,"HornCleat":167,"Strawberry":351,"MealTicket":167,"Prayer Wheel":179,"Fusion Hammer":238,"Kunai":506,"Toxic Egg 2":167,"Girya":99,"Pear":341,"Happy Flower":278,"Dead Branch":48,"Astrolabe":400,"Blue Candle":444,"Oddly Smooth Stone":79,"Pen Nib":327,"Letter Opener":167,"War Paint":524,"Question Card":3,"Akabeko":454,"Cables":167,"SlaversCollar":30,"OrangePellets":482,"Bronze Scales":48,"Snecko Eye":370,"Pandora\u0027s Box":460,"Meat on the Bone":9,"Pocketwatch":441,"Lantern":351,"Regal Pillow":432,"Singing Bowl":259,"StoneCalendar":116,"Bag of Preparation":373,"Smiling Mask":48,"Cursed Key":302,"Emotion Chip":3,"Nunchaku":3,"Dream Catcher":111,"Matryoshka":1,"Shovel":259,"Mummified Hand":126,"Pantograph":224,"Gambling Chip":257,"WingedGreaves":506,"Red Mask":210,"Chemical X":167,"Cracked Core":0,"NeowsBlessing":0,"PreservedInsect":413,"Omamori":478,"Orichalcum":432,"Medical Kit":432,"Mercury Hourglass":48,"Nuclear Battery":76,"Peace Pipe":283,"Calling Bell":506,"DataDisk":191,"Anchor":495,"Ornamental Fan":219,"Orrery":327,"Turnip":158,"Membership Card":167,"FossilizedHelix":56,"TungstenRod":167,"Toy Ornithopter":357}],"Pocketwatch":[108]},"card_choices":[{"not_picked":["Scrape","Hello World"],"picked":"Beam Cell","floor":1},{"not_picked":["Capacitor","BootSequence"],"picked":"Compile Driver","floor":3},{"not_picked":["Redo","Steam"],"picked":"Conserve Battery","floor":4},{"not_picked":["Recycle","Streamline"],"picked":"Redo","floor":10},{"not_picked":["Rip and Tear","Hello World"],"picked":"Electrodynamics","floor":11},{"not_picked":["Steam","Gash"],"picked":"Reinforced Body","floor":13},{"not_picked":["Electrodynamics","Machine Learning"],"picked":"Biased Cognition","floor":16},{"not_picked":["Steam","Rebound"],"picked":"Go for the Eyes","floor":18},{"not_picked":["BootSequence","Turbo"],"picked":"Redo+1","floor":19},{"not_picked":["Conserve Battery","Turbo"],"picked":"Fission","floor":21},{"not_picked":["Streamline","Steam Power"],"picked":"Reinforced Body+1","floor":22},{"not_picked":["Reprogram","Redo","Doom and Gloom"],"picked":"SKIP","floor":24},{"not_picked":["Sweeping Beam","FTL"],"picked":"Conserve Battery+1","floor":25},{"not_picked":["Doom and Gloom","Redo"],"picked":"White Noise+1","floor":28},{"not_picked":["Compile Driver","Go for the Eyes+1"],"picked":"Hologram","floor":30},{"not_picked":["Chill","Compile Driver"],"picked":"Fission","floor":31},{"not_picked":["All For One","Machine Learning"],"picked":"Biased Cognition","floor":33},{"not_picked":["Steam+1","Melter+1","Beam Cell"],"picked":"SKIP","floor":35},{"not_picked":["Rebound","Streamline"],"picked":"Core Surge","floor":41},{"not_picked":["Genetic Algorithm","Stack"],"picked":"Leap+1","floor":45},{"not_picked":["Ball Lightning+1","BootSequence","Compile Driver"],"picked":"SKIP","floor":46}],"player_experience":743508,"relics_obtained":[{"floor":9,"key":"Pocketwatch"},{"floor":10,"key":"Blue Candle"},{"floor":13,"key":"Akabeko"},{"floor":19,"key":"Red Mask"},{"floor":24,"key":"Omamori"},{"floor":26,"key":"Mercury Hourglass"},{"floor":28,"key":"Boot"},{"floor":31,"key":"Anchor"},{"floor":34,"key":"Vajra"},{"floor":34,"key":"Kunai"},{"floor":34,"key":"WingedGreaves"},{"floor":39,"key":"Bag of Preparation"},{"floor":41,"key":"Pear"},{"floor":46,"key":"War Paint"}],"event_choices":[{"damage_healed":0,"gold_gain":0,"player_choice":"Grow","damage_taken":0,"max_hp_gain":0,"max_hp_loss":0,"event_name":"Living Wall","floor":2,"gold_loss":0,"cards_upgraded":["Beam Cell"]},{"damage_healed":0,"gold_gain":0,"player_choice":"Ignored","damage_taken":0,"max_hp_gain":0,"max_hp_loss":0,"event_name":"Liars Game","floor":7,"gold_loss":0},{"damage_healed":0,"gold_gain":50,"player_choice":"Pray","damage_taken":0,"max_hp_gain":0,"max_hp_loss":0,"event_name":"Golden Shrine","floor":14,"gold_loss":0},{"damage_healed":0,"gold_gain":0,"player_choice":"Fought Bandits","damage_taken":0,"max_hp_gain":0,"max_hp_loss":0,"event_name":"Masked Bandits","floor":19,"gold_loss":0},{"damage_healed":0,"gold_gain":0,"player_choice":"Shed Blood","damage_taken":25,"max_hp_gain":5,"max_hp_loss":0,"event_name":"Forgotten Altar","floor":20,"gold_loss":0},{"damage_healed":0,"gold_gain":0,"player_choice":"Max HP","damage_taken":0,"max_hp_gain":0,"max_hp_loss":4,"event_name":"Winding Halls","floor":36,"gold_loss":0},{"damage_healed":0,"gold_gain":999,"player_choice":"Gold","damage_taken":0,"max_hp_gain":0,"max_hp_loss":0,"event_name":"MindBloom","floor":37,"gold_loss":0,"cards_obtained":["Normality","Normality"]}],"is_beta":false,"boss_relics":[{"not_picked":["SacredBark","Fusion Hammer"],"picked":"Pandora\u0027s Box"},{"not_picked":["FrozenCore","Runic Dome"],"picked":"Calling Bell"}],"items_purged_floors":[5,27,38,48,54],"is_endless":false,"potions_floor_spawned":[1,10,11,16,18,19,31,33,35,46],"killed_by":"Shield and Spear","ascension_level":20}}