{"host":"928gv66myv2vlnsd","time":1611084613,"event":{"mods":["BaseMod","Minty Spire (QoL Compilation)","StSLib"],"gold_per_floor":[17,31,42,57,73,73,108,73,73,73,73],"floor_reached":10,"language":"ENG","playtime":567,"items_purged":[],"score":112,"play_id":"b399c9c2-cad2-4b44-a0b5-50d121ae9e10","local_time":"20210119143013","is_ascension_mode":true,"campfire_choices":[{"data":"Neutralize","floor":6,"key":"SMITH"}],"circlet_count":0,"master_deck":["AscendersBane","Strike_G","Strike_G","Strike_G","Defend_G","Defend_G","Defend_G","Defend_G","Defend_G","Survivor","Neutralize+1","Cloak And Dagger","Caltrops","Flying Knee","Prepared"],"relics":["Ring of the Snake","Frozen Egg 2","InkBottle"],"acts_visited":["Exordium"],"potions_floor_usage":[7,10],"damage_taken":[{"damage":1,"enemies":"Small Slimes","floor":1,"turns":5},{"damage":0,"enemies":"2 Louse","floor":2,"turns":3},{"damage":0,"enemies":"Cultist","floor":3,"turns":6},{"damage":1,"enemies":"Looter","floor":4,"turns":4},{"damage":1,"enemies":"Large Slime","floor":5,"turns":10},{"damage":31,"enemies":"Lagavulin","floor":7,"turns":10},{"damage":46,"enemies":"3 Sentries","floor":10,"turns":10}],"seed_played":"4820539770365683850","potions_obtained":[{"floor":1,"key":"EssenceOfSteel"},{"floor":2,"key":"CunningPotion"}],"is_trial":false,"path_per_floor":["M","M","M","M","M","R","E","?","T","E"],"character_chosen":"THE_SILENT","items_purchased":[],"campfire_rested":0,"item_purchase_floors":[],"current_hp_per_floor":[62,62,62,61,60,60,29,46,46,0,0],"gold":73,"neow_bonus":"REMOVE_TWO","is_daily":false,"chose_seed":false,"campfire_upgraded":1,"win_rate":0.0,"timestamp":1611084613,"path_taken":["M","M","M","M","M","R","E","?","T","E"],"items_purchased_type":[],"build_version":"2020-12-22","purchased_purges":0,"victory":false,"max_hp_per_floor":[70,70,70,70,70,70,70,70,70,70,70],"card_choices":[{"not_picked":["Flechettes","Deflect"],"picked":"Cloak And Dagger","floor":1},{"not_picked":["Slice","Endless Agony"],"picked":"Caltrops","floor":2},{"not_picked":["Concentrate","Outmaneuver"],"picked":"Flying Knee","floor":3},{"not_picked":["Dagger Spray","Acrobatics"],"picked":"Prepared","floor":4},{"not_picked":["Acrobatics","Flying Knee","Masterful Stab"],"picked":"SKIP","floor":5},{"not_picked":["Storm of Steel","Slice","Glass Knife"],"picked":"SKIP","floor":7}],"player_experience":1258300,"relics_obtained":[{"floor":7,"key":"Frozen Egg 2"},{"floor":9,"key":"InkBottle"}],"event_choices":[{"damage_healed":17,"gold_gain":0,"player_choice":"Healed","damage_taken":0,"max_hp_gain":0,"max_hp_loss":0,"event_name":"The Cleric","floor":8,"gold_loss":35}],"is_beta":false,"boss_relics":[],"items_purged_floors":[],"is_endless":false,"potions_floor_spawned":[1,2],"killed_by":"3 Sentries","ascension_level":12}}