{"host":"0j49nvi4cbm626s8","time":1611089373,"event":{"mods":["BaseMod","Googly Eyes","Highlight Path","Marisa????????","Minty Spire (QoL Compilation)"],"gold_per_floor":[114,131,131,56,72,104,104,115,115,143,153,168,168,168,168,261,261,277,26,49,49,49,49,72,113,137,161,161,161,161,192,192,282,282,296,159,159,159],"floor_reached":37,"language":"ENG","playtime":2357,"items_purged":["Strike_MRS","Defend_MRS","Strike_MRS"],"score":751,"play_id":"f13c6534-587d-4e16-8ecc-cc1c0588de68","local_time":"20210119214933","is_ascension_mode":true,"campfire_choices":[{"data":"MilkyWay","floor":7,"key":"SMITH"},{"data":"MasterSpark","floor":13,"key":"SMITH"},{"data":"PowerUp","floor":15,"key":"SMITH"},{"data":"J.A.X.","floor":23,"key":"SMITH"},{"data":"GalacticHalo","floor":28,"key":"SMITH"},{"data":"EnergyFlow","floor":30,"key":"SMITH"},{"data":"TreasureHunter","floor":32,"key":"SMITH"}],"circlet_count":0,"master_deck":["AscendersBane","Strike_MRS","Defend_MRS","Defend_MRS","Defend_MRS","MasterSpark+1","UpSweep","EnergyRecoil","PowerUp+1","MilkyWay+1","Parasite","Parasite","TreasureHunter+1","MilkyWay","J.A.X.+1","EnergyFlow+1","GalacticHalo+1","StarBarrage","EnergyRecoil+1","OortCloud+1"],"relics":["MiniHakkero","NeowsBlessing","ShroomBag","PreservedInsect","Kunai","Bag of Preparation","Golden Idol","Prayer Wheel","Sozu","Membership Card","Meat on the Bone","Vajra","Tiny Chest","Nunchaku","Regal Pillow","Ginger","SlaversCollar","Oddly Smooth Stone"],"acts_visited":["Exordium","TheCity","TheBeyond"],"potions_floor_usage":[6,10,16,33,35],"damage_taken":[{"damage":0,"enemies":"Jaw Worm","floor":1,"turns":1},{"damage":0,"enemies":"Cultist","floor":2,"turns":1},{"damage":0,"enemies":"Small Slimes","floor":5,"turns":1},{"damage":30,"enemies":"3 Sentries","floor":6,"turns":13},{"damage":2,"enemies":"Exordium Wildlife","floor":8,"turns":4},{"damage":5,"enemies":"Gremlin Nob","floor":10,"turns":3},{"damage":0,"enemies":"2 Fungi Beasts","floor":11,"turns":4},{"damage":1,"enemies":"3 Louse","floor":12,"turns":3},{"damage":29,"enemies":"The Guardian","floor":16,"turns":17},{"damage":2,"enemies":"Shell Parasite","floor":18,"turns":3},{"damage":12,"enemies":"3 Byrds","floor":20,"turns":6},{"damage":11,"enemies":"Centurion and Healer","floor":24,"turns":5},{"damage":23,"enemies":"Slavers","floor":25,"turns":3},{"damage":3,"enemies":"Cultist and Chosen","floor":27,"turns":4},{"damage":8,"enemies":"Book of Stabbing","floor":31,"turns":5},{"damage":12,"enemies":"Champ","floor":33,"turns":7},{"damage":5,"enemies":"3 Shapes","floor":35,"turns":7},{"damage":62,"enemies":"Orin","floor":37,"turns":7}],"seed_played":"5686896693909517670","potions_obtained":[{"floor":1,"key":"Dexterity Potion"},{"floor":2,"key":"GamblersBrew"},{"floor":8,"key":"Ancient Potion"},{"floor":10,"key":"Regen Potion"},{"floor":16,"key":"Swift Potion"}],"is_trial":false,"path_per_floor":["M","M","?","$","M","E","R","M","T","E","M","M","R","?","R","B",null,"M","$","M","$","?","R","M","E","T","M","R","?","R","E","R","B",null,"M","$","?"],"character_chosen":"MARISA","items_purchased":["MilkyWay","Membership Card","Oddly Smooth Stone"],"campfire_rested":0,"item_purchase_floors":[19,19,36],"current_hp_per_floor":[63,63,63,63,63,33,33,35,35,34,38,41,41,41,41,31,57,59,59,51,51,51,51,44,25,25,38,38,38,38,34,34,38,58,57,57,0,0],"gold":159,"neow_bonus":"THREE_ENEMY_KILL","is_daily":false,"chose_seed":false,"campfire_upgraded":7,"win_rate":0.0,"timestamp":1611089373,"path_taken":["M","M","?","$","?","E","R","M","T","E","?","M","R","?","R","BOSS","M","$","M","$","?","R","M","E","T","M","R","?","R","E","R","BOSS","M","$","?"],"items_purchased_type":["Card","Relic","Relic"],"build_version":"2020-12-22","purchased_purges":3,"victory":false,"max_hp_per_floor":[70,70,70,70,70,70,70,70,70,70,70,70,70,65,65,65,65,65,65,65,65,65,65,65,65,65,65,65,65,65,65,65,65,65,65,65,65,65],"card_choices":[{"not_picked":["Acceleration","GravityBeat"],"picked":"EnergyRecoil","floor":1},{"not_picked":["WitchOfGreed","LuminesStrike"],"picked":"PowerUp","floor":2},{"not_picked":["IllusionStar","Acceleration"],"picked":"MilkyWay","floor":5},{"not_picked":["PowerUp","DoubleSpark","Robbery"],"picked":"SKIP","floor":6},{"not_picked":["BlazeAway","Orbital"],"picked":"TreasureHunter","floor":8},{"not_picked":["GrandCross","ChargeUpSpray","IllusionStar"],"picked":"SKIP","floor":10},{"not_picked":["6A","SprinkleStarSeal","LuminesStrike"],"picked":"SKIP","floor":11},{"not_picked":["DC","DoubleSpark","Acceleration"],"picked":"SKIP","floor":12},{"not_picked":["AsteroidBelt","MagicChant","WitchLeyline"],"picked":"SKIP","floor":18},{"not_picked":["EventHorizon","Singularity","FairyDestructionRay"],"picked":"SKIP","floor":18},{"not_picked":["ShootTheMoon","Acceleration","ShootingEcho"],"picked":"SKIP","floor":20},{"not_picked":["PowerUp","EventHorizon","ChargeUpSpray"],"picked":"SKIP","floor":20},{"not_picked":["6A","RefractionSpark"],"picked":"EnergyFlow","floor":24},{"not_picked":["OpenUniverse+1","Acceleration"],"picked":"GalacticHalo","floor":24},{"not_picked":["GasGiant","ChargingUp"],"picked":"StarBarrage","floor":25},{"not_picked":["PulseMagic","SporeBomb"],"picked":"EnergyRecoil+1","floor":27},{"not_picked":["6A","DC","AsteroidBelt"],"picked":"SKIP","floor":27},{"not_picked":["IllusionStar","MagicAbsorber","DoubleSpark"],"picked":"SKIP","floor":31},{"not_picked":["PowerUp+1","DoubleSpark"],"picked":"OortCloud+1","floor":35},{"not_picked":["DarkMatter","SporeBomb","NonDirectionalLaser"],"picked":"SKIP","floor":35}],"player_experience":241985,"relics_obtained":[{"floor":6,"key":"ShroomBag"},{"floor":9,"key":"PreservedInsect"},{"floor":10,"key":"Kunai"},{"floor":10,"key":"Bag of Preparation"},{"floor":16,"key":"Prayer Wheel"},{"floor":25,"key":"Meat on the Bone"},{"floor":25,"key":"Vajra"},{"floor":26,"key":"Tiny Chest"},{"floor":31,"key":"Nunchaku"},{"floor":31,"key":"Regal Pillow"},{"floor":33,"key":"Ginger"}],"event_choices":[{"cards_removed":["Strike_MRS"],"damage_healed":0,"gold_gain":0,"player_choice":"Offered Basic","damage_taken":0,"max_hp_gain":0,"max_hp_loss":0,"event_name":"Bonfire Elementals","floor":3,"gold_loss":0},{"damage_healed":0,"gold_gain":0,"player_choice":"Lose Max HP","damage_taken":0,"relics_obtained":["Golden Idol"],"max_hp_gain":0,"max_hp_loss":5,"event_name":"Golden Idol","floor":14,"gold_loss":0},{"damage_healed":0,"gold_gain":0,"player_choice":"Obtain J.A.X.","damage_taken":0,"max_hp_gain":0,"max_hp_loss":0,"event_name":"Drug Dealer","floor":22,"gold_loss":0,"cards_obtained":["J.A.X."]},{"damage_healed":0,"gold_gain":0,"player_choice":"Ignored","damage_taken":0,"max_hp_gain":0,"max_hp_loss":0,"event_name":"Cursed Tome","floor":29,"gold_loss":0},{"damage_healed":0,"gold_gain":0,"player_choice":"Fight","damage_taken":0,"max_hp_gain":0,"max_hp_loss":0,"event_name":"OrinTheCat","floor":37,"gold_loss":0}],"is_beta":false,"boss_relics":[{"not_picked":["Ectoplasm","Astrolabe"],"picked":"Sozu"},{"not_picked":["ExperimentalFamiliar","Runic Dome"],"picked":"SlaversCollar"}],"items_purged_floors":[4,19,36],"is_endless":false,"potions_floor_spawned":[1,2,8,10,16,20,24,25,31,33],"killed_by":"Orin","ascension_level":14}}