{"host":"6a06qhlf17v5rcww","time":1611038954,"event":{"mods":["Act Like it!","Aspiration","BaseMod","Beaked The Cultist","Better Altar","Better Match","Better Note","Better Sensory Stone","Better Skull","Better Third Choice","Better Vampires","BetterRewards","Block Reminder","Colored Powertips","Downfall","Gensokyo","Infinite Spire","Minty Spire (QoL Compilation)","Pale of the Ancients","Poor People Problems","Rare Cards Sparkle","Shade Mod","StSLib","The Bug Knight","The Jungle","The Marked","Yakumo Yukari mod"],"gold_per_floor":[99,99,99,99,45,45,45,145,145,165,165,182,182,197,212,212,212],"floor_reached":16,"language":"ENG","playtime":934,"items_purged":[],"score":92,"play_id":"3a0194a9-5cd9-45d5-a5a7-2fe56997fc10","local_time":"20210119014914","is_ascension_mode":true,"campfire_choices":[{"floor":1.0,"key":"RECALL"},{"data":"bronze:Repulsor","floor":6.0,"key":"SMITH"},{"floor":9.0,"key":"REST"},{"floor":11.0,"key":"REST"},{"data":"bronze:ItsAFeature","floor":13.0,"key":"SMITH"}],"circlet_count":0,"master_deck":["bronze:Strike","bronze:Strike","bronze:Strike","bronze:Strike","bronze:Defend","bronze:Defend","bronze:Defend","bronze:Defend","bronze:Replicate","bronze:Goto","bronze:Deprecate","bronze:Allocate","bronze:DelayedSlice","bronze:DarkDash","bronze:Repulsor+1","bronze:Philosophize","bronze:Goto","bronze:Iterate","bronze:Return","bronze:SpaghettiCode","PanicButton","Doubt","bronze:BronzeOrb","bronze:ItsAFeature+1","bronze:Mutator"],"relics":["bronze:BronzeCore","downfall:HeartsMalice","downfall:GremlinSack"],"acts_visited":["Exordium"],"potions_floor_usage":[16,16,16],"damage_taken":[{"damage":0.0,"enemies":"infinitespire:Voidling","floor":2.0,"turns":1.0},{"damage":0.0,"enemies":"Jaw Worm","floor":3.0,"turns":1.0},{"damage":0.0,"enemies":"Cultist","floor":4.0,"turns":1.0},{"damage":0.0,"enemies":"downfall:FleeingMerchant","floor":5.0,"turns":4.0},{"damage":54.0,"enemies":"downfall:FleeingMerchant","floor":8.0,"turns":7.0},{"damage":17.0,"enemies":"Exordium Wildlife","floor":10.0,"turns":5.0},{"damage":7.0,"enemies":"Blue Slaver","floor":12.0,"turns":4.0},{"damage":14.0,"enemies":"Red Slaver","floor":14.0,"turns":4.0},{"damage":0.0,"enemies":"2 Fungi Beasts","floor":15.0,"turns":3.0},{"damage":25,"enemies":"DF_ARCHETYPE_STREAMLINE","floor":16,"turns":4}],"seed_played":"3519391121570288975","potions_obtained":[{"floor":10.0,"key":"hexamod:SoulburnPotion"},{"floor":12.0,"key":"FearPotion"},{"floor":14.0,"key":"hexamod:SoulburnPotion"}],"is_trial":false,"path_per_floor":["R","M","M","M","$","R","T","?","R","M","R","M","R","M","M","B"],"character_chosen":"THE_AUTOMATON","items_purchased":["bronze:Repulsor"],"campfire_rested":2,"item_purchase_floors":[5],"current_hp_per_floor":[70,70,70,70,70,70,70,16,37,20,41,34,34,20,20,0,0],"gold":212,"neow_bonus":"THREE_ENEMY_KILL","is_daily":false,"chose_seed":false,"campfire_upgraded":2,"win_rate":0.0,"timestamp":1611038954,"path_taken":["R","M","M","?","$","R","T","?","R","M","R","M","R","M","M","BOSS"],"items_purchased_type":["Card"],"build_version":"2020-12-22","purchased_purges":0,"victory":false,"max_hp_per_floor":[70,70,70,70,70,70,70,70,70,70,70,70,70,70,70,70,70],"card_choices":[{"not_picked":["bronze:DelayedGuard","bronze:WildBeam"],"picked":"bronze:Deprecate","floor":2.0},{"not_picked":["bronze:DelayedSlice","bronze:BuggyMess"],"picked":"bronze:Allocate","floor":3.0},{"not_picked":["bronze:WildBeam","bronze:ForceShield"],"picked":"bronze:DelayedSlice","floor":4.0},{"not_picked":["bronze:Overheat","bronze:CloningBeam"],"picked":"bronze:DarkDash","floor":5.0},{"not_picked":["bronze:WhirlingStrike","bronze:Overheat"],"picked":"bronze:Philosophize","floor":8.0},{"not_picked":["bronze:BitShift","bronze:Shield"],"picked":"bronze:BronzeOrb","floor":10.0},{"not_picked":["bronze:Shell","bronze:DelayedSlice"],"picked":"bronze:ItsAFeature","floor":12.0},{"not_picked":["bronze:BitShift","bronze:Frontload"],"picked":"bronze:Mutator","floor":14.0},{"not_picked":["bronze:Iterate","bronze:DelayedSlice","bronze:Optimize"],"picked":"SKIP","floor":15.0}],"player_experience":770267,"relics_obtained":[{"floor":8.0,"key":"downfall:GremlinSack"}],"event_choices":[],"is_beta":false,"boss_relics":[],"items_purged_floors":[],"is_endless":false,"potions_floor_spawned":[10,12,14,15],"killed_by":"DF_ARCHETYPE_STREAMLINE","ascension_level":1}}