{"host":"c6u7e77myxvw4d0m","time":1611058559,"event":{"mods":["AchievementEnabler","BaseMod","Bestiary","Colored Map","Colored Powertips","Minty Spire (QoL Compilation)","Rare Cards Sparkle","Relic Stats","everything is the same but u backflip on backflip"],"gold_per_floor":[218,237,3,3,38,86,86,141,141,160,160,177,236,250,250,326,326,369,380,380,380],"floor_reached":20,"language":"ENG","playtime":2229,"items_purged":[],"score":357,"play_id":"7bf9d887-656e-47e7-a113-6f2918639571","local_time":"20210119141559","is_ascension_mode":true,"campfire_choices":[{"floor":7,"key":"REST"},{"data":"HandOfGreed","floor":11,"key":"SMITH"},{"floor":15,"key":"REST"}],"circlet_count":0,"master_deck":["AscendersBane","Strike_G","Strike_G","Strike_G","Strike_G","Strike_G","Defend_G","Defend_G","Defend_G","Defend_G","Defend_G","Survivor","Neutralize","Dagger Spray","Deadly Poison","HandOfGreed+1","Poisoned Stab","Leg Sweep","Calculated Gamble","Bouncing Flask","Backflip","Crippling Poison","After Image","Dodge and Roll","PiercingWail"],"relics":["Ring of the Snake","Tiny Chest","Matryoshka","Du-Vu Doll","SlaversCollar"],"acts_visited":["Exordium","TheCity"],"potions_floor_usage":[8,13,13,16,16,19],"damage_taken":[{"damage":6,"enemies":"Small Slimes","floor":1,"turns":5},{"damage":6,"enemies":"Cultist","floor":2,"turns":5},{"damage":10,"enemies":"2 Louse","floor":5,"turns":4},{"damage":42,"enemies":"Lagavulin","floor":6,"turns":9},{"damage":5,"enemies":"Lots of Slimes","floor":8,"turns":5},{"damage":0,"enemies":"Looter","floor":10,"turns":3},{"damage":8,"enemies":"Large Slime","floor":12,"turns":4},{"damage":19,"enemies":"3 Sentries","floor":13,"turns":8},{"damage":0,"enemies":"Blue Slaver","floor":14,"turns":4},{"damage":12,"enemies":"The Guardian","floor":16,"turns":13},{"damage":9,"enemies":"3 Byrds","floor":18,"turns":7},{"damage":6,"enemies":"Chosen","floor":19,"turns":5},{"damage":38,"enemies":"Centurion and Healer","floor":20,"turns":9}],"seed_played":"-3461944006550714585","potions_obtained":[{"floor":6,"key":"AttackPotion"},{"floor":8,"key":"Block Potion"},{"floor":10,"key":"SkillPotion"},{"floor":14,"key":"EntropicBrew"},{"floor":16,"key":"Fire Potion"}],"is_trial":false,"path_per_floor":["M","M","$","?","M","E","R","M","T","M","R","M","E","M","R","B",null,"M","M","M"],"character_chosen":"THE_SILENT","items_purchased":["HandOfGreed","Poisoned Stab"],"campfire_rested":2,"item_purchase_floors":[3,3],"current_hp_per_floor":[53,47,47,66,56,14,33,28,28,28,28,20,1,1,20,8,52,43,37,0,0],"gold":380,"neow_bonus":"HUNDRED_GOLD","is_daily":false,"chose_seed":false,"campfire_upgraded":1,"win_rate":0.0,"timestamp":1611058559,"path_taken":["M","M","$","?","M","E","R","?","T","M","R","M","E","M","R","BOSS","M","M","?"],"items_purchased_type":["Card","Card"],"build_version":"2020-12-22","purchased_purges":0,"victory":false,"max_hp_per_floor":[66,66,66,66,66,66,66,66,66,66,66,66,66,66,66,66,66,66,66,66,66],"relic_stats":{"counters":[13,81],"Tiny Chest":0,"obtain_stats":[{"Du-Vu Doll":13,"SlaversCollar":17,"Matryoshka":9,"Tiny Chest":6,"Ring of the Snake":0},{"Du-Vu Doll":8,"SlaversCollar":10,"Matryoshka":5,"Tiny Chest":4,"Ring of the Snake":0},{"Du-Vu Doll":43,"SlaversCollar":60,"Matryoshka":28,"Tiny Chest":23,"Ring of the Snake":0}],"Ring of the Snake":[26]},"card_choices":[{"not_picked":["Finisher","Blade Dance"],"picked":"Dagger Spray","floor":1},{"not_picked":["Calculated Gamble","Leg Sweep"],"picked":"Deadly Poison","floor":2},{"not_picked":["Cloak And Dagger","Finisher"],"picked":"Leg Sweep","floor":5},{"not_picked":["Flechettes","Infinite Blades"],"picked":"Calculated Gamble","floor":6},{"not_picked":["Backflip","Wraith Form v2"],"picked":"Bouncing Flask","floor":8},{"not_picked":["Prepared","Dodge and Roll"],"picked":"Backflip","floor":10},{"not_picked":["Bane","Bouncing Flask"],"picked":"Crippling Poison","floor":12},{"not_picked":["Deadly Poison","Masterful Stab","Leg Sweep"],"picked":"SKIP","floor":13},{"not_picked":["Poisoned Stab","Calculated Gamble","A Thousand Cuts"],"picked":"SKIP","floor":14},{"not_picked":["Storm of Steel","Die Die Die"],"picked":"After Image","floor":16},{"not_picked":["Flechettes","Poisoned Stab"],"picked":"Dodge and Roll","floor":18},{"not_picked":["Outmaneuver","Infinite Blades+1"],"picked":"PiercingWail","floor":19}],"player_experience":407785,"relics_obtained":[{"floor":6,"key":"Tiny Chest"},{"floor":9,"key":"Matryoshka"},{"floor":13,"key":"Du-Vu Doll"}],"event_choices":[{"damage_healed":19,"gold_gain":0,"player_choice":"Full Heal","damage_taken":0,"max_hp_gain":0,"max_hp_loss":0,"event_name":"Wheel of Change","floor":4,"gold_loss":0}],"is_beta":false,"boss_relics":[{"not_picked":["Astrolabe","Velvet Choker"],"picked":"SlaversCollar"}],"items_purged_floors":[],"is_endless":false,"potions_floor_spawned":[6,8,10,14,16,18],"killed_by":"Centurion and Healer","ascension_level":18}}