{"host":"c2vrdknshfutmcsq","time":1611066060,"event":{"mods":["BaseMod","Minty Spire (QoL Compilation)"],"gold_per_floor":[114,114,114,124,49,79,38,65,65,65,79,54,83,83,83,161,161,175,194,194,204,224,224,249,268,268,284,319,331,356,368,380,466,478,503,562,574,611,623,668,680,711,775,787,830,842,864,69,69,69],"floor_reached":51,"language":"ENG","playtime":11345,"items_purged":["Strike_B","Writhe"],"score":1387,"play_id":"3a47938d-64a7-4171-a2ae-2944c4822f05","local_time":"20210119152100","is_ascension_mode":true,"campfire_choices":[{"floor":10.0,"key":"REST"},{"data":"Auto Shields","floor":15.0,"key":"SMITH"},{"data":"Fission","floor":23.0,"key":"SMITH"},{"floor":29.0,"key":"REST"},{"floor":32.0,"key":"REST"},{"floor":41.0,"key":"REST"},{"data":"Strike_B","floor":44.0,"key":"PURGE"},{"floor":49.0,"key":"REST"}],"circlet_count":0,"master_deck":["AscendersBane","Strike_B","Defend_B","Defend_B","Defend_B","Defend_B","Zap+1","Dualcast+1","Ball Lightning","Go for the Eyes+1","Conserve Battery","Melter","Stack+1","All For One","Streamline","Auto Shields+1","Fission+1","Beam Cell+1","Stack","BootSequence","Conserve Battery+1","Thunder Strike","Gash","Fission","Gash","Ball Lightning","Stack+1","Reinforced Body","Core Surge"],"relics":["Cracked Core","NeowsBlessing","Singing Bowl","Mercury Hourglass","Nunchaku","Regal Pillow","Runic Pyramid","Pen Nib","Symbiotic Virus","MawBank","Black Star","Prayer Wheel","Peace Pipe","Dream Catcher","PreservedInsect","Strawberry","Orichalcum","TungstenRod","War Paint","Bottled Lightning","Sling"],"acts_visited":["Exordium","TheCity","TheBeyond"],"potions_floor_usage":[50,50],"damage_taken":[{"damage":0.0,"enemies":"Small Slimes","floor":1.0,"turns":1.0},{"damage":0.0,"enemies":"2 Louse","floor":4.0,"turns":1.0},{"damage":0.0,"enemies":"Lagavulin","floor":6.0,"turns":1.0},{"damage":25.0,"enemies":"Gremlin Nob","floor":8.0,"turns":5.0},{"damage":0.0,"enemies":"Cultist","floor":11.0,"turns":2.0},{"damage":20.0,"enemies":"3 Sentries","floor":13.0,"turns":4.0},{"damage":13.0,"enemies":"The Guardian","floor":16.0,"turns":9.0},{"damage":7.0,"enemies":"3 Byrds","floor":18.0,"turns":5.0},{"damage":0.0,"enemies":"Chosen","floor":19.0,"turns":3.0},{"damage":11.0,"enemies":"Snecko","floor":21.0,"turns":5.0},{"damage":1.0,"enemies":"Centurion and Healer","floor":22.0,"turns":6.0},{"damage":9.0,"enemies":"Book of Stabbing","floor":24.0,"turns":5.0},{"damage":15.0,"enemies":"Snake Plant","floor":25.0,"turns":3.0},{"damage":3.0,"enemies":"Chosen and Byrds","floor":27.0,"turns":5.0},{"damage":9.0,"enemies":"Gremlin Leader","floor":28.0,"turns":7.0},{"damage":1.0,"enemies":"Cultist and Chosen","floor":30.0,"turns":4.0},{"damage":36.0,"enemies":"Collector","floor":33.0,"turns":11.0},{"damage":0.0,"enemies":"3 Shapes","floor":35.0,"turns":3.0},{"damage":7.0,"enemies":"2 Orb Walkers","floor":36.0,"turns":5.0},{"damage":0.0,"enemies":"Mind Bloom Boss Battle","floor":38.0,"turns":7.0},{"damage":37.0,"enemies":"Giant Head","floor":40.0,"turns":7.0},{"damage":0.0,"enemies":"Orb Walker","floor":42.0,"turns":2.0},{"damage":13.0,"enemies":"Nemesis","floor":45.0,"turns":5.0},{"damage":19.0,"enemies":"Writhing Mass","floor":47.0,"turns":7.0},{"damage":79,"enemies":"Time Eater","floor":50,"turns":14}],"seed_played":"-7994653776658871712","potions_obtained":[{"floor":6.0,"key":"Block Potion"},{"floor":8.0,"key":"Fruit Juice"},{"floor":19.0,"key":"DuplicationPotion"},{"floor":25.0,"key":"Regen Potion"},{"floor":27.0,"key":"Energy Potion"},{"floor":33.0,"key":"AttackPotion"},{"floor":40.0,"key":"Strength Potion"},{"floor":45.0,"key":"ColorlessPotion"}],"is_trial":false,"path_per_floor":["M","?","?","M","$","E","$","E","T","R","M","$","E","?","R","B",null,"M","M","?","M","M","R","E","M","T","M","E","R","M","?","R","B",null,"M","?","$","?","?","E","R","M","T","R","E","?","M","$","R","B",null],"character_chosen":"DEFECT","items_purchased":["Melter","Streamline","Reinforced Body","War Paint","Bottled Lightning","Sling"],"campfire_rested":5,"item_purchase_floors":[7,12,48,48,48,48],"current_hp_per_floor":[64,64,64,64,64,64,64,44,44,66,66,66,46,46,46,33,65,58,60,60,49,48,48,39,26,26,39,30,69,68,68,82,46,73,75,70,70,70,70,33,75,77,84,84,73,93,78,78,103,24],"gold":69,"neow_bonus":"THREE_ENEMY_KILL","is_daily":false,"chose_seed":false,"campfire_upgraded":2,"win_rate":0.0,"timestamp":1611066060,"path_taken":["M","?","?","?","$","E","$","E","T","R","M","?","E","?","R","BOSS","M","?","?","M","M","R","E","M","T","?","E","R","M","?","R","BOSS","M","?","$","?","?","E","R","M","T","R","E","?","M","$","R","BOSS"],"items_purchased_type":["Card","Card","Card","Relic","Relic","Relic"],"build_version":"2020-12-22","purchased_purges":2,"victory":true,"max_hp_per_floor":[71,71,71,71,71,71,71,76,76,76,76,76,76,76,76,76,76,76,78,78,78,78,78,78,80,80,82,82,82,82,82,82,82,82,84,86,86,86,86,86,88,90,97,97,99,99,103,103,103,103],"card_choices":[{"not_picked":["Conserve Battery","Streamline"],"picked":"Ball Lightning","floor":1.0},{"not_picked":["Hello World","Barrage"],"picked":"Go for the Eyes","floor":4.0},{"not_picked":["Reprogram","Leap"],"picked":"Conserve Battery","floor":6.0},{"not_picked":["Redo","Hologram"],"picked":"Stack","floor":8.0},{"not_picked":["Turbo","Barrage"],"picked":"All For One","floor":11.0},{"not_picked":["Defragment","Double Energy"],"picked":"Auto Shields","floor":13.0},{"not_picked":["Biased Cognition","Reboot"],"picked":"Fission","floor":16.0},{"not_picked":["Darkness","Undo"],"picked":"Beam Cell+1","floor":18.0},{"not_picked":["Beam Cell","Streamline","Conserve Battery"],"picked":"Singing Bowl","floor":19.0},{"not_picked":["Leap","Ball Lightning"],"picked":"Stack","floor":21.0},{"not_picked":["Double Energy","Turbo"],"picked":"BootSequence","floor":22.0},{"not_picked":["BootSequence","Rebound+1"],"picked":"Conserve Battery","floor":24.0},{"not_picked":["Coolheaded","Capacitor","Blizzard+1"],"picked":"Singing Bowl","floor":25.0},{"not_picked":["Aggregate","Redo","Leap"],"picked":"Singing Bowl","floor":27.0},{"not_picked":["Beam Cell","Capacitor"],"picked":"Thunder Strike","floor":28.0},{"not_picked":["Go for the Eyes","Hologram"],"picked":"Gash","floor":30.0},{"not_picked":["Echo Form","Amplify"],"picked":"Fission","floor":33.0},{"not_picked":["Genetic Algorithm","Coolheaded+1","Beam Cell"],"picked":"Singing Bowl","floor":35.0},{"not_picked":["Aggregate","Sweeping Beam","Streamline"],"picked":"Singing Bowl","floor":36.0},{"not_picked":["Turbo","Hologram+1"],"picked":"Gash","floor":38.0},{"not_picked":["Streamline","Double Energy"],"picked":"Ball Lightning","floor":40.0},{"not_picked":["Leap","Hologram","Sweeping Beam"],"picked":"Singing Bowl","floor":41.0},{"not_picked":["Hyperbeam","Hello World","Turbo+1"],"picked":"Singing Bowl","floor":42.0},{"not_picked":["Barrage","Turbo"],"picked":"Stack+1","floor":42.0},{"not_picked":["Recycle","Cold Snap+1","Steam"],"picked":"Singing Bowl","floor":45.0},{"not_picked":["Chaos","Compile Driver","Beam Cell"],"picked":"Singing Bowl","floor":47.0},{"not_picked":["Conserve Battery","Turbo","Compile Driver+1"],"picked":"Singing Bowl","floor":47.0},{"not_picked":["Auto Shields","Reprogram"],"picked":"Core Surge","floor":49.0}],"player_experience":1278045,"relics_obtained":[{"floor":6.0,"key":"Singing Bowl"},{"floor":8.0,"key":"Mercury Hourglass"},{"floor":9.0,"key":"Nunchaku"},{"floor":13.0,"key":"Regal Pillow"},{"floor":24.0,"key":"Pen Nib"},{"floor":26.0,"key":"Symbiotic Virus"},{"floor":28.0,"key":"MawBank"},{"floor":36.0,"key":"Prayer Wheel"},{"floor":38.0,"key":"Peace Pipe"},{"floor":40.0,"key":"Dream Catcher"},{"floor":40.0,"key":"PreservedInsect"},{"floor":43.0,"key":"Strawberry"},{"floor":45.0,"key":"Orichalcum"},{"floor":45.0,"key":"TungstenRod"}],"event_choices":[{"damage_healed":0.0,"max_hp_gain":0.0,"max_hp_loss":0.0,"gold_gain":0.0,"event_name":"Living Wall","player_choice":"Grow","floor":2.0,"gold_loss":0.0,"damage_taken":0.0,"cards_upgraded":["Dualcast"]},{"damage_healed":0.0,"max_hp_gain":0.0,"max_hp_loss":0.0,"gold_gain":0.0,"event_name":"Accursed Blacksmith","player_choice":"Forge","floor":3.0,"gold_loss":0.0,"damage_taken":0.0,"cards_upgraded":["Zap"]},{"damage_healed":0.0,"max_hp_gain":0.0,"max_hp_loss":0.0,"gold_gain":0.0,"event_name":"Upgrade Shrine","player_choice":"Upgraded","floor":14.0,"gold_loss":0.0,"damage_taken":0.0,"cards_upgraded":["Go for the Eyes"]},{"cards_removed":["Strike_B"],"damage_healed":0.0,"max_hp_gain":0.0,"max_hp_loss":0.0,"gold_gain":0.0,"event_name":"Bonfire Elementals","player_choice":"Offered Basic","floor":20.0,"gold_loss":0.0,"damage_taken":0.0},{"damage_healed":0.0,"max_hp_gain":0.0,"max_hp_loss":0.0,"gold_gain":0.0,"event_name":"Ghosts","player_choice":"Ignored","floor":31.0,"gold_loss":0.0,"damage_taken":0.0},{"damage_healed":0.0,"max_hp_gain":0.0,"max_hp_loss":0.0,"gold_gain":0.0,"event_name":"Mysterious Sphere","player_choice":"Fight","floor":36.0,"gold_loss":0.0,"damage_taken":0.0},{"damage_healed":0.0,"max_hp_gain":0.0,"max_hp_loss":0.0,"gold_gain":0.0,"event_name":"MindBloom","player_choice":"Fight","floor":38.0,"gold_loss":0.0,"damage_taken":0.0},{"damage_healed":0.0,"max_hp_gain":0.0,"max_hp_loss":0.0,"gold_gain":0.0,"event_name":"Tomb of Lord Red Mask","player_choice":"Ignored","floor":39.0,"gold_loss":0.0,"damage_taken":0.0},{"damage_healed":20.0,"max_hp_gain":0.0,"max_hp_loss":0.0,"gold_gain":0.0,"event_name":"Winding Halls","player_choice":"Writhe","floor":46.0,"gold_loss":0.0,"damage_taken":0.0,"cards_obtained":["Writhe"]}],"is_beta":false,"boss_relics":[{"not_picked":["SacredBark","Velvet Choker"],"picked":"Runic Pyramid"},{"not_picked":["Philosopher\u0027s Stone","Inserter"],"picked":"Black Star"}],"items_purged_floors":[5,48],"is_endless":false,"potions_floor_spawned":[6,8,19,25,27,33,40,45],"ascension_level":17}}