{"host":"xm0tf1maiknh0fp9","time":1611083484,"event":{"mods":["BaseMod","Colored Map","Colored Powertips","Googly Eyes","Minty Spire (QoL Compilation)","Replay The Spire","StSLib"],"gold_per_floor":[114,128,128,152,182,182,182,222,222,257,275,275,296,317,317,436,436,449,449,449,374,425,459,459,182,182,223,223,238,238,238,4,17,17,145,145,160,175,23,23,48,91,91,105,105,105,105,105,168,191,291,314,314,314],"floor_reached":55,"language":"ENG","playtime":2152,"items_purged":["Strike_G+1","Tactician"],"score":1094,"play_id":"b58c954a-1050-44e5-82f0-ea0f87a00805","local_time":"20210119141124","is_ascension_mode":true,"campfire_choices":[{"data":"Cloak And Dagger","floor":6.0,"key":"SMITH"},{"floor":12.0,"key":"REST"},{"floor":15.0,"key":"REST"},{"floor":24.0,"key":"REST"},{"floor":28.0,"key":"REST"},{"data":"Hidden Blade","floor":34.0,"key":"SMITH"},{"floor":43,"key":"REST"},{"floor":48,"key":"REST"},{"floor":53,"key":"REST"}],"circlet_count":0,"master_deck":["Strike_G+1","Strike_G+1","Defend_G+1","Defend_G+1","Defend_G+1","Defend_G+1","Defend_G+1","Survivor","Neutralize","ReplayTheSpireMod:Shiv Toss","Cloak And Dagger+1","Infinite Blades","ReplayTheSpireMod:Shiv Toss","Hidden Blade+1","Infinite Blades","ReplayTheSpireMod:Necrogeddon+1","After Image","Storm of Steel"],"relics":["Ring of the Snake","NeowsBlessing","Golden Idol","CaptainsWheel","Garlic","Blue Doll","Ancient Tea Set","Snecko Scales","ReplayFunnel","Replay:Towering Pillar of Hats","ReplayTheSpireMod:Lightbulb","InkBottle","Pet Ghost","WristBlade","HandDrill","Toy Ornithopter","Replay:Ringing Soul","Replay:Kaleidoscope"],"acts_visited":["Exordium","TheCity","TheBeyond"],"potions_floor_usage":[42,54],"damage_taken":[{"damage":0.0,"enemies":"Cultist","floor":1.0,"turns":1.0},{"damage":0.0,"enemies":"Jaw Worm","floor":2.0,"turns":1.0},{"damage":0.0,"enemies":"Small Slimes","floor":4.0,"turns":1.0},{"damage":15.0,"enemies":"3 Sentries","floor":8.0,"turns":10.0},{"damage":6.0,"enemies":"Lagavulin","floor":10.0,"turns":5.0},{"damage":5.0,"enemies":"2 Fungi Beasts","floor":11.0,"turns":5.0},{"damage":15.0,"enemies":"Exordium Thugs","floor":13.0,"turns":6.0},{"damage":9.0,"enemies":"3 Louse","floor":14.0,"turns":5.0},{"damage":6.0,"enemies":"Slime Boss","floor":16.0,"turns":6.0},{"damage":24.0,"enemies":"Spheric Guardian","floor":18.0,"turns":6.0},{"damage":27.0,"enemies":"Gremlin Leader","floor":23.0,"turns":6.0},{"damage":0.0,"enemies":"Slavers","floor":27.0,"turns":6.0},{"damage":0.0,"enemies":"3 Byrds","floor":29.0,"turns":5.0},{"damage":16.0,"enemies":"Snecko","floor":33.0,"turns":8.0},{"damage":11.0,"enemies":"Collector","floor":35.0,"turns":4.0},{"damage":12.0,"enemies":"3 Darklings","floor":37.0,"turns":5.0},{"damage":0.0,"enemies":"3 Shapes","floor":38.0,"turns":4.0},{"damage":12,"enemies":"3 Darklings","floor":41,"turns":5},{"damage":29,"enemies":"Giant Head","floor":42,"turns":6},{"damage":0,"enemies":"Sphere and 2 Shapes","floor":44,"turns":3},{"damage":0,"enemies":"Mind Bloom Boss Battle","floor":49,"turns":5},{"damage":21,"enemies":"Jaw Worm Horde","floor":50,"turns":3},{"damage":0,"enemies":"Maw","floor":52,"turns":5},{"damage":26,"enemies":"Donu and Deca","floor":54,"turns":7}],"seed_played":"5963712229591914421","potions_obtained":[{"floor":1.0,"key":"Strength Potion"},{"floor":4.0,"key":"Cursed Concoction"},{"floor":10.0,"key":"CultistPotion"},{"floor":14.0,"key":"PowerPotion"},{"floor":18.0,"key":"Poison Potion"},{"floor":35.0,"key":"Adrenaline Potion"},{"floor":37.0,"key":"Dexterity Potion"},{"floor":44,"key":"SteroidPotion"}],"is_trial":false,"path_per_floor":["M","M","?","M","?","R","?","E","T","E","M","R","M","M","R","B",null,"M","?","?","?","T","E","R","$","T","E","R","M","PTL","PTL","$","M","R","B",null,"M","M","$","?","M","E","R","M","T","PTL","PTL","R","?","M","?","M","R","B",null],"character_chosen":"THE_SILENT","items_purchased":["ReplayTheSpireMod:Lightbulb","ReplayTheSpireMod:Necrogeddon+1","HandDrill"],"campfire_rested":7,"item_purchase_floors":[25,32,39],"current_hp_per_floor":[63,63,63,63,37,37,58,43,43,37,32,51,36,27,46,40,59,35,35,56,56,56,29,48,48,48,48,65,65,65,65,65,49,49,38,58,46,46,46,46,34,5,24,24,24,24,24,43,43,22,22,22,41,20],"gold":314,"neow_bonus":"THREE_ENEMY_KILL","is_daily":false,"chose_seed":false,"campfire_upgraded":2,"win_rate":0.0,"timestamp":1611083484,"path_taken":["M","?","?","M","?","R","?","E","T","E","?","R","M","M","R","BOSS","M","?","?","?","?","E","R","$","T","E","R","M","PTL","PTL","?","M","R","BOSS","M","M","$","?","M","E","R","M","T","PTL","PTL","R","?","M","?","?","R","BOSS"],"items_purchased_type":["Relic","Card","Relic"],"build_version":"2020-12-22","purchased_purges":2,"victory":true,"max_hp_per_floor":[70,70,65,65,65,65,65,65,65,65,65,65,65,65,65,65,65,65,65,65,65,65,65,65,65,65,65,65,65,65,65,65,65,65,65,65,65,65,65,65,65,65,65,65,65,65,65,65,65,65,65,65,65,65],"card_choices":[{"not_picked":["Endless Agony","PiercingWail"],"picked":"ReplayTheSpireMod:Shiv Toss","floor":1.0},{"not_picked":["Poisoned Stab","Hidden Blade"],"picked":"Cloak And Dagger","floor":2.0},{"not_picked":["Dagger Spray","Deadly Poison"],"picked":"Tactician","floor":4.0},{"not_picked":["Cloak And Dagger","Quick Slash"],"picked":"Infinite Blades","floor":5.0},{"not_picked":["Outmaneuver","Finisher"],"picked":"ReplayTheSpireMod:Shiv Toss","floor":8.0},{"not_picked":["ReplayTheSpireMod:Tripwire","Dodge and Roll","Dagger Spray"],"picked":"SKIP","floor":10.0},{"not_picked":["Backstab","Unload"],"picked":"Hidden Blade","floor":11.0},{"not_picked":["Slice","Toxin Wave"],"picked":"Infinite Blades","floor":13.0},{"not_picked":["Replay:Poison Smokescreen","ReplayTheSpireMod:Shiv Toss","Underhanded Strike"],"picked":"SKIP","floor":14.0},{"not_picked":["Noxious Fumes","Dodge and Roll+1","Deflect"],"picked":"SKIP","floor":18.0},{"not_picked":["Flying Knee","Replay:Poison Smokescreen","Riddle With Holes"],"picked":"SKIP","floor":23.0},{"not_picked":["Sucker Punch","Crippling Poison","Bane"],"picked":"SKIP","floor":27.0},{"not_picked":["Caltrops+1","Distraction+1","Acrobatics"],"picked":"SKIP","floor":29.0},{"not_picked":["Expertise","Noxious Fumes","Crippling Poison"],"picked":"SKIP","floor":33.0},{"not_picked":["Tools of the Trade","Storm of Steel"],"picked":"After Image","floor":35.0},{"not_picked":["Slice","Blade Dance","Flying Knee"],"picked":"SKIP","floor":37.0},{"not_picked":["PiercingWail","All Out Attack","Prepared+1"],"picked":"SKIP","floor":38.0},{"not_picked":["Poisoned Stab+1","Outmaneuver"],"picked":"Storm of Steel","floor":41},{"not_picked":["Deflect+1","Underhanded Strike+1","Acrobatics+1"],"picked":"SKIP","floor":42},{"not_picked":["Bane","Dodge and Roll+1","Sucker Punch+1"],"picked":"SKIP","floor":44},{"not_picked":["Hidden Blade","Dash","Deadly Poison+1"],"picked":"SKIP","floor":50},{"not_picked":["Sucker Punch+1","Dodge and Roll","Die Die Die"],"picked":"SKIP","floor":52}],"player_experience":143250,"relics_obtained":[{"floor":5.0,"key":"CaptainsWheel"},{"floor":8.0,"key":"Garlic"},{"floor":9.0,"key":"Blue Doll"},{"floor":10.0,"key":"Ancient Tea Set"},{"floor":22.0,"key":"ReplayFunnel"},{"floor":23.0,"key":"Replay:Towering Pillar of Hats"},{"floor":26.0,"key":"InkBottle"},{"floor":27.0,"key":"Pet Ghost"},{"floor":42,"key":"Toy Ornithopter"},{"floor":45,"key":"Replay:Ringing Soul"},{"floor":49,"key":"Replay:Kaleidoscope"}],"event_choices":[{"damage_healed":0.0,"max_hp_gain":0.0,"max_hp_loss":5.0,"gold_gain":0.0,"event_name":"Golden Idol","player_choice":"Lose Max HP","floor":3.0,"gold_loss":0.0,"damage_taken":0.0,"relics_obtained":["Golden Idol"]},{"damage_healed":21.0,"max_hp_gain":0.0,"max_hp_loss":0.0,"gold_gain":0.0,"event_name":"Big Fish","player_choice":"Banana","floor":7.0,"gold_loss":0.0,"damage_taken":0.0},{"damage_healed":0.0,"max_hp_gain":0.0,"max_hp_loss":0.0,"gold_gain":0.0,"event_name":"Back to Basics","player_choice":"Simplicity","floor":19.0,"gold_loss":0.0,"damage_taken":0.0,"cards_upgraded":["Strike_G","Strike_G","Strike_G","Strike_G","Strike_G","Defend_G","Defend_G","Defend_G","Defend_G","Defend_G"]},{"damage_healed":21.0,"max_hp_gain":0.0,"max_hp_loss":0.0,"gold_gain":0.0,"event_name":"The Library","player_choice":"Heal","floor":20.0,"gold_loss":0.0,"damage_taken":0.0},{"cards_removed":["Strike_G"],"damage_healed":0.0,"max_hp_gain":0.0,"max_hp_loss":0.0,"gold_gain":0.0,"event_name":"Beggar","player_choice":"Gave Gold","floor":21.0,"gold_loss":75.0,"damage_taken":0.0},{"cards_removed":["Strike_G"],"damage_healed":0.0,"max_hp_gain":0.0,"max_hp_loss":0.0,"gold_gain":0.0,"event_name":"Falling","player_choice":"Removed Attack","floor":40.0,"gold_loss":0.0,"damage_taken":0.0},{"damage_healed":0,"gold_gain":0,"player_choice":"Fight","damage_taken":0,"max_hp_gain":0,"max_hp_loss":0,"event_name":"MindBloom","floor":49,"gold_loss":0},{"damage_healed":0,"gold_gain":100,"player_choice":"Pray","damage_taken":0,"max_hp_gain":0,"max_hp_loss":0,"event_name":"Golden Shrine","floor":51,"gold_loss":0}],"is_beta":false,"boss_relics":[{"not_picked":["Fusion Hammer","Abe\u0027s Treasure"],"picked":"Snecko Scales"},{"not_picked":["Replay:Grab Bag","Cursed Key"],"picked":"WristBlade"}],"items_purged_floors":[25,32],"is_endless":false,"potions_floor_spawned":[1,4,10,14,18,35,37,44,50],"ascension_level":9}}