{"host":"ebj6lkgm8suah319","time":1611030184,"event":{"mods":["2.2 Compatiblity","AchievementEnabler","BaseMod","Block Reminder","Colored Map","Colored Powertips","Minty Spire (QoL Compilation)","Quick Restart","Rare Cards Sparkle","Relic Stats","SuperFastMode"],"gold_per_floor":[16,16,36,53,53,53,53,83,83,111,131,131,144,159,159,263,263,273,198,45,45,60,88,88,107,107,135,149,175,175,205,205,304,304,314,314,130,1129,466,466,495,3,28,28,55,55,68,68,68,68],"floor_reached":51,"language":"ENG","playtime":1367,"items_purged":["Strike_R","Normality","Normality"],"score":1337,"play_id":"17ae696f-dbab-4182-9a59-571590d42f9d","local_time":"20210118232304","is_ascension_mode":true,"campfire_choices":[{"data":"Uppercut","floor":6.0,"key":"SMITH"},{"data":"Bludgeon","floor":12.0,"key":"SMITH"},{"data":"Dropkick","floor":15.0,"key":"SMITH"},{"floor":24.0,"key":"REST"},{"data":"Inflame","floor":32.0,"key":"SMITH"},{"floor":40.0,"key":"REST"},{"data":"Dark Embrace","floor":44.0,"key":"SMITH"},{"data":"Dark Shackles","floor":49.0,"key":"SMITH"}],"circlet_count":0,"master_deck":["AscendersBane","Strike_R","Strike_R","Strike_R","Strike_R","Defend_R","Defend_R","Defend_R","Defend_R","Bash+1","Uppercut+1","Thunderclap","Bludgeon+1","Shockwave","Dropkick+1","Shockwave","Flame Barrier","Immolate","Warcry+1","Burning Pact","Dark Embrace+1","Inflame+1","Pommel Strike","Reaper","Fiend Fire","Inflame","Dual Wield","Inflame","Disarm","Havoc","Flame Barrier","Dark Shackles+1"],"relics":["Burning Blood","CaptainsWheel","Paper Frog","WarpedTongs","Bag of Marbles","Mercury Hourglass","Pantograph","Sozu","Medical Kit","Nunchaku","Self Forming Clay","InkBottle","Mango","Nilry\u0027s Codex","Toy Ornithopter","Snecko Eye","Letter Opener","Sling","Lantern","Dead Branch","Bronze Scales","Pen Nib"],"acts_visited":["Exordium","TheCity","TheBeyond"],"potions_floor_usage":[50],"damage_taken":[{"damage":1.0,"enemies":"Cultist","floor":1.0,"turns":4.0},{"damage":5.0,"enemies":"Small Slimes","floor":3.0,"turns":4.0},{"damage":0.0,"enemies":"2 Louse","floor":4.0,"turns":2.0},{"damage":22.0,"enemies":"Lagavulin","floor":8.0,"turns":7.0},{"damage":14.0,"enemies":"3 Sentries","floor":10.0,"turns":6.0},{"damage":16.0,"enemies":"Lots of Slimes","floor":11.0,"turns":3.0},{"damage":3.0,"enemies":"3 Louse","floor":13.0,"turns":2.0},{"damage":9.0,"enemies":"2 Fungi Beasts","floor":14.0,"turns":3.0},{"damage":20.0,"enemies":"Slime Boss","floor":16.0,"turns":8.0},{"damage":8.0,"enemies":"Chosen","floor":18.0,"turns":2.0},{"damage":9.0,"enemies":"Shell Parasite","floor":22.0,"turns":3.0},{"damage":40.0,"enemies":"Book of Stabbing","floor":23.0,"turns":5.0},{"damage":0.0,"enemies":"Snecko","floor":25.0,"turns":2.0},{"damage":4.0,"enemies":"Gremlin Leader","floor":27.0,"turns":5.0},{"damage":12.0,"enemies":"Shelled Parasite and Fungi","floor":28.0,"turns":5.0},{"damage":10.0,"enemies":"Book of Stabbing","floor":29.0,"turns":3.0},{"damage":36.0,"enemies":"Slavers","floor":31.0,"turns":3.0},{"damage":71.0,"enemies":"Champ","floor":33.0,"turns":11.0},{"damage":0.0,"enemies":"3 Darklings","floor":35.0,"turns":3.0},{"damage":5.0,"enemies":"Giant Head","floor":41.0,"turns":7.0},{"damage":0.0,"enemies":"Reptomancer","floor":45.0,"turns":2.0},{"damage":0.0,"enemies":"Orb Walker","floor":47.0,"turns":2.0},{"damage":64,"enemies":"Awakened One","floor":50,"turns":10}],"seed_played":"6186079474661029411","potions_obtained":[{"floor":8.0,"key":"DuplicationPotion"},{"floor":10.0,"key":"PowerPotion"},{"floor":14.0,"key":"SpeedPotion"}],"is_trial":false,"path_per_floor":["M","?","M","M","?","R","?","E","T","E","M","R","M","M","R","B",null,"M","?","$","?","M","E","R","M","T","E","M","E","?","E","R","B",null,"M","?","$","?","$","R","E","$","T","R","E","$","M","?","R","B",null],"character_chosen":"IRONCLAD","items_purchased":["Medical Kit","Inflame","Dual Wield","Letter Opener","Sling","Inflame","Disarm","Dead Branch","Havoc"],"campfire_rested":2,"item_purchase_floors":[20,37,37,39,39,39,39,42,42],"current_hp_per_floor":[77,77,78,80,73,73,73,57,57,49,39,39,42,39,39,50,73,71,71,71,71,68,34,58,64,64,66,60,70,54,48,48,29,78,84,84,84,84,84,89,89,89,89,89,89,89,89,79,79,31],"gold":68,"neow_bonus":"ONE_RARE_RELIC","is_daily":false,"chose_seed":false,"campfire_upgraded":6,"win_rate":0.0,"timestamp":1611030184,"path_taken":["M","?","M","M","?","R","?","E","T","E","M","R","?","M","R","BOSS","M","?","$","?","M","E","R","M","T","E","M","E","?","E","R","BOSS","M","?","$","?","$","R","E","?","T","R","E","$","M","?","R","BOSS"],"items_purchased_type":["Relic","Card","Card","Relic","Relic","Card","Card","Relic","Card"],"build_version":"2020-12-22","purchased_purges":3,"victory":true,"max_hp_per_floor":[80,80,80,80,80,80,80,80,80,80,80,80,80,80,80,80,80,80,80,80,80,80,80,80,80,80,80,80,94,94,94,94,94,94,94,89,89,89,89,89,89,89,89,89,89,89,89,89,89,89],"relic_stats":{"counters":[23,102],"Self Forming Clay":[66],"Dead Branch":[18],"Pen Nib":[2],"Letter Opener":[62],"Medical Kit":[0],"Burning Blood":116,"WarpedTongs":[91],"Mercury Hourglass":[347],"Sozu":5,"Nunchaku":[9],"Pantograph":60,"Bronze Scales":[51],"Snecko Eye":[56,59,47,48],"obtain_stats":[{"Lantern":41,"Self Forming Clay":26,"Nilry\u0027s Codex":30,"Dead Branch":42,"Mango":29,"Pen Nib":45,"Letter Opener":39,"Medical Kit":20,"Sling":39,"Burning Blood":0,"WarpedTongs":7,"Mercury Hourglass":9,"Sozu":17,"CaptainsWheel":0,"Nunchaku":23,"Pantograph":10,"Bronze Scales":43,"Snecko Eye":34,"Bag of Marbles":8,"InkBottle":27,"Toy Ornithopter":31,"Paper Frog":5},{"Lantern":20,"Self Forming Clay":13,"Nilry\u0027s Codex":16,"Dead Branch":20,"Mango":16,"Pen Nib":21,"Letter Opener":19,"Medical Kit":10,"Sling":19,"Burning Blood":0,"WarpedTongs":3,"Mercury Hourglass":4,"Sozu":9,"CaptainsWheel":0,"Nunchaku":12,"Pantograph":5,"Bronze Scales":20,"Snecko Eye":18,"Bag of Marbles":4,"InkBottle":14,"Toy Ornithopter":17,"Paper Frog":3},{"Lantern":88,"Self Forming Clay":51,"Nilry\u0027s Codex":64,"Dead Branch":88,"Mango":64,"Pen Nib":90,"Letter Opener":81,"Medical Kit":41,"Sling":81,"Burning Blood":0,"WarpedTongs":10,"Mercury Hourglass":17,"Sozu":39,"CaptainsWheel":0,"Nunchaku":49,"Pantograph":23,"Bronze Scales":88,"Snecko Eye":78,"Bag of Marbles":17,"InkBottle":56,"Toy Ornithopter":67,"Paper Frog":10}],"InkBottle":[16],"Toy Ornithopter":0},"card_choices":[{"not_picked":["Warcry","Havoc","Body Slam"],"picked":"SKIP","floor":1.0},{"not_picked":["Twin Strike","Burning Pact"],"picked":"Uppercut","floor":3.0},{"not_picked":["True Grit","Flex"],"picked":"Thunderclap","floor":4.0},{"not_picked":["Heavy Blade","Perfected Strike"],"picked":"Bludgeon","floor":8.0},{"not_picked":["Disarm","Intimidate"],"picked":"Shockwave","floor":10.0},{"not_picked":["Searing Blow","Hemokinesis"],"picked":"Dropkick","floor":11.0},{"not_picked":["Blood for Blood","Perfected Strike"],"picked":"Shockwave","floor":13.0},{"not_picked":["Cleave","Havoc"],"picked":"Flame Barrier","floor":14.0},{"not_picked":["Berserk","Reaper"],"picked":"Immolate","floor":16.0},{"not_picked":["Thunderclap","Clash","Perfected Strike"],"picked":"SKIP","floor":18.0},{"not_picked":["Armaments","Twin Strike+1"],"picked":"Warcry+1","floor":22.0},{"not_picked":["Headbutt","True Grit"],"picked":"Burning Pact","floor":23.0},{"not_picked":["Second Wind","True Grit"],"picked":"Dark Embrace","floor":25.0},{"not_picked":["Burning Pact","Seeing Red+1"],"picked":"Inflame","floor":27.0},{"not_picked":["Cleave","Sentinel"],"picked":"Pommel Strike","floor":28.0},{"not_picked":["Whirlwind","Thunderclap+1"],"picked":"Reaper","floor":29.0},{"not_picked":["Anger","Dark Embrace","Armaments"],"picked":"SKIP","floor":31.0},{"not_picked":["Bludgeon","Berserk"],"picked":"Fiend Fire","floor":33.0},{"not_picked":["Searing Blow+1","Twin Strike","Combust"],"picked":"SKIP","floor":35.0},{"not_picked":["Flex","Twin Strike+1","Wild Strike"],"picked":"SKIP","floor":41.0},{"not_picked":["Thunderclap+1","True Grit","Flex+1"],"picked":"SKIP","floor":45.0},{"not_picked":["Sever Soul","Fire Breathing+1"],"picked":"Flame Barrier","floor":47.0},{"not_picked":["Bandage Up","Enlightenment"],"picked":"Dark Shackles","floor":48.0}],"player_experience":34098,"relics_obtained":[{"floor":8.0,"key":"Bag of Marbles"},{"floor":9.0,"key":"Mercury Hourglass"},{"floor":10.0,"key":"Pantograph"},{"floor":23.0,"key":"Nunchaku"},{"floor":26.0,"key":"Self Forming Clay"},{"floor":27.0,"key":"InkBottle"},{"floor":29.0,"key":"Mango"},{"floor":30.0,"key":"Nilry\u0027s Codex"},{"floor":31.0,"key":"Toy Ornithopter"},{"floor":41.0,"key":"Lantern"},{"floor":43.0,"key":"Bronze Scales"},{"floor":45.0,"key":"Pen Nib"}],"event_choices":[{"damage_healed":0.0,"max_hp_gain":0.0,"max_hp_loss":0.0,"gold_gain":0.0,"event_name":"Living Wall","player_choice":"Grow","floor":2.0,"gold_loss":0.0,"damage_taken":0.0,"cards_upgraded":["Bash"]},{"damage_healed":0.0,"max_hp_gain":0.0,"max_hp_loss":0.0,"gold_gain":0.0,"event_name":"Scrap Ooze","player_choice":"Success","floor":5.0,"gold_loss":0.0,"damage_taken":7.0,"relics_obtained":["Paper Frog"]},{"damage_healed":0.0,"max_hp_gain":0.0,"max_hp_loss":0.0,"gold_gain":0.0,"event_name":"Accursed Blacksmith","player_choice":"Rummage","floor":7.0,"gold_loss":0.0,"damage_taken":0.0,"relics_obtained":["WarpedTongs"],"cards_obtained":["Pain"]},{"cards_removed":["Pain"],"damage_healed":0.0,"max_hp_gain":0.0,"max_hp_loss":0.0,"gold_gain":0.0,"event_name":"Beggar","player_choice":"Gave Gold","floor":19.0,"gold_loss":75.0,"damage_taken":0.0},{"damage_healed":0.0,"max_hp_gain":0.0,"max_hp_loss":0.0,"gold_gain":0.0,"event_name":"Vampires","player_choice":"Ignored","floor":21.0,"gold_loss":0.0,"damage_taken":0.0},{"damage_healed":0.0,"max_hp_gain":0.0,"max_hp_loss":0.0,"gold_gain":0.0,"event_name":"Cursed Tome","player_choice":"Obtained Book","floor":30.0,"gold_loss":0.0,"damage_taken":16.0},{"damage_healed":0.0,"max_hp_gain":0.0,"max_hp_loss":5.0,"gold_gain":0.0,"event_name":"Winding Halls","player_choice":"Max HP","floor":36.0,"gold_loss":0.0,"damage_taken":0.0},{"damage_healed":0.0,"max_hp_gain":0.0,"max_hp_loss":0.0,"gold_gain":999.0,"event_name":"MindBloom","player_choice":"Gold","floor":38.0,"gold_loss":0.0,"damage_taken":0.0,"cards_obtained":["Normality","Normality"]},{"damage_healed":0.0,"max_hp_gain":0.0,"max_hp_loss":0.0,"gold_gain":0.0,"event_name":"SensoryStone","player_choice":"Memory 3","floor":48.0,"gold_loss":0.0,"damage_taken":10.0}],"is_beta":false,"boss_relics":[{"not_picked":["Astrolabe","Black Star"],"picked":"Sozu"},{"not_picked":["Mark of Pain","Velvet Choker"],"picked":"Snecko Eye"}],"items_purged_floors":[37,39,42],"is_endless":false,"potions_floor_spawned":[8,10,14,27,29,31,45,47],"ascension_level":12}}