{"host":"xi8yg1ddhptuxb9d","time":1611081603,"event":{"mods":["AchievementEnabler","AlwaysNeverKeys","BaseMod","Block Reminder","Minty Spire (QoL Compilation)","Relic Sorter","StSLib"],"gold_per_floor":[18,34,34,50,13,13,47,65,65,85,96,61,61,81,81,154,154,164,175,155,171,171,171,199,212,212,41,72,89,107,123,123,123,123],"floor_reached":33,"language":"ENG","playtime":1600,"items_purged":[],"score":527,"play_id":"830079f9-fdb4-4230-bc1e-3199e16a6231","local_time":"20210119134003","is_ascension_mode":true,"campfire_choices":[{"data":"1","floor":6.0,"key":"LIFT"},{"data":"2","floor":13.0,"key":"LIFT"},{"data":"Wraith Form v2","floor":15.0,"key":"SMITH"},{"data":"3","floor":23.0,"key":"LIFT"},{"data":"Wraith Form v2","floor":32,"key":"SMITH"}],"circlet_count":0,"master_deck":["AscendersBane","Strike_G+1","Strike_G","Strike_G","Strike_G","Strike_G","Defend_G","Defend_G","Defend_G","Defend_G","Defend_G+1","Survivor","Neutralize","Sucker Punch","Caltrops","Dagger Throw+1","Footwork","Dagger Spray","PiercingWail","Dodge and Roll","Wraith Form v2+1","PiercingWail+1","Dodge and Roll","Wraith Form v2+1","Finisher","Backstab","Footwork","Blade Dance+1"],"relics":["Ring of the Snake","Girya","Tingsha","Letter Opener","SlaversCollar","Ornamental Fan","Whetstone","Lee\u0027s Waffle","War Paint"],"acts_visited":["Exordium","TheCity"],"potions_floor_usage":[33,33],"damage_taken":[{"damage":3.0,"enemies":"Cultist","floor":1.0,"turns":4.0},{"damage":4.0,"enemies":"Jaw Worm","floor":2.0,"turns":4.0},{"damage":0.0,"enemies":"Small Slimes","floor":4.0,"turns":3.0},{"damage":27.0,"enemies":"Lagavulin","floor":7.0,"turns":8.0},{"damage":9.0,"enemies":"3 Louse","floor":8.0,"turns":2.0},{"damage":2.0,"enemies":"Lots of Slimes","floor":10.0,"turns":2.0},{"damage":0.0,"enemies":"Blue Slaver","floor":11.0,"turns":3.0},{"damage":6.0,"enemies":"Red Slaver","floor":14.0,"turns":4.0},{"damage":31.0,"enemies":"Slime Boss","floor":16.0,"turns":12.0},{"damage":32.0,"enemies":"3 Byrds","floor":18.0,"turns":5.0},{"damage":3.0,"enemies":"Spheric Guardian","floor":19.0,"turns":3.0},{"damage":10.0,"enemies":"3 Cultists","floor":21.0,"turns":7.0},{"damage":10.0,"enemies":"Book of Stabbing","floor":24.0,"turns":7.0},{"damage":25.0,"enemies":"Cultist and Chosen","floor":25.0,"turns":7.0},{"damage":2.0,"enemies":"Gremlin Leader","floor":28.0,"turns":9.0},{"damage":29.0,"enemies":"Shelled Parasite and Fungi","floor":29.0,"turns":7.0},{"damage":13.0,"enemies":"3 Cultists","floor":30.0,"turns":6.0},{"damage":0,"enemies":"Sentry and Sphere","floor":31,"turns":4},{"damage":42,"enemies":"Collector","floor":33,"turns":6}],"seed_played":"4933744979090993189","potions_obtained":[{"floor":3.0,"key":"Explosive Potion"},{"floor":3.0,"key":"Ancient Potion"},{"floor":4.0,"key":"EntropicBrew"},{"floor":8.0,"key":"Energy Potion"},{"floor":16.0,"key":"SteroidPotion"},{"floor":18.0,"key":"Explosive Potion"},{"floor":20.0,"key":"Energy Potion"},{"floor":24.0,"key":"SteroidPotion"},{"floor":25.0,"key":"EssenceOfSteel"},{"floor":29.0,"key":"Block Potion"}],"is_trial":false,"path_per_floor":["M","M","?","M","$","R","E","M","T","M","M","?","R","M","R","B",null,"M","M","?","M","?","R","E","M","T","$","E","M","M","M","R","B"],"character_chosen":"THE_SILENT","items_purchased":["Footwork","Lee\u0027s Waffle"],"campfire_rested":0,"item_purchase_floors":[5,27],"current_hp_per_floor":[56,52,52,52,52,52,25,16,16,14,14,30,30,24,24,8,52,20,17,17,7,76,76,66,41,41,83,81,52,39,39,39,0,0],"gold":123,"neow_bonus":"ONE_RARE_RELIC","is_daily":false,"chose_seed":false,"campfire_upgraded":2,"win_rate":0.0,"timestamp":1611081603,"path_taken":["M","?","?","?","?","R","E","M","T","?","?","?","R","M","R","BOSS","M","M","?","?","?","R","E","M","T","$","E","M","M","M","R","BOSS"],"items_purchased_type":["Card","Relic"],"build_version":"2020-12-22","purchased_purges":0,"victory":false,"max_hp_per_floor":[66,66,66,66,66,66,66,66,66,66,66,66,66,66,66,66,66,66,66,66,66,76,76,76,76,76,83,83,83,83,83,83,83,83],"card_choices":[{"not_picked":["Reflex","Distraction"],"picked":"Sucker Punch","floor":1.0},{"not_picked":["Backflip","Finisher"],"picked":"Caltrops","floor":2.0},{"not_picked":["Poisoned Stab","PiercingWail"],"picked":"Dagger Throw","floor":4.0},{"not_picked":["Eviscerate","Quick Slash"],"picked":"Dagger Spray","floor":7.0},{"not_picked":["Deadly Poison","Distraction"],"picked":"PiercingWail","floor":8.0},{"not_picked":["Cloak And Dagger","Bouncing Flask"],"picked":"Dodge and Roll","floor":10.0},{"not_picked":["Flying Knee","Infinite Blades"],"picked":"Wraith Form v2","floor":11.0},{"not_picked":["Poisoned Stab","Choke"],"picked":"PiercingWail","floor":14.0},{"not_picked":["Venomology","Doppelganger"],"picked":"Tools of the Trade","floor":16.0},{"not_picked":["Dagger Throw","Prepared"],"picked":"Dodge and Roll","floor":18.0},{"not_picked":["Dodge and Roll","Flechettes"],"picked":"Wraith Form v2","floor":19.0},{"not_picked":["Acrobatics","Deflect","Predator"],"picked":"SKIP","floor":21.0},{"not_picked":["Underhanded Strike","Well Laid Plans","Slice"],"picked":"SKIP","floor":24.0},{"not_picked":["Dagger Spray","Acrobatics"],"picked":"Finisher","floor":25.0},{"not_picked":["Noxious Fumes","Dagger Throw"],"picked":"Backstab","floor":28.0},{"not_picked":["Sucker Punch","Poisoned Stab+1","Deadly Poison"],"picked":"SKIP","floor":29.0},{"not_picked":["Doppelganger","Deflect"],"picked":"Footwork","floor":30.0},{"not_picked":["Slice","Concentrate"],"picked":"Blade Dance+1","floor":31}],"player_experience":645434,"relics_obtained":[{"floor":7.0,"key":"Tingsha"},{"floor":9.0,"key":"Letter Opener"},{"floor":24.0,"key":"Ornamental Fan"},{"floor":26.0,"key":"Whetstone"},{"floor":28.0,"key":"War Paint"}],"event_choices":[{"damage_healed":0.0,"max_hp_gain":0.0,"max_hp_loss":0.0,"gold_gain":0.0,"event_name":"Lab","player_choice":"Got Potions","floor":3.0,"gold_loss":0.0,"damage_taken":0.0},{"damage_healed":16.0,"max_hp_gain":0.0,"max_hp_loss":0.0,"gold_gain":0.0,"event_name":"The Cleric","player_choice":"Healed","floor":12.0,"gold_loss":35.0,"damage_taken":0.0},{"damage_healed":0.0,"max_hp_gain":0.0,"max_hp_loss":0.0,"gold_gain":0.0,"event_name":"The Woman in Blue","player_choice":"Bought 1 Potion","floor":20.0,"gold_loss":0.0,"damage_taken":0.0},{"cards_removed":["Tools of the Trade"],"damage_healed":59.0,"max_hp_gain":10.0,"max_hp_loss":0.0,"gold_gain":0.0,"event_name":"Bonfire Elementals","player_choice":"Offered Rare","floor":22.0,"gold_loss":0.0,"damage_taken":0.0}],"is_beta":false,"boss_relics":[{"not_picked":["Sozu","HoveringKite"],"picked":"SlaversCollar"}],"items_purged_floors":[],"is_endless":false,"potions_floor_spawned":[4,8,16,18,24,25,29,31],"killed_by":"Collector","ascension_level":16}}