{"host":"2pmmafybkq7zb6na","time":1611069672,"event":{"mods":["AchievementEnabler","BaseMod","Colored Map","Highlight Path","Keyboard Shortcuts","Minty Spire (QoL Compilation)","Quick Restart","StSLib","SuperFastMode"],"gold_per_floor":[115,133,144,94,94,94,119,119,146,146,146,171,171,204,204,304,304,319,329,23,23,39,39,73,100,182,199,114,148,198,216,216,315,315,335,335,25,45,63,63,73,88,138,150,162,162],"floor_reached":45,"language":"KOR","playtime":1736,"items_purged":["Hyperbeam"],"score":642,"play_id":"93715a4a-6d49-49c0-a6b6-8787b9431961","local_time":"20210120002112","is_ascension_mode":true,"campfire_choices":[{"data":"Coolheaded","floor":6.0,"key":"SMITH"},{"data":"Redo","floor":8.0,"key":"SMITH"},{"data":"Turbo","floor":10.0,"key":"SMITH"},{"data":"Dualcast","floor":13.0,"key":"SMITH"},{"data":"Hologram","floor":15.0,"key":"SMITH"},{"data":"Turbo","floor":23.0,"key":"SMITH"},{"floor":32.0,"key":"RECALL"},{"data":"Echo Form","floor":40.0,"key":"SMITH"},{"floor":44.0,"key":"REST"}],"circlet_count":0,"master_deck":["Zap+1","Dualcast+1","Coolheaded+1","Redo+1","Compile Driver","Turbo+1","Sweeping Beam","Hologram+1","Buffer","Electrodynamics","Rebound","Buffer","Turbo+1","Force Field","Static Discharge","Conserve Battery","Skim","Creative AI","Go for the Eyes","Undo+1","Storm","Self Repair","Amplify","Go for the Eyes+1","Compile Driver","Panache","Capacitor","Lockon+1","Echo Form+1"],"relics":["Cracked Core","Odd Mushroom","Strawberry","Mummified Hand","Pear","Question Card","Pandora\u0027s Box","Medical Kit","Bronze Scales","Red Mask","Omamori","Symbiotic Virus","PreservedInsect","Calling Bell","Boot","Cables","Girya","MawBank"],"acts_visited":["Exordium","TheCity","TheBeyond"],"potions_floor_usage":[],"damage_taken":[{"damage":6.0,"enemies":"Cultist","floor":1.0,"turns":3.0},{"damage":8.0,"enemies":"2 Louse","floor":2.0,"turns":2.0},{"damage":12.0,"enemies":"Jaw Worm","floor":3.0,"turns":3.0},{"damage":17.0,"enemies":"The Mushroom Lair","floor":7.0,"turns":4.0},{"damage":12.0,"enemies":"Lagavulin","floor":12.0,"turns":7.0},{"damage":17.0,"enemies":"3 Sentries","floor":14.0,"turns":7.0},{"damage":0.0,"enemies":"Slime Boss","floor":16.0,"turns":7.0},{"damage":1.0,"enemies":"3 Byrds","floor":18.0,"turns":2.0},{"damage":0.0,"enemies":"Shell Parasite","floor":19.0,"turns":5.0},{"damage":2.0,"enemies":"Cultist and Chosen","floor":22.0,"turns":6.0},{"damage":14.0,"enemies":"Book of Stabbing","floor":24.0,"turns":6.0},{"damage":5.0,"enemies":"Masked Bandits","floor":25.0,"turns":2.0},{"damage":0.0,"enemies":"3 Cultists","floor":27.0,"turns":3.0},{"damage":11.0,"enemies":"Slavers","floor":29.0,"turns":4.0},{"damage":6.0,"enemies":"Centurion and Healer","floor":31.0,"turns":3.0},{"damage":0.0,"enemies":"Automaton","floor":33.0,"turns":7.0},{"damage":0.0,"enemies":"3 Shapes","floor":35.0,"turns":2.0},{"damage":49.0,"enemies":"3 Darklings","floor":38.0,"turns":4.0},{"damage":10.0,"enemies":"Writhing Mass","floor":39.0,"turns":4.0},{"damage":40.0,"enemies":"Jaw Worm Horde","floor":41.0,"turns":3.0},{"damage":0.0,"enemies":"Spire Growth","floor":42.0,"turns":3.0},{"damage":0,"enemies":"4 Shapes","floor":45,"turns":1}],"seed_played":"6438153122325652261","potions_obtained":[{"floor":2.0,"key":"Strength Potion"},{"floor":14.0,"key":"Strength Potion"},{"floor":16.0,"key":"Block Potion"},{"floor":24.0,"key":"Block Potion"},{"floor":25.0,"key":"GamblersBrew"},{"floor":31.0,"key":"LiquidMemories"},{"floor":33.0,"key":"BlessingOfTheForge"},{"floor":38.0,"key":"PotionOfCapacity"},{"floor":39.0,"key":"Fruit Juice"},{"floor":42.0,"key":"AttackPotion"}],"is_trial":false,"path_per_floor":["M","M","M","?","?","R","?","R","T","R","T","E","R","E","R","B",null,"M","M","$","?","M","R","E","?","T","M","?","E","T","M","R","B",null,"M","?","$","M","M","R","M","M","T","R","M"],"character_chosen":"DEFECT","items_purchased":["Static Discharge","Medical Kit","Panache","Capacitor","Swift Potion"],"campfire_rested":1,"item_purchase_floors":[20,20,37,37,37],"current_hp_per_floor":[69,61,49,49,42,42,25,25,32,32,32,30,30,13,13,13,92,91,91,91,91,89,89,75,70,70,70,70,59,59,53,53,60,92,92,92,92,50,59,59,26,26,26,55,55,55],"gold":162,"neow_bonus":"UPGRADE_CARD","is_daily":false,"chose_seed":true,"campfire_upgraded":7,"win_rate":0.0,"timestamp":1611069672,"path_taken":["M","M","M","?","?","R","?","R","T","R","?","E","R","E","R","BOSS","M","M","$","?","M","R","E","?","T","M","?","E","?","?","R","BOSS","M","?","$","M","?","R","M","M","T","R","M"],"items_purchased_type":["Card","Relic","Card","Card","Potion"],"build_version":"2020-12-22","purchased_purges":1,"victory":false,"max_hp_per_floor":[75,75,75,75,75,75,75,75,82,82,82,92,92,92,92,92,92,92,92,92,92,92,92,92,92,92,92,92,92,92,92,92,92,92,92,92,92,92,97,97,97,97,97,97,97,97],"card_choices":[{"not_picked":["Go for the Eyes","Gash"],"picked":"Coolheaded","floor":1.0},{"not_picked":["Steam","Chill"],"picked":"Redo","floor":2.0},{"not_picked":["Barrage","Streamline"],"picked":"Compile Driver","floor":3.0},{"not_picked":["Coolheaded","Beam Cell"],"picked":"Turbo","floor":7.0},{"not_picked":["Multi-Cast","Go for the Eyes"],"picked":"Sweeping Beam","floor":12.0},{"not_picked":["Stack","Steam"],"picked":"Hologram","floor":14.0},{"not_picked":["Thunder Strike","Amplify","Core Surge"],"picked":"Buffer","floor":16.0},{"not_picked":["Turbo","Compile Driver","Gash+1"],"picked":"Force Field","floor":18.0},{"not_picked":["Sweeping Beam","Auto Shields","Rebound"],"picked":"Hologram","floor":19.0},{"not_picked":["Compile Driver","Turbo","Rebound"],"picked":"Skim","floor":22.0},{"not_picked":["Barrage+1","All For One","Heatsinks"],"picked":"Creative AI","floor":24.0},{"not_picked":["Steam Power","Hologram","Leap+1"],"picked":"Go for the Eyes","floor":25.0},{"not_picked":["Doom and Gloom","Streamline","Cold Snap"],"picked":"Undo+1","floor":27.0},{"not_picked":["Compile Driver","Redo+1","Sunder+1"],"picked":"Storm","floor":29.0},{"not_picked":["Steam+1","Compile Driver","Go for the Eyes"],"picked":"Self Repair","floor":31.0},{"not_picked":["Meteor Strike","Multi-Cast","Hyperbeam"],"picked":"Amplify","floor":33.0},{"not_picked":["Steam Power+1","Recycle+1","Compile Driver+1"],"picked":"Go for the Eyes+1","floor":35.0},{"not_picked":["Stack+1","Leap+1","Compile Driver+1"],"picked":"Lockon+1","floor":38.0},{"not_picked":["Leap+1","Lockon+1","Coolheaded"],"picked":"Echo Form","floor":39.0},{"not_picked":["Double Energy","Streamline+1","Scrape+1","Steam Power"],"picked":"SKIP","floor":41.0},{"not_picked":["Force Field","Gash","Fusion","Rebound"],"picked":"SKIP","floor":42.0}],"player_experience":101094,"relics_obtained":[{"floor":7.0,"key":"Odd Mushroom"},{"floor":9.0,"key":"Strawberry"},{"floor":11.0,"key":"Mummified Hand"},{"floor":12.0,"key":"Pear"},{"floor":14.0,"key":"Question Card"},{"floor":24.0,"key":"Bronze Scales"},{"floor":25.0,"key":"Red Mask"},{"floor":29.0,"key":"Symbiotic Virus"},{"floor":30.0,"key":"PreservedInsect"},{"floor":34.0,"key":"Boot"},{"floor":34.0,"key":"Cables"},{"floor":34.0,"key":"Girya"},{"floor":43.0,"key":"MawBank"}],"event_choices":[{"cards_removed":["Strike_B"],"damage_healed":0.0,"max_hp_gain":0.0,"max_hp_loss":0.0,"gold_gain":0.0,"event_name":"The Cleric","player_choice":"Card Removal","floor":4.0,"gold_loss":50.0,"damage_taken":0.0},{"cards_removed":["Strike_B"],"damage_healed":0.0,"max_hp_gain":0.0,"max_hp_loss":0.0,"gold_gain":0.0,"event_name":"Golden Wing","player_choice":"Card Removal","floor":5.0,"gold_loss":0.0,"damage_taken":7.0},{"damage_healed":0.0,"max_hp_gain":0.0,"max_hp_loss":0.0,"gold_gain":0.0,"event_name":"Mushrooms","player_choice":"Fought Mushrooms","floor":7.0,"gold_loss":0.0,"damage_taken":0.0},{"damage_healed":0.0,"max_hp_gain":0.0,"max_hp_loss":0.0,"gold_gain":0.0,"cards_transformed":["Hologram","Cold Snap"],"event_name":"Drug Dealer","player_choice":"Became Test Subject","floor":21.0,"gold_loss":0.0,"damage_taken":0.0,"cards_obtained":["Hyperbeam","Conserve Battery"]},{"damage_healed":0.0,"max_hp_gain":0.0,"max_hp_loss":0.0,"gold_gain":0.0,"event_name":"Masked Bandits","player_choice":"Fought Bandits","floor":25.0,"gold_loss":0.0,"damage_taken":0.0},{"damage_healed":0.0,"max_hp_gain":0.0,"max_hp_loss":0.0,"gold_gain":0.0,"event_name":"Addict","player_choice":"Obtained Relic","floor":28.0,"gold_loss":85.0,"damage_taken":0.0,"relics_obtained":["Omamori"]},{"damage_healed":0.0,"max_hp_gain":0.0,"max_hp_loss":0.0,"gold_gain":0.0,"cards_transformed":["Hyperbeam"],"event_name":"Transmorgrifier","player_choice":"Transformed","floor":36.0,"gold_loss":0.0,"damage_taken":0.0,"cards_obtained":["Compile Driver"]}],"is_beta":false,"boss_relics":[{"not_picked":["Snecko Eye","Sozu"],"picked":"Pandora\u0027s Box"},{"not_picked":["Runic Dome","SacredBark"],"picked":"Calling Bell"}],"items_purged_floors":[20],"is_endless":false,"potions_floor_spawned":[2,14,16,24,25,31,33,38,39,42],"killed_by":"4 Shapes","ascension_level":2}}