{"host":"5jzx1090woovszu4","time":1611018912,"event":{"mods":["BaseMod","Minty Spire (QoL Compilation)","Robot Space Explorer","Spicy Shops","StSLib","The Dragon Tamer"],"gold_per_floor":[114,130,4,4,21,21,53,53,123,123,149,149,149,169,169,295,295,310,323,323,323,126,126,126,126,126,126,150,150,150,185,185,305,305,319,15,0,20,383,383,408,447,459,504,239,239,86,86,86,86,86],"floor_reached":50,"language":"ENG","playtime":8896,"items_purged":["RobotSpaceExplorer:ExhaustFan+1"],"score":677,"play_id":"f19127d4-6f15-403c-9d2a-ae43dbfa5ced","local_time":"20210119021512","is_ascension_mode":true,"campfire_choices":[{"data":"RobotSpaceExplorer:Scan","floor":6,"key":"SMITH"},{"data":"RobotSpaceExplorer:ShovelStrike","floor":8,"key":"SMITH"},{"floor":13,"key":"REST"},{"data":"RobotSpaceExplorer:PlasmaMissile","floor":15,"key":"SMITH"},{"floor":23,"key":"REST"},{"floor":29,"key":"REST"},{"data":"RobotSpaceExplorer:PlasmaMissile","floor":32,"key":"SMITH"},{"floor":40,"key":"REST"},{"floor":49,"key":"REST"}],"circlet_count":0,"master_deck":["RobotSpaceExplorer:Scan+1","RobotSpaceExplorer:MiniLasers","RobotSpaceExplorer:DualCore+1","RobotSpaceExplorer:ShockMissile+1","RobotSpaceExplorer:Reload+1","RobotSpaceExplorer:Ammunition","RobotSpaceExplorer:ScrapMissile","RobotSpaceExplorer:ShovelStrike+1","RobotSpaceExplorer:BigMissile","RobotSpaceExplorer:PlasmaMissile+1","RobotSpaceExplorer:StunGrenade","RobotSpaceExplorer:PlasmaMissile+1","RobotSpaceExplorer:Smokescreen","RobotSpaceExplorer:DoubleFind","RobotSpaceExplorer:BlastShield","RobotSpaceExplorer:LaserBurst","RobotSpaceExplorer:ChargingLaser","CurseOfTheBell","RobotSpaceExplorer:FreezeRay+1","RobotSpaceExplorer:LuckyStrike","RobotSpaceExplorer:StunGrenade+1","RobotSpaceExplorer:FreezeRay+1","RobotSpaceExplorer:GearShield+1","RobotSpaceExplorer:ScrapMissile","Panache+1","RobotSpaceExplorer:Explosion"],"relics":["Astrolabe","Juzu Bracelet","Matryoshka","Question Card","Golden Idol","Pandora\u0027s Box","Enchiridion","Orichalcum","Shuriken","Gremlin Horn","Frozen Egg 2","FaceOfCleric","Singing Bowl","Calling Bell","Strawberry","RobotSpaceExplorer:BottledGravity","FossilizedHelix","Letter Opener","Red Mask","Old Coin","MawBank","Shovel","Bottled Tornado","InkBottle"],"acts_visited":["Exordium","TheCity","TheBeyond"],"potions_floor_usage":[7,16,33,33,42,50,50],"damage_taken":[{"damage":0,"enemies":"Small Slimes","floor":1,"turns":3},{"damage":0,"enemies":"Jaw Worm","floor":2,"turns":4},{"damage":0,"enemies":"Cultist","floor":5,"turns":3},{"damage":10,"enemies":"Gremlin Nob","floor":7,"turns":4},{"damage":12,"enemies":"3 Sentries","floor":11,"turns":6},{"damage":0,"enemies":"Looter","floor":14,"turns":3},{"damage":15,"enemies":"The Guardian","floor":16,"turns":11},{"damage":13,"enemies":"3 Byrds","floor":18,"turns":5},{"damage":8,"enemies":"Chosen","floor":19,"turns":5},{"damage":36,"enemies":"3 Cultists","floor":28,"turns":5},{"damage":0,"enemies":"Gremlin Leader","floor":31,"turns":4},{"damage":18,"enemies":"Collector","floor":33,"turns":7},{"damage":38,"enemies":"3 Darklings","floor":35,"turns":6},{"damage":9,"enemies":"Orb Walker","floor":38,"turns":3},{"damage":0,"enemies":"Mind Bloom Boss Battle","floor":39,"turns":4},{"damage":18,"enemies":"3 Darklings","floor":41,"turns":4},{"damage":49,"enemies":"Nemesis","floor":42,"turns":9},{"damage":27,"enemies":"Giant Head","floor":44,"turns":8},{"damage":52,"enemies":"Donu and Deca","floor":50,"turns":6}],"seed_played":"-3736578778072122479","potions_obtained":[{"floor":2,"key":"Weak Potion"},{"floor":5,"key":"Dexterity Potion"},{"floor":18,"key":"DuplicationPotion"},{"floor":28,"key":"ColorlessPotion"},{"floor":33,"key":"LiquidBronze"},{"floor":39,"key":"Regen Potion"},{"floor":44,"key":"RobotSpaceExplorer:PlasmaFlask"}],"is_trial":false,"path_per_floor":["M","M","$","?","M","R","E","R","T","?","E","?","R","M","R","B",null,"M","M","?","?","$","R","?","T","T","?","M","R","$","E","R","B",null,"M","$","?","M","?","R","M","E","T","E","$","T","$","?","R","B"],"character_chosen":"RobotSpaceExplorer","items_purchased":["RobotSpaceExplorer:Ammunition","RobotSpaceExplorer:BlastShield","RobotSpaceExplorer:LuckyStrike","Letter Opener","Panache+1","RobotSpaceExplorer:Explosion"],"campfire_rested":5,"item_purchase_floors":[3,22,36,36,45,47],"current_hp_per_floor":[75,75,75,60,60,60,50,50,50,50,38,20,42,42,42,27,75,62,58,58,42,42,64,64,64,64,64,29,51,51,54,54,41,87,54,54,54,48,53,80,67,38,38,16,16,16,16,16,44,0,0],"gold":86,"neow_bonus":"BOSS_RELIC","is_daily":false,"chose_seed":false,"campfire_upgraded":4,"win_rate":0.0,"timestamp":1611018912,"path_taken":["M","M","$","?","M","R","E","R","T","?","E","?","R","M","R","BOSS","M","M","?","?","?","R","?","?","T","?","M","R","$","E","R","BOSS","M","?","?","M","?","R","M","E","T","E","$","?","$","?","R","BOSS"],"items_purchased_type":["Card","Card","Card","Relic","Card","Card"],"build_version":"2020-12-22","purchased_purges":1,"victory":false,"max_hp_per_floor":[75,75,75,75,75,75,75,75,75,75,75,75,75,75,75,75,75,75,75,75,75,75,75,75,75,75,75,76,76,76,79,79,80,87,88,88,88,91,92,92,93,94,94,95,95,95,95,95,95,95,95],"card_choices":[{"not_picked":["RobotSpaceExplorer:ScrapMissile","RobotSpaceExplorer:Calculate"],"picked":"RobotSpaceExplorer:Reload","floor":1},{"not_picked":["RobotSpaceExplorer:SurgingShield","RobotSpaceExplorer:MetalStrike","RobotSpaceExplorer:StunGrenade"],"picked":"SKIP","floor":2},{"not_picked":["RobotSpaceExplorer:Jetpack","RobotSpaceExplorer:GlueShot"],"picked":"RobotSpaceExplorer:ScrapMissile","floor":5},{"not_picked":["RobotSpaceExplorer:FranticSearch","RobotSpaceExplorer:SlimeMissile"],"picked":"RobotSpaceExplorer:ShovelStrike","floor":7},{"not_picked":["RobotSpaceExplorer:Pulsar","RobotSpaceExplorer:ShovelStrike"],"picked":"RobotSpaceExplorer:BigMissile","floor":11},{"not_picked":["RobotSpaceExplorer:Discharger","RobotSpaceExplorer:DualCore","RobotSpaceExplorer:StunGrenade"],"picked":"RobotSpaceExplorer:PlasmaMissile","floor":14},{"not_picked":["RobotSpaceExplorer:Comet","RobotSpaceExplorer:Scanner","RobotSpaceExplorer:Exploration"],"picked":"RobotSpaceExplorer:Wormhole","floor":16},{"not_picked":["RobotSpaceExplorer:SurgingShield","RobotSpaceExplorer:Pulsar","RobotSpaceExplorer:BigMissile"],"picked":"RobotSpaceExplorer:MiniDrones","floor":18},{"not_picked":["RobotSpaceExplorer:FranticSearch+1","RobotSpaceExplorer:SurgingStrike+1","RobotSpaceExplorer:PlasmaMissile","RobotSpaceExplorer:JunkDive+1"],"picked":"SKIP","floor":19},{"not_picked":["RobotSpaceExplorer:Electropulse","RobotSpaceExplorer:LaserBurst+1","RobotSpaceExplorer:ScrapToss","RobotSpaceExplorer:Pulsar"],"picked":"SKIP","floor":28},{"not_picked":["RobotSpaceExplorer:GlueShot+1","RobotSpaceExplorer:TurboDodge+1","RobotSpaceExplorer:Blitz","RobotSpaceExplorer:ExhaustFan+1"],"picked":"Singing Bowl","floor":31},{"not_picked":["RobotSpaceExplorer:Asteroid","RobotSpaceExplorer:Comet","RobotSpaceExplorer:Multitool+1"],"picked":"RobotSpaceExplorer:ChargingLaser","floor":33},{"not_picked":["RobotSpaceExplorer:Probe","RobotSpaceExplorer:ImprovisedAttack","RobotSpaceExplorer:FranticSearch"],"picked":"RobotSpaceExplorer:FreezeRay+1","floor":35},{"not_picked":["RobotSpaceExplorer:FranticSearch+1","RobotSpaceExplorer:SlimeMissile+1","RobotSpaceExplorer:Ammunition","RobotSpaceExplorer:IronShell"],"picked":"Singing Bowl","floor":38},{"not_picked":["RobotSpaceExplorer:ImprovisedAttack+1","RobotSpaceExplorer:MetalStrike","RobotSpaceExplorer:ShockKick"],"picked":"RobotSpaceExplorer:StunGrenade+1","floor":39},{"not_picked":["RobotSpaceExplorer:MiniDrones","RobotSpaceExplorer:Blaster","RobotSpaceExplorer:GlueShot"],"picked":"RobotSpaceExplorer:FreezeRay+1","floor":41},{"not_picked":["RobotSpaceExplorer:GlueSpray","RobotSpaceExplorer:SlimeMissile","RobotSpaceExplorer:ImprovisedAttack"],"picked":"RobotSpaceExplorer:GearShield+1","floor":42},{"not_picked":["RobotSpaceExplorer:FranticSearch+1","RobotSpaceExplorer:MetalStrike","RobotSpaceExplorer:SelfCleaning+1"],"picked":"RobotSpaceExplorer:ScrapMissile","floor":44}],"player_experience":628123,"relics_obtained":[{"floor":7,"key":"Juzu Bracelet"},{"floor":9,"key":"Matryoshka"},{"floor":11,"key":"Question Card"},{"floor":21,"key":"Enchiridion"},{"floor":25,"key":"Orichalcum"},{"floor":25,"key":"Shuriken"},{"floor":26,"key":"Gremlin Horn"},{"floor":26,"key":"Frozen Egg 2"},{"floor":31,"key":"Singing Bowl"},{"floor":34,"key":"Strawberry"},{"floor":34,"key":"RobotSpaceExplorer:BottledGravity"},{"floor":34,"key":"FossilizedHelix"},{"floor":39,"key":"Old Coin"},{"floor":42,"key":"MawBank"},{"floor":43,"key":"Shovel"},{"floor":44,"key":"Bottled Tornado"},{"floor":46,"key":"InkBottle"}],"event_choices":[{"damage_healed":0,"gold_gain":0,"player_choice":"Entered Light","damage_taken":15,"max_hp_gain":0,"max_hp_loss":0,"event_name":"Shining Light","floor":4,"gold_loss":0,"cards_upgraded":["RobotSpaceExplorer:Strike","RobotSpaceExplorer:Defend"]},{"damage_healed":0,"gold_gain":0,"player_choice":"Upgraded","damage_taken":0,"max_hp_gain":0,"max_hp_loss":0,"event_name":"Upgrade Shrine","floor":10,"gold_loss":0,"cards_upgraded":["RobotSpaceExplorer:Reload"]},{"damage_healed":0,"gold_gain":0,"player_choice":"Take Damage","damage_taken":18,"relics_obtained":["Golden Idol"],"max_hp_gain":0,"max_hp_loss":0,"event_name":"Golden Idol","floor":12,"gold_loss":0},{"damage_healed":0,"gold_gain":0,"player_choice":"Read","damage_taken":0,"max_hp_gain":0,"max_hp_loss":0,"event_name":"The Library","floor":20,"gold_loss":0,"cards_obtained":["RobotSpaceExplorer:DoubleFind"]},{"damage_healed":0,"gold_gain":0,"player_choice":"Obtained Book","damage_taken":16,"max_hp_gain":0,"max_hp_loss":0,"event_name":"Cursed Tome","floor":21,"gold_loss":0},{"damage_healed":0,"gold_gain":0,"cards_transformed":["RobotSpaceExplorer:GlueSpray"],"player_choice":"Transformed","damage_taken":0,"max_hp_gain":0,"max_hp_loss":0,"event_name":"Transmorgrifier","floor":24,"gold_loss":0,"cards_obtained":["RobotSpaceExplorer:LaserBurst"]},{"damage_healed":0,"gold_gain":0,"player_choice":"Trade","damage_taken":0,"relics_obtained":["FaceOfCleric"],"max_hp_gain":0,"max_hp_loss":0,"event_name":"FaceTrader","floor":27,"gold_loss":0},{"damage_healed":0,"gold_gain":0,"player_choice":"Paid","damage_taken":0,"relics_obtained":["Red Mask"],"max_hp_gain":0,"max_hp_loss":0,"event_name":"Tomb of Lord Red Mask","floor":37,"gold_loss":15},{"damage_healed":0,"gold_gain":0,"player_choice":"Fight","damage_taken":0,"max_hp_gain":0,"max_hp_loss":0,"event_name":"MindBloom","floor":39,"gold_loss":0},{"cards_removed":["RobotSpaceExplorer:Fix"],"damage_healed":0,"gold_gain":0,"player_choice":"Removed Skill","damage_taken":0,"max_hp_gain":0,"max_hp_loss":0,"event_name":"Falling","floor":48,"gold_loss":0}],"is_beta":false,"boss_relics":[{"not_picked":["Ectoplasm","RobotSpaceExplorer:Reprocessor"],"picked":"Pandora\u0027s Box"},{"not_picked":["Snecko Eye","Cursed Key"],"picked":"Calling Bell"}],"items_purged_floors":[3],"is_endless":false,"potions_floor_spawned":[2,5,18,28,33,39,44],"killed_by":"Donu and Deca","ascension_level":3}}