{"host":"a0d98l75j0h1o085","time":1611097337,"event":{"mods":["AlwaysNeverKeys","BaseMod","Downfall","Highlight Path","Minty Spire (QoL Compilation)","StSLib"],"gold_per_floor":[114,79,79,39,214,214,240,240,264,297,309,309,340,350,350,446,446,462,462,132,146,146,146,162,162,162],"floor_reached":25,"language":"ENG","playtime":1797,"items_purged":["Writhe"],"score":319,"play_id":"d9711ded-ebfe-4482-a71c-22c411494c5a","local_time":"20210119230217","is_ascension_mode":true,"campfire_choices":[{"data":"Eruption","floor":6.0,"key":"SMITH"},{"data":"Worship","floor":12.0,"key":"SMITH"},{"data":"Vigilance","floor":15.0,"key":"SMITH"},{"data":"Devotion","floor":23,"key":"SMITH"}],"circlet_count":0,"master_deck":["Strike_P","Strike_P","Strike_P","Strike_P","Defend_P","Defend_P","Defend_P","Defend_P","Eruption+1","Vigilance+1","Pray","MentalFortress","BattleHymn","Prostrate","FearNoEvil","Worship+1","Meditate","Devotion+1","CurseOfTheBell","LikeWater","Devotion","CutThroughFate"],"relics":["Runic Dome","Oddly Smooth Stone","Lantern","Darkstone Periapt","Art of War","Calling Bell","Toy Ornithopter","Pear","Torii","Bag of Marbles","Pantograph"],"acts_visited":["Exordium","TheCity"],"potions_floor_usage":[18,18,21,25],"damage_taken":[{"damage":24.0,"enemies":"Jaw Worm","floor":1.0,"turns":2.0},{"damage":7.0,"enemies":"Gremlin Nob","floor":7.0,"turns":3.0},{"damage":0.0,"enemies":"Lagavulin","floor":10.0,"turns":4.0},{"damage":0.0,"enemies":"Cultist","floor":11.0,"turns":3.0},{"damage":0.0,"enemies":"3 Sentries","floor":13.0,"turns":3.0},{"damage":2.0,"enemies":"Small Slimes","floor":14.0,"turns":3.0},{"damage":6.0,"enemies":"The Guardian","floor":16.0,"turns":7.0},{"damage":20,"enemies":"2 Thieves","floor":18,"turns":4},{"damage":26,"enemies":"3 Byrds","floor":21,"turns":5},{"damage":8,"enemies":"Centurion and Healer","floor":24,"turns":5},{"damage":58,"enemies":"Slavers","floor":25,"turns":6}],"seed_played":"4598736591813590187","potions_obtained":[{"floor":3.0,"key":"EntropicBrew"},{"floor":3.0,"key":"StancePotion"},{"floor":3.0,"key":"Swift Potion"},{"floor":10.0,"key":"Block Potion"},{"floor":11.0,"key":"Explosive Potion"},{"floor":13.0,"key":"BottledMiracle"},{"floor":16.0,"key":"hexamod:SoulburnPotion"},{"floor":18,"key":"EssenceOfSteel"}],"is_trial":false,"path_per_floor":["M","$","?","$","?","R","E","?","T","E","M","R","E","M","R","B",null,"M","?","$","M","?","R","M","E"],"character_chosen":"WATCHER","items_purchased":["MentalFortress","BattleHymn","Pantograph"],"campfire_rested":0,"item_purchase_floors":[2,4,20],"current_hp_per_floor":[48,48,48,48,48,48,41,41,41,41,41,41,41,39,39,33,88,73,79,79,58,58,58,50,0,0],"gold":162,"neow_bonus":"BOSS_RELIC","is_daily":false,"chose_seed":false,"campfire_upgraded":4,"win_rate":0.0,"timestamp":1611097337,"path_taken":["M","$","?","?","?","R","E","?","T","E","?","R","E","M","R","BOSS","M","?","$","M","?","R","M","E"],"items_purchased_type":["Card","Card","Relic"],"build_version":"2020-12-22","purchased_purges":1,"victory":false,"max_hp_per_floor":[72,72,72,72,72,72,72,72,72,72,72,72,72,72,72,72,88,88,94,94,94,94,94,94,94,94],"card_choices":[{"not_picked":["Crescendo","DeceiveReality"],"picked":"Pray","floor":1.0},{"not_picked":["Study","SandsOfTime"],"picked":"Prostrate","floor":7.0},{"not_picked":["FlyingSleeves","Omniscience"],"picked":"FearNoEvil","floor":10.0},{"not_picked":["FollowUp","DeceiveReality"],"picked":"Worship","floor":11.0},{"not_picked":["FollowUp","SashWhip","Pray"],"picked":"SKIP","floor":13.0},{"not_picked":["FollowUp","SashWhip","Pray"],"picked":"SKIP","floor":13.0},{"not_picked":["EmptyFist","Prostrate"],"picked":"Meditate","floor":14.0},{"not_picked":["Wish","DeusExMachina"],"picked":"Devotion","floor":16.0},{"not_picked":["Weave+1","WindmillStrike"],"picked":"LikeWater","floor":18},{"not_picked":["Perseverance","Fasting2"],"picked":"Devotion","floor":21},{"not_picked":["Adaptation","DeceiveReality"],"picked":"CutThroughFate","floor":24}],"player_experience":750351,"relics_obtained":[{"floor":7.0,"key":"Oddly Smooth Stone"},{"floor":9.0,"key":"Lantern"},{"floor":10.0,"key":"Darkstone Periapt"},{"floor":13.0,"key":"Art of War"},{"floor":17.0,"key":"Toy Ornithopter"},{"floor":17.0,"key":"Pear"},{"floor":17.0,"key":"Torii"}],"event_choices":[{"damage_healed":0.0,"max_hp_gain":0.0,"max_hp_loss":0.0,"gold_gain":0.0,"event_name":"Lab","player_choice":"Got Potions","floor":3.0,"gold_loss":0.0,"damage_taken":0.0},{"damage_healed":0.0,"max_hp_gain":0.0,"max_hp_loss":0.0,"gold_gain":175.0,"event_name":"Liars Game","player_choice":"AGREE","floor":5.0,"gold_loss":0.0,"damage_taken":0.0,"cards_obtained":["Doubt"]},{"cards_removed":["Doubt"],"damage_healed":0.0,"max_hp_gain":0.0,"max_hp_loss":0.0,"gold_gain":0.0,"event_name":"Fountain of Cleansing","player_choice":"Removed Curses","floor":8.0,"gold_loss":0.0,"damage_taken":0.0},{"damage_healed":0,"gold_gain":0,"player_choice":"Opened","damage_taken":0,"relics_obtained":["Bag of Marbles"],"max_hp_gain":0,"max_hp_loss":0,"event_name":"The Mausoleum","floor":19,"gold_loss":0,"cards_obtained":["Writhe"]}],"is_beta":false,"boss_relics":[{"not_picked":["Ectoplasm","Fusion Hammer"],"picked":"Calling Bell"}],"items_purged_floors":[20],"is_endless":false,"potions_floor_spawned":[10,11,13,16,18],"killed_by":"Slavers","ascension_level":2}}