{"host":"lnt5dzsuhru0aonl","time":1611056039,"event":{"mods":["2.2 Compatiblity","BaseMod","Colored Map","Colored Powertips","DeckTracker","Keyboard Shortcuts","Minty Spire (QoL Compilation)","Permanent Neow","StSLib","SuperFastMode","everything is the same but u backflip on backflip"],"gold_per_floor":[115,11,26,41,41,41,73,93,117,117,117,117,127,154,166,178,178],"floor_reached":16,"language":"KOR","playtime":367,"items_purged":[],"score":200,"play_id":"41ba9775-bfdf-44dd-ad22-620eacf63013","local_time":"20210119203359","is_ascension_mode":true,"campfire_choices":[{"data":"Chaos","floor":6,"key":"SMITH"},{"data":"Loop","floor":10,"key":"SMITH"},{"data":"Self Repair","floor":12,"key":"SMITH"},{"data":"Storm","floor":15,"key":"SMITH"}],"circlet_count":0,"master_deck":["AscendersBane","Strike_B","Strike_B","Strike_B","Defend_B","Defend_B","Defend_B","Defend_B","Zap","Dualcast","Chaos+1","Loop+1","Turbo","Conserve Battery","Glacier","Electrodynamics","Self Repair+1","Amplify","Storm+1"],"relics":["Cracked Core","Lizard Tail","Boot","Blood Vial","MawBank"],"acts_visited":["Exordium"],"potions_floor_usage":[7,8],"damage_taken":[{"damage":11,"enemies":"Small Slimes","floor":1,"turns":3},{"damage":9,"enemies":"2 Louse","floor":3,"turns":3},{"damage":1,"enemies":"Cultist","floor":4,"turns":3},{"damage":48,"enemies":"3 Sentries","floor":7,"turns":11},{"damage":16,"enemies":"Exordium Thugs","floor":8,"turns":6},{"damage":5,"enemies":"Exordium Wildlife","floor":13,"turns":3},{"damage":20,"enemies":"Hexaghost","floor":16,"turns":8}],"seed_played":"4525932800057237132","potions_obtained":[{"floor":1,"key":"Energy Potion"},{"floor":3,"key":"Ancient Potion"},{"floor":7,"key":"AttackPotion"}],"is_trial":false,"path_per_floor":["M","$","M","M","?","R","E","M","T","R","?","R","M","T","R","B"],"character_chosen":"DEFECT","items_purchased":["Loop","Turbo"],"campfire_rested":0,"item_purchase_floors":[2,2],"current_hp_per_floor":[53,53,44,43,43,43,27,11,11,11,11,11,18,18,18,0,0],"gold":178,"neow_bonus":"ONE_RARE_RELIC","is_daily":false,"chose_seed":false,"campfire_upgraded":4,"win_rate":0.0,"timestamp":1611056039,"path_taken":["M","$","M","M","?","R","E","M","T","R","?","R","?","?","R","BOSS"],"items_purchased_type":["Card","Card"],"build_version":"2020-12-22","purchased_purges":0,"victory":false,"max_hp_per_floor":[64,64,64,64,64,64,64,64,64,64,64,64,64,64,64,64,64],"card_choices":[{"not_picked":["Gash","Melter"],"picked":"Chaos","floor":1},{"not_picked":["Force Field","Static Discharge"],"picked":"Conserve Battery","floor":3},{"not_picked":["Barrage","Go for the Eyes"],"picked":"Glacier","floor":4},{"not_picked":["Melter","Streamline"],"picked":"Electrodynamics","floor":7},{"not_picked":["Scrape","Reinforced Body"],"picked":"Self Repair","floor":8},{"not_picked":["Leap","Self Repair"],"picked":"Storm","floor":13}],"player_experience":701579,"relics_obtained":[{"floor":7,"key":"Boot"},{"floor":9,"key":"Blood Vial"},{"floor":14,"key":"MawBank"}],"event_choices":[{"damage_healed":0,"gold_gain":0,"player_choice":"Ignored","damage_taken":0,"max_hp_gain":0,"max_hp_loss":0,"event_name":"Liars Game","floor":5,"gold_loss":0},{"damage_healed":0,"gold_gain":0,"cards_transformed":["Strike_B"],"player_choice":"Transformed","damage_taken":0,"max_hp_gain":0,"max_hp_loss":0,"event_name":"Transmorgrifier","floor":11,"gold_loss":0,"cards_obtained":["Amplify"]}],"is_beta":false,"boss_relics":[],"items_purged_floors":[],"is_endless":false,"potions_floor_spawned":[1,3,7],"killed_by":"Hexaghost","ascension_level":20}}