{"host":"r6jigiblrojhp6xe","time":1611072322,"event":{"mods":["AchievementEnabler","BaseMod","DeckTracker","Minty Spire (QoL Compilation)","Quick Restart","Rare Cards Sparkle","Relic Stats","StSLib","SuperFastMode","The Cursed","everything is the same but u backflip on backflip"],"gold_per_floor":[114,130,130,143,153,153,182,182,182,217,217,232,248,277,277,277,277],"floor_reached":16,"language":"KOR","playtime":510,"items_purged":[],"score":244,"play_id":"863a8083-23fe-49ff-8a82-4da51eba089c","local_time":"20210120010522","is_ascension_mode":true,"campfire_choices":[{"data":"Go for the Eyes","floor":6,"key":"SMITH"},{"data":"Self Repair","floor":8,"key":"SMITH"},{"data":"Rainbow","floor":15,"key":"SMITH"}],"circlet_count":0,"master_deck":["AscendersBane","Strike_B","Strike_B","Strike_B","Defend_B","Defend_B","Defend_B","Zap","Dualcast","Self Repair+1","Compile Driver","Glacier","Go for the Eyes+1","Rainbow+1","Cold Snap","Glacier","BootSequence","Lockon"],"relics":["Cracked Core","Regal Pillow","Letter Opener","Bird Faced Urn","Ancient Tea Set"],"acts_visited":["Exordium"],"potions_floor_usage":[7,7,14,14],"damage_taken":[{"damage":1,"enemies":"Small Slimes","floor":1,"turns":4},{"damage":0,"enemies":"2 Louse","floor":2,"turns":2},{"damage":6,"enemies":"Jaw Worm","floor":4,"turns":4},{"damage":29,"enemies":"Exordium Wildlife","floor":5,"turns":6},{"damage":15,"enemies":"Lagavulin","floor":7,"turns":8},{"damage":22,"enemies":"3 Sentries","floor":10,"turns":9},{"damage":28,"enemies":"Gremlin Gang","floor":12,"turns":5},{"damage":10,"enemies":"Large Slime","floor":13,"turns":10},{"damage":28,"enemies":"Gremlin Nob","floor":14,"turns":4},{"damage":15,"enemies":"Hexaghost","floor":16,"turns":9}],"seed_played":"-8875338385041263492","potions_obtained":[{"floor":1,"key":"Block Potion"},{"floor":2,"key":"FearPotion"},{"floor":5,"key":"Regen Potion"},{"floor":12,"key":"Swift Potion"},{"floor":13,"key":"AttackPotion"}],"is_trial":false,"path_per_floor":["M","M","?","M","M","R","E","R","T","E","?","M","M","E","R","B"],"character_chosen":"DEFECT","items_purchased":[],"campfire_rested":0,"item_purchase_floors":[],"current_hp_per_floor":[63,64,69,69,47,47,54,54,54,42,42,26,28,12,12,0,0],"gold":277,"neow_bonus":"REMOVE_TWO","is_daily":false,"chose_seed":false,"campfire_upgraded":3,"win_rate":0.0,"timestamp":1611072322,"path_taken":["M","M","?","M","M","R","E","R","T","E","?","M","M","E","R","BOSS"],"items_purchased_type":[],"build_version":"2020-12-22","purchased_purges":0,"victory":false,"max_hp_per_floor":[64,64,69,69,69,69,69,69,69,69,69,69,69,69,69,69,69],"relic_stats":{"Regal Pillow":0,"counters":[10,61],"Bird Faced Urn":[8],"Letter Opener":[15],"obtain_stats":[{"Regal Pillow":7,"Bird Faced Urn":10,"Letter Opener":9,"Cracked Core":0,"Ancient Tea Set":14},{"Regal Pillow":5,"Bird Faced Urn":6,"Letter Opener":5,"Cracked Core":0,"Ancient Tea Set":9},{"Regal Pillow":24,"Bird Faced Urn":33,"Letter Opener":24,"Cracked Core":0,"Ancient Tea Set":52}]},"card_choices":[{"not_picked":["Auto Shields","Recycle"],"picked":"Self Repair","floor":1},{"not_picked":["Redo","Coolheaded"],"picked":"Compile Driver","floor":2},{"not_picked":["Leap","Compile Driver"],"picked":"Glacier","floor":4},{"not_picked":["Force Field","Stack"],"picked":"Go for the Eyes","floor":5},{"not_picked":["Doom and Gloom","Compile Driver"],"picked":"Rainbow","floor":7},{"not_picked":["Auto Shields","Reprogram"],"picked":"Cold Snap","floor":10},{"not_picked":["Auto Shields","Steam Power"],"picked":"Glacier","floor":12},{"not_picked":["Streamline","Recycle"],"picked":"BootSequence","floor":13},{"not_picked":["Hello World","Force Field"],"picked":"Lockon","floor":14}],"player_experience":586841,"relics_obtained":[{"floor":7,"key":"Regal Pillow"},{"floor":9,"key":"Letter Opener"},{"floor":10,"key":"Bird Faced Urn"},{"floor":14,"key":"Ancient Tea Set"}],"event_choices":[{"damage_healed":0,"gold_gain":0,"player_choice":"Donut","damage_taken":0,"max_hp_gain":5,"max_hp_loss":0,"event_name":"Big Fish","floor":3,"gold_loss":0},{"damage_healed":0,"gold_gain":0,"player_choice":"Ignored","damage_taken":0,"max_hp_gain":0,"max_hp_loss":0,"event_name":"Liars Game","floor":11,"gold_loss":0}],"is_beta":false,"boss_relics":[],"items_purged_floors":[],"is_endless":false,"potions_floor_spawned":[1,2,5,12,13],"killed_by":"Hexaghost","ascension_level":20}}