{"host":"8d3fefv2347kqkpz","time":1611084697,"event":{"mods":["100% Spire Juice","AchievementEnabler","Act Like it!","Aspiration","BaseMod","Better Vampires","Colored Map","Colored Powertips","Conspire","Gensokyo","GifTheSpireLib","Highlight Path","Mimic Mod","Minty Spire (QoL Compilation)","Pale of the Ancients","Quick Restart","Rare Cards Sparkle","Reimu£®≤©¿ˆ¡È√Œ£©","Relic Stats","Remilia_Scarlet Moed£®¿Ÿ√◊¿Ú—«°§Àπø®¿◊Ãÿ£©3.3.5","Remilia£®¿Ÿ√◊¿Ú—«£©","Replay The Spire","Spicy Shops","StSLib","The Animator","The Gatherer","The Jungle","The Servant 0.9.4","Waifu the Spire","Youmu£®ªÍ∆«—˝√Œ£©","vexMod"],"gold_per_floor":[113,126,126,140,152,183,201,231,231,71,71,71,106,119,119,219,219,234,159,159,159,175,175,200,214,214,248,248,265,265,47,47,147,147,165,179,179,211,229,229,247,266,301,316,316,328,328,353,353,353],"floor_reached":51,"language":"ZHS","playtime":2791,"items_purged":["Rupture"],"score":939,"play_id":"919c6564-2953-4449-ac8b-ca74b5723ee8","local_time":"20210120033137","daily_mods":["SealedDeck","Heirloom","Elite Swarm"],"is_ascension_mode":false,"campfire_choices":[{"floor":11.0,"key":"REST"},{"floor":15.0,"key":"REST"},{"data":"FlawlessForm","floor":23.0,"key":"SMITH"},{"data":"Gatherer:BomberForm","floor":28.0,"key":"SMITH"},{"floor":32.0,"key":"REST"},{"floor":40.0,"key":"REST"},{"floor":45.0,"key":"REST"},{"floor":49.0,"key":"REST"}],"circlet_count":0,"master_deck":["Demon Form+1","Wraith Form v2+1","Echo Form+1","DevaForm+1","Gatherer:BomberForm+1","BatForm","Moonworks:Blazing+1","FlawlessForm+1","Warcry+1","Warcry","Twin Strike","Sword Boomerang","Cleave","Seeing Red+1","Combust","Rupture","Armaments","Heavy Blade","Berserk","Offering","Barricade","Limit Break","Limit Break","Impervious","Madness","Madness","Parasite","Demon Form"],"relics":["Burning Blood","Unceasing Top","Durian","aspiration:ChemicalBlood","Divine Protection","CaptainsWheel","vexMod:ImprovementManual","MutagenicStrength","Bronze Scales","Letter Opener","War Paint","Enchiridion","Dream Catcher","vexMod:BigBerry","Charon\u0027s Ashes","Champion Belt","Mirror"],"acts_visited":["Exordium","TheCity","TheBeyond"],"potions_floor_usage":[],"damage_taken":[{"damage":11.0,"enemies":"Jaw Worm","floor":1.0,"turns":4.0},{"damage":15.0,"enemies":"Cultist","floor":2.0,"turns":6.0},{"damage":1.0,"enemies":"conspire:RoseBush","floor":4.0,"turns":7.0},{"damage":20.0,"enemies":"Large Slime","floor":5.0,"turns":5.0},{"damage":3.0,"enemies":"Lagavulin","floor":6.0,"turns":6.0},{"damage":10.0,"enemies":"2 Fungi Beasts","floor":7.0,"turns":7.0},{"damage":9.0,"enemies":"Replay:BlueRogue","floor":8.0,"turns":7.0},{"damage":52.0,"enemies":"3 Sentries","floor":13.0,"turns":5.0},{"damage":10.0,"enemies":"Gremlin Gang","floor":14.0,"turns":5.0},{"damage":0.0,"enemies":"The Guardian","floor":16.0,"turns":6.0},{"damage":0.0,"enemies":"Chosen","floor":18.0,"turns":7.0},{"damage":0.0,"enemies":"Spheric Guardian","floor":22.0,"turns":5.0},{"damage":0.0,"enemies":"conspire:SneckoGhost","floor":24.0,"turns":7.0},{"damage":0.0,"enemies":"conspire:HollyBat","floor":25.0,"turns":7.0},{"damage":15.0,"enemies":"conspire:Head Lice","floor":27.0,"turns":5.0},{"damage":12.0,"enemies":"Sentry and Sphere","floor":29.0,"turns":9.0},{"damage":19.0,"enemies":"Automaton","floor":33.0,"turns":9.0},{"damage":14.0,"enemies":"Orb Walker","floor":35.0,"turns":7.0},{"damage":30.0,"enemies":"3 Darklings","floor":36.0,"turns":7.0},{"damage":0.0,"enemies":"Maw","floor":39.0,"turns":6.0},{"damage":1.0,"enemies":"Writhing Mass","floor":41.0,"turns":7.0},{"damage":27.0,"enemies":"Spire Growth","floor":42.0,"turns":6.0},{"damage":0.0,"enemies":"Transient","floor":43.0,"turns":6.0},{"damage":34.0,"enemies":"Transient","floor":44.0,"turns":5.0},{"damage":9.0,"enemies":"4 Shapes","floor":46.0,"turns":4.0},{"damage":0.0,"enemies":"Reptomancer","floor":48.0,"turns":6.0},{"damage":0,"enemies":"Time Eater","floor":50,"turns":10}],"seed_played":"-7041988029317223699","potions_obtained":[{"floor":2.0,"key":"SkillPotion"},{"floor":5.0,"key":"Energy Potion"},{"floor":6.0,"key":"Block Potion"},{"floor":8.0,"key":"Adrenaline Potion"},{"floor":13.0,"key":"Flashbang"},{"floor":16.0,"key":"SteroidPotion"},{"floor":22.0,"key":"Swift Potion"},{"floor":24.0,"key":"Swift Potion"},{"floor":29.0,"key":"Adrenaline Potion"},{"floor":33.0,"key":"Adrenaline Potion"}],"is_trial":true,"path_per_floor":["M","M","?","M","M","E","M","E","T","$","R","$","E","M","R","B",null,"M","?","?","?","M","R","E","M","T","E","R","M","?","$","R","B",null,"M","M","?","?","M","R","M","M","MIM","M","R","M","?","E","R","B",null],"character_chosen":"IRONCLAD","items_purchased":["Offering","Dream Catcher"],"campfire_rested":6,"item_purchase_floors":[10,31],"current_hp_per_floor":[75,66,66,71,57,65,61,58,58,58,83,83,37,33,58,64,85,85,85,85,85,85,85,85,85,85,76,76,70,54,54,79,66,115,107,83,69,41,47,81,86,65,71,43,77,74,74,80,114,115],"gold":353,"neow_bonus":"","is_daily":false,"chose_seed":false,"campfire_upgraded":2,"win_rate":0.0,"timestamp":1611084697,"path_taken":["M","M","?","?","M","E","M","E","T","$","R","$","E","M","R","BOSS","M","?","?","?","M","R","E","?","T","E","R","M","?","$","R","BOSS","M","M","?","?","?","R","M","M","MIM","M","R","M","?","E","R","BOSS"],"items_purchased_type":["Card","Relic"],"build_version":"2020-12-22","purchased_purges":1,"victory":true,"max_hp_per_floor":[80,80,80,80,80,85,85,85,85,85,85,85,85,85,85,85,85,85,85,85,85,85,85,85,85,85,85,85,85,85,85,85,85,115,115,115,115,115,115,115,115,115,115,115,115,115,115,115,115,115],"relic_stats":{"Dream Catcher":4,"counters":[27,171],"Bronze Scales":[315],"Charon\u0027s Ashes":[186],"Letter Opener":[78],"Champion Belt":[3],"War Paint":["Seeing Red","Warcry"],"obtain_stats":[{"Divine Protection":9,"Enchiridion":30,"Charon\u0027s Ashes":38,"Letter Opener":26,"War Paint":27,"Burning Blood":0,"CaptainsWheel":13,"Dream Catcher":31,"MutagenicStrength":20,"Bronze Scales":24,"Durian":6,"Champion Belt":43,"Mirror":48,"Unceasing Top":0,"vexMod:ImprovementManual":17,"aspiration:ChemicalBlood":8,"vexMod:BigBerry":34},{"Divine Protection":7,"Enchiridion":16,"Charon\u0027s Ashes":19,"Letter Opener":14,"War Paint":15,"Burning Blood":0,"CaptainsWheel":8,"Dream Catcher":16,"MutagenicStrength":11,"Bronze Scales":13,"Durian":5,"Champion Belt":23,"Mirror":26,"Unceasing Top":0,"vexMod:ImprovementManual":10,"aspiration:ChemicalBlood":7,"vexMod:BigBerry":17},{"Divine Protection":42,"Enchiridion":98,"Charon\u0027s Ashes":121,"Letter Opener":84,"War Paint":89,"Burning Blood":0,"CaptainsWheel":47,"Dream Catcher":98,"MutagenicStrength":65,"Bronze Scales":77,"Durian":28,"Champion Belt":146,"Mirror":161,"Unceasing Top":0,"vexMod:ImprovementManual":58,"aspiration:ChemicalBlood":42,"vexMod:BigBerry":107}],"Burning Blood":133,"Unceasing Top":[2]},"card_choices":[{"not_picked":["Run Through","ReplayTheSpireMod:Strike From Hell","Uppercut"],"picked":"SKIP","floor":1.0},{"not_picked":["Warcry","True Grit"],"picked":"Armaments","floor":2.0},{"not_picked":["Sever Soul","Run Through","Flex"],"picked":"SKIP","floor":4.0},{"not_picked":["True Grit","Entrench"],"picked":"Heavy Blade","floor":5.0},{"not_picked":["Replay:Many Hands","Hemogenesis","Demonic Infusion"],"picked":"SKIP","floor":6.0},{"not_picked":["conspire:Charge","Perfected Strike","Entrench"],"picked":"SKIP","floor":7.0},{"not_picked":["Juggernaut","Demonic Infusion"],"picked":"Berserk","floor":8.0},{"not_picked":["conspire:Purge","Brutality"],"picked":"Barricade","floor":13.0},{"not_picked":["Clash","Spot Weakness","Warcry"],"picked":"SKIP","floor":14.0},{"not_picked":["conspire:Purge","Eclipse"],"picked":"Limit Break","floor":16.0},{"not_picked":["ReplayTheSpireMod:LeadingStrike","Uppercut","ReplayTheSpireMod:Strike From Hell"],"picked":"SKIP","floor":18.0},{"not_picked":["Iron Wave","Cleave","Body Slam+1"],"picked":"SKIP","floor":22.0},{"not_picked":["Impervious","Reaper"],"picked":"Limit Break","floor":24.0},{"not_picked":["Clash","ReplayReversal+1","Body Slam"],"picked":"SKIP","floor":25.0},{"not_picked":["conspire:Purge","Limit Break"],"picked":"Impervious","floor":27.0},{"not_picked":["Rampage","Thunderclap+1","Second Wind"],"picked":"SKIP","floor":29.0},{"not_picked":["Sever Soul+1","Thunderclap","Armaments"],"picked":"SKIP","floor":35.0},{"not_picked":["Searing Blow+1","Disarm+1","Headbutt"],"picked":"SKIP","floor":36.0},{"not_picked":["Anger","Run Through+1","Metallicize+1"],"picked":"SKIP","floor":39.0},{"not_picked":["Armaments+1","Clash","Spot Weakness+1"],"picked":"SKIP","floor":41.0},{"not_picked":["Wild Strike+1","Carnage","Sword Boomerang"],"picked":"SKIP","floor":42.0},{"not_picked":["conspire:ExplosiveBarrier","Bloodletting","Perfected Strike+1"],"picked":"SKIP","floor":44.0},{"not_picked":["Body Slam+1","Juggernaut","Uppercut"],"picked":"SKIP","floor":46.0},{"not_picked":["Immolate","Barricade"],"picked":"Demon Form","floor":48.0}],"player_experience":153405,"relics_obtained":[{"floor":6.0,"key":"Durian"},{"floor":8.0,"key":"aspiration:ChemicalBlood"},{"floor":9.0,"key":"Divine Protection"},{"floor":13.0,"key":"CaptainsWheel"},{"floor":24.0,"key":"Bronze Scales"},{"floor":26.0,"key":"Letter Opener"},{"floor":27.0,"key":"War Paint"},{"floor":30.0,"key":"Enchiridion"},{"floor":38.0,"key":"Charon\u0027s Ashes"},{"floor":43.0,"key":"Champion Belt"},{"floor":48.0,"key":"Mirror"}],"event_choices":[{"damage_healed":0.0,"max_hp_gain":0.0,"max_hp_loss":0.0,"gold_gain":0.0,"event_name":"NoteForYourself","player_choice":"Ignored","floor":3.0,"gold_loss":0.0,"damage_taken":0.0},{"cards_removed":["Twin Strike"],"damage_healed":0.0,"max_hp_gain":0.0,"max_hp_loss":0.0,"gold_gain":0.0,"event_name":"Beggar","player_choice":"Gave Gold","floor":19.0,"gold_loss":75.0,"damage_taken":0.0},{"damage_healed":0.0,"max_hp_gain":0.0,"max_hp_loss":0.0,"gold_gain":0.0,"event_name":"Drug Dealer","player_choice":"Inject Mutagens","floor":20.0,"gold_loss":0.0,"damage_taken":0.0,"relics_obtained":["MutagenicStrength"]},{"damage_healed":0.0,"max_hp_gain":0.0,"max_hp_loss":0.0,"gold_gain":0.0,"event_name":"The Woman in Blue","player_choice":"Bought 0 Potions","floor":21.0,"gold_loss":0.0,"damage_taken":0.0},{"damage_healed":0.0,"max_hp_gain":0.0,"max_hp_loss":0.0,"gold_gain":0.0,"event_name":"Cursed Tome","player_choice":"Obtained Book","floor":30.0,"gold_loss":0.0,"damage_taken":16.0},{"damage_healed":0.0,"max_hp_gain":0.0,"max_hp_loss":0.0,"gold_gain":0.0,"event_name":"Winding Halls","player_choice":"Embrace Madness","floor":37.0,"gold_loss":0.0,"damage_taken":14.0,"cards_obtained":["Madness","Madness"]},{"damage_healed":0.0,"max_hp_gain":0.0,"max_hp_loss":0.0,"gold_gain":0.0,"event_name":"Tomb of Lord Red Mask","player_choice":"Ignored","floor":47.0,"gold_loss":0.0,"damage_taken":0.0}],"is_beta":false,"boss_relics":[{"not_picked":["Snecko Eye","Calling Bell"],"picked":"vexMod:ImprovementManual"},{"not_picked":["Sozu","Cursed Key"],"picked":"vexMod:BigBerry"}],"items_purged_floors":[31],"is_endless":false,"potions_floor_spawned":[2,5,6,8,13,16,22,24,25,29,33,36,41,42,44],"ascension_level":0}}