{"host":"7z347kdhnquy3q4q","time":1611021458,"event":{"mods":["Act Like it!","Aspiration","BaseMod","Hubris","Minty Spire (QoL Compilation)","MostiFishMod","Permanent Neow","Potionbrewer","Replay The Spire","Robot Space Explorer","Spicy Shops","StSLib","Wandering Minibosses"],"gold_per_floor":[-1286,-1286,-1270,-1270,-1258,-1258,-1258,-1226,-1226,-1192,-1174,-1174,-1145,-1126,-1126,-1051,-1051,-1032,-982,18,37,37,37,67,79,79,79,79,105,122,153,153,153,153,227,227,242,255,91,91,91,124,124,424,424,424,449,506,516,516,516,516,516],"floor_reached":54,"language":"ENG","playtime":3146,"items_purged":[],"score":2267,"play_id":"f69c6421-f3fb-4b3b-84c7-cb655c8ca649","local_time":"20210118195738","is_ascension_mode":true,"campfire_choices":[{"data":"Apotheosis","floor":6.0,"key":"SMITH"},{"floor":15.0,"key":"REST"},{"floor":23.0,"key":"REST"},{"data":"Ragnarok","floor":27.0,"key":"SMITH"},{"floor":34.0,"key":"DIG"},{"floor":43,"key":"DIG"},{"floor":51,"key":"REST"}],"circlet_count":0,"master_deck":["AscendersBane","Strike_P","Strike_P+1","Strike_P","Strike_P","Defend_P","Defend_P","Defend_P","Defend_P","Eruption+1","Vigilance","Strike_B","Apotheosis+1","Replay:ManipulateFuture","MostiFishMod:Speedup","Replay:Vibes","MostiFishMod:LegendTransform","Ragnarok+1","LikeWater","Collect","FlyingSleeves+1","Brilliance","SashWhip+1","WheelKick","Perseverance","Prostrate","MostiFishMod:LegendTransform","TalkToTheHand","FollowUp+1","MostiFishMod:Disappear","Prostrate","SpiritShield","TalkToTheHand","Study","Replay:BasicMightCard","ReplayUltimateDefense","Adaptation","Consecrate+1","ForeignInfluence"],"relics":["PureWater","DaveBox","SynthV:MejaisSoulstealer","SynthV:TestCard","Question Card","Ice Cream","MealTicket","Replay:Bottled Snecko","Replay:Baseball","wanderingMiniBosses:OtherGremlinHorn","FeatherPendant","hubris:Towel","Replay:Bottled Eggs","Kunai","InkBottle","hubris:TenFootPole","Blood Vial","Replay:Multitool","Fusion Hammer","Omamori","hubris:Icosahedron","Gremlin Food","Bronze Scales","hubris:NiceRug","Blue Candle","ArrowTower","BirthdayGift-Tetrahedron","Whetstone","Dream Catcher","hubris:EmptyBottle","aspiration:StickyExplosives_weak","TungstenRod","Golden Egg","Replay:Mystery Machine"],"acts_visited":["Exordium","TheCity","TheBeyond"],"potions_floor_usage":[52,53,53],"damage_taken":[{"damage":0.0,"enemies":"Jaw Worm","floor":1.0,"turns":2.0},{"damage":0.0,"enemies":"Cultist","floor":3.0,"turns":3.0},{"damage":0.0,"enemies":"2 Louse","floor":5.0,"turns":3.0},{"damage":0.0,"enemies":"Gremlin Nob","floor":8.0,"turns":2.0},{"damage":0.0,"enemies":"Lagavulin","floor":10.0,"turns":6.0},{"damage":18.0,"enemies":"Exordium Thugs","floor":11.0,"turns":4.0},{"damage":0.0,"enemies":"3 Sentries","floor":13.0,"turns":2.0},{"damage":8.0,"enemies":"Exordium Wildlife","floor":14.0,"turns":6.0},{"damage":12.0,"enemies":"The Guardian","floor":16.0,"turns":3.0},{"damage":0.0,"enemies":"Spheric Guardian","floor":18.0,"turns":2.0},{"damage":0.0,"enemies":"2 Thieves","floor":20.0,"turns":4.0},{"damage":10.0,"enemies":"Shelled Parasite and Fungi","floor":21.0,"turns":3.0},{"damage":0.0,"enemies":"Slavers","floor":24.0,"turns":1.0},{"damage":0.0,"enemies":"Snecko","floor":25.0,"turns":2.0},{"damage":2.0,"enemies":"Book of Stabbing","floor":29.0,"turns":3.0},{"damage":0.0,"enemies":"Snake Plant","floor":30.0,"turns":1.0},{"damage":0.0,"enemies":"Gremlin Leader","floor":31.0,"turns":2.0},{"damage":8.0,"enemies":"hubris:MusketHawk","floor":35.0,"turns":3.0},{"damage":0,"enemies":"3 Shapes","floor":37,"turns":3},{"damage":0,"enemies":"Orb Walker","floor":38,"turns":1},{"damage":0,"enemies":"R_Hoarder","floor":42,"turns":3},{"damage":0,"enemies":"hubris:Merchant","floor":44,"turns":2},{"damage":0,"enemies":"Nemesis","floor":47,"turns":3},{"damage":0,"enemies":"Spire Growth","floor":49,"turns":1},{"damage":0,"enemies":"Donu and Deca","floor":52,"turns":3},{"damage":0,"enemies":"Replay:Hell Engine","floor":53,"turns":2}],"seed_played":"-7035840867989715281","potions_obtained":[{"floor":5.0,"key":"SkillPotion"},{"floor":8.0,"key":"Strength Potion"},{"floor":11.0,"key":"Swift Potion"},{"floor":13.0,"key":"FearPotion"},{"floor":18.0,"key":"potionbrewer:InfectionPotion"},{"floor":20.0,"key":"potionbrewer:SplittingPotion"},{"floor":24.0,"key":"potionbrewer:FreezingPotion"},{"floor":25.0,"key":"Reflective Coating"},{"floor":38,"key":"potionbrewer:BoundlessPotion"},{"floor":44,"key":"Reflective Coating"},{"floor":44,"key":"potionbrewer:EndurancePotion"}],"is_trial":false,"path_per_floor":["M","?","M","?","M","R","$","E","T","E","M","T","E","M","R","B",null,"M","?","M","M","?","R","E","M","T","R","T","E","M","E","PTL","PTL","R","B",null,"M","M","$","?","?","E","R","$","T","T","E","?","M","$","R","B","B",null],"character_chosen":"WATCHER","items_purchased":["Omamori"],"campfire_rested":3,"item_purchase_floors":[39],"current_hp_per_floor":[61,68,68,68,68,68,68,68,68,68,50,50,50,42,62,50,64,64,58,58,48,48,68,68,68,68,68,68,66,66,66,66,66,66,60,66,68,68,68,68,68,68,68,68,68,68,68,58,60,68,68,68,68],"gold":516,"neow_bonus":"RANDOM_COLORLESS_2","is_daily":false,"chose_seed":false,"campfire_upgraded":2,"win_rate":0.0,"timestamp":1611021458,"path_taken":["M","?","?","?","M","R","$","E","T","E","?","?","E","M","R","BOSS","M","?","M","?","?","R","E","M","T","R","?","E","?","E","PTL","PTL","R","BOSS","M","M","$","?","?","E","R","$","T","?","E","?","?","?","R","BOSS","BOSS"],"items_purchased_type":["Relic"],"build_version":"2020-12-22","purchased_purges":0,"victory":true,"max_hp_per_floor":[68,68,68,68,68,68,68,68,68,68,68,68,68,68,68,68,68,68,68,68,68,68,68,68,68,68,68,68,68,68,68,68,68,68,68,68,68,68,68,68,68,68,68,68,68,68,68,68,68,68,68,68,68],"card_choices":[{"not_picked":["Transmutation","ReplayUltimateDefense"],"picked":"Apotheosis","floor":0.0},{"not_picked":["JustLucky","MostiFishMod:FlowState"],"picked":"Replay:ManipulateFuture","floor":1.0},{"not_picked":["CrushJoints","SashWhip","Protect","ThirdEye"],"picked":"MostiFishMod:Speedup","floor":3.0},{"not_picked":["JustLucky","FlyingSleeves","ThirdEye","Pray"],"picked":"Replay:Vibes","floor":5.0},{"not_picked":["Wish","Indignation","FlurryOfBlows","BattleHymn"],"picked":"MostiFishMod:LegendTransform","floor":8.0},{"not_picked":["Vengeance","Crescendo","Worship","Replay:ManipulateFuture","CutThroughFate"],"picked":"Ragnarok","floor":10.0},{"not_picked":["ThirdEye","SignatureMove","BowlingBash","Protect","Crescendo"],"picked":"LikeWater","floor":11.0},{"not_picked":["FollowUp","ClearTheMind","WindmillStrike","CutThroughFate","WaveOfTheHand"],"picked":"Collect","floor":13.0},{"not_picked":["Replay:Cycle","CutThroughFate","Halt","MostiFishMod:FlowState","CrushJoints"],"picked":"FlyingSleeves","floor":14.0},{"not_picked":["Blasphemy","MostiFishMod:Pointsdynamics","DeusExMachina","Vault","Establishment"],"picked":"Brilliance","floor":16.0},{"not_picked":["FlurryOfBlows","Conclude","Replay:AtTheReady+1","Replay:BluntJabs","CrushJoints"],"picked":"SashWhip+1","floor":18.0},{"not_picked":["EmptyBody","Replay:ManipulateFuture","Halt","MostiFishMod:Speedup","CrushJoints"],"picked":"WheelKick","floor":20.0},{"not_picked":["CrushJoints+1","Replay:AtTheReady","JustLucky","Halt","LikeWater","Replay:ManipulateFuture+1"],"picked":"SKIP","floor":21.0},{"not_picked":["CutThroughFate","Halt","Replay:ManipulateFuture","MostiFishMod:DisColor","Replay:Hum"],"picked":"Perseverance","floor":24.0},{"not_picked":["CrushJoints+1","EmptyBody","EmptyFist+1","Crescendo+1","Consecrate"],"picked":"Prostrate","floor":25.0},{"not_picked":["WheelKick","CutThroughFate+1","Replay:BluntJabs","MostiFishMod:PathToVictory+1","JustLucky"],"picked":"MostiFishMod:LegendTransform","floor":29.0},{"not_picked":["Replay:Vibes","Tantrum+1","EmptyMind","JustLucky","DevaForm"],"picked":"TalkToTheHand","floor":30.0},{"not_picked":["BowlingBash","MostiFishMod:Speedup","SashWhip","WheelKick","InnerPeace"],"picked":"FollowUp","floor":31.0},{"not_picked":["MostiFishMod:ScryFuture","MostiFishMod:StarHerder","Establishment","MostiFishMod:StarLaLaLa","MostiFishMod:OutWit"],"picked":"MostiFishMod:Disappear","floor":35.0},{"not_picked":["EmptyFist+1","Crescendo","Replay:AtTheReady","MentalFortress+1","WindmillStrike+1","FlyingSleeves"],"picked":"SKIP","floor":37},{"not_picked":["Evaluate+1","PathToVictory","FlyingSleeves","EmptyFist","Replay:Vibes"],"picked":"Prostrate","floor":38},{"not_picked":["SashWhip","EmptyFist","MentalFortress","LikeWater","Halt+1"],"picked":"SpiritShield","floor":42},{"not_picked":[],"picked":"TalkToTheHand","floor":44},{"not_picked":[],"picked":"Study","floor":44},{"not_picked":[],"picked":"Replay:BasicMightCard","floor":44},{"not_picked":[],"picked":"ReplayUltimateDefense","floor":44},{"not_picked":["Conclude"],"picked":"SKIP","floor":44},{"not_picked":["Evaluate"],"picked":"SKIP","floor":44},{"not_picked":["ThirdEye"],"picked":"SKIP","floor":44},{"not_picked":["Replay:Anticipation","ThirdEye+1","Crescendo","LikeWater+1","Replay:Hum"],"picked":"Adaptation","floor":47},{"not_picked":["Wallop","FollowUp","SpiritShield","MostiFishMod:FlowState","DeceiveReality"],"picked":"Consecrate+1","floor":48},{"not_picked":["PathToVictory","Replay:Anticipation","CutThroughFate","Vengeance","Swivel","Replay:ManipulateFuture"],"picked":"SKIP","floor":49},{"not_picked":["Replay:ManipulateFuture","Consecrate","Weave","ThirdEye","Perseverance"],"picked":"ForeignInfluence","floor":51}],"player_experience":1936880,"relics_obtained":[{"floor":1.0,"key":"SynthV:TestCard"},{"floor":8.0,"key":"Question Card"},{"floor":9.0,"key":"Ice Cream"},{"floor":10.0,"key":"MealTicket"},{"floor":12.0,"key":"Replay:Bottled Snecko"},{"floor":13.0,"key":"Replay:Baseball"},{"floor":14.0,"key":"wanderingMiniBosses:OtherGremlinHorn"},{"floor":24.0,"key":"Replay:Bottled Eggs"},{"floor":26.0,"key":"Kunai"},{"floor":28.0,"key":"InkBottle"},{"floor":29.0,"key":"hubris:TenFootPole"},{"floor":31.0,"key":"Blood Vial"},{"floor":34.0,"key":"Replay:Multitool"},{"floor":42,"key":"Gremlin Food"},{"floor":43,"key":"Bronze Scales"},{"floor":44,"key":"Blue Candle"},{"floor":44,"key":"ArrowTower"},{"floor":44,"key":"BirthdayGift-Tetrahedron"},{"floor":44,"key":"Whetstone"},{"floor":44,"key":"Dream Catcher"},{"floor":44,"key":"hubris:EmptyBottle"},{"floor":45,"key":"aspiration:StickyExplosives_weak"},{"floor":46,"key":"TungstenRod"},{"floor":47,"key":"Golden Egg"},{"floor":48,"key":"Replay:Mystery Machine"}],"event_choices":[{"damage_healed":7.0,"max_hp_gain":0.0,"max_hp_loss":0.0,"gold_gain":0.0,"event_name":"Wheel of Change","player_choice":"Full Heal","floor":2.0,"gold_loss":0.0,"damage_taken":0.0},{"cards_removed":["Defend_R"],"damage_healed":0.0,"max_hp_gain":0.0,"max_hp_loss":0.0,"gold_gain":0.0,"event_name":"Purifier","player_choice":"Purged","floor":4.0,"gold_loss":0.0,"damage_taken":0.0},{"damage_healed":0.0,"max_hp_gain":0.0,"max_hp_loss":0.0,"gold_gain":50.0,"event_name":"FaceTrader","player_choice":"Touch","floor":19.0,"gold_loss":0.0,"damage_taken":6.0}],"is_beta":false,"boss_relics":[{"not_picked":["Replay:Drink Me","FixedStarFall"],"picked":"FeatherPendant"},{"not_picked":["RhineSuit","Replay:Grab Bag"],"picked":"Fusion Hammer"}],"items_purged_floors":[],"is_endless":false,"potions_floor_spawned":[5,8,11,13,18,20,24,25,38],"ascension_level":20}}