{"host":"appz8zkad29u9482","time":1611045952,"event":{"mods":["2.2 Compatiblity","Act Like it!","Aspiration","BaseMod","Beaked The Cultist","Better Altar","Better Match","Better Note","Better Sensory Stone","Better Skull","Better Third Choice","BetterRewards","CapriCore","Conspire","Disable Question Mark Monsters","Energized Spire","Gensokyo","GifTheSpireLib","Gold Saver","Halation","Hermit","Hubris","Infinite Spire","Jedi Mod","Marisa????????","Minty Spire (QoL Compilation)","Permanent Neow","Reimu??????","Replay The Spire","Spicy Shops","StSLib","Strawberry Spire","Stuff the Spire","The Administrix","The Bug Knight","The Construct","The Cursed","The Hierophant","The Immortal","The Servant 0.9.4","WarShipGirlsR/????R mod","yUi"],"gold_per_floor":[111,131,131,131,345,379,379,63,63,7,19,19,34,47,47,145,145,158,158,168,194,97,97,97,113,113,130,208,235,235,252,252,356,356,371,385,385,401,416,426,426,436,460,460,256,291,291,308,308,308],"floor_reached":51,"language":"ENG","playtime":2714,"items_purged":[],"score":849,"play_id":"20815319-9a15-497d-8780-775840a1af2f","local_time":"20210118224552","is_ascension_mode":false,"campfire_choices":[{"floor":7,"key":"REST"},{"floor":12,"key":"REST"},{"data":"ReplayTheSpireMod:Black Plague","floor":15,"key":"SMITH"},{"data":"rmod:acesubmarine","floor":23,"key":"SMITH"},{"data":"ReplayTheSpireMod:Black Plague+1","floor":30,"key":"SMITH"},{"data":"ReplayTheSpireMod:Black Plague+2","floor":32,"key":"SMITH"},{"data":"rmod:diamondstrike+1","floor":41,"key":"SMITH"},{"data":"ReplayTheSpireMod:Black Plague+3","floor":47,"key":"SMITH"},{"data":"rmod:diamondstrike+2","floor":49,"key":"SMITH"}],"circlet_count":0,"master_deck":["rmod:strick","rmod:strick","rmod:strick","rmod:strick","rmod:defend","rmod:defend","rmod:defend","rmod:defend","rmod:basicallowance","rmod:maingunfire","rmod:guardianhero","rmod:seals","ReplayTheSpireMod:Black Plague+4","rmod:unsinkable","rmod:acesubmarine+1","rmod:wolves","rmod:acesubmarine","rmod:steelsupply","Tools of the Trade","rmod:steelsupply","rmod:supriseattacks","rmod:ammunitionsupply+1","rmod:aviationdawn+1","rmod:diamondstrike+3","rmod:wife+1","rmod:highspeedmaneuver","rmod:openingtorpedo","rmod:diaomin","rmod:fuelsupply+1","rmod:aluminumsupply","rmod:mineteam+1","rmod:ammunitionsupply+1","rmod:fuelsupply+1"],"relics":["rmod:firstchargereward","NeowsBlessing","FaceOfCleric","aspiration:Lifesprig","Omamori","Replay:Baseball","Membership Card","conspire:InfiniteJournal","jedi:bottledfury","aspiration:Nostalgia","m_SnakeCloak","RedLine:ReiMu","infinitespire:Lucky Rock","Replay:Wax Seal","Lee\u0027s Waffle","ReplayTheSpireMod:Lightbulb","hubris:DeckOfHolding","HollowMod:LifeEnderRelic","energizedSpire:OgreHead","Bronze Scales","halation:PinkSoulGem","Quantum Egg","Tingsha","strawberrySpire:TinySteamboat"],"acts_visited":["Exordium","TheCity","TheBeyond"],"potions_floor_usage":[16,18,25,27],"damage_taken":[{"damage":2,"enemies":"conspire:RoseBush","floor":1,"turns":1},{"damage":0,"enemies":"infinitespire:Voidling","floor":2,"turns":1},{"damage":0,"enemies":"Replay:BlueRogue","floor":6,"turns":1},{"damage":0,"enemies":"Cultist","floor":11,"turns":2},{"damage":0,"enemies":"Large Slime","floor":13,"turns":2},{"damage":0,"enemies":"Exordium Wildlife","floor":14,"turns":3},{"damage":0,"enemies":"The Guardian","floor":16,"turns":7},{"damage":13,"enemies":"conspire:FuzzyDice","floor":18,"turns":4},{"damage":0,"enemies":"Centurion and Healer","floor":20,"turns":6},{"damage":10,"enemies":"Sentry and Sphere","floor":25,"turns":8},{"damage":21,"enemies":"Snake Plant","floor":27,"turns":3},{"damage":20,"enemies":"Slavers","floor":29,"turns":5},{"damage":0,"enemies":"conspire:HollyBat","floor":31,"turns":4},{"damage":11,"enemies":"hubris:MusketHawk","floor":33,"turns":5},{"damage":0,"enemies":"Orb Walker","floor":35,"turns":2},{"damage":0,"enemies":"3 Shapes","floor":36,"turns":3},{"damage":0,"enemies":"Maw","floor":38,"turns":2},{"damage":0,"enemies":"Spire Growth","floor":39,"turns":2},{"damage":0,"enemies":"Writhing Mass","floor":40,"turns":1},{"damage":0,"enemies":"3 Darklings","floor":42,"turns":3},{"damage":0,"enemies":"beaked:SuperParasite","floor":46,"turns":3},{"damage":0,"enemies":"Transient","floor":48,"turns":5},{"damage":6,"enemies":"Awakened One","floor":50,"turns":5}],"seed_played":"-5862636150905154756","potions_obtained":[{"floor":2,"key":"SkillPotion"},{"floor":11,"key":"Dexterity Potion"},{"floor":14,"key":"Block Potion"},{"floor":16,"key":"Energy Potion"},{"floor":18,"key":"SteroidPotion"},{"floor":27,"key":"Reflective Coating"},{"floor":29,"key":"Swift Potion"},{"floor":39,"key":"SkillPotion"}],"is_trial":false,"path_per_floor":["M","M","?","?","?","E","R","$","T","$","M","R","M","M","R","B",null,"M","?","M","T","$","R","?","M","T","M","T","E","R","M","R","B",null,"M","M","?","M","M","M","R","M","T","?","$","E","R","M","R","B",null],"character_chosen":"PRAEFECT","items_purchased":["Membership Card","conspire:InfiniteJournal","rmod:acesubmarine","aspiration:Nostalgia","rmod:wolves","Replay:Wax Seal","Lee\u0027s Waffle","Quantum Egg","Tingsha"],"campfire_rested":2,"item_purchase_floors":[8,8,8,10,10,22,22,45,45],"current_hp_per_floor":[73,73,54,54,8,9,31,31,31,31,32,55,56,57,57,58,80,68,76,77,77,89,89,89,80,80,60,60,41,41,42,42,32,94,95,96,96,97,98,99,99,100,100,100,100,101,101,102,102,97],"gold":308,"neow_bonus":"THREE_ENEMY_KILL","is_daily":false,"chose_seed":false,"campfire_upgraded":7,"win_rate":0.0,"timestamp":1611045952,"path_taken":["M","M","?","?","?","E","R","?","T","?","M","R","M","M","R","BOSS","M","?","M","?","?","R","?","M","T","?","?","E","R","M","R","BOSS","M","?","?","?","M","M","R","M","T","?","$","E","R","M","R","BOSS"],"items_purchased_type":["Relic","Relic","Card","Relic","Card","Relic","Relic","Relic","Relic"],"build_version":"2020-12-22","purchased_purges":0,"victory":true,"max_hp_per_floor":[75,75,75,75,75,76,76,76,76,76,77,77,78,79,79,80,80,81,81,82,82,89,89,89,90,90,91,91,92,92,93,93,94,94,95,96,96,97,98,99,99,100,100,100,100,101,101,102,102,103],"card_choices":[{"not_picked":["rmod:aviationdawn","rmod:mineteam"],"picked":"rmod:guardianhero","floor":1},{"not_picked":["rmod:diaomin","rmod:supportescort"],"picked":"rmod:seals","floor":2},{"not_picked":["infinitespire:Fortify","infinitespire:Gouge"],"picked":"ReplayTheSpireMod:Black Plague","floor":3},{"not_picked":["rmod:aggressivemary","rmod:aviationdawn"],"picked":"rmod:unsinkable","floor":6},{"not_picked":["Prepared","rmod:fletcherpendant"],"picked":"rmod:acesubmarine","floor":11},{"not_picked":["rmod:fletcherpendant","rmod:wolves","rmod:luckystar"],"picked":"SKIP","floor":13},{"not_picked":["rmod:fuelsupply","Reflex"],"picked":"rmod:steelsupply","floor":14},{"not_picked":["rmod:seals","rmod:expeditionaryescort"],"picked":"Tools of the Trade","floor":16},{"not_picked":["rmod:spoils","rmod:wolves+1"],"picked":"rmod:steelsupply","floor":18},{"not_picked":["rmod:unsinkable+1","rmod:supportescort"],"picked":"rmod:supriseattacks","floor":20},{"not_picked":["rmod:fletcherpendant+1","rmod:circuitoustactics"],"picked":"rmod:ammunitionsupply+1","floor":25},{"not_picked":["rmod:luckystar","rmod:fletcherpendant"],"picked":"rmod:aviationdawn+1","floor":27},{"not_picked":["rmod:firesupport","rmod:aluminumsupply"],"picked":"rmod:diamondstrike+1","floor":29},{"not_picked":["rmod:fletcherpendant","rmod:ammunitionsupply"],"picked":"rmod:wife+1","floor":31},{"not_picked":["rmod:u235","rmod:fletcher"],"picked":"rmod:highspeedmaneuver","floor":33},{"not_picked":["rmod:diamondstrike","rmod:aviationdawn","rmod:selfconfidence"],"picked":"SKIP","floor":35},{"not_picked":["rmod:circuitoustactics","rmod:tearstotiara+1"],"picked":"rmod:openingtorpedo","floor":36},{"not_picked":["rmod:launchingtorpedo","rmod:tearstotiara"],"picked":"rmod:diaomin","floor":38},{"not_picked":["rmod:lonelyqueen","rmod:intelligenceanalysis"],"picked":"rmod:fuelsupply+1","floor":39},{"not_picked":["rmod:bulid+1","rmod:saltedfish"],"picked":"rmod:aluminumsupply","floor":40},{"not_picked":["rmod:circuitoustactics+1","rmod:steelsupply"],"picked":"rmod:mineteam+1","floor":42},{"not_picked":["rmod:diamondstrike","rmod:aluminumsupply"],"picked":"rmod:ammunitionsupply+1","floor":46},{"not_picked":["rmod:mineteam+1","rmod:sl+1"],"picked":"rmod:fuelsupply+1","floor":48}],"player_experience":556299,"relics_obtained":[{"floor":6,"key":"Replay:Baseball"},{"floor":9,"key":"jedi:bottledfury"},{"floor":21,"key":"infinitespire:Lucky Rock"},{"floor":26,"key":"ReplayTheSpireMod:Lightbulb"},{"floor":28,"key":"hubris:DeckOfHolding"},{"floor":29,"key":"HollowMod:LifeEnderRelic"},{"floor":43,"key":"Bronze Scales"},{"floor":46,"key":"strawberrySpire:TinySteamboat"}],"event_choices":[{"damage_healed":0,"gold_gain":0,"player_choice":"Trade","damage_taken":0,"relics_obtained":["FaceOfCleric"],"max_hp_gain":0,"max_hp_loss":0,"event_name":"FaceTrader","floor":4,"gold_loss":0},{"damage_healed":0,"gold_gain":214,"player_choice":"GO GO RE RE ","damage_taken":52,"relics_obtained":["aspiration:Lifesprig","Omamori"],"max_hp_gain":0,"max_hp_loss":0,"event_name":"betterSkull:BetterSkull","floor":5,"gold_loss":0,"cards_upgraded":[]},{"cards_removed":["rmod:supriseattacks"],"damage_healed":0,"gold_gain":0,"player_choice":"Take \u0026 Give","damage_taken":0,"max_hp_gain":0,"max_hp_loss":0,"event_name":"betterNote:BetterNote","floor":24,"gold_loss":0,"cards_obtained":["HollowMod:MawleksShell"]},{"cards_removed":["HollowMod:MawleksShell"],"damage_healed":0,"gold_gain":0,"player_choice":"Purged","damage_taken":0,"max_hp_gain":0,"max_hp_loss":0,"event_name":"Purifier","floor":37,"gold_loss":0}],"is_beta":false,"boss_relics":[{"not_picked":["Fusion Hammer","StuffTheSpire:Kangaroo"],"picked":"RedLine:ReiMu"},{"not_picked":["energizedSpire:RedRose","Replay:Grab Bag"],"picked":"energizedSpire:OgreHead"}],"items_purged_floors":[],"is_endless":false,"potions_floor_spawned":[2,11,14,16,18,27,29,31,39,42,46],"ascension_level":0}}