{"host":"hw13b7hbn5su36xt","time":1611080480,"event":{"mods":["2.2 Compatiblity","BaseMod","Bestiary","Colored Map","Colored Powertips","Curses Come First","Dark Map","Downfall","Highlight Path","Minty Spire (QoL Compilation)","RNG Fix","Relic Filter","Relic Sorter","Relic Stats","StSLib"],"gold_per_floor":[99,114,114,124,274,274,274,274,293,328,66,78,108,108,120,217,217,217,229,229,229,244,244,244,244,244,52,52,84,84,103,117,117,117,117],"floor_reached":33,"language":"ENG","playtime":1866,"items_purged":["downfall:Icky"],"score":328,"play_id":"c1fb6899-bb3f-458d-aeb7-bf1e8628532b","local_time":"20210119182120","is_ascension_mode":true,"campfire_choices":[{"data":"champ:Execute","floor":1,"key":"SMITH"},{"data":"champ:RageSigil","floor":6,"key":"SMITH"},{"data":"champ:RisingSlash","floor":8,"key":"SMITH"},{"data":"champ:CheapShot","floor":18,"key":"SMITH"},{"data":"RitualDagger","floor":26,"key":"SMITH"},{"floor":30,"key":"REST"}],"circlet_count":0,"master_deck":["champ:Strike","champ:Strike","champ:Defend+1","champ:Execute+1","champ:Taunt","champ:RageSigil+1","champ:RisingSlash+1","champ:TornadoPunch","champ:ShieldThrow","Violence+1","champ:StanceDance+1","champ:FocusedDefense","champ:CalledShot","champ:CheapShot+1","champ:DefensiveShout+1","champ:DefensiveStyle+1","RitualDagger+1","champ:SkillfulDodge","expansioncontent:StudyTheSpire","champ:EnGarde","champ:SteelEdge","champ:BringItOn"],"relics":["champ:ChampionCrown","StoneCalendar","Bottled Flame","Lantern","Empty Cage","Matryoshka","CeramicFish"],"acts_visited":["Exordium","TheCity"],"potions_floor_usage":[16,27,27,29,32,33],"damage_taken":[{"damage":22,"enemies":"Jaw Worm","floor":2,"turns":5},{"damage":12,"enemies":"2 Louse","floor":4,"turns":2},{"damage":26,"enemies":"Small Slimes","floor":9,"turns":6},{"damage":19,"enemies":"3 Sentries","floor":10,"turns":6},{"damage":15,"enemies":"downfall:FleeingMerchant","floor":11,"turns":4},{"damage":26,"enemies":"Exordium Wildlife","floor":12,"turns":3},{"damage":49,"enemies":"Lagavulin","floor":13,"turns":6},{"damage":6,"enemies":"3 Louse","floor":15,"turns":2},{"damage":40,"enemies":"WA_ARCHETYPE_RETAIN","floor":16,"turns":4},{"damage":21,"enemies":"Spheric Guardian","floor":19,"turns":2},{"damage":10,"enemies":"Shell Parasite","floor":22,"turns":3},{"damage":30,"enemies":"downfall:FleeingMerchant","floor":27,"turns":5},{"damage":55,"enemies":"Book of Stabbing","floor":29,"turns":7},{"damage":23,"enemies":"Snake Plant","floor":31,"turns":4},{"damage":19,"enemies":"Shelled Parasite and Fungi","floor":32,"turns":5},{"damage":19,"enemies":"IC_MUSHROOM_ARCHETYPE","floor":33,"turns":1}],"seed_played":"-8307533873919239823","potions_obtained":[{"floor":4,"key":"FairyPotion"},{"floor":15,"key":"LiquidBronze"},{"floor":16,"key":"DuplicationPotion"},{"floor":22,"key":"Swift Potion"},{"floor":25,"key":"Weak Potion"},{"floor":29,"key":"hexamod:SoulburnPotion"},{"floor":31,"key":"LiquidMemories"}],"is_trial":false,"path_per_floor":["R","M","?","M","?","R","T","R","M","E","$","M","E","?","M","B",null,"R","M","?","?","M","?","T","?","R","$","?","E","R","M","M","B"],"character_chosen":"THE_CHAMP","items_purchased":["Violence","expansioncontent:StudyTheSpire"],"campfire_rested":1,"item_purchase_floors":[11,27],"current_hp_per_floor":[99,87,87,85,85,85,85,85,74,65,60,44,47,47,41,27,99,99,88,68,68,68,62,62,62,62,62,62,17,48,30,16,0,0,0],"gold":117,"neow_bonus":"TEN_PERCENT_HP_BONUS","is_daily":false,"chose_seed":false,"campfire_upgraded":5,"win_rate":0.0,"timestamp":1611080480,"path_taken":["R","M","?","?","?","R","T","R","?","E","$","M","E","?","M","BOSS","R","M","?","?","?","?","T","?","R","$","?","E","R","M","M","BOSS"],"items_purchased_type":["Card","Card"],"build_version":"2020-12-22","purchased_purges":1,"victory":false,"max_hp_per_floor":[99,99,99,99,99,99,99,99,99,99,99,99,99,99,99,99,99,99,99,104,104,104,104,104,104,104,104,104,104,104,104,104,104,104,104],"relic_stats":{"counters":[16,65],"CeramicFish":9,"StoneCalendar":[0],"obtain_stats":[{"Bottled Flame":10,"Lantern":13,"Matryoshka":24,"CeramicFish":29,"champ:ChampionCrown":0,"StoneCalendar":7,"Empty Cage":17},{"Bottled Flame":4,"Lantern":7,"Matryoshka":11,"CeramicFish":13,"champ:ChampionCrown":0,"StoneCalendar":2,"Empty Cage":9},{"Bottled Flame":19,"Lantern":32,"Matryoshka":43,"CeramicFish":55,"champ:ChampionCrown":0,"StoneCalendar":7,"Empty Cage":38}]},"card_choices":[{"not_picked":["champ:BladeFlurry","champ:AdrenalArmor"],"picked":"champ:RageSigil","floor":2},{"not_picked":["champ:PerfectedStrike","champ:RapidStrikes"],"picked":"champ:RisingSlash","floor":4},{"not_picked":["champ:Shatter","champ:Haymaker"],"picked":"champ:TornadoPunch","floor":9},{"not_picked":["champ:PreemptiveStrike","champ:FancyFootwork","champ:EnGarde"],"picked":"SKIP","floor":10},{"not_picked":["champ:ViciousMockery","champ:EnGarde"],"picked":"champ:ShieldThrow","floor":11},{"not_picked":["champ:DeathBlow","champ:BerserkersShout"],"picked":"champ:StanceDance","floor":12},{"not_picked":["champ:BerserkersShout","champ:Duel"],"picked":"champ:FocusedDefense","floor":13},{"not_picked":["champ:FlashCut","champ:FocusedDefense"],"picked":"champ:CalledShot","floor":15},{"not_picked":["champ:IgnorePain","champ:EnchantCrown"],"picked":"champ:CheapShot","floor":16},{"not_picked":["champ:CrownThrow","champ:Shatter"],"picked":"champ:DefensiveShout+1","floor":19},{"not_picked":["champ:FocusedBerserking","champ:BerserkersShout+1"],"picked":"champ:DefensiveStyle+1","floor":22},{"not_picked":["champ:BladeFlurry+1","champ:FanOfKnives"],"picked":"champ:SkillfulDodge","floor":27},{"not_picked":["champ:StanceDance+1","champ:EnGarde","champ:PerfectedStrike"],"picked":"SKIP","floor":29},{"not_picked":["champ:StanceDance","champ:Circumvent"],"picked":"champ:BringItOn","floor":31},{"not_picked":["champ:EnragedBash","champ:RecklessLeap","champ:BerserkerStyle"],"picked":"SKIP","floor":32}],"player_experience":378053,"relics_obtained":[{"floor":7,"key":"StoneCalendar"},{"floor":10,"key":"Bottled Flame"},{"floor":13,"key":"Lantern"},{"floor":24,"key":"Matryoshka"},{"floor":29,"key":"CeramicFish"}],"event_choices":[{"damage_healed":0,"gold_gain":0,"player_choice":"Got Potions","damage_taken":0,"max_hp_gain":0,"max_hp_loss":0,"event_name":"Lab","floor":25,"gold_loss":0},{"damage_healed":0,"gold_gain":0,"cards_transformed":["champ:Defend","champ:Defend"],"player_choice":"Became Test Subject","damage_taken":0,"max_hp_gain":0,"max_hp_loss":0,"event_name":"Drug Dealer","floor":28,"gold_loss":0,"cards_obtained":["champ:EnGarde","champ:SteelEdge"]}],"is_beta":false,"boss_relics":[{"not_picked":["Ectoplasm","Calling Bell"],"picked":"Empty Cage"}],"items_purged_floors":[11],"is_endless":false,"potions_floor_spawned":[4,15,16,22,29,31],"killed_by":"IC_MUSHROOM_ARCHETYPE","ascension_level":4}}