{"host":"5fpb1gzflhq9886n","time":1611039823,"event":{"mods":["AchievementEnabler","BaseMod","Colored Map","Colored Powertips","Minty Spire (QoL Compilation)","Permanent Neow"],"gold_per_floor":[111,121,138,138,156,156,185,185,209,209,238,249,249,264,264,365,365,384,91,106,106,118,118,138,173,250,165,193,193,221,221,221,221,221],"floor_reached":33,"language":"ENG","playtime":2135,"items_purged":[],"score":403,"play_id":"e1064ced-dd7c-44ce-9352-06a652b2ce01","local_time":"20210119020343","is_ascension_mode":true,"campfire_choices":[{"data":"Dash","floor":6,"key":"SMITH"},{"floor":10,"key":"REST"},{"data":"Skewer","floor":13,"key":"SMITH"},{"floor":15,"key":"REST"},{"floor":23,"key":"DIG"},{"floor":32,"key":"REST"}],"circlet_count":0,"master_deck":["Survivor","Neutralize","Dodge and Roll","Wraith Form v2+1","Skewer+1","Night Terror","Caltrops","Tactician","Quick Slash","Choke","After Image","All Out Attack","Terror","PiercingWail","Dash+1","Concentrate","Acrobatics","Dagger Spray","Storm of Steel","Leg Sweep+1","Dagger Throw","Accuracy"],"relics":["Pandora\u0027s Box","Regal Pillow","Anchor","Happy Flower","Runic Pyramid","Membership Card","Shovel","MutagenicStrength","Lantern","Singing Bowl","Ornamental Fan","Strawberry","Thread and Needle","Omamori"],"acts_visited":["Exordium","TheCity"],"potions_floor_usage":[16,20,28,30,33],"damage_taken":[{"damage":1,"enemies":"Jaw Worm","floor":1,"turns":4},{"damage":4,"enemies":"Cultist","floor":2,"turns":3},{"damage":14,"enemies":"Small Slimes","floor":3,"turns":3},{"damage":0,"enemies":"Exordium Wildlife","floor":5,"turns":5},{"damage":25,"enemies":"Lagavulin","floor":7,"turns":5},{"damage":14,"enemies":"3 Sentries","floor":11,"turns":8},{"damage":0,"enemies":"Blue Slaver","floor":12,"turns":2},{"damage":0,"enemies":"Looter","floor":14,"turns":3},{"damage":13,"enemies":"Hexaghost","floor":16,"turns":8},{"damage":5,"enemies":"2 Thieves","floor":18,"turns":4},{"damage":7,"enemies":"Spheric Guardian","floor":20,"turns":5},{"damage":10,"enemies":"Centurion and Healer","floor":22,"turns":5},{"damage":2,"enemies":"Snake Plant","floor":24,"turns":3},{"damage":18,"enemies":"Book of Stabbing","floor":25,"turns":5},{"damage":13,"enemies":"Slavers","floor":28,"turns":6},{"damage":9,"enemies":"Book of Stabbing","floor":30,"turns":6},{"damage":63,"enemies":"Collector","floor":33,"turns":6}],"seed_played":"5848121167980560325","potions_obtained":[{"floor":1,"key":"Fire Potion"},{"floor":2,"key":"Block Potion"},{"floor":7,"key":"DuplicationPotion"},{"floor":16,"key":"Fruit Juice"},{"floor":20,"key":"Block Potion"},{"floor":30,"key":"FearPotion"}],"is_trial":false,"path_per_floor":["M","M","M","?","M","R","E","?","T","R","E","M","R","M","R","B",null,"M","$","M","?","M","R","M","E","T","?","E","T","E","?","R","B"],"character_chosen":"THE_SILENT","items_purchased":["Membership Card","Shovel"],"campfire_rested":3,"item_purchase_floors":[19,19],"current_hp_per_floor":[69,65,51,51,51,51,26,19,19,55,41,41,41,41,70,57,70,65,65,63,63,53,53,51,35,35,42,31,31,22,22,62,0,0],"gold":221,"neow_bonus":"BOSS_RELIC","is_daily":false,"chose_seed":false,"campfire_upgraded":2,"win_rate":0.0,"timestamp":1611039823,"path_taken":["M","M","M","?","?","R","E","?","T","R","E","M","R","M","R","BOSS","M","$","M","?","M","R","M","E","T","?","E","?","E","?","R","BOSS"],"items_purchased_type":["Relic","Relic"],"build_version":"2020-12-22","purchased_purges":0,"victory":false,"max_hp_per_floor":[70,70,70,70,70,70,70,70,70,70,70,70,70,70,70,70,70,70,70,75,75,75,75,75,77,77,84,86,86,86,86,86,86,86],"card_choices":[{"not_picked":["Skewer","Flying Knee"],"picked":"All Out Attack","floor":1},{"not_picked":["Flying Knee","Eviscerate"],"picked":"Terror","floor":2},{"not_picked":["Prepared","Eviscerate"],"picked":"PiercingWail","floor":3},{"not_picked":["Skewer","Caltrops"],"picked":"Dash","floor":5},{"not_picked":["Sucker Punch","Tactician"],"picked":"Concentrate","floor":7},{"not_picked":["All Out Attack","Outmaneuver","Poisoned Stab"],"picked":"SKIP","floor":11},{"not_picked":["Underhanded Strike","Skewer"],"picked":"Acrobatics","floor":12},{"not_picked":["Leg Sweep","Tactician"],"picked":"Dagger Spray","floor":14},{"not_picked":["Corpse Explosion","Burst"],"picked":"Storm of Steel","floor":16},{"not_picked":["Quick Slash","Blade Dance+1"],"picked":"Leg Sweep+1","floor":18},{"not_picked":["Poisoned Stab","Cloak And Dagger","Setup+1"],"picked":"SKIP","floor":20},{"not_picked":["Flying Knee","Dagger Spray","Distraction"],"picked":"SKIP","floor":22},{"not_picked":["Setup","Acrobatics"],"picked":"Dagger Throw","floor":24},{"not_picked":["Setup+1","Escape Plan","Underhanded Strike+1"],"picked":"Singing Bowl","floor":25},{"not_picked":["All Out Attack+1","Heel Hook","Choke"],"picked":"Singing Bowl","floor":28},{"not_picked":["Flying Knee","A Thousand Cuts"],"picked":"Accuracy","floor":30}],"player_experience":727577,"relics_obtained":[{"floor":7,"key":"Regal Pillow"},{"floor":9,"key":"Anchor"},{"floor":11,"key":"Happy Flower"},{"floor":23,"key":"Lantern"},{"floor":25,"key":"Singing Bowl"},{"floor":26,"key":"Ornamental Fan"},{"floor":28,"key":"Thread and Needle"},{"floor":30,"key":"Omamori"}],"event_choices":[{"damage_healed":0,"gold_gain":0,"player_choice":"Upgraded","damage_taken":0,"max_hp_gain":0,"max_hp_loss":0,"event_name":"Upgrade Shrine","floor":4,"gold_loss":0,"cards_upgraded":["Wraith Form v2"]},{"cards_removed":["Bane"],"damage_healed":0,"gold_gain":0,"player_choice":"Card Removal","damage_taken":7,"max_hp_gain":0,"max_hp_loss":0,"event_name":"Golden Wing","floor":8,"gold_loss":0},{"damage_healed":0,"gold_gain":0,"player_choice":"Inject Mutagens","damage_taken":0,"relics_obtained":["MutagenicStrength"],"max_hp_gain":0,"max_hp_loss":0,"event_name":"Drug Dealer","floor":21,"gold_loss":0},{"damage_healed":0,"gold_gain":0,"player_choice":"Obtained Relic","damage_taken":0,"relics_obtained":["Strawberry"],"max_hp_gain":0,"max_hp_loss":0,"event_name":"Addict","floor":27,"gold_loss":85},{"damage_healed":0,"gold_gain":0,"player_choice":"Smashed Altar","damage_taken":0,"max_hp_gain":0,"max_hp_loss":0,"event_name":"Forgotten Altar","floor":31,"gold_loss":0,"cards_obtained":["Decay"]}],"is_beta":false,"boss_relics":[{"not_picked":["Busted Crown","Coffee Dripper"],"picked":"Runic Pyramid"}],"items_purged_floors":[],"is_endless":false,"potions_floor_spawned":[1,2,7,16,20,25,30],"killed_by":"Collector","ascension_level":4}}