{"host":"uld0x1f6or5rl385","time":1611095224,"event":{"mods":["BaseMod","Minty Spire (QoL Compilation)","Quick Restart","StSLib","Unceasing Turn Reminder"],"gold_per_floor":[115,40,40,55,67,93,105,105,105,25,51,81,81,95,95,169,169,184,201,201,201,201,201],"floor_reached":22,"language":"ZHS","playtime":793,"items_purged":[],"score":359,"play_id":"ef46e9f2-826f-45c7-abd0-2d00046abb51","local_time":"20210120062704","is_ascension_mode":true,"campfire_choices":[{"floor":8.0,"key":"REST"},{"floor":15,"key":"REST"}],"circlet_count":0,"master_deck":["AscendersBane","Strike_G+1","Strike_G+1","Strike_G+1","Strike_G+1","Defend_G+1","Defend_G+1","Defend_G+1","Defend_G+1","Defend_G+1","Survivor","Neutralize","Flying Knee","Prepared","Caltrops","Envenom","Deflect","Bullet Time","Riddle With Holes","Venomology","Cloak And Dagger","Slice"],"relics":["Ring of the Snake","Ornamental Fan","Toy Ornithopter","Ancient Tea Set","Peace Pipe","Regal Pillow","WristBlade"],"acts_visited":["Exordium","TheCity"],"potions_floor_usage":[16,19,19,22],"damage_taken":[{"damage":0.0,"enemies":"2 Louse","floor":1.0,"turns":5.0},{"damage":0.0,"enemies":"Jaw Worm","floor":4.0,"turns":4.0},{"damage":0.0,"enemies":"Cultist","floor":5.0,"turns":4.0},{"damage":37.0,"enemies":"Gremlin Nob","floor":6.0,"turns":5.0},{"damage":13.0,"enemies":"Large Slime","floor":7.0,"turns":10.0},{"damage":15.0,"enemies":"3 Sentries","floor":11.0,"turns":10.0},{"damage":20,"enemies":"Exordium Wildlife","floor":14,"turns":9},{"damage":28,"enemies":"The Guardian","floor":16,"turns":10},{"damage":10,"enemies":"3 Byrds","floor":18,"turns":4},{"damage":14,"enemies":"Shell Parasite","floor":19,"turns":8},{"damage":58,"enemies":"Snecko","floor":22,"turns":8}],"seed_played":"-2848101682704353005","potions_obtained":[{"floor":5.0,"key":"AttackPotion"},{"floor":7.0,"key":"BlessingOfTheForge"},{"floor":14,"key":"EssenceOfSteel"},{"floor":16,"key":"Ancient Potion"},{"floor":18,"key":"Weak Potion"}],"is_trial":false,"path_per_floor":["M","?","T","M","M","E","M","R","T","$","E","?","?","M","R","B",null,"M","M","?","?","M"],"character_chosen":"THE_SILENT","items_purchased":["FearPotion","Deflect"],"campfire_rested":2,"item_purchase_floors":[10,10],"current_hp_per_floor":[65,65,65,65,65,28,15,36,36,36,31,31,55,35,71,44,65,55,51,51,51,0,0],"gold":201,"neow_bonus":"TEN_PERCENT_HP_BONUS","is_daily":false,"chose_seed":false,"campfire_upgraded":0,"win_rate":0.0,"timestamp":1611095224,"path_taken":["M","?","?","M","?","E","?","R","T","$","E","?","?","M","R","BOSS","M","M","?","?","M"],"items_purchased_type":["Potion","Card"],"build_version":"2020-12-22","purchased_purges":0,"victory":false,"max_hp_per_floor":[72,72,72,72,72,72,72,72,72,72,72,72,72,72,72,72,72,72,72,72,72,72,72],"card_choices":[{"not_picked":["Slice","Underhanded Strike"],"picked":"Flying Knee","floor":1.0},{"not_picked":["Masterful Stab","Slice"],"picked":"Prepared","floor":4.0},{"not_picked":["Quick Slash","Prepared","Poisoned Stab"],"picked":"SKIP","floor":5.0},{"not_picked":["Crippling Poison","Quick Slash"],"picked":"Caltrops","floor":6.0},{"not_picked":["Slice","Tactician"],"picked":"Envenom","floor":7.0},{"not_picked":["Slice","Outmaneuver"],"picked":"Bullet Time","floor":11.0},{"not_picked":["Slice","Finisher"],"picked":"Riddle With Holes","floor":14},{"not_picked":["Tools of the Trade","Storm of Steel"],"picked":"Venomology","floor":16},{"not_picked":["Deflect","Dagger Throw"],"picked":"Cloak And Dagger","floor":18},{"not_picked":["All Out Attack+1","Quick Slash"],"picked":"Slice","floor":19}],"player_experience":341910,"relics_obtained":[{"floor":3.0,"key":"Ornamental Fan"},{"floor":6.0,"key":"Toy Ornithopter"},{"floor":9.0,"key":"Ancient Tea Set"},{"floor":11.0,"key":"Peace Pipe"}],"event_choices":[{"cards_removed":["Strike_G"],"damage_healed":0.0,"max_hp_gain":0.0,"max_hp_loss":0.0,"gold_gain":0.0,"event_name":"The Cleric","player_choice":"Card Removal","floor":2.0,"gold_loss":75.0,"damage_taken":0.0},{"damage_healed":0,"gold_gain":30,"player_choice":"Searched \u00272\u0027 times","damage_taken":0,"relics_obtained":["Regal Pillow"],"max_hp_gain":0,"max_hp_loss":0,"event_name":"Dead Adventurer","floor":12,"gold_loss":0},{"damage_healed":24,"gold_gain":0,"player_choice":"Banana","damage_taken":0,"max_hp_gain":0,"max_hp_loss":0,"event_name":"Big Fish","floor":13,"gold_loss":0},{"damage_healed":0,"gold_gain":0,"player_choice":"Ignored","damage_taken":0,"max_hp_gain":0,"max_hp_loss":0,"event_name":"Vampires","floor":20,"gold_loss":0},{"damage_healed":0,"gold_gain":0,"player_choice":"Simplicity","damage_taken":0,"max_hp_gain":0,"max_hp_loss":0,"event_name":"Back to Basics","floor":21,"gold_loss":0,"cards_upgraded":["Strike_G","Strike_G","Strike_G","Strike_G","Defend_G","Defend_G","Defend_G","Defend_G","Defend_G"]}],"is_beta":false,"boss_relics":[{"not_picked":["HoveringKite","SlaversCollar"],"picked":"WristBlade"}],"items_purged_floors":[],"is_endless":false,"potions_floor_spawned":[5,7,14,16,18],"killed_by":"Snecko","ascension_level":17}}