{"host":"7eghw93eeze7thed","time":1611048124,"event":{"mods":["Act Like it!","Aspiration","BaseMod","CapriCore","Challenge The Spire","Colored Map","Colored Powertips","Gensokyo","Koishi","Marked Mod","Minty Spire (QoL Compilation)","Quick Restart","StSLib","The Immortal","The Jungle"],"gold_per_floor":[135,186,206,136,198,198,198,198],"floor_reached":7,"language":"ZHS","playtime":610,"items_purged":[],"score":47,"play_id":"8c491c0d-30d5-41cc-b81d-fa0ffecb0a93","local_time":"20210119172204","is_ascension_mode":true,"campfire_choices":[{"data":"Koishi:IdleWhim","floor":6,"key":"SMITH"}],"circlet_count":0,"master_deck":["Koishi:BasicStrike+1","Koishi:BasicStrike","Koishi:BasicStrike","Koishi:BasicStrike","Koishi:BasicDefend","Koishi:BasicDefend","Koishi:BasicDefend","Koishi:BasicDefend","Koishi:Provoke","Koishi:HauntingSlash","HandOfGreed+1","Koishi:FleetingPhantom","Koishi:PredatoryInstincts","Koishi:YoukaiPolygraph","Koishi:IdleWhim+1"],"relics":["Koishi:ImaginaryFriend"],"acts_visited":["Gensokyo:Gensokyo"],"potions_floor_usage":[7],"damage_taken":[{"damage":0,"enemies":"Gensokyo:Python","floor":1,"turns":5},{"damage":1,"enemies":"Gensokyo:2_Kodama","floor":2,"turns":5},{"damage":36,"enemies":"Gensokyo:3_Fairies","floor":3,"turns":7},{"damage":3,"enemies":"Gensokyo:2_Rabbits","floor":5,"turns":5},{"damage":33,"enemies":"Gensokyo:Aya","floor":7,"turns":5}],"seed_played":"-8862496797208352122","potions_obtained":[{"floor":5,"key":"Weak Potion"}],"is_trial":false,"path_per_floor":["M","M","M","?","M","R","E"],"character_chosen":"KOISHI","items_purchased":[],"campfire_rested":0,"item_purchase_floors":[],"current_hp_per_floor":[54,53,30,30,32,32,0,0],"gold":198,"neow_bonus":"RANDOM_COLORLESS_2","is_daily":false,"chose_seed":false,"campfire_upgraded":1,"win_rate":0.0,"timestamp":1611048124,"path_taken":["M","M","M","?","M","R","E"],"items_purchased_type":[],"build_version":"2020-12-22","purchased_purges":0,"victory":false,"max_hp_per_floor":[54,54,54,54,54,54,54,54],"card_choices":[{"not_picked":["Thinking Ahead","Mayhem"],"picked":"HandOfGreed","floor":0},{"not_picked":["Koishi:BloodcurdlingScream","Koishi:PhantomStrike"],"picked":"Koishi:FleetingPhantom","floor":1},{"not_picked":["Koishi:TraumaticStroke","Koishi:BloodcurdlingScream"],"picked":"Koishi:PredatoryInstincts","floor":2},{"not_picked":["Koishi:ParalyzingFear","Koishi:Bloodlust"],"picked":"Koishi:YoukaiPolygraph","floor":3},{"not_picked":["Koishi:PhantomBarrier","Koishi:LastRemote"],"picked":"Koishi:IdleWhim","floor":5}],"player_experience":84182,"relics_obtained":[],"event_choices":[],"is_beta":false,"boss_relics":[],"items_purged_floors":[],"is_endless":false,"potions_floor_spawned":[5],"killed_by":"Gensokyo:Aya","ascension_level":2}}