{"host":"qxeepl7ydvsgmfdb","time":1611053582,"event":{"mods":["AchievementEnabler","BaseMod","Colored Powertips","Minty Spire (QoL Compilation)","Quick Restart","slay the spire mod where everything is the same but ironclad has a cowboy hat"],"gold_per_floor":[116,132,84,84,58,84,84,115,141,141,141,152,6,21,21,118,118,129,149,149,149,149,149,182,182,182,207,223,235,235,250,250,348,348,364,123,0,12,35,54,66,66,93,113,140,158,172,132,132,132],"floor_reached":51,"language":"ENG","playtime":1122,"items_purged":[],"score":952,"play_id":"d984a69b-5b02-43b5-be24-4e314b698ef7","local_time":"20210119055302","is_ascension_mode":false,"campfire_choices":[{"data":"Cloak And Dagger","floor":7.0,"key":"SMITH"},{"data":"Cloak And Dagger","floor":10.0,"key":"SMITH"},{"floor":15.0,"key":"REST"},{"data":"Dagger Spray","floor":23.0,"key":"SMITH"},{"data":"Backflip","floor":25.0,"key":"SMITH"},{"data":"Blade Dance","floor":32,"key":"SMITH"},{"floor":49,"key":"REST"}],"circlet_count":0,"master_deck":["Strike_G+1","Strike_G+1","Strike_G+1","Strike_G+1","Strike_G+1","Defend_G+1","Defend_G+1","Defend_G+1","Defend_G+1","Survivor+1","Neutralize","Slice","Blade Dance+1","Cloak And Dagger+1","Cloak And Dagger+1","Blade Dance+1","Backflip+1","Dagger Spray+1","Blade Dance+1","Slice","All Out Attack+1","Parasite","Poisoned Stab+1","Noxious Fumes+1","Slice+1","Deadly Poison+1"],"relics":["Ring of the Snake","NeowsBlessing","Bag of Marbles","Tiny Chest","Anchor","FaceOfCleric","Bronze Scales","Black Star","MutagenicStrength","Pantograph","Pocketwatch","Meat on the Bone","Bottled Lightning","Nunchaku","Pen Nib","SacredBark","Shuriken","Red Mask","Boot","War Paint","Sundial"],"acts_visited":["Exordium","TheCity","TheBeyond"],"potions_floor_usage":[33,33,40,40,45,50,50,50,50],"damage_taken":[{"damage":0.0,"enemies":"Jaw Worm","floor":1.0,"turns":1.0},{"damage":0.0,"enemies":"Small Slimes","floor":2.0,"turns":1.0},{"damage":0.0,"enemies":"3 Sentries","floor":6.0,"turns":1.0},{"damage":26.0,"enemies":"Lagavulin","floor":8.0,"turns":6.0},{"damage":0.0,"enemies":"Cultist","floor":12.0,"turns":2.0},{"damage":0.0,"enemies":"Exordium Wildlife","floor":14.0,"turns":2.0},{"damage":0.0,"enemies":"Slime Boss","floor":16.0,"turns":7.0},{"damage":3.0,"enemies":"3 Byrds","floor":18.0,"turns":4.0},{"damage":7.0,"enemies":"Shell Parasite","floor":19.0,"turns":3.0},{"damage":0.0,"enemies":"Slavers","floor":24.0,"turns":2.0},{"damage":0.0,"enemies":"Book of Stabbing","floor":27.0,"turns":3.0},{"damage":0.0,"enemies":"Centurion and Healer","floor":28.0,"turns":2.0},{"damage":0,"enemies":"Shelled Parasite and Fungi","floor":29,"turns":1},{"damage":0,"enemies":"3 Cultists","floor":31,"turns":2},{"damage":12,"enemies":"Automaton","floor":33,"turns":6},{"damage":0,"enemies":"3 Darklings","floor":35,"turns":4},{"damage":0,"enemies":"Orb Walker","floor":38,"turns":1},{"damage":0,"enemies":"Writhing Mass","floor":40,"turns":4},{"damage":10,"enemies":"Transient","floor":41,"turns":5},{"damage":1,"enemies":"Sphere and 2 Shapes","floor":44,"turns":2},{"damage":0,"enemies":"Reptomancer","floor":45,"turns":2},{"damage":9,"enemies":"4 Shapes","floor":46,"turns":2},{"damage":15,"enemies":"Writhing Mass","floor":47,"turns":3},{"damage":118,"enemies":"Awakened One","floor":50,"turns":9}],"seed_played":"-813111564390393791","potions_obtained":[{"floor":2.0,"key":"SpeedPotion"},{"floor":12.0,"key":"ColorlessPotion"},{"floor":14.0,"key":"Swift Potion"},{"floor":16.0,"key":"Poison Potion"},{"floor":18.0,"key":"Strength Potion"},{"floor":24.0,"key":"CunningPotion"},{"floor":29,"key":"PowerPotion"},{"floor":31,"key":"DistilledChaos"},{"floor":35,"key":"DistilledChaos"},{"floor":38,"key":"Swift Potion"},{"floor":40,"key":"CunningPotion"},{"floor":47,"key":"SkillPotion"},{"floor":48,"key":"FairyPotion"},{"floor":48,"key":"EntropicBrew"}],"is_trial":false,"path_per_floor":["M","M","$","?","$","E","R","E","T","R","?","M","$","M","R","B",null,"M","M","?","T","?","R","E","R","T","E","M","M","?","M","R","B",null,"M","$","?","M","T","M","M","?","T","M","E","M","M","?","R","B",null],"character_chosen":"THE_SILENT","items_purchased":["Blade Dance","Cloak And Dagger","Bronze Scales","Shuriken"],"campfire_rested":2,"item_purchase_floors":[3,5,13,36],"current_hp_per_floor":[70,70,70,70,70,70,70,44,44,44,44,45,45,46,67,68,73,71,65,65,65,65,65,66,66,66,67,68,69,69,70,70,69,81,82,82,82,83,83,84,75,75,75,75,76,68,54,54,80,44],"gold":132,"neow_bonus":"THREE_ENEMY_KILL","is_daily":false,"chose_seed":false,"campfire_upgraded":5,"win_rate":0.0,"timestamp":1611053582,"path_taken":["M","M","$","?","$","E","R","E","T","R","?","M","$","?","R","BOSS","M","M","?","?","?","R","E","R","T","E","M","M","?","M","R","BOSS","M","$","?","M","?","M","M","?","T","?","E","M","M","?","R","BOSS"],"items_purchased_type":["Card","Card","Relic","Relic"],"build_version":"2020-12-22","purchased_purges":0,"victory":true,"max_hp_per_floor":[70,70,70,70,70,70,70,70,70,70,70,71,71,72,72,73,73,74,75,75,75,75,75,76,76,76,77,78,79,79,80,80,81,81,82,82,82,83,83,84,85,85,85,86,87,88,89,89,89,90],"card_choices":[{"not_picked":["Deflect","PiercingWail","Concentrate"],"picked":"SKIP","floor":1.0},{"not_picked":["Eviscerate","Crippling Poison"],"picked":"Slice","floor":2.0},{"not_picked":["PiercingWail","Dash"],"picked":"Cloak And Dagger","floor":6.0},{"not_picked":["Infinite Blades","Expertise","Sucker Punch"],"picked":"SKIP","floor":8.0},{"not_picked":["PiercingWail","Doppelganger"],"picked":"Blade Dance","floor":12.0},{"not_picked":["Bane","Endless Agony"],"picked":"Backflip","floor":14.0},{"not_picked":["Flying Knee","Sucker Punch","Acrobatics"],"picked":"SKIP","floor":18.0},{"not_picked":["Quick Slash","Dagger Throw+1"],"picked":"Dagger Spray","floor":19.0},{"not_picked":["Flechettes","Caltrops","Dodge and Roll"],"picked":"SKIP","floor":24.0},{"not_picked":["Underhanded Strike","Tactician+1","Quick Slash"],"picked":"SKIP","floor":27.0},{"not_picked":["Bane+1","Dodge and Roll"],"picked":"Blade Dance","floor":28.0},{"not_picked":["Footwork","Adrenaline"],"picked":"Slice","floor":29},{"not_picked":["Choke","Deflect","Footwork"],"picked":"SKIP","floor":31},{"not_picked":["Acrobatics","Dagger Throw","Heel Hook"],"picked":"SKIP","floor":35},{"not_picked":["Sucker Punch+1","Quick Slash+1"],"picked":"All Out Attack+1","floor":38},{"not_picked":["Endless Agony","Sucker Punch+1"],"picked":"Poisoned Stab+1","floor":40},{"not_picked":["Heel Hook+1","Underhanded Strike"],"picked":"Noxious Fumes+1","floor":41},{"not_picked":["Leg Sweep+1","Dagger Spray"],"picked":"Slice+1","floor":44},{"not_picked":["Bane","Calculated Gamble+1"],"picked":"Deadly Poison+1","floor":45},{"not_picked":["Tactician+1","Masterful Stab+1","Blade Dance"],"picked":"SKIP","floor":46},{"not_picked":["Storm of Steel","Acrobatics+1","Flechettes+1"],"picked":"SKIP","floor":47}],"player_experience":184280,"relics_obtained":[{"floor":6.0,"key":"Bag of Marbles"},{"floor":8.0,"key":"Tiny Chest"},{"floor":9.0,"key":"Anchor"},{"floor":21.0,"key":"Pantograph"},{"floor":24.0,"key":"Pocketwatch"},{"floor":24.0,"key":"Meat on the Bone"},{"floor":26.0,"key":"Bottled Lightning"},{"floor":27.0,"key":"Nunchaku"},{"floor":27.0,"key":"Pen Nib"},{"floor":43,"key":"Boot"},{"floor":45,"key":"War Paint"},{"floor":45,"key":"Sundial"}],"event_choices":[{"damage_healed":0.0,"max_hp_gain":0.0,"max_hp_loss":0.0,"gold_gain":0.0,"event_name":"Living Wall","player_choice":"Grow","floor":4.0,"gold_loss":0.0,"damage_taken":0.0,"cards_upgraded":["Blade Dance"]},{"damage_healed":0.0,"max_hp_gain":0.0,"max_hp_loss":0.0,"gold_gain":0.0,"event_name":"FaceTrader","player_choice":"Trade","floor":11.0,"gold_loss":0.0,"damage_taken":0.0,"relics_obtained":["FaceOfCleric"]},{"damage_healed":0.0,"max_hp_gain":0.0,"max_hp_loss":0.0,"gold_gain":0.0,"event_name":"Drug Dealer","player_choice":"Inject Mutagens","floor":20.0,"gold_loss":0.0,"damage_taken":0.0,"relics_obtained":["MutagenicStrength"]},{"damage_healed":0.0,"max_hp_gain":0.0,"max_hp_loss":0.0,"gold_gain":0.0,"event_name":"Back to Basics","player_choice":"Simplicity","floor":22.0,"gold_loss":0.0,"damage_taken":0.0,"cards_upgraded":["Strike_G","Strike_G","Strike_G","Strike_G","Strike_G","Defend_G","Defend_G","Defend_G","Defend_G","Defend_G"]},{"damage_healed":0,"gold_gain":0,"player_choice":"Ignored","damage_taken":0,"max_hp_gain":0,"max_hp_loss":0,"event_name":"Ghosts","floor":30,"gold_loss":0},{"damage_healed":0,"gold_gain":0,"player_choice":"Paid","damage_taken":0,"relics_obtained":["Red Mask"],"max_hp_gain":0,"max_hp_loss":0,"event_name":"Tomb of Lord Red Mask","floor":37,"gold_loss":123},{"cards_removed":["Defend_G"],"damage_healed":0,"gold_gain":0,"player_choice":"Removed Skill","damage_taken":0,"max_hp_gain":0,"max_hp_loss":0,"event_name":"Falling","floor":42,"gold_loss":0},{"damage_healed":0,"gold_gain":0,"player_choice":"Bought 3 Potions","damage_taken":0,"max_hp_gain":0,"max_hp_loss":0,"event_name":"The Woman in Blue","floor":48,"gold_loss":0}],"is_beta":false,"boss_relics":[{"not_picked":["Ring of the Serpent","Runic Dome"],"picked":"Black Star"},{"not_picked":["Runic Pyramid","SlaversCollar"],"picked":"SacredBark"}],"items_purged_floors":[],"is_endless":false,"potions_floor_spawned":[2,12,14,16,18,24,29,31,35,38,40,47],"ascension_level":0}}