{"host":"rzkgkvyh4u9ypzaj","time":1611057827,"event":{"mods":["2.2 Compatiblity","AchievementEnabler","BaseMod","BetterRewards","Colored Map","Custom Start","Disable Question Mark Monsters","Highlight Path","Minty Spire (QoL Compilation)","Relic Sorter","Relic Stats"],"gold_per_floor":[118,134,32,52,52,52,78,78,104,123,123,134,134,177,189,296,308,339,362,33,52,71,101,101,117,190,201,201,126,126,142,142,246,246,263,313,279,292,310,310,345,245,245,256,274,284,303,27,27,27,27,27,27,62,62],"floor_reached":56,"language":"ENG","playtime":2584,"items_purged":["Doubt","Defend_R","Defend_R"],"score":1282,"play_id":"6f929894-4ee1-45fa-9859-8a18256b18fd","local_time":"20210119120347","is_ascension_mode":true,"campfire_choices":[{"data":"1","floor":6.0,"key":"LIFT"},{"data":"2","floor":8.0,"key":"LIFT"},{"data":"3","floor":11.0,"key":"LIFT"},{"data":"Limit Break","floor":15.0,"key":"SMITH"},{"floor":24.0,"key":"REST"},{"floor":28.0,"key":"RECALL"},{"data":"Apotheosis","floor":30.0,"key":"SMITH"},{"floor":32.0,"key":"REST"},{"data":"Limit Break","floor":40.0,"key":"SMITH"},{"floor":49.0,"key":"REST"},{"data":"Shockwave","floor":52.0,"key":"SMITH"}],"circlet_count":0,"master_deck":["Strike_R","Strike_R","Strike_R","Strike_R","Strike_R+1","Defend_R+1","Bash+1","Metallicize","Shrug It Off+1","Twin Strike","Spot Weakness+1","Metallicize","Limit Break+1","Thunderclap","Headbutt","Feed","Battle Trance","Sword Boomerang+1","Apotheosis+1","Clothesline+1","Fiend Fire+1","Cleave","Shrug It Off+1","Burning Pact","Limit Break+1","Shockwave+1","Sword Boomerang+1","Sword Boomerang+1","Pummel","Battle Trance+1","Reaper"],"relics":["Burning Blood","Girya","War Paint","Anchor","MawBank","Paper Frog","Philosopher\u0027s Stone","Chemical X","Dream Catcher","Velvet Choker","Charon\u0027s Ashes","Sundial","Question Card","Toy Ornithopter","Whetstone"],"acts_visited":["Exordium","TheCity","TheBeyond","TheEnding"],"potions_floor_usage":[],"damage_taken":[{"damage":6.0,"enemies":"Cultist","floor":1.0,"turns":4.0},{"damage":2.0,"enemies":"Small Slimes","floor":2.0,"turns":4.0},{"damage":5.0,"enemies":"2 Louse","floor":4.0,"turns":2.0},{"damage":13.0,"enemies":"3 Sentries","floor":7.0,"turns":7.0},{"damage":0.0,"enemies":"Lots of Slimes","floor":10.0,"turns":2.0},{"damage":0.0,"enemies":"Looter","floor":12.0,"turns":2.0},{"damage":3.0,"enemies":"Gremlin Nob","floor":14.0,"turns":4.0},{"damage":9.0,"enemies":"Hexaghost","floor":16.0,"turns":6.0},{"damage":31.0,"enemies":"3 Byrds","floor":18.0,"turns":4.0},{"damage":1.0,"enemies":"2 Thieves","floor":19.0,"turns":2.0},{"damage":7.0,"enemies":"3 Cultists","floor":21.0,"turns":3.0},{"damage":1.0,"enemies":"Snake Plant","floor":22.0,"turns":2.0},{"damage":57.0,"enemies":"Slavers","floor":23.0,"turns":5.0},{"damage":9.0,"enemies":"Shelled Parasite and Fungi","floor":25.0,"turns":5.0},{"damage":2.0,"enemies":"Cultist and Chosen","floor":27.0,"turns":3.0},{"damage":11.0,"enemies":"Sentry and Sphere","floor":31.0,"turns":3.0},{"damage":18.0,"enemies":"Automaton","floor":33.0,"turns":8.0},{"damage":15.0,"enemies":"3 Shapes","floor":35.0,"turns":3.0},{"damage":10.0,"enemies":"Mind Bloom Boss Battle","floor":36.0,"turns":3.0},{"damage":0.0,"enemies":"3 Darklings","floor":38.0,"turns":3.0},{"damage":0.0,"enemies":"Transient","floor":39.0,"turns":5.0},{"damage":27.0,"enemies":"Nemesis","floor":41.0,"turns":3.0},{"damage":0.0,"enemies":"Spire Growth","floor":44.0,"turns":3.0},{"damage":0.0,"enemies":"Sphere and 2 Shapes","floor":45.0,"turns":3.0},{"damage":15.0,"enemies":"Jaw Worm Horde","floor":46.0,"turns":4.0},{"damage":22.0,"enemies":"4 Shapes","floor":47.0,"turns":2.0},{"damage":45.0,"enemies":"Awakened One","floor":50.0,"turns":5.0},{"damage":10,"enemies":"Shield and Spear","floor":54,"turns":3},{"damage":85,"enemies":"The Heart","floor":55,"turns":5}],"seed_played":"-2813140003182518359","potions_obtained":[{"floor":1.0,"key":"EntropicBrew"},{"floor":10.0,"key":"PowerPotion"},{"floor":12.0,"key":"LiquidMemories"},{"floor":16.0,"key":"FearPotion"},{"floor":18.0,"key":"AttackPotion"},{"floor":25.0,"key":"LiquidMemories"},{"floor":31.0,"key":"BloodPotion"},{"floor":38.0,"key":"DistilledChaos"},{"floor":44.0,"key":"BloodPotion"}],"is_trial":false,"path_per_floor":["M","M","$","M","?","R","E","R","T","M","R","M","?","E","R","B",null,"M","M","$","M","M","E","R","M","T","M","R","?","R","M","R","B",null,"M","?","$","M","M","R","E","$","T","M","M","M","M","$","R","B",null,"R","$","E","B",null],"character_chosen":"IRONCLAD","items_purchased":["Twin Strike","Chemical X","Apotheosis","Shockwave","Toy Ornithopter"],"campfire_rested":3,"item_purchase_floors":[3,20,20,37,48],"current_hp_per_floor":[80,80,80,80,64,64,57,57,57,63,63,69,57,60,60,57,80,58,66,66,65,73,25,52,49,49,57,57,57,57,52,80,68,96,90,90,90,96,102,102,81,81,81,103,107,101,88,88,113,106,113,113,113,109,30],"gold":62,"neow_bonus":"ONE_RARE_RELIC","is_daily":false,"chose_seed":false,"campfire_upgraded":4,"win_rate":0.0,"timestamp":1611057827,"path_taken":["M","M","$","M","?","R","E","R","T","M","R","M","?","E","R","BOSS","M","M","$","M","M","E","R","M","T","M","R","?","R","M","R","BOSS","M","?","$","M","M","R","E","$","T","M","M","M","M","$","R","BOSS","R","$","E","BOSS"],"items_purchased_type":["Card","Relic","Card","Card","Relic"],"build_version":"2020-12-22","purchased_purges":3,"victory":true,"max_hp_per_floor":[80,80,80,80,80,80,80,80,80,80,80,80,80,80,80,80,80,83,86,86,86,89,92,92,92,92,96,96,96,96,96,96,96,96,99,103,103,103,103,103,103,103,103,103,107,110,113,113,113,113,113,113,113,113,113],"relic_stats":{"Dream Catcher":3,"counters":[29,108],"Sundial":[0],"Charon\u0027s Ashes":[171],"Chemical X":[1],"Whetstone":["Fiend Fire","Strike_R"],"War Paint":["Defend_R","Shrug It Off"],"MawBank":84,"Question Card":6,"obtain_stats":[{"Girya":0,"Velvet Choker":34,"Charon\u0027s Ashes":36,"Whetstone":54,"War Paint":7,"MawBank":13,"Question Card":43,"Burning Blood":0,"Anchor":9,"Dream Catcher":23,"Sundial":41,"Philosopher\u0027s Stone":17,"Chemical X":20,"Toy Ornithopter":48,"Paper Frog":14},{"Girya":0,"Velvet Choker":17,"Charon\u0027s Ashes":19,"Whetstone":28,"War Paint":4,"MawBank":6,"Question Card":22,"Burning Blood":0,"Anchor":4,"Dream Catcher":13,"Sundial":22,"Philosopher\u0027s Stone":8,"Chemical X":10,"Toy Ornithopter":26,"Paper Frog":7},{"Girya":0,"Velvet Choker":66,"Charon\u0027s Ashes":72,"Whetstone":103,"War Paint":17,"MawBank":21,"Question Card":83,"Burning Blood":0,"Anchor":17,"Dream Catcher":47,"Sundial":83,"Philosopher\u0027s Stone":31,"Chemical X":37,"Toy Ornithopter":95,"Paper Frog":25}],"Burning Blood":163,"Toy Ornithopter":10},"card_choices":[{"not_picked":["Clash","Fire Breathing"],"picked":"Metallicize","floor":1.0},{"not_picked":["Rupture","Searing Blow"],"picked":"Shrug It Off","floor":2.0},{"not_picked":["Headbutt","Shrug It Off"],"picked":"Spot Weakness","floor":4.0},{"not_picked":["Headbutt","Clothesline"],"picked":"Metallicize","floor":7.0},{"not_picked":["Second Wind","Headbutt"],"picked":"Limit Break","floor":10.0},{"not_picked":["Flex","Seeing Red"],"picked":"Thunderclap","floor":12.0},{"not_picked":["Inflame","Warcry"],"picked":"Headbutt","floor":14.0},{"not_picked":["Demon Form","Double Tap"],"picked":"Feed","floor":16.0},{"not_picked":["Intimidate","Flex+1"],"picked":"Battle Trance","floor":18.0},{"not_picked":["Anger+1","Armaments"],"picked":"Sword Boomerang+1","floor":19.0},{"not_picked":["Sword Boomerang+1","Iron Wave"],"picked":"Clothesline+1","floor":21.0},{"not_picked":["Twin Strike","Searing Blow","Warcry"],"picked":"SKIP","floor":22.0},{"not_picked":["Intimidate","Flame Barrier"],"picked":"Fiend Fire","floor":23.0},{"not_picked":["Iron Wave","Rupture+1"],"picked":"Cleave","floor":24.0},{"not_picked":["Headbutt","Twin Strike","Thunderclap+1"],"picked":"SKIP","floor":25.0},{"not_picked":["Pommel Strike","Armaments","Thunderclap"],"picked":"SKIP","floor":27.0},{"not_picked":["Flex","Brutality"],"picked":"Shrug It Off+1","floor":31.0},{"not_picked":["Hemokinesis","Blood for Blood"],"picked":"Burning Pact","floor":32.0},{"not_picked":["Bludgeon","Barricade"],"picked":"Limit Break","floor":33.0},{"not_picked":["Clash","Flex+1","Reckless Charge"],"picked":"SKIP","floor":35.0},{"not_picked":["Reckless Charge+1","Body Slam","Cleave+1"],"picked":"SKIP","floor":38.0},{"not_picked":["Heavy Blade","Blood for Blood"],"picked":"Sword Boomerang+1","floor":39.0},{"not_picked":["Anger+1","Rage+1","Uppercut"],"picked":"SKIP","floor":41.0},{"not_picked":["Dark Embrace","Headbutt+1","Reckless Charge+1","True Grit"],"picked":"SKIP","floor":44.0},{"not_picked":["Flex+1","Fiend Fire","Pommel Strike+1"],"picked":"Sword Boomerang+1","floor":45.0},{"not_picked":["Iron Wave+1","Shrug It Off+1","Seeing Red"],"picked":"Pummel","floor":46.0},{"not_picked":["Thunderclap","Pummel+1","Body Slam+1","Power Through"],"picked":"SKIP","floor":47.0},{"not_picked":["Anger","Rampage+1","Warcry"],"picked":"Battle Trance+1","floor":49.0},{"not_picked":["Rampage","Ghostly Armor+1","Body Slam+1"],"picked":"Reaper","floor":54}],"player_experience":17986,"relics_obtained":[{"floor":7.0,"key":"War Paint"},{"floor":9.0,"key":"Anchor"},{"floor":14.0,"key":"Paper Frog"},{"floor":23.0,"key":"Dream Catcher"},{"floor":36.0,"key":"Charon\u0027s Ashes"},{"floor":41.0,"key":"Sundial"},{"floor":43.0,"key":"Question Card"},{"floor":54,"key":"Whetstone"}],"event_choices":[{"damage_healed":0.0,"max_hp_gain":0.0,"max_hp_loss":0.0,"gold_gain":0.0,"event_name":"Shining Light","player_choice":"Entered Light","floor":5.0,"gold_loss":0.0,"damage_taken":16.0,"cards_upgraded":["Bash","Spot Weakness"]},{"damage_healed":0.0,"max_hp_gain":0.0,"max_hp_loss":0.0,"gold_gain":0.0,"event_name":"Scrap Ooze","player_choice":"Success","floor":13.0,"gold_loss":0.0,"damage_taken":12.0,"relics_obtained":["MawBank"]},{"cards_removed":["Defend_R"],"damage_healed":0.0,"max_hp_gain":0.0,"max_hp_loss":0.0,"gold_gain":0.0,"event_name":"Beggar","player_choice":"Gave Gold","floor":29.0,"gold_loss":75.0,"damage_taken":0.0},{"damage_healed":0.0,"max_hp_gain":0.0,"max_hp_loss":0.0,"gold_gain":0.0,"event_name":"MindBloom","player_choice":"Fight","floor":36.0,"gold_loss":0.0,"damage_taken":0.0}],"is_beta":false,"boss_relics":[{"not_picked":["Fusion Hammer","Calling Bell"],"picked":"Philosopher\u0027s Stone"},{"not_picked":["Runic Cube","Runic Pyramid"],"picked":"Velvet Choker"}],"items_purged_floors":[3,42,48],"is_endless":false,"potions_floor_spawned":[1,10,12,16,18,21,25,31,38,39,44],"ascension_level":1}}