{"host":"0fm1w3v00gid44jl","time":1611079077,"event":{"mods":["AchievementEnabler","BaseMod","Colored Map","Colored Powertips","Displayed Cursed Tome","Downfall","Googly Eyes","Highlight Path","Minty Spire (QoL Compilation)","Permanent Neow","Relic Stats","StSLib","SuperFastMode","slay the spire mod where everything is the same but ironclad has a cowboy hat"],"gold_per_floor":[99,63,238,238,238,238,238,273,273,286,305,331,331],"floor_reached":12,"language":"ENG","playtime":509,"items_purged":[],"score":84,"play_id":"6b226292-f14b-4149-b1ab-301f028f13ca","local_time":"20210119115757","is_ascension_mode":false,"campfire_choices":[{"data":"bronze:Goto","floor":1,"key":"SMITH"},{"data":"bronze:Return","floor":9,"key":"SMITH"}],"circlet_count":0,"master_deck":["bronze:Strike","bronze:Strike","bronze:Strike","bronze:Strike","bronze:Defend","bronze:Defend","bronze:Defend","bronze:Defend","bronze:Replicate","bronze:Goto+1","bronze:ClassDefault","bronze:Boost","Doubt","bronze:BronzeArmor","bronze:CutThrough","bronze:Return+1","bronze:GetLatest"],"relics":["bronze:BronzeCore","downfall:HeartsMalice","Blood Vial","White Beast Statue","Bottled Lightning"],"acts_visited":["Exordium"],"potions_floor_usage":[],"damage_taken":[{"damage":0,"enemies":"downfall:FleeingMerchant","floor":2,"turns":1},{"damage":0,"enemies":"Cultist","floor":4,"turns":1},{"damage":0,"enemies":"Small Slimes","floor":6,"turns":1},{"damage":23,"enemies":"Lagavulin","floor":8,"turns":7},{"damage":0,"enemies":"2 Louse","floor":10,"turns":4},{"damage":0,"enemies":"Exordium Wildlife","floor":11,"turns":4},{"damage":24,"enemies":"3 Sentries","floor":12,"turns":10}],"seed_played":"-5674536336516568451","potions_obtained":[{"floor":5,"key":"downfall:CursedFountainPotion"},{"floor":8,"key":"SpeedPotion"},{"floor":10,"key":"Slimebound:ThreeZeroPotion"}],"is_trial":false,"path_per_floor":["R","$","?","M","?","M","T","E","R","M","M","E"],"character_chosen":"THE_AUTOMATON","items_purchased":["bronze:Boost"],"campfire_rested":0,"item_purchase_floors":[2],"current_hp_per_floor":[70,70,70,70,70,70,70,47,47,49,51,29,29],"gold":331,"neow_bonus":"THREE_ENEMY_KILL","is_daily":false,"chose_seed":false,"campfire_upgraded":2,"win_rate":0.0,"timestamp":1611079077,"path_taken":["R","$","?","M","?","M","T","E","R","?","M","E"],"items_purchased_type":["Card"],"build_version":"2020-12-22","purchased_purges":0,"victory":false,"max_hp_per_floor":[70,70,70,70,70,70,70,70,70,70,70,70,70],"relic_stats":{"Blood Vial":6,"counters":[7,25],"obtain_stats":[{"Blood Vial":7,"bronze:BronzeCore":0,"downfall:HeartsMalice":0,"Bottled Lightning":12,"White Beast Statue":8},{"Blood Vial":3,"bronze:BronzeCore":0,"downfall:HeartsMalice":0,"Bottled Lightning":7,"White Beast Statue":4},{"Blood Vial":0,"bronze:BronzeCore":0,"downfall:HeartsMalice":0,"Bottled Lightning":25,"White Beast Statue":7}]},"card_choices":[{"not_picked":["bronze:Shell","bronze:ItsAFeature"],"picked":"bronze:ClassDefault","floor":2},{"not_picked":["bronze:FineTuning","bronze:CutThrough"],"picked":"bronze:BronzeArmor","floor":4},{"not_picked":["bronze:BugBarrage","bronze:BronzeArmor"],"picked":"bronze:CutThrough","floor":6},{"not_picked":["bronze:DarkDash","bronze:Frontload"],"picked":"bronze:Return","floor":8},{"not_picked":["bronze:Invalidate","bronze:DelayedSlice"],"picked":"bronze:GetLatest","floor":10},{"not_picked":["bronze:Shield","bronze:FindAndReplace","bronze:NullPointer"],"picked":"SKIP","floor":11}],"player_experience":1465304,"relics_obtained":[{"floor":7,"key":"Blood Vial"},{"floor":8,"key":"White Beast Statue"},{"floor":12,"key":"Bottled Lightning"}],"event_choices":[],"is_beta":false,"boss_relics":[],"items_purged_floors":[],"is_endless":false,"potions_floor_spawned":[8,10,11,12],"killed_by":"3 Sentries","ascension_level":0}}