{"host":"l2dnabsh5e0fsksb","time":1611043665,"event":{"mods":["2.2 Compatiblity","BaseMod","Downfall","Minty Spire (QoL Compilation)","Quick Restart","StSLib"],"gold_per_floor":[99,117,117,132,148,177,177,114,14,48,48,60,60,76,93,196,196,8,36,33,45,70,110,122,163,186,216,228,253,265,277,300,312,324,336,366,392,404,416,428,440,477,156,201,227,239,268,308,330,342,354,395,20,20,20,20,20],"floor_reached":56,"language":"ENG","playtime":2262,"items_purged":[],"score":1015,"play_id":"21bb56c5-8b3e-4536-b302-7500bfbf3f8a","local_time":"20210119183745","is_ascension_mode":true,"campfire_choices":[{"floor":1.0,"key":"RECALL"},{"data":"bronze:DelayedSlice","floor":9.0,"key":"SMITH"},{"data":"bronze:ClassDefault","floor":11.0,"key":"SMITH"},{"data":"bronze:WhirlingStrike","floor":13.0,"key":"SMITH"},{"data":"bronze:WhirlingStrike","floor":18.0,"key":"SMITH"},{"floor":28.0,"key":"REST"},{"floor":30.0,"key":"REST"},{"data":"bronze:Iterate","floor":35.0,"key":"SMITH"},{"data":"expansioncontent:YouAreMine","floor":46.0,"key":"SMITH"},{"floor":54,"key":"REST"}],"circlet_count":0,"master_deck":["bronze:Strike","bronze:Strike","bronze:Strike","bronze:Strike","bronze:Defend","bronze:Defend","bronze:Defend","bronze:Replicate+1","bronze:Goto","bronze:WhirlingStrike+1","bronze:ChosenStrike","bronze:Frontload","bronze:DelayedSlice+1","bronze:WhirlingStrike+1","bronze:ClassDefault+1","bronze:Fortify","bronze:ChildClass","bronze:ClassDefault","CurseOfTheBell","bronze:FineTuning","Writhe","bronze:Constructor","bronze:Terminator+1","bronze:Repulsor+1","bronze:Iterate+1","bronze:Optimize+1","bronze:OilSpill+1","expansioncontent:YouAreMine+1","bronze:BitShift+1","bronze:WhirlingStrike","bronze:BronzeArmor","bronze:Iterate+1","bronze:Philosophize+1","bronze:BronzeOrb+1"],"relics":["bronze:PlatinumCore","Matryoshka","InkBottle","downfall:HeartBlessingRed","Bird Faced Urn","Calling Bell","MawBank","Shuriken","hexamod:Sixitude","downfall:HeartBlessingBlue","downfall:HeartBlessingGreen","Happy Flower","Pantograph","Toy Ornithopter","hexamod:CandleOfCauterizing","Bag of Preparation","MutagenicStrength","Akabeko","Boot","Sundial","MealTicket","StoneCalendar","Membership Card","Guardian:PocketSentry","champ:DeflectingBracers"],"acts_visited":["Exordium","TheCity","TheBeyond","TheEnding"],"potions_floor_usage":[48,48,50,55,56],"damage_taken":[{"damage":8.0,"enemies":"Jaw Worm","floor":2.0,"turns":4.0},{"damage":1.0,"enemies":"Cultist","floor":4.0,"turns":3.0},{"damage":6.0,"enemies":"2 Louse","floor":5.0,"turns":3.0},{"damage":0.0,"enemies":"3 Sentries","floor":6.0,"turns":2.0},{"damage":0.0,"enemies":"downfall:FleeingMerchant","floor":8.0,"turns":4.0},{"damage":0.0,"enemies":"Gremlin Nob","floor":10.0,"turns":3.0},{"damage":0.0,"enemies":"Large Slime","floor":12.0,"turns":3.0},{"damage":10.0,"enemies":"2 Fungi Beasts","floor":14.0,"turns":3.0},{"damage":2.0,"enemies":"3 Louse","floor":15.0,"turns":3.0},{"damage":24.0,"enemies":"SI_SHIV_ARCHETYPE","floor":16.0,"turns":6.0},{"damage":12.0,"enemies":"3 Byrds","floor":19.0,"turns":3.0},{"damage":3.0,"enemies":"downfall:FleeingMerchant","floor":20.0,"turns":4.0},{"damage":14.0,"enemies":"Centurion and Healer","floor":22.0,"turns":4.0},{"damage":34.0,"enemies":"Slavers","floor":23.0,"turns":3.0},{"damage":0.0,"enemies":"Book of Stabbing","floor":25.0,"turns":3.0},{"damage":31.0,"enemies":"Shelled Parasite and Fungi","floor":26.0,"turns":4.0},{"damage":13.0,"enemies":"Snake Plant","floor":27.0,"turns":4.0},{"damage":14.0,"enemies":"Centurion and Healer","floor":29.0,"turns":3.0},{"damage":18.0,"enemies":"Snecko","floor":32.0,"turns":3.0},{"damage":60.0,"enemies":"WA_ARCHETYPE_CALM","floor":33.0,"turns":9.0},{"damage":11.0,"enemies":"Orb Walker","floor":36.0,"turns":2.0},{"damage":33.0,"enemies":"3 Darklings","floor":37.0,"turns":4.0},{"damage":8.0,"enemies":"Nemesis","floor":44.0,"turns":3.0},{"damage":0.0,"enemies":"Spire Growth","floor":45.0,"turns":2.0},{"damage":4,"enemies":"Transient","floor":47,"turns":5},{"damage":5,"enemies":"Reptomancer","floor":48,"turns":4},{"damage":22,"enemies":"4 Shapes","floor":49,"turns":2},{"damage":49,"enemies":"DF_ARCHETYPE_ORBS","floor":50,"turns":5},{"damage":71,"enemies":"downfall:CharBossMerchant","floor":52,"turns":8},{"damage":45,"enemies":"downfall:NeowBoss","floor":55,"turns":10},{"damage":110,"enemies":"downfall:NeowBossFinal","floor":56,"turns":5}],"seed_played":"-519754301714719144","potions_obtained":[{"floor":3.0,"key":"bronze:CleanCodePotion"},{"floor":3.0,"key":"BlessingOfTheForge"},{"floor":3.0,"key":"SteroidPotion"},{"floor":6.0,"key":"EntropicBrew"},{"floor":10.0,"key":"FearPotion"},{"floor":16.0,"key":"Fire Potion"},{"floor":22.0,"key":"hexamod:SoulburnPotion"},{"floor":23.0,"key":"BlessingOfTheForge"},{"floor":27.0,"key":"DistilledChaos"},{"floor":32.0,"key":"Regen Potion"},{"floor":37.0,"key":"SkillPotion"},{"floor":45.0,"key":"AttackPotion"},{"floor":47,"key":"bronze:CleanCodePotion"},{"floor":49,"key":"AttackPotion"},{"floor":52,"key":"AttackPotion"}],"is_trial":false,"path_per_floor":["R","M","?","M","M","E","T","$","R","E","R","M","R","M","M","B",null,"R","M","$","?","M","E","T","E","M","M","R","M","R","?","M","B",null,"R","M","M","?","?","?","T","T","?","E","M","R","M","E","M","B",null,"E","$","R","B","B"],"character_chosen":"THE_AUTOMATON","items_purchased":["bronze:WhirlingStrike","Membership Card","Guardian:PocketSentry","champ:DeflectingBracers"],"campfire_rested":3,"item_purchase_floors":[8,53,53,53],"current_hp_per_floor":[70,62,62,61,55,55,55,55,55,55,55,55,55,47,45,25,70,80,70,71,71,61,27,27,36,11,14,38,35,59,59,47,37,80,80,71,46,46,46,90,90,90,101,97,97,97,101,96,78,56,101,36,51,81,58,0,0],"gold":20,"neow_bonus":"UPGRADE_CARD","is_daily":false,"chose_seed":false,"campfire_upgraded":6,"win_rate":0.0,"timestamp":1611043665,"path_taken":["R","M","?","?","M","E","T","?","R","E","R","M","R","M","M","BOSS","R","M","$","?","M","E","T","E","M","M","R","M","R","?","M","BOSS","R","M","M","?","?","?","T","?","?","E","?","R","M","E","M","BOSS","E","$","R","BOSS","BOSS"],"items_purchased_type":["Card","Relic","Relic","Relic"],"build_version":"2020-12-22","purchased_purges":0,"victory":false,"max_hp_per_floor":[70,70,70,70,70,70,70,70,70,70,70,70,70,70,70,70,70,80,80,80,80,80,80,80,80,80,80,80,80,80,80,80,80,80,80,80,80,80,80,90,90,90,101,101,101,101,101,101,101,101,101,101,101,101,101,101,101],"card_choices":[{"not_picked":["bronze:DelayedGuard","bronze:Deprecate"],"picked":"bronze:WhirlingStrike","floor":2.0},{"not_picked":["bronze:OilSpill","bronze:Allocate"],"picked":"bronze:ChosenStrike","floor":4.0},{"not_picked":["bronze:CutThrough","bronze:Branch"],"picked":"bronze:Frontload","floor":5.0},{"not_picked":["bronze:Overheat","bronze:Allocate","bronze:WildBeam"],"picked":"SKIP","floor":6.0},{"not_picked":["bronze:WildBeam","bronze:Shield"],"picked":"bronze:DelayedSlice","floor":8.0},{"not_picked":["bronze:DigitalCarnage","bronze:Allocate"],"picked":"bronze:ClassDefault","floor":10.0},{"not_picked":["bronze:ForLoop","bronze:Return"],"picked":"bronze:Fortify","floor":12.0},{"not_picked":["bronze:GetLatest","bronze:Safeguard"],"picked":"bronze:ChildClass","floor":14.0},{"not_picked":["bronze:Frontload","bronze:Safeguard"],"picked":"bronze:ClassDefault","floor":15.0},{"not_picked":["bronze:Turbo","bronze:Frontload","bronze:CloningBeam"],"picked":"SKIP","floor":19.0},{"not_picked":["bronze:BitShift","bronze:ForLoop"],"picked":"bronze:FineTuning","floor":20.0},{"not_picked":["bronze:ChildClass","bronze:Philosophize"],"picked":"bronze:Constructor","floor":22.0},{"not_picked":["bronze:Safeguard","bronze:Constructor"],"picked":"bronze:Terminator+1","floor":23.0},{"not_picked":["bronze:BuggyMess","bronze:Assembly"],"picked":"bronze:Repulsor+1","floor":25.0},{"not_picked":["bronze:Separator","bronze:Invalidate","bronze:CloningBeam"],"picked":"SKIP","floor":26.0},{"not_picked":["bronze:Philosophize","bronze:Separator","bronze:Overload"],"picked":"SKIP","floor":27.0},{"not_picked":["bronze:BuggyMess+1","bronze:Constructor"],"picked":"bronze:Iterate","floor":29.0},{"not_picked":["bronze:Turbo+1","bronze:ItsAFeature"],"picked":"bronze:Optimize+1","floor":32.0},{"not_picked":["bronze:RecursiveStrike","bronze:HyperBeam"],"picked":"bronze:Assembly","floor":33.0},{"not_picked":["bronze:ForceShield+1","bronze:BugBarrage"],"picked":"bronze:OilSpill+1","floor":36.0},{"not_picked":["bronze:GetLatest","bronze:ForLoop+1","bronze:Separator"],"picked":"SKIP","floor":37.0},{"not_picked":["expansioncontent:Hexaburn","expansioncontent:AwakenDeath"],"picked":"expansioncontent:YouAreMine","floor":39.0},{"not_picked":["bronze:ChildClass+1","bronze:CutThrough+1"],"picked":"bronze:BitShift+1","floor":44.0},{"not_picked":["bronze:BugBarrage+1","bronze:Return"],"picked":"bronze:WhirlingStrike","floor":45.0},{"not_picked":["bronze:Shield+1","bronze:WhirlingStrike+1"],"picked":"bronze:BronzeArmor","floor":47},{"not_picked":["bronze:Shield+1","bronze:Optimize"],"picked":"bronze:Iterate+1","floor":48},{"not_picked":["bronze:BurnOut","bronze:Overload"],"picked":"bronze:Philosophize+1","floor":49},{"not_picked":["bronze:WildBeam+1","bronze:MaxOutput+1"],"picked":"bronze:BronzeOrb+1","floor":52}],"player_experience":1806235,"relics_obtained":[{"floor":6.0,"key":"Matryoshka"},{"floor":7.0,"key":"InkBottle"},{"floor":10.0,"key":"Bird Faced Urn"},{"floor":17.0,"key":"MawBank"},{"floor":17.0,"key":"Shuriken"},{"floor":17.0,"key":"hexamod:Sixitude"},{"floor":23.0,"key":"Pantograph"},{"floor":24.0,"key":"Toy Ornithopter"},{"floor":24.0,"key":"hexamod:CandleOfCauterizing"},{"floor":25.0,"key":"Bag of Preparation"},{"floor":41.0,"key":"Akabeko"},{"floor":42.0,"key":"Boot"},{"floor":44.0,"key":"Sundial"},{"floor":48,"key":"MealTicket"},{"floor":52,"key":"StoneCalendar"}],"event_choices":[{"damage_healed":0.0,"max_hp_gain":0.0,"max_hp_loss":0.0,"gold_gain":0.0,"event_name":"Lab","player_choice":"Got Potions","floor":3.0,"gold_loss":0.0,"damage_taken":0.0},{"damage_healed":0.0,"max_hp_gain":0.0,"max_hp_loss":0.0,"gold_gain":0.0,"event_name":"Drug Dealer","player_choice":"Inject Mutagens","floor":31.0,"gold_loss":0.0,"damage_taken":0.0,"relics_obtained":["MutagenicStrength"]},{"cards_removed":["bronze:Defend"],"damage_healed":0.0,"max_hp_gain":0.0,"max_hp_loss":0.0,"gold_gain":0.0,"event_name":"Falling","player_choice":"Removed Skill","floor":38.0,"gold_loss":0.0,"damage_taken":0.0}],"is_beta":false,"boss_relics":[{"not_picked":["Runic Dome","Black Star"],"picked":"Calling Bell"},{"not_picked":["Empty Cage","SlaversCollar"],"picked":"bronze:PlatinumCore"}],"items_purged_floors":[],"is_endless":false,"potions_floor_spawned":[6,10,14,15,16,22,23,27,32,37,45,47,49,52],"killed_by":"downfall:NeowBossFinal","ascension_level":2}}