{"host":"kq2g769nefmuyn7c","time":1611042367,"event":{"mods":["ATMod(°¢èªMod)","Act Like it!","BaseMod","Gensokyo","Koishi","Minty Spire (QoL Compilation)","Remilia£¨ÀÙÃ×ÀòÑÇ£©","Replay The Spire","StSLib","The Servant 0.9.4"],"gold_per_floor":[112,132,146,146,196,239,266,266,320,357,382,382,390,390],"floor_reached":13,"language":"ZHS","playtime":631,"items_purged":[],"score":162,"play_id":"2ea305a3-52c1-431f-b196-2c46b35a93eb","local_time":"20210119154607","is_ascension_mode":true,"campfire_choices":[{"data":"ScarletSymphony","floor":8,"key":"SMITH"},{"data":"NightLord","floor":12,"key":"SMITH"}],"circlet_count":0,"master_deck":["AscendersBane","Strike_RM","Strike_RM","Strike_RM","Strike_RM","Defend_RM","Defend_RM","Defend_RM","Defend_RM","RedMoon","ScarletShoot","AT_FamilyPortrait","Stigmanizer","GlobalNightmare","ScarletSymphony+1","Delirium","FitfulNightmare","VampireKiss","Hallucinations","BatForm","NightLord+1"],"relics":["ScarletHat","AT_ATBox","NeowsBlessing","ReplayTheSpireMod:Ring of Exchange","Ring of Greed","Replay:Wax Seal","Replay:Bandana","Anchor","Regal Pillow","Gambling Chip"],"acts_visited":["Exordium"],"potions_floor_usage":[7,10,10,13,13],"damage_taken":[{"damage":0,"enemies":"Jaw Worm","floor":1,"turns":1},{"damage":0,"enemies":"Small Slimes","floor":2,"turns":1},{"damage":0,"enemies":"Cultist","floor":3,"turns":2},{"damage":57,"enemies":"Gremlin Nob","floor":6,"turns":6},{"damage":8,"enemies":"Lots of Slimes","floor":7,"turns":6},{"damage":12,"enemies":"Lagavulin","floor":10,"turns":6},{"damage":0,"enemies":"2 Fungi Beasts","floor":11,"turns":2},{"damage":39,"enemies":"Gremlin Nob","floor":13,"turns":5}],"seed_played":"-8737943738289185303","potions_obtained":[{"floor":2,"key":"Dexterity Potion"},{"floor":6,"key":"SpeedPotion"},{"floor":7,"key":"Milkshake"},{"floor":10,"key":"BlessingOfTheForge"},{"floor":10,"key":"FearPotion"}],"is_trial":false,"path_per_floor":["M","M","M","?","?","E","M","R","T","E","M","R","E"],"character_chosen":"REMILIA","items_purchased":[],"campfire_rested":0,"item_purchase_floors":[],"current_hp_per_floor":[63,63,63,63,63,19,15,15,15,14,15,15,0,0],"gold":390,"neow_bonus":"THREE_ENEMY_KILL","is_daily":false,"chose_seed":false,"campfire_upgraded":2,"win_rate":0.0,"timestamp":1611042367,"path_taken":["M","M","M","?","?","E","M","R","T","E","M","R","E"],"items_purchased_type":[],"build_version":"2020-12-22","purchased_purges":0,"victory":false,"max_hp_per_floor":[70,70,70,70,70,70,70,70,70,70,70,70,70,70],"card_choices":[{"not_picked":["BombardNight","CharismaGuard"],"picked":"Stigmanizer","floor":1},{"not_picked":["RedRainbow","FavorOfDestiny"],"picked":"GlobalNightmare","floor":2},{"not_picked":["Stigmanizer","BombardNight"],"picked":"ScarletSymphony","floor":3},{"not_picked":["DiffusionOfMisfortune","EndlessAdversity"],"picked":"FitfulNightmare","floor":6},{"not_picked":["StarOfDavid","ScarletDevil"],"picked":"VampireKiss","floor":7},{"not_picked":["ForbiddenFruit","UltimateOffering"],"picked":"BatForm","floor":10},{"not_picked":["BlasphemousPunishment","CharismaGuard"],"picked":"NightLord","floor":11}],"player_experience":267884,"relics_obtained":[{"floor":5,"key":"ReplayTheSpireMod:Ring of Exchange"},{"floor":5,"key":"Ring of Greed"},{"floor":5,"key":"Replay:Wax Seal"},{"floor":5,"key":"Replay:Bandana"},{"floor":6,"key":"Anchor"},{"floor":9,"key":"Regal Pillow"},{"floor":10,"key":"Gambling Chip"}],"event_choices":[{"damage_healed":0,"gold_gain":0,"player_choice":"Ignored","damage_taken":0,"max_hp_gain":0,"max_hp_loss":0,"event_name":"Liars Game","floor":4,"gold_loss":0}],"is_beta":false,"boss_relics":[],"items_purged_floors":[],"is_endless":false,"potions_floor_spawned":[2,6,7,10],"killed_by":"Gremlin Nob","ascension_level":14}}