{"host":"ecaj4hn004xnnrw9","time":1611078930,"event":{"mods":["AchievementEnabler","BaseMod","Better Third Choice","Card Forge","Hermit","Hubris","Infinite Spire","Jorbs\u0027s Wanderer Trilogy","Minty Spire (QoL Compilation)","Quick Restart","Relic Stats","Shop Mod","StSLib","The Construct","The Jungle","The Runesmith"],"gold_per_floor":[13,31,31,31,31,61,61,41,41,53,81,6,17,27,27,123,123,138,156,156,81,81,113,163,225,275,275,287,304,304,315,315,415,415,425,425,436,83,100,100,110,139,139,172,191,191,191,207,207,207],"floor_reached":51,"language":"ENG","playtime":1989,"items_purged":["Strike_R","Strike_R","Strike_R","Defend_R"],"score":1352,"play_id":"3dba06b9-60fa-488b-8ddf-2c76d091ea41","local_time":"20210119175530","is_ascension_mode":true,"campfire_choices":[{"data":"infinitespire:DeathsTouch","floor":7,"key":"SMITH"},{"data":"Offering","floor":15,"key":"SMITH"},{"data":"True Grit","floor":24,"key":"SMITH"},{"data":"Metallicize","floor":27,"key":"SMITH"},{"data":"Feel No Pain","floor":30,"key":"SMITH"},{"data":"Clothesline","floor":32,"key":"SMITH"},{"data":"Limit Break","floor":40,"key":"SMITH"},{"data":"Bash","floor":46,"key":"SMITH"},{"floor":49,"key":"REST"}],"circlet_count":0,"master_deck":["AscendersBane","Defend_R","Defend_R","Defend_R","Bash+1","Offering+1","Feel No Pain+1","infinitespire:DeathsTouch+1","Shrug It Off","Clothesline+1","Pummel","Metallicize+1","Shrug It Off","Offering","infinitespire:Collect+1","True Grit+1","Limit Break+1","Spot Weakness"],"relics":["Burning Blood","Hammer of Thor","Seething Fire","Anvil of the Gods","MealTicket","Red Skull","hubris:GlazedTorus","Ancient Tea Set","hubris:RunicObelisk","Lizard Tail","hubris:MobiusCoin","Blood Vial","construct:WeddingRing","hubris:Towel","OrangePellets","Bag of Marbles","hubris:PeanutButter","hubris:Metronome","Peace Pipe","Orrery"],"acts_visited":["Exordium","TheCity","TheBeyond"],"potions_floor_usage":[14,23,33,42,50,50],"damage_taken":[{"damage":8,"enemies":"Jaw Worm","floor":1,"turns":3},{"damage":7,"enemies":"Small Slimes","floor":2,"turns":3},{"damage":15,"enemies":"3 Sentries","floor":6,"turns":4},{"damage":6,"enemies":"2 Louse","floor":10,"turns":2},{"damage":6,"enemies":"Lagavulin","floor":11,"turns":3},{"damage":15,"enemies":"2 Fungi Beasts","floor":13,"turns":3},{"damage":6,"enemies":"Lots of Slimes","floor":14,"turns":3},{"damage":6,"enemies":"Slime Boss","floor":16,"turns":3},{"damage":6,"enemies":"3 Byrds","floor":18,"turns":3},{"damage":6,"enemies":"Chosen","floor":19,"turns":3},{"damage":24,"enemies":"Book of Stabbing","floor":23,"turns":6},{"damage":6,"enemies":"Snecko","floor":25,"turns":3},{"damage":9,"enemies":"Centurion and Healer","floor":28,"turns":3},{"damage":6,"enemies":"Snake Plant","floor":29,"turns":3},{"damage":6,"enemies":"Cultist and Chosen","floor":31,"turns":4},{"damage":31,"enemies":"Champ","floor":33,"turns":13},{"damage":7,"enemies":"3 Shapes","floor":35,"turns":5},{"damage":3,"enemies":"Orb Walker","floor":37,"turns":4},{"damage":29,"enemies":"3 Darklings","floor":39,"turns":3},{"damage":6,"enemies":"Spire Growth","floor":41,"turns":3},{"damage":47,"enemies":"Reptomancer","floor":42,"turns":5},{"damage":0,"enemies":"Nemesis","floor":44,"turns":3},{"damage":0,"enemies":"Transient","floor":45,"turns":5},{"damage":0,"enemies":"Maw","floor":48,"turns":4},{"damage":52,"enemies":"hubris:GrandSnecko","floor":50,"turns":8}],"seed_played":"8982285940905979257","potions_obtained":[{"floor":1,"key":"SteroidPotion"},{"floor":6,"key":"BlessingOfTheForge"},{"floor":13,"key":"Strength Potion"},{"floor":19,"key":"AttackPotion"},{"floor":23,"key":"SkillPotion"},{"floor":35,"key":"Swift Potion"},{"floor":42,"key":"Fire Potion"}],"is_trial":false,"path_per_floor":["M","M","?","?","?","E","R","?","T","M","E","$","M","M","R","B",null,"M","M","AVR","?","?","E","R","M","T","R","M","M","R","M","R","B",null,"M","?","M","$","M","R","M","E","T","E","M","R","AVR","M","R","B",null],"character_chosen":"IRONCLAD","items_purchased":["OrangePellets","Bag of Marbles"],"campfire_rested":1,"item_purchase_floors":[38,38],"current_hp_per_floor":[70,69,69,49,42,33,33,33,33,33,33,48,39,39,39,39,70,70,70,70,70,70,52,52,52,52,52,51,53,53,55,55,32,68,69,69,74,80,57,57,59,20,20,28,36,36,36,44,68,24],"gold":207,"neow_bonus":"THREE_RARE_CARDS","is_daily":false,"chose_seed":false,"campfire_upgraded":8,"win_rate":0.0,"timestamp":1611078930,"path_taken":["M","M","?","?","?","E","R","?","T","?","E","?","M","M","R","BOSS","M","M","AVR","?","?","E","R","M","T","R","?","M","R","M","R","BOSS","M","?","M","$","M","R","M","E","T","E","M","R","AVR","M","R","BOSS"],"items_purchased_type":["Relic","Relic"],"build_version":"2020-12-22","purchased_purges":4,"victory":true,"max_hp_per_floor":[80,80,80,80,80,80,80,80,80,80,80,80,80,80,80,80,80,80,80,80,80,80,80,80,80,80,80,80,80,80,80,80,80,80,80,80,80,80,80,80,80,80,80,80,80,80,80,80,80,80],"relic_stats":{"Blood Vial":24,"Peace Pipe":1,"OrangePellets":[2],"Lizard Tail":0,"counters":[25,102],"MealTicket":21,"obtain_stats":[{"hubris:MobiusCoin":23,"hubris:Metronome":43,"construct:WeddingRing":34,"Hammer of Thor":0,"Seething Fire":0,"hubris:RunicObelisk":17,"hubris:Towel":36,"Ancient Tea Set":11,"Burning Blood":0,"Blood Vial":26,"Peace Pipe":44,"OrangePellets":38,"Lizard Tail":20,"Anvil of the Gods":0,"Orrery":47,"MealTicket":3,"hubris:PeanutButter":42,"Bag of Marbles":38,"Red Skull":6,"hubris:GlazedTorus":9},{"hubris:MobiusCoin":11,"hubris:Metronome":21,"construct:WeddingRing":16,"Hammer of Thor":0,"Seething Fire":0,"hubris:RunicObelisk":8,"hubris:Towel":17,"Ancient Tea Set":5,"Burning Blood":0,"Blood Vial":12,"Peace Pipe":22,"OrangePellets":18,"Lizard Tail":10,"Anvil of the Gods":0,"Orrery":23,"MealTicket":2,"hubris:PeanutButter":21,"Bag of Marbles":18,"Red Skull":3,"hubris:GlazedTorus":3},{"hubris:MobiusCoin":36,"hubris:Metronome":82,"construct:WeddingRing":62,"Hammer of Thor":0,"Seething Fire":0,"hubris:RunicObelisk":24,"hubris:Towel":67,"Ancient Tea Set":15,"Burning Blood":0,"Blood Vial":39,"Peace Pipe":85,"OrangePellets":71,"Lizard Tail":30,"Anvil of the Gods":0,"Orrery":90,"MealTicket":6,"hubris:PeanutButter":82,"Bag of Marbles":71,"Red Skull":10,"hubris:GlazedTorus":10}],"Burning Blood":150},"card_choices":[{"not_picked":["Barricade","Double Tap"],"picked":"Offering","floor":0},{"not_picked":["Perfected Strike","Rupture"],"picked":"Feel No Pain","floor":1},{"not_picked":["Armaments","Havoc","Blood for Blood"],"picked":"SKIP","floor":2},{"not_picked":["hubris:Rewind","infinitespire:UltimateForm"],"picked":"infinitespire:DeathsTouch","floor":4},{"not_picked":["Iron Wave","hubris:CleavingFinish"],"picked":"Shrug It Off","floor":6},{"not_picked":["Havoc","Dropkick"],"picked":"Clothesline","floor":10},{"not_picked":["hubris:ReadiedAction","Rupture"],"picked":"Pummel","floor":11},{"not_picked":["hubris:CleavingFinish","Wild Strike"],"picked":"Metallicize","floor":13},{"not_picked":["Hemokinesis","Carnage"],"picked":"Shrug It Off","floor":14},{"not_picked":["Fiend Fire","Double Tap"],"picked":"Offering","floor":16},{"not_picked":["Perfected Strike","Pommel Strike","Sever Soul"],"picked":"SKIP","floor":18},{"not_picked":["Twin Strike","Sword Boomerang+1","Headbutt"],"picked":"SKIP","floor":19},{"not_picked":["Thunderclap","Cleave"],"picked":"True Grit","floor":23},{"not_picked":["Sentinel","Warcry","Headbutt"],"picked":"SKIP","floor":25},{"not_picked":["Heavy Blade+1","Berserk","Second Wind"],"picked":"SKIP","floor":28},{"not_picked":["Body Slam","Thunderclap","Entrench"],"picked":"SKIP","floor":29},{"not_picked":["Second Wind","Pommel Strike","Havoc"],"picked":"SKIP","floor":31},{"not_picked":["Double Tap","Feed"],"picked":"Limit Break","floor":33},{"not_picked":["Shrug It Off","Havoc","Clash"],"picked":"SKIP","floor":35},{"not_picked":["Bloodletting","Twin Strike+1","Havoc"],"picked":"SKIP","floor":37},{"not_picked":["Intimidate+1","Iron Wave+1","Corruption"],"picked":"SKIP","floor":39},{"not_picked":["Sword Boomerang","Pummel","Thunderclap"],"picked":"SKIP","floor":41},{"not_picked":["Thunderclap","Sword Boomerang+1"],"picked":"Spot Weakness","floor":42},{"not_picked":["Inflame","Clothesline","Shrug It Off"],"picked":"SKIP","floor":44},{"not_picked":["infinitespire:OneForAll","Cleave","Twin Strike"],"picked":"SKIP","floor":45},{"not_picked":["Body Slam+1","Juggernaut","Warcry"],"picked":"SKIP","floor":48}],"player_experience":379644,"relics_obtained":[{"floor":3,"key":"MealTicket"},{"floor":6,"key":"Red Skull"},{"floor":9,"key":"hubris:GlazedTorus"},{"floor":11,"key":"Ancient Tea Set"},{"floor":23,"key":"hubris:MobiusCoin"},{"floor":26,"key":"Blood Vial"},{"floor":42,"key":"hubris:PeanutButter"},{"floor":43,"key":"hubris:Metronome"},{"floor":44,"key":"Peace Pipe"}],"event_choices":[{"cards_removed":["Strike_R"],"damage_healed":0,"gold_gain":0,"player_choice":"Card Removal","damage_taken":7,"max_hp_gain":0,"max_hp_loss":0,"event_name":"Golden Wing","floor":5,"gold_loss":0},{"damage_healed":0,"gold_gain":0,"player_choice":"Bought 1 Potion","damage_taken":0,"max_hp_gain":0,"max_hp_loss":0,"event_name":"The Woman in Blue","floor":8,"gold_loss":0},{"cards_removed":["Strike_R"],"damage_healed":0,"gold_gain":0,"player_choice":"Gave Gold","damage_taken":0,"max_hp_gain":0,"max_hp_loss":0,"event_name":"Beggar","floor":21,"gold_loss":75},{"damage_healed":0,"gold_gain":0,"player_choice":"Upgraded","damage_taken":0,"max_hp_gain":0,"max_hp_loss":0,"event_name":"Upgrade Shrine","floor":22,"gold_loss":0,"cards_upgraded":["infinitespire:Collect"]}],"is_beta":false,"boss_relics":[{"not_picked":["Empty Cage","Philosopher\u0027s Stone"],"picked":"hubris:RunicObelisk"},{"not_picked":["hubris:Stopwatch","SacredBark"],"picked":"construct:WeddingRing"}],"items_purged_floors":[12,20,38,47],"is_endless":false,"potions_floor_spawned":[1,6,13,19,23,28,35,41,42,44],"ascension_level":12}}