{"host":"8anlmvy5ylhozj27","time":1611042406,"event":{"mods":["2.2 Compatiblity","Act Like it!","Aspiration","BaseMod","Best Route Mod","Better Match","Better Note","Better Sensory Stone","Better Skull","Better Third Choice","BetterRewards","Block Reminder","Colored Map","Colored Powertips","Conspire","Curses Come First","Duelist Mod","Energized Spire","GifTheSpireLib","Gold Saver","Halation","Hermit","Highlight Path","Hubris","Infinite Spire","Ironclad Rager","Minty Spire (QoL Compilation)","Permanent Neow","Quick Restart","Rare Cards Sparkle","Replay The Spire","Robot Space Explorer","Spicy Shops","StSLib","Stuff the Spire","The Bladedancer","The Blue Laboratory","The Disciple","The Exalted","The Necromancer","The Sage","Transform Curses","Wandering Minibosses","vexMod"],"gold_per_floor":[111,126,126,126,142,174,192,192,192],"floor_reached":8,"language":"FRA","playtime":475,"items_purged":["Defend_B"],"score":58,"play_id":"c9ccbcbb-fda2-40e8-8918-e8de8bfe64eb","local_time":"20210119084646","is_ascension_mode":false,"campfire_choices":[],"circlet_count":0,"master_deck":["Strike_B","Strike_B","Strike_B","Strike_B","Defend_B","Defend_B","Defend_B","Zap","Dualcast","Loop+1","Darkness","Darkness","Thinking Ahead+1","Time Bomb","Conserve Battery","Crystallizer","BasicCrystalCard","Cold Snap"],"relics":["Cracked Core","Guide Book","aspiration:Lifesprig","halation:WeightlessCrab","hubris:FunFungus"],"acts_visited":["Exordium"],"potions_floor_usage":[],"damage_taken":[{"damage":5,"enemies":"2 Louse","floor":1,"turns":3},{"damage":6,"enemies":"Jaw Worm","floor":2,"turns":3},{"damage":0,"enemies":"Small Slimes","floor":5,"turns":3},{"damage":6,"enemies":"Lagavulin","floor":6,"turns":5},{"damage":17,"enemies":"3 Louse","floor":7,"turns":4},{"damage":15,"enemies":"3 Sentries","floor":8,"turns":2}],"seed_played":"1668859928989541726","potions_obtained":[{"floor":7,"key":"blueLaboratory:BubblePotion"}],"is_trial":false,"path_per_floor":["M","M","?","?","M","E","M","E"],"character_chosen":"DEFECT","items_purchased":["Loop","Darkness","Thinking Ahead","Guide Book","aspiration:Lifesprig","halation:WeightlessCrab"],"campfire_rested":0,"item_purchase_floors":[0,0,0,0,0,0],"current_hp_per_floor":[35,29,29,36,36,30,13,0,0],"gold":192,"neow_bonus":"","is_daily":false,"chose_seed":false,"campfire_upgraded":0,"win_rate":0.0,"timestamp":1611042406,"path_taken":["M","M","?","?","M","E","M","E"],"items_purchased_type":["Card","Card","Card","Relic","Relic","Relic"],"build_version":"2020-12-22","purchased_purges":1,"victory":false,"max_hp_per_floor":[75,75,75,75,75,75,75,75,75],"card_choices":[{"not_picked":["Sweeping Beam","BasicCrystalCard"],"picked":"Time Bomb","floor":1},{"not_picked":["Biased Cognition","hubris:Ukulele"],"picked":"Conserve Battery","floor":2},{"not_picked":["Steam","Hello World"],"picked":"Crystallizer","floor":5},{"not_picked":["ReplayTheSpireMod:Reroute Power","Streamline"],"picked":"BasicCrystalCard","floor":6},{"not_picked":["Sweeping Beam","Rebound"],"picked":"Cold Snap","floor":7}],"player_experience":180838,"relics_obtained":[{"floor":6,"key":"hubris:FunFungus"}],"event_choices":[{"damage_healed":0,"gold_gain":1,"player_choice":"1","damage_taken":0,"max_hp_gain":0,"max_hp_loss":0,"event_name":"betterStone:BetterStone","floor":3,"gold_loss":0}],"is_beta":false,"boss_relics":[],"items_purged_floors":[0],"is_endless":false,"potions_floor_spawned":[5,7],"killed_by":"3 Sentries","ascension_level":0}}