{"host":"hszimsrtxxc2k25w","time":1611087378,"event":{"mods":["AchievementEnabler","BaseMod","Colored Map","DeckTracker","Minty Spire (QoL Compilation)","Rare Cards Sparkle","SuperFastMode"],"gold_per_floor":[113,125,125,145,70,102,102,112,181,196,196,196,53,10,10,85,85,100,150,200,212,87,87,122,122,122],"floor_reached":25,"language":"KOR","playtime":645,"items_purged":["Strike_G","Strike_G","Defend_G"],"score":420,"play_id":"5f77f9da-ce15-40a3-bc99-c17684a24e77","local_time":"20210120051618","is_ascension_mode":true,"campfire_choices":[{"floor":7.0,"key":"REST"},{"data":"Blade Dance","floor":11.0,"key":"SMITH"},{"data":"Choke","floor":15.0,"key":"SMITH"},{"data":"Envenom","floor":23.0,"key":"SMITH"}],"circlet_count":0,"master_deck":["AscendersBane","Strike_G","Strike_G","Defend_G","Defend_G","Survivor","Neutralize","Blade Dance+1","Blur","Escape Plan","Choke+1","Accuracy","Envenom+1","Predator+1","Eviscerate+1","Venomology+1","Acrobatics"],"relics":["Ring of the Snake","NeowsBlessing","Tingsha","Bottled Lightning","Astrolabe","Regal Pillow"],"acts_visited":["Exordium","TheCity"],"potions_floor_usage":[25,25],"damage_taken":[{"damage":0.0,"enemies":"Cultist","floor":1.0,"turns":1.0},{"damage":0.0,"enemies":"Jaw Worm","floor":2.0,"turns":1.0},{"damage":0.0,"enemies":"2 Louse","floor":4.0,"turns":1.0},{"damage":34.0,"enemies":"Gremlin Nob","floor":6.0,"turns":4.0},{"damage":6.0,"enemies":"Red Slaver","floor":8.0,"turns":5.0},{"damage":7.0,"enemies":"2 Fungi Beasts","floor":10.0,"turns":3.0},{"damage":0.0,"enemies":"Lots of Slimes","floor":12.0,"turns":1.0},{"damage":14.0,"enemies":"The Guardian","floor":16.0,"turns":15.0},{"damage":0.0,"enemies":"Chosen","floor":18.0,"turns":3.0},{"damage":4.0,"enemies":"3 Byrds","floor":21.0,"turns":5.0},{"damage":40.0,"enemies":"Slavers","floor":24.0,"turns":7.0},{"damage":0,"enemies":"Snake Plant","floor":25,"turns":1}],"seed_played":"-4642623536185296668","potions_obtained":[{"floor":2.0,"key":"LiquidBronze"},{"floor":3.0,"key":"CunningPotion"},{"floor":6.0,"key":"EntropicBrew"},{"floor":10.0,"key":"EntropicBrew"},{"floor":16.0,"key":"ColorlessPotion"}],"is_trial":false,"path_per_floor":["M","M","?","M","$","E","R","M","T","M","R","M","$","$","R","B",null,"M","?","?","M","$","R","E","M"],"character_chosen":"THE_SILENT","items_purchased":["Choke","Accuracy"],"campfire_rested":1,"item_purchase_floors":[13,14],"current_hp_per_floor":[59,59,59,59,59,25,44,38,38,31,31,31,31,31,31,17,54,54,54,54,50,50,50,10,10,10],"gold":122,"neow_bonus":"THREE_ENEMY_KILL","is_daily":false,"chose_seed":false,"campfire_upgraded":3,"win_rate":0.0,"timestamp":1611087378,"path_taken":["M","M","?","?","$","E","R","M","T","M","R","M","?","$","R","BOSS","M","?","?","M","$","R","E","?"],"items_purchased_type":["Card","Card"],"build_version":"2020-12-22","purchased_purges":3,"victory":false,"max_hp_per_floor":[66,66,66,66,66,66,66,66,66,66,66,66,66,66,66,66,66,66,66,66,66,66,66,66,66,66],"card_choices":[{"not_picked":["Slice","Dodge and Roll","Outmaneuver"],"picked":"SKIP","floor":1.0},{"not_picked":["Slice","Accuracy"],"picked":"Blade Dance","floor":2.0},{"not_picked":["Infinite Blades","Concentrate"],"picked":"Blur","floor":4.0},{"not_picked":["Riddle With Holes","Underhanded Strike","Footwork"],"picked":"SKIP","floor":6.0},{"not_picked":["Blade Dance","Slice"],"picked":"Escape Plan","floor":8.0},{"not_picked":["Riddle With Holes","Blur","Footwork"],"picked":"SKIP","floor":10.0},{"not_picked":["Glass Knife","Grand Finale"],"picked":"Envenom","floor":16.0},{"not_picked":["Expertise","Crippling Poison"],"picked":"Acrobatics","floor":18.0},{"not_picked":["Outmaneuver","Dash+1","Expertise"],"picked":"SKIP","floor":21.0},{"not_picked":["Riddle With Holes","Quick Slash","Blade Dance"],"picked":"SKIP","floor":24.0}],"player_experience":624056,"relics_obtained":[{"floor":6.0,"key":"Tingsha"},{"floor":9.0,"key":"Bottled Lightning"},{"floor":24.0,"key":"Regal Pillow"}],"event_choices":[{"damage_healed":0.0,"max_hp_gain":0.0,"max_hp_loss":0.0,"gold_gain":0.0,"event_name":"Lab","player_choice":"Got Potions","floor":3.0,"gold_loss":0.0,"damage_taken":0.0},{"damage_healed":0.0,"max_hp_gain":0.0,"max_hp_loss":0.0,"gold_gain":50.0,"event_name":"Nest","player_choice":"Stole From Cult","floor":19.0,"gold_loss":0.0,"damage_taken":0.0},{"damage_healed":0.0,"max_hp_gain":0.0,"max_hp_loss":0.0,"gold_gain":100.0,"event_name":"The Joust","player_choice":"Bet on Murderer","floor":20.0,"gold_loss":50.0,"damage_taken":0.0}],"is_beta":false,"boss_relics":[{"not_picked":["Velvet Choker","Tiny House"],"picked":"Astrolabe"}],"items_purged_floors":[5,13,22],"is_endless":false,"potions_floor_spawned":[2,6,10,16,21],"killed_by":"Snake Plant","ascension_level":18}}