{"host":"viepjj0bn20d0lzc","time":1611073045,"event":{"mods":["AchievementEnabler","BaseMod","Better Altar","Better Match","Better Note","Better Sensory Stone","Better Skull","Better Third Choice","Better Vampires","Block Reminder","Colored Map","Colored Powertips","Disable Question Mark Monsters","Downfall","Hermit","Highlight Path","Hubris","Mimic Mod","Minty Spire (QoL Compilation)","Permanent Neow","Practice Mode","Quick Restart","Random Character Button","Rare Cards Sparkle","Relic Sorter","StSLib","The Blue Laboratory","The Cursed","The Jungle","The Runesmith","Wandering Minibosses"],"gold_per_floor":[118,118,118,136,151,192,240,169,208,222,241,260,260,110,110,229,229,248,272,272,22,22,60,60,60,112,112,112],"floor_reached":27,"language":"ENG","playtime":1224,"items_purged":[],"score":231,"play_id":"6a7b317c-1bfa-423c-860a-4b18dc5184e5","local_time":"20210119101725","is_ascension_mode":false,"campfire_choices":[{"floor":13,"key":"REST"},{"data":"Inflame","floor":15,"key":"SMITH"},{"floor":25,"key":"REST"}],"circlet_count":0,"master_deck":["Strike_R","Strike_R","Strike_R","Strike_R","Strike_R","Defend_R","Defend_R","Defend_R","Defend_R","Bash","Twin Strike","Inflame+1","Clash","Twin Strike","Twin Strike","Carnage","Bloodletting","Uppercut","Reaper","hubris:StunningStrike","Fire Breathing","Bandage Up","Iron Wave"],"relics":["Burning Blood","Golden Idol","Pantograph","Regal Pillow","Mark of Pain","Membership Card","hubris:Towel","Strawberry","MealTicket"],"acts_visited":["Exordium","TheCity"],"potions_floor_usage":[16,27],"damage_taken":[{"damage":6,"enemies":"Jaw Worm","floor":1,"turns":6},{"damage":6,"enemies":"2 Louse","floor":4,"turns":3},{"damage":1,"enemies":"Cultist","floor":5,"turns":3},{"damage":23,"enemies":"Gremlin Nob","floor":6,"turns":4},{"damage":9,"enemies":"Blue Slaver","floor":7,"turns":7},{"damage":4,"enemies":"Blue Slaver","floor":9,"turns":5},{"damage":14,"enemies":"Blue Slaver","floor":10,"turns":3},{"damage":18,"enemies":"Exordium Thugs","floor":11,"turns":3},{"damage":17,"enemies":"Gremlin Gang","floor":12,"turns":4},{"damage":75,"enemies":"The Guardian","floor":16,"turns":11},{"damage":33,"enemies":"Shell Parasite","floor":18,"turns":4},{"damage":20,"enemies":"Chosen","floor":19,"turns":5},{"damage":60,"enemies":"Book of Stabbing","floor":23,"turns":6},{"damage":54,"enemies":"Colosseum Slavers","floor":27,"turns":5},{"damage":61,"enemies":"Colosseum Nobs","floor":27,"turns":5}],"seed_played":"3740258581114732877","potions_obtained":[{"floor":4,"key":"blueLaboratory:ArtificerPotion"},{"floor":5,"key":"blueLaboratory:StoneskinPotion"},{"floor":10,"key":"Energy Potion"},{"floor":16,"key":"Weak Potion"},{"floor":18,"key":"BloodPotion"}],"is_trial":false,"path_per_floor":["M","?","?","M","M","E","MIM","$","MIM","M","M","M","R","$","R","B",null,"M","M","?","$","?","E","?","R","T","?"],"character_chosen":"IRONCLAD","items_purchased":["Carnage","Reaper","Bandage Up","Membership Card"],"campfire_rested":2,"item_purchase_floors":[8,14,21,21],"current_hp_per_floor":[80,60,60,60,65,48,45,45,47,39,27,16,55,55,55,18,80,60,50,50,50,50,17,17,58,58,0,0],"gold":112,"neow_bonus":"","is_daily":false,"chose_seed":false,"campfire_upgraded":1,"win_rate":0.0,"timestamp":1611073045,"path_taken":["M","?","?","M","M","E","?","$","MIM","M","M","?","R","?","R","BOSS","M","M","?","?","?","E","?","R","T","?"],"items_purchased_type":["Card","Card","Card","Relic"],"build_version":"2020-12-22","purchased_purges":0,"victory":false,"max_hp_per_floor":[80,80,80,80,80,80,80,80,80,80,80,80,80,80,80,80,80,80,80,80,80,80,87,87,87,87,87,87],"card_choices":[{"not_picked":["True Grit","Second Wind"],"picked":"Twin Strike","floor":1},{"not_picked":["Sword Boomerang","Anger"],"picked":"Inflame","floor":4},{"not_picked":["Headbutt","Reckless Charge"],"picked":"Clash","floor":5},{"not_picked":["Clothesline","Warcry"],"picked":"Twin Strike","floor":6},{"not_picked":["Pommel Strike","Dual Wield"],"picked":"Twin Strike","floor":7},{"not_picked":["Headbutt","Shrug It Off"],"picked":"Bloodletting","floor":9},{"not_picked":["Infernal Blade","Thunderclap"],"picked":"Uppercut","floor":10},{"not_picked":["Ghostly Armor","Clash","Dark Embrace"],"picked":"SKIP","floor":11},{"not_picked":["Clash","Dropkick","Pommel Strike"],"picked":"SKIP","floor":12},{"not_picked":["Bludgeon","Berserk"],"picked":"hubris:StunningStrike","floor":16},{"not_picked":["Battle Trance","Shrug It Off"],"picked":"Fire Breathing","floor":18},{"not_picked":["Clothesline","True Grit+1","Entrench"],"picked":"SKIP","floor":19},{"not_picked":["hubris:CleavingFinish+1","Clothesline"],"picked":"Iron Wave","floor":23}],"player_experience":28265,"relics_obtained":[{"floor":6,"key":"Pantograph"},{"floor":9,"key":"Regal Pillow"},{"floor":23,"key":"Strawberry"},{"floor":26,"key":"MealTicket"}],"event_choices":[{"damage_healed":0,"gold_gain":0,"player_choice":"Take Damage","damage_taken":20,"relics_obtained":["Golden Idol"],"max_hp_gain":0,"max_hp_loss":0,"event_name":"Golden Idol","floor":2,"gold_loss":0},{"cards_removed":["hubris:StunningStrike"],"damage_healed":0,"gold_gain":0,"player_choice":"Give","damage_taken":0,"max_hp_gain":0,"max_hp_loss":0,"event_name":"betterNote:BetterNote","floor":20,"gold_loss":0,"cards_obtained":["None"]},{"damage_healed":0,"gold_gain":0,"player_choice":"Ignored","damage_taken":0,"max_hp_gain":0,"max_hp_loss":0,"event_name":"Vampires","floor":24,"gold_loss":0},{"damage_healed":0,"gold_gain":0,"player_choice":"Fight","damage_taken":0,"max_hp_gain":0,"max_hp_loss":0,"event_name":"Colosseum","floor":27,"gold_loss":0},{"damage_healed":0,"gold_gain":0,"player_choice":"Fought Nobs","damage_taken":0,"max_hp_gain":0,"max_hp_loss":0,"event_name":"Colosseum","floor":27,"gold_loss":0}],"is_beta":false,"boss_relics":[{"not_picked":["hubris:TerracottaHorce","Tiny House"],"picked":"Mark of Pain"}],"items_purged_floors":[],"is_endless":false,"potions_floor_spawned":[4,5,10,16,18,27],"killed_by":"Colosseum Nobs","ascension_level":0}}