{"host":"u7y9frlpoazak2mn","time":1611027717,"event":{"mods":["AchievementEnabler","Act Like it!","Alarm Clock","Aspiration","Astrologer","BaseMod","Beaked The Cultist","Better Altar","Better Match","Better Note","Better Sensory Stone","Better Skull","Better Third Choice","CCEM","Chen","Colored Map","Colored Powertips","Conspire","Curses Come First","Displayed Cursed Tome","Energized Spire","Fox Events","Friendly Minions","Gensokyo","GifTheSpireLib","Glutton Mod","Halation","Hallownest","Hermit","Hubris","Infinite Spire","Jedi Mod","Mimic Mod","Minty Spire (QoL Compilation)","MostiFishMod","Pale of the Ancients","Prisma Mod","Quarter Circle Forward PUNCH!","Quick Restart","Random Character Button","Rare Cards Sparkle","Relic Stats","Replay The Spire","Retaliation","Spicy Shops","Spikes Relics","StS++","StSLib","Stuff the Spire","The Blue Laboratory","The Bug Knight","The Construct","The Forsaken","The Juggle","The Jungle","The Marked","Trackpad","Waifu the Spire","Wandering Minibosses","Yuri Mod","vexMod"],"gold_per_floor":[119,132,132,132,203,229,229,229,229,239,259,53,72,86,86,187,187,197,197,197,210,222,222,434,459,509,540,540,562,594,613,613,709,709,728,740,740,740,744,744,764,764,801,816,849,849,865,885,885,889,889],"floor_reached":50,"language":"ENG","playtime":3482,"items_purged":["yuri:RhapsodyCurse","MostiFishMod:Dislodge"],"score":741,"play_id":"78c3ea09-f3ef-49f2-966c-cc7514bac5cd","local_time":"20210118224157","is_ascension_mode":false,"campfire_choices":[{"data":"yuri:BookGreen","floor":7,"key":"SMITH"},{"floor":23,"key":"REST"},{"data":"yuri:BookBlue","floor":28,"key":"SMITH"},{"data":"yuri:Spin","floor":32,"key":"SMITH"},{"floor":40,"key":"REST"},{"data":"yuri:ChibiInvasion","floor":42,"key":"SMITH"},{"data":"yuri:DuplicateCode","floor":46,"key":"SMITH"},{"data":"Pot Of Greed","floor":49,"key":"SMITH"}],"circlet_count":0,"master_deck":["yuri:yuriStrike","yuri:yuriStrike","yuri:yuriStrike","yuri:yuriStrike","yuri:Oolong","yuri:yuriStab","yuri:BookPurple","yuri:Spin","yuri:BookGreen+1","Expertise","MostiFishMod:PerfectParry","yuri:TeaSet","yuri:Spin","yuri:GreenTea","yuri:NoEscape","Adrenaline","Defend_G","Flechettes","yuri:ThrowingKnives","yuri:Spin+1","yuri:BookBlue+1","yuri:Spin+1","yuri:BookPurple","yuri:ThrowingKnives","yuri:ExploitStrike","yuri:DuplicateCode+1","Gensokyo:AllTheWorldsEvil","yuri:ChibiInvasion+1","Pot Of Greed","Pot Of Greed","Pot Of Greed+1"],"relics":["yuri:yuriKnife","DaveBox","aspiration:Nostalgia","PrismaMod:PrismaRuby","SynthV:TestCard","ReplayTheSpireMod:Ring of Collecting","Ring of Hypnosis","ReplayTheSpireMod:Ring of Sloth","Iron Hammer","qcfpunch:Black_Training_Shirt","Ring of Misfortune","Pen Nib","qcfpunch:Red_Headband","Dream Catcher","Sandwich","NightmareShop","wanderingMiniBosses:Inkheart","StuffTheSpire:Gunfinga","Ring of Greed","Bronze Scales","Replay:Wax Seal","infinitespire:Midas Blood","Bag of Marbles","vexMod:MysteryBossChallenge","GuanYuAspect","Gensokyo:EmptyGrave","trackpad:ByrdBGone","Du-Vu Doll","Ring of Searing","Grinning Jar"],"acts_visited":["Exordium","Hallownest:Greenpath","theJungle:Jungle"],"potions_floor_usage":[6,11,11,30,30],"damage_taken":[{"damage":11,"enemies":"Hallownest:monsterHuskGuard","floor":1,"turns":4},{"damage":1,"enemies":"Hallownest:monsterHuskWarrior","floor":2,"turns":3},{"damage":19,"enemies":"Hallownest:eliteCrystalGuardian","floor":6,"turns":6},{"damage":2,"enemies":"Hallownest:2_MossCreeps","floor":10,"turns":3},{"damage":2,"enemies":"Hallownest:Guard_and_Warrior","floor":11,"turns":3},{"damage":1,"enemies":"Hallownest:monsterFoolEater","floor":13,"turns":3},{"damage":0,"enemies":"Hallownest:1_Baldur_1_Crawlid_1_Warrior","floor":14,"turns":1},{"damage":1,"enemies":"Hallownest:BossFalseKnight","floor":16,"turns":8},{"damage":2,"enemies":"theJungle:5_Spyders","floor":18,"turns":5},{"damage":4,"enemies":"theJungle:GiantWrat","floor":21,"turns":5},{"damage":13,"enemies":"theJungle:Snecko_Cultist_And_Trap","floor":22,"turns":4},{"damage":12,"enemies":"Nightmare","floor":25,"turns":4},{"damage":9,"enemies":"theJungle:JungleHuntersEncounter","floor":27,"turns":3},{"damage":10,"enemies":"theJungle:Lyon","floor":29,"turns":4},{"damage":2,"enemies":"theJungle:MamaSnecko","floor":30,"turns":3},{"damage":0,"enemies":"Snake Plant","floor":31,"turns":1},{"damage":0,"enemies":"theJungle:QueenSpyder","floor":33,"turns":4},{"damage":0,"enemies":"Gensokyo:AncientGuardian","floor":35,"turns":1},{"damage":0,"enemies":"Gensokyo:3_Bats","floor":36,"turns":1},{"damage":0,"enemies":"Gensokyo:3_Boulders","floor":41,"turns":2},{"damage":0,"enemies":"Gensokyo:SeedOfUnknown","floor":43,"turns":4},{"damage":0,"enemies":"Gensokyo:SeedOfUnknown","floor":44,"turns":1},{"damage":8,"enemies":"Nightmare","floor":45,"turns":3},{"damage":2,"enemies":"Gensokyo:Rafflesia","floor":47,"turns":2},{"damage":4,"enemies":"Gensokyo:3_Boulders","floor":48,"turns":2},{"damage":61,"enemies":"Gensokyo:Scarlet_Devils","floor":50,"turns":2}],"seed_played":"-5710107357126788932","potions_obtained":[{"floor":1,"key":"blueLaboratory:AbyssPotion"},{"floor":6,"key":"Fire Potion"},{"floor":10,"key":"blueLaboratory:BubblePotion"},{"floor":22,"key":"Doom Potion"},{"floor":25,"key":"EssenceOfSteel"},{"floor":27,"key":"StSpp:SecondWindPotion"},{"floor":33,"key":"FairyPotion"},{"floor":41,"key":"EssenceOfSteel"}],"is_trial":false,"path_per_floor":["M","M","?","?","T","E","R","?","T","M","M","$","M","M","R_BF","B",null,"M","?","AVR","M","M","R","?","NM","T","M","R","M","E","M","R","B",null,"M","M","?","?","$","R","M","R","MIM","M","NM","R","M","M","R","B"],"character_chosen":"YURI","items_purchased":["qcfpunch:Red_Headband","Dream Catcher","trackpad:ByrdBGone"],"campfire_rested":2,"item_purchase_floors":[12,12,39],"current_hp_per_floor":[70,69,69,69,69,66,66,66,66,68,66,66,69,69,69,70,70,68,68,68,68,59,70,54,42,42,43,43,43,51,64,64,70,35,35,35,33,33,6,19,33,33,33,33,33,33,33,33,33,0,0],"gold":889,"neow_bonus":"NOSTALGIA","is_daily":false,"chose_seed":false,"campfire_upgraded":6,"win_rate":0.0,"timestamp":1611027717,"path_taken":["M","M","?","?","?","E","R","?","T","?","M","$","?","?","R_BF","BOSS","M","?","AVR","?","?","R","?","NM","T","M","R","?","E","M","R","BOSS","M","M","?","?","?","R","?","R","MIM","M","NM","R","?","M","R","BOSS"],"items_purchased_type":["Relic","Relic","Relic"],"build_version":"2020-12-22","purchased_purges":2,"victory":false,"max_hp_per_floor":[80,80,80,80,80,80,80,80,80,80,80,80,80,80,70,70,70,70,70,70,70,70,70,70,70,70,70,70,70,70,70,70,70,35,35,35,33,33,33,33,33,33,33,33,33,33,33,33,33,33,33],"relic_stats":{"Dream Catcher":2,"counters":[26,82],"Bronze Scales":[51],"Pen Nib":[18],"obtain_stats":[{"DaveBox":0,"trackpad:ByrdBGone":39,"Ring of Searing":43,"PrismaMod:PrismaRuby":0,"Dream Catcher":12,"StuffTheSpire:Gunfinga":25,"GuanYuAspect":34,"NightmareShop":20,"Iron Hammer":5,"Replay:Wax Seal":26,"Ring of Hypnosis":3,"aspiration:Nostalgia":0,"ReplayTheSpireMod:Ring of Sloth":5,"qcfpunch:Black_Training_Shirt":6,"yuri:yuriKnife":0,"vexMod:MysteryBossChallenge":34,"Pen Nib":9,"Ring of Greed":26,"Sandwich":17,"Du-Vu Doll":43,"Gensokyo:EmptyGrave":37,"SynthV:TestCard":1,"ReplayTheSpireMod:Ring of Collecting":3,"Ring of Misfortune":9,"Bronze Scales":26,"qcfpunch:Red_Headband":12,"Bag of Marbles":30,"Grinning Jar":45,"wanderingMiniBosses:Inkheart":21,"infinitespire:Midas Blood":26},{"DaveBox":0,"trackpad:ByrdBGone":19,"Ring of Searing":21,"PrismaMod:PrismaRuby":0,"Dream Catcher":5,"StuffTheSpire:Gunfinga":12,"GuanYuAspect":17,"NightmareShop":9,"Iron Hammer":2,"Replay:Wax Seal":12,"Ring of Hypnosis":2,"aspiration:Nostalgia":0,"ReplayTheSpireMod:Ring of Sloth":2,"qcfpunch:Black_Training_Shirt":3,"yuri:yuriKnife":0,"vexMod:MysteryBossChallenge":17,"Pen Nib":3,"Ring of Greed":12,"Sandwich":8,"Du-Vu Doll":21,"Gensokyo:EmptyGrave":19,"SynthV:TestCard":1,"ReplayTheSpireMod:Ring of Collecting":2,"Ring of Misfortune":3,"Bronze Scales":12,"qcfpunch:Red_Headband":5,"Bag of Marbles":15,"Grinning Jar":23,"wanderingMiniBosses:Inkheart":10,"infinitespire:Midas Blood":12},{"DaveBox":0,"trackpad:ByrdBGone":66,"Ring of Searing":72,"PrismaMod:PrismaRuby":0,"Dream Catcher":19,"StuffTheSpire:Gunfinga":49,"GuanYuAspect":64,"NightmareShop":36,"Iron Hammer":7,"Replay:Wax Seal":49,"Ring of Hypnosis":7,"aspiration:Nostalgia":0,"ReplayTheSpireMod:Ring of Sloth":7,"qcfpunch:Black_Training_Shirt":13,"yuri:yuriKnife":0,"vexMod:MysteryBossChallenge":64,"Pen Nib":13,"Ring of Greed":49,"Sandwich":31,"Du-Vu Doll":72,"Gensokyo:EmptyGrave":66,"SynthV:TestCard":4,"ReplayTheSpireMod:Ring of Collecting":7,"Ring of Misfortune":13,"Bronze Scales":49,"qcfpunch:Red_Headband":19,"Bag of Marbles":59,"Grinning Jar":76,"wanderingMiniBosses:Inkheart":41,"infinitespire:Midas Blood":49}]},"card_choices":[{"not_picked":["yuri:MPose","yuri:GlitchedStrike"],"picked":"yuri:BookPurple","floor":1},{"not_picked":["yuri:TPose","yuri:ThrowBook","yuri:MPose","yuri:CorruptHitbox"],"picked":"yuri:Spin","floor":2},{"not_picked":["yuri:yuriQuickStrike","yuri:InsanityDefense","yuri:StealPen","yuri:ThrowingKnives"],"picked":"yuri:BookGreen","floor":6},{"not_picked":["yuri:InduceGlitch","yuri:GlitchedStrike","yuri:HeavierStrike","yuri:Skip"],"picked":"yuri:TeaSet","floor":10},{"not_picked":["yuri:DejaVu","yuri:WickedSlash","yuri:SeeingDouble","yuri:yuriHeavyStrike","yuri:DebugCard"],"picked":"SKIP","floor":11},{"not_picked":["yuri:Stare","yuri:StealPen","yuri:RemoveSafetyChecks","yuri:yuriHeavyStrike"],"picked":"yuri:Spin","floor":13},{"not_picked":["yuri:UnstableStrike","yuri:TPose","yuri:Stalk","yuri:Skip"],"picked":"yuri:GreenTea","floor":14},{"not_picked":["yuri:DragonForm","yuri:ExploitStrike","yuri:JumpScare","yuri:MirrorInsanity"],"picked":"yuri:NoEscape","floor":16},{"not_picked":["yuri:GlitchedStrike","yuri:ThrowBook","yuri:ThornRemove","yuri:RecklessStrike","yuri:DebugCard+1"],"picked":"SKIP","floor":18},{"not_picked":["yuri:MPose","yuri:Parry","yuri:GrowingInsanity","yuri:CalmingAura"],"picked":"yuri:ThrowingKnives","floor":21},{"not_picked":["yuri:WickedSlash","yuri:ReloadGame","yuri:RecklessStrike","yuri:Stare"],"picked":"yuri:Spin+1","floor":22},{"not_picked":["yuri:HeavierStrike","yuri:CalmingAura","yuri:yuriHeavyStrike","yuri:BookRed"],"picked":"yuri:BookBlue","floor":25},{"not_picked":["yuri:Stalk+1","yuri:GrowingInsanity","yuri:TPose","yuri:GlitchedStrike"],"picked":"yuri:Spin","floor":27},{"not_picked":["yuri:Stalk+1","yuri:ArmBrace","yuri:HoldBack+1","yuri:CorruptHitbox","yuri:RepairCode+1"],"picked":"SKIP","floor":29},{"not_picked":["yuri:Stalk+1","yuri:ArmBrace","yuri:HoldBack+1","yuri:CorruptHitbox","yuri:RepairCode+1"],"picked":"SKIP","floor":29},{"not_picked":["yuri:SeeingDouble","yuri:Parry+1","yuri:yuriQuickStrike","yuri:yuriHeavyStrike+1"],"picked":"yuri:BookPurple","floor":30},{"not_picked":["yuri:yuriHeavyStrike","yuri:ThornRemove","yuri:SeeingDouble","yuri:HeavierStrike+1"],"picked":"yuri:ThrowingKnives","floor":31},{"not_picked":["yuri:Virus","yuri:RelentlessStrikes","yuri:GhostForm","yuri:RemoveSafetyChecks"],"picked":"yuri:DuplicateCode","floor":33},{"not_picked":["yuri:ArmBrace","yuri:SelfHarm+1","yuri:TeaSet+1","yuri:WickedSlash+1","yuri:ReloadGame+1"],"picked":"SKIP","floor":35},{"not_picked":["yuri:BrokenCode+1","yuri:CalmingAura","yuri:UntestedCode","yuri:ThrowBook+1","yuri:TPose"],"picked":"SKIP","floor":36},{"not_picked":["yuri:ExploitStrike","yuri:BookBlue","yuri:TeaSet+1","yuri:RecklessStrike+1"],"picked":"yuri:ChibiInvasion","floor":41},{"not_picked":["yuri:SeeingDouble+1","yuri:WickedSlash+1","yuri:StealPen","yuri:MultiDip","yuri:CorruptHitbox+1"],"picked":"SKIP","floor":44},{"not_picked":["yuri:NoEscape","yuri:Spin","yuri:ArmBrace+1","yuri:Stalk","yuri:GlitchedStrike"],"picked":"SKIP","floor":45},{"not_picked":["yuri:NoEscape","yuri:Spin","yuri:ArmBrace+1","yuri:Stalk","yuri:GlitchedStrike"],"picked":"SKIP","floor":45},{"not_picked":["yuri:yuriQuickStrike","yuri:Spin","yuri:Skip","yuri:Stalk","yuri:UntestedCode"],"picked":"SKIP","floor":47},{"not_picked":["yuri:SturdyUniform","yuri:GreenTea","yuri:RecklessStrike+1","yuri:InsanityDefense+1","yuri:Stare+1"],"picked":"SKIP","floor":48}],"player_experience":320199,"relics_obtained":[{"floor":1,"key":"SynthV:TestCard"},{"floor":3,"key":"ReplayTheSpireMod:Ring of Collecting"},{"floor":3,"key":"Ring of Hypnosis"},{"floor":5,"key":"ReplayTheSpireMod:Ring of Sloth"},{"floor":5,"key":"Iron Hammer"},{"floor":6,"key":"qcfpunch:Black_Training_Shirt"},{"floor":9,"key":"Ring of Misfortune"},{"floor":9,"key":"Pen Nib"},{"floor":21,"key":"wanderingMiniBosses:Inkheart"},{"floor":25,"key":"StuffTheSpire:Gunfinga"},{"floor":26,"key":"Ring of Greed"},{"floor":26,"key":"Bronze Scales"},{"floor":26,"key":"Replay:Wax Seal"},{"floor":26,"key":"infinitespire:Midas Blood"},{"floor":30,"key":"Bag of Marbles"},{"floor":43,"key":"Du-Vu Doll"},{"floor":43,"key":"Ring of Searing"},{"floor":45,"key":"Grinning Jar"}],"event_choices":[{"damage_healed":0,"gold_gain":212,"player_choice":"GO GO ","damage_taken":18,"relics_obtained":[],"max_hp_gain":0,"max_hp_loss":0,"event_name":"betterSkull:BetterSkull","floor":24,"gold_loss":0,"cards_upgraded":[]}],"is_beta":false,"boss_relics":[{"not_picked":["hubris:Stopwatch","StSpp:Magatama"],"picked":"Sandwich"},{"not_picked":["energizedSpire:SpiderWeb","halation:Yufonium"],"picked":"vexMod:MysteryBossChallenge"}],"items_purged_floors":[39,39],"is_endless":true,"potions_floor_spawned":[1,6,10,22,25,27,29,33,41,44,48],"killed_by":"Gensokyo:Scarlet_Devils","ascension_level":0}}