{"host":"mo324zvkdr1xwprd","time":1611098994,"event":{"mods":["BaseMod","Better Note","BetterRewards","Hermit","Highlight Path","Hubris","Minty Spire (QoL Compilation)","Quick Restart","Rare Cards Sparkle","Shop Mod","StSLib","The Cursed","The Hierophant"],"gold_per_floor":[119,135,148,148,164,164,164,164],"floor_reached":7,"language":"ENG","playtime":596,"items_purged":[],"score":56,"play_id":"79b5cdae-4258-4485-92dd-7b6a3ca46ea2","local_time":"20210119232954","is_ascension_mode":true,"campfire_choices":[{"floor":6,"key":"RECALL"}],"circlet_count":0,"master_deck":["Strike_R","Strike_R","Strike_R","Strike_R","Strike_R","Defend_R","Defend_R","Defend_R","Defend_R","Bash","Enlightenment","Anger","Pommel Strike","hubris:SharpeningStone","Clash","Finesse","Battle Trance"],"relics":["Burning Blood"],"acts_visited":["Exordium"],"potions_floor_usage":[],"damage_taken":[{"damage":2,"enemies":"Small Slimes","floor":1,"turns":4},{"damage":1,"enemies":"Cultist","floor":2,"turns":3},{"damage":5,"enemies":"2 Louse","floor":3,"turns":2},{"damage":0,"enemies":"Large Slime","floor":5,"turns":4},{"damage":38,"enemies":"Lagavulin","floor":7,"turns":6}],"seed_played":"-2020551715300425555","potions_obtained":[{"floor":2,"key":"Explosive Potion"}],"is_trial":false,"path_per_floor":["M","M","M","?","M","R","E"],"character_chosen":"IRONCLAD","items_purchased":[],"campfire_rested":0,"item_purchase_floors":[],"current_hp_per_floor":[80,80,80,80,80,80,48,48],"gold":164,"neow_bonus":"RANDOM_COLORLESS","is_daily":false,"chose_seed":false,"campfire_upgraded":0,"win_rate":0.0,"timestamp":1611098994,"path_taken":["M","M","M","?","M","R","E"],"items_purchased_type":[],"build_version":"2020-12-22","purchased_purges":0,"victory":false,"max_hp_per_floor":[80,80,80,80,80,80,80,80],"card_choices":[{"not_picked":["hubris:Ssssneak","Mind Blast"],"picked":"Enlightenment","floor":0},{"not_picked":["True Grit","Combust"],"picked":"Anger","floor":1},{"not_picked":["Warcry","Feel No Pain"],"picked":"Pommel Strike","floor":2},{"not_picked":["True Grit","Rage"],"picked":"hubris:SharpeningStone","floor":3},{"not_picked":["Sword Boomerang","Whirlwind"],"picked":"Battle Trance","floor":5}],"player_experience":313837,"relics_obtained":[],"event_choices":[{"damage_healed":0,"gold_gain":0,"player_choice":"2 cards matched","damage_taken":0,"max_hp_gain":0,"max_hp_loss":0,"event_name":"Match and Keep!","floor":4,"gold_loss":0,"cards_obtained":["Clash","Finesse"]}],"is_beta":false,"boss_relics":[],"items_purged_floors":[],"is_endless":false,"potions_floor_spawned":[2,7],"killed_by":"Lagavulin","ascension_level":1}}