{"host":"0rxdudjy6rylha1k","time":1611094052,"event":{"mods":["Aspiration","BaseMod","Colored Map","Colored Powertips","Downfall","Highlight Path","Hubris","Minty Spire (QoL Compilation)","StSLib"],"gold_per_floor":[99,117,130,130,130,30,56,56,75,94,111,111,123,123,136,241,241,241,241,241,241,257,268,337,337,357,357,371,371,371,356,366,467,467,467,487,506,526,526,537,537,437,470,470,470,480,147,163,179,179],"floor_reached":51,"language":"ENG","playtime":5421,"items_purged":[],"score":998,"play_id":"d292b990-a68b-4ad7-ad55-624e532f4e54","local_time":"20210119150732","is_ascension_mode":false,"campfire_choices":[{"floor":1.0,"key":"RECALL"},{"data":"bronze:Defend","floor":6.0,"key":"SMITH"},{"data":"bronze:Defend","floor":8.0,"key":"SMITH"},{"data":"bronze:Boost","floor":12.0,"key":"SMITH"},{"data":"bronze:Optimize","floor":18.0,"key":"SMITH"},{"floor":25.0,"key":"REST"},{"data":"bronze:InfiniteLoop","floor":27.0,"key":"SMITH"},{"data":"bronze:BronzeOrb","floor":29.0,"key":"SMITH"},{"data":"bronze:HardenedForm","floor":35,"key":"SMITH"},{"data":"bronze:RecursiveStrike","floor":44,"key":"SMITH"}],"circlet_count":0,"master_deck":["bronze:Strike","bronze:Strike","bronze:Strike","bronze:Strike","bronze:Defend+1","bronze:Defend+1","bronze:Defend","bronze:Defend","bronze:Replicate+1","bronze:Flail+1","bronze:BronzeOrb+1","bronze:Boost+1","bronze:Shield","bronze:Constructor","bronze:InfiniteLoop+1","bronze:ChosenStrike","downfall:Malfunctioning","bronze:ItsAFeature+1","bronze:HardenedForm+1","bronze:RecursiveStrike+1","bronze:Overload","Decay","bronze:Shell+1","bronze:Assembly","bronze:InfiniteBeams+1"],"relics":["bronze:BronzeCore","hubris:SlimyHat","hubris:Icosahedron","downfall:HeartBlessingRed","hubris:OldNail","Cursed Key","aspiration:RitualStick","aspiration:HummingbirdHeart","hubris:ToyBattleship","Happy Flower"],"acts_visited":["Exordium","TheCity","TheBeyond"],"potions_floor_usage":[33,43],"damage_taken":[{"damage":1.0,"enemies":"Jaw Worm","floor":2.0,"turns":5.0},{"damage":5.0,"enemies":"Cultist","floor":3.0,"turns":4.0},{"damage":0.0,"enemies":"2 Louse","floor":9.0,"turns":2.0},{"damage":6.0,"enemies":"Exordium Wildlife","floor":10.0,"turns":4.0},{"damage":0.0,"enemies":"Large Slime","floor":11.0,"turns":3.0},{"damage":0.0,"enemies":"3 Louse","floor":13.0,"turns":2.0},{"damage":0.0,"enemies":"Lots of Slimes","floor":15.0,"turns":1.0},{"damage":17.0,"enemies":"DF_ARCHETYPE_STREAMLINE","floor":16.0,"turns":8.0},{"damage":0.0,"enemies":"Spheric Guardian","floor":22.0,"turns":3.0},{"damage":3.0,"enemies":"3 Byrds","floor":23.0,"turns":4.0},{"damage":0.0,"enemies":"Centurion and Healer","floor":26.0,"turns":5.0},{"damage":3.0,"enemies":"Sentry and Sphere","floor":28.0,"turns":4.0},{"damage":0.0,"enemies":"downfall:FleeingMerchant","floor":31.0,"turns":4.0},{"damage":0,"enemies":"Snake Plant","floor":32,"turns":3},{"damage":39,"enemies":"IC_MUSHROOM_ARCHETYPE","floor":33,"turns":6},{"damage":0,"enemies":"3 Shapes","floor":36,"turns":5},{"damage":0,"enemies":"3 Darklings","floor":37,"turns":5},{"damage":7,"enemies":"4 Shapes","floor":38,"turns":5},{"damage":0,"enemies":"Writhing Mass","floor":40,"turns":5},{"damage":6,"enemies":"Giant Head","floor":43,"turns":5},{"damage":0,"enemies":"Jaw Worm Horde","floor":46,"turns":3},{"damage":0,"enemies":"Sphere and 2 Shapes","floor":48,"turns":3},{"damage":0,"enemies":"3 Darklings","floor":49,"turns":2},{"damage":0,"enemies":"WA_ARCHETYPE_DIVINITY","floor":50,"turns":5}],"seed_played":"745718275897750485","potions_obtained":[{"floor":9.0,"key":"Fire Potion"},{"floor":11.0,"key":"Strength Potion"},{"floor":13.0,"key":"Strength Potion"},{"floor":28.0,"key":"Energy Potion"},{"floor":40,"key":"PowerPotion"},{"floor":43,"key":"SpeedPotion"},{"floor":48,"key":"Fire Potion"},{"floor":49,"key":"Block Potion"}],"is_trial":false,"path_per_floor":["R","M","M","?","?","R","T","R","M","M","M","R","M","?","M","B",null,"R","?","?","?","M","M","T","R","M","R","M","R","?","$","M","B",null,"R","M","M","M","?","M","T","NS","E","R","?","M","?","M","M","B",null],"character_chosen":"THE_AUTOMATON","items_purchased":[],"campfire_rested":1,"item_purchase_floors":[],"current_hp_per_floor":[70,69,64,64,64,64,64,64,64,58,58,58,58,58,58,41,70,70,70,57,42,42,39,39,61,61,61,58,58,58,58,58,19,75,75,75,75,68,85,85,85,85,79,79,79,79,96,96,96,96],"gold":179,"neow_bonus":"RANDOM_COMMON_RELIC","is_daily":false,"chose_seed":false,"campfire_upgraded":8,"win_rate":0.0,"timestamp":1611094052,"path_taken":["R","M","M","?","?","R","T","R","M","?","M","R","?","?","M","BOSS","R","?","?","?","M","M","T","R","M","R","M","R","?","$","M","BOSS","R","M","M","M","?","M","T","NS","E","R","?","?","?","M","M","BOSS"],"items_purchased_type":[],"build_version":"2020-12-22","purchased_purges":0,"victory":true,"max_hp_per_floor":[70,70,70,70,70,70,70,70,70,70,70,70,70,70,70,70,70,70,70,75,75,75,75,75,75,75,75,75,75,75,75,75,75,75,75,75,75,75,85,85,85,85,85,85,85,85,96,96,96,96],"card_choices":[{"not_picked":["bronze:Constructor","bronze:Frontload"],"picked":"bronze:Flail","floor":2.0},{"not_picked":["bronze:DelayedGuard","bronze:Deprecate","bronze:Fortify"],"picked":"SKIP","floor":3.0},{"not_picked":["bronze:DelayedGuard","bronze:Frontload"],"picked":"bronze:BronzeOrb","floor":9.0},{"not_picked":["bronze:Separator","bronze:DelayedGuard"],"picked":"bronze:Boost","floor":10.0},{"not_picked":["bronze:CutThrough","bronze:Turbo"],"picked":"bronze:Optimize","floor":11.0},{"not_picked":["bronze:WhirlingStrike","bronze:BitShift"],"picked":"bronze:Shield","floor":13.0},{"not_picked":["bronze:MaxOutput","bronze:Shield"],"picked":"bronze:Constructor","floor":15.0},{"not_picked":["bronze:HardenedForm","bronze:HyperBeam"],"picked":"bronze:InfiniteLoop","floor":16.0},{"not_picked":["bronze:Boost","bronze:BuggyMess"],"picked":"bronze:ChosenStrike","floor":22.0},{"not_picked":["bronze:OilSpill","bronze:BitShift+1","bronze:Philosophize"],"picked":"SKIP","floor":23.0},{"not_picked":["bronze:WhirlingStrike","bronze:Turbo","bronze:Boost"],"picked":"SKIP","floor":26.0},{"not_picked":["bronze:CutThrough","bronze:DarkDash"],"picked":"bronze:ItsAFeature+1","floor":28.0},{"not_picked":["bronze:Boost","bronze:CutThrough","bronze:ChildClass"],"picked":"SKIP","floor":31},{"not_picked":["bronze:ChildClass","bronze:Invalidate"],"picked":"bronze:HardenedForm","floor":32},{"not_picked":["bronze:ThunderWave","bronze:Library"],"picked":"bronze:RecursiveStrike","floor":33},{"not_picked":["bronze:Invalidate","bronze:BugBarrage+1"],"picked":"bronze:Overload","floor":36},{"not_picked":["bronze:BitShift+1","bronze:WhirlingStrike+1","bronze:Frontload"],"picked":"SKIP","floor":37},{"not_picked":["bronze:Repulsor","bronze:Overheat+1"],"picked":"bronze:Virus","floor":38},{"not_picked":["bronze:OilSpill","bronze:Flail+1","bronze:Overheat+1"],"picked":"SKIP","floor":40},{"not_picked":["bronze:Separator+1","bronze:BronzeArmor"],"picked":"bronze:Shell+1","floor":43},{"not_picked":["bronze:Flail","bronze:OilSpill+1","bronze:WildBeam"],"picked":"SKIP","floor":46},{"not_picked":["bronze:Shield","bronze:Invalidate+1"],"picked":"bronze:Assembly","floor":48},{"not_picked":["bronze:Shell+1","bronze:WildBeam+1"],"picked":"bronze:InfiniteBeams+1","floor":49}],"player_experience":2617936,"relics_obtained":[{"floor":7.0,"key":"hubris:OldNail"},{"floor":24.0,"key":"aspiration:HummingbirdHeart"},{"floor":41,"key":"hubris:ToyBattleship"},{"floor":43,"key":"Happy Flower"}],"event_choices":[],"is_beta":false,"boss_relics":[{"not_picked":["Runic Pyramid","hubris:CrackedHourglass"],"picked":"Cursed Key"},{"not_picked":["hubris:VirtuousBlindfold","aspiration:RunicSpoon","Sozu"]}],"items_purged_floors":[],"is_endless":false,"potions_floor_spawned":[9,11,13,15,28,40,43,48,49],"ascension_level":0}}