{"host":"8aoim7owc9xd4zca","time":1611027353,"event":{"mods":["AchievementEnabler","BaseMod","Colored Powertips","Highlight Path","Minty Spire (QoL Compilation)","Permanent Neow","Rare Cards Sparkle","Replay The Spire","StSLib"],"gold_per_floor":[114,114,128,146,321,321,37,52,77,77,112,112,39,78,78,201,201,219,305,305,305,305],"floor_reached":21,"language":"ENG","playtime":1376,"items_purged":["Doubt"],"score":194,"play_id":"3046c594-04c2-4fe1-9fba-daa872c9a293","local_time":"20210118193553","is_ascension_mode":true,"campfire_choices":[{"floor":6.0,"key":"REST"},{"data":"BasicCrystalCard","floor":10.0,"key":"SMITH"},{"floor":15.0,"key":"REST"}],"circlet_count":0,"master_deck":["Strike_B","Strike_B","Strike_B","Strike_B","Defend_B","Defend_B","Defend_B","Defend_B","Zap","Dualcast","Echo Form","ReplayTheSpireMod:Calculation Training","Redo","Fusion","BasicCrystalCard+1","Cold Snap","Steam+1","Storm","Biased Cognition","Thunder Strike","Storm","Creative AI"],"relics":["Cracked Core","Golden Idol","Chemical X","Lantern","Art of War","Symbiotic Virus","Runic Pyramid","Boot"],"acts_visited":["Exordium","TheCity"],"potions_floor_usage":[21,21],"damage_taken":[{"damage":10.0,"enemies":"Small Slimes","floor":1.0,"turns":3.0},{"damage":8.0,"enemies":"Jaw Worm","floor":3.0,"turns":3.0},{"damage":0.0,"enemies":"2 Louse","floor":4.0,"turns":3.0},{"damage":19.0,"enemies":"Blue Slaver","floor":8.0,"turns":4.0},{"damage":30.0,"enemies":"Gremlin Nob","floor":11.0,"turns":5.0},{"damage":7.0,"enemies":"3 Sentries","floor":14.0,"turns":7.0},{"damage":8.0,"enemies":"The Guardian","floor":16.0,"turns":7.0},{"damage":17.0,"enemies":"Shell Parasite","floor":18.0,"turns":6.0},{"damage":46,"enemies":"Masked Bandits","floor":21,"turns":4}],"seed_played":"-7721018182677893010","potions_obtained":[{"floor":3.0,"key":"Elixir"},{"floor":4.0,"key":"Adrenaline Potion"},{"floor":14.0,"key":"SteroidPotion"},{"floor":18.0,"key":"SpeedPotion"},{"floor":19.0,"key":"Reflective Coating"},{"floor":19.0,"key":"BlessingOfTheForge"}],"is_trial":false,"path_per_floor":["M","?","M","M","?","R","$","M","T","R","E","?","$","E","R","B",null,"M","?","?","?"],"character_chosen":"DEFECT","items_purchased":["Chemical X","BasicCrystalCard","Storm"],"campfire_rested":2,"item_purchase_floors":[7,7,13],"current_hp_per_floor":[65,47,39,39,39,61,61,42,42,42,12,12,12,5,27,19,75,58,40,40,0,0],"gold":305,"neow_bonus":"ONE_RANDOM_RARE_CARD","is_daily":false,"chose_seed":false,"campfire_upgraded":1,"win_rate":0.0,"timestamp":1611027353,"path_taken":["M","?","M","M","?","R","$","M","T","R","E","?","$","E","R","BOSS","M","?","?","?"],"items_purchased_type":["Relic","Card","Card"],"build_version":"2020-12-22","purchased_purges":1,"victory":false,"max_hp_per_floor":[75,75,75,75,75,75,75,75,75,75,75,75,75,75,75,75,75,75,75,75,75,75],"card_choices":[{"not_picked":["BasicCrystalCard","Capacitor"],"picked":"ReplayTheSpireMod:Calculation Training","floor":1.0},{"not_picked":["Turbo","Coolheaded"],"picked":"Redo","floor":3.0},{"not_picked":["Lockon","Stack"],"picked":"Fusion","floor":4.0},{"not_picked":["BasicCrystalCard","Stack"],"picked":"White Noise","floor":8.0},{"not_picked":["Sweeping Beam","Scrape"],"picked":"Cold Snap","floor":11.0},{"not_picked":["Streamline","Redo"],"picked":"Biased Cognition","floor":14.0},{"not_picked":["Reboot","Echo Form"],"picked":"Thunder Strike","floor":16.0},{"not_picked":["Stack","Coolheaded"],"picked":"Storm","floor":18.0}],"player_experience":265827,"relics_obtained":[{"floor":9.0,"key":"Lantern"},{"floor":11.0,"key":"Art of War"},{"floor":14.0,"key":"Symbiotic Virus"},{"floor":19.0,"key":"Boot"}],"event_choices":[{"damage_healed":0.0,"max_hp_gain":0.0,"max_hp_loss":0.0,"gold_gain":0.0,"event_name":"Golden Idol","player_choice":"Take Damage","floor":2.0,"gold_loss":0.0,"damage_taken":18.0,"relics_obtained":["Golden Idol"]},{"damage_healed":0.0,"max_hp_gain":0.0,"max_hp_loss":0.0,"gold_gain":175.0,"event_name":"Liars Game","player_choice":"AGREE","floor":5.0,"gold_loss":0.0,"damage_taken":0.0,"cards_obtained":["Doubt"]},{"damage_healed":0.0,"max_hp_gain":0.0,"max_hp_loss":0.0,"gold_gain":0.0,"event_name":"The Library","player_choice":"Read","floor":20.0,"gold_loss":0.0,"damage_taken":0.0,"cards_obtained":["Creative AI"]},{"damage_healed":0,"gold_gain":0,"player_choice":"Fought Bandits","damage_taken":0,"max_hp_gain":0,"max_hp_loss":0,"event_name":"Masked Bandits","floor":21,"gold_loss":0}],"is_beta":false,"boss_relics":[{"not_picked":["Astrolabe","Honey Jar"],"picked":"Runic Pyramid"}],"items_purged_floors":[7],"is_endless":false,"potions_floor_spawned":[3,4,14,18],"killed_by":"Masked Bandits","ascension_level":1}}