{"host":"3j2m8n0ywf988fwb","time":1611035017,"event":{"mods":["2.2 Compatiblity","AchievementEnabler","Act Like it!","Aspiration","Astrologer","BaseMod","Beaked The Cultist","Better Altar","Better Match","Better Note","Better Sensory Stone","Better Skull","Better Third Choice","CCEM","ChefMod","Colored Map","Colored Powertips","Conspire","Dark Map","Energized Spire","Evolution","Fireblade Mod","GifTheSpireLib","Googly Eyes","Halation","Hallownest","Highlight Path","Hubris","Infinite Spire","Jedi Mod","Marisa????????","Marked Mod","Mimic Mod","Minty Spire (QoL Compilation)","Random Character Button","Relic Stats","Replay The Spire","Robot Space Explorer","Shop Mod","Somnambulant","Spire Arcade","StSLib","Stuff the Spire","The Bug Knight","The Hierophant","The Kombatant","The Marked","The Runesmith","TheFirefly","Unceasing Turn Reminder","everything is the same but u backflip on backflip"],"gold_per_floor":[116,132,163,175,175,175,175],"floor_reached":6,"language":"ENG","playtime":223,"items_purged":[],"score":36,"play_id":"55db9a72-8c09-4bac-a464-dcb31e0dc1ea","local_time":"20210118234337","is_ascension_mode":false,"campfire_choices":[],"circlet_count":0,"master_deck":["thefirefly:Strike","thefirefly:Strike","thefirefly:Strike","thefirefly:Strike","thefirefly:Defend","thefirefly:Defend","thefirefly:Defend","thefirefly:Defend","thefirefly:StealthMode","thefirefly:PhotonBlast","thefirefly:IonizedBarrier","thefirefly:Quine","thefirefly:NebulaVeil"],"relics":["thefirefly:StealthSystem","EVO:Axolotl","NeowsBlessing","HornCleat"],"acts_visited":["Exordium"],"potions_floor_usage":[],"damage_taken":[{"damage":0,"enemies":"Cultist","floor":1,"turns":1},{"damage":0,"enemies":"2 Louse","floor":2,"turns":2},{"damage":0,"enemies":"conspire:MimicChest","floor":3,"turns":1},{"damage":0,"enemies":"Jaw Worm","floor":4,"turns":7},{"damage":82,"enemies":"Gremlin Nob","floor":6,"turns":6}],"seed_played":"1374570026073122482","potions_obtained":[{"floor":4,"key":"PowerPotion"}],"is_trial":false,"path_per_floor":["M","M","?","M","?","E"],"character_chosen":"THE_FIREFLY","items_purchased":[],"campfire_rested":0,"item_purchase_floors":[],"current_hp_per_floor":[55,55,55,55,55,0,0],"gold":175,"neow_bonus":"THREE_ENEMY_KILL","is_daily":false,"chose_seed":false,"campfire_upgraded":0,"win_rate":0.0,"timestamp":1611035017,"path_taken":["M","M","?","M","?","E"],"items_purchased_type":[],"build_version":"2020-12-22","purchased_purges":0,"victory":false,"max_hp_per_floor":[55,55,55,55,55,55,55],"relic_stats":{"counters":[5,17],"obtain_stats":[{"thefirefly:StealthSystem":0,"HornCleat":3,"NeowsBlessing":0,"EVO:Axolotl":0},{"thefirefly:StealthSystem":0,"HornCleat":3,"NeowsBlessing":0,"EVO:Axolotl":0},{"thefirefly:StealthSystem":0,"HornCleat":4,"NeowsBlessing":0,"EVO:Axolotl":0}]},"card_choices":[{"not_picked":["thefirefly:EMP","thefirefly:CoveringFire"],"picked":"thefirefly:IonizedBarrier","floor":1},{"not_picked":["thefirefly:FullProjection","thefirefly:StarCinder"],"picked":"thefirefly:Quine","floor":2},{"not_picked":["thefirefly:LaserBarrage","thefirefly:Preload"],"picked":"thefirefly:NebulaVeil","floor":3},{"not_picked":["thefirefly:StoredPower","thefirefly:Prominence","thefirefly:AccountUncertainty"],"picked":"SKIP","floor":4}],"player_experience":1095274,"relics_obtained":[{"floor":3,"key":"HornCleat"}],"event_choices":[],"is_beta":false,"boss_relics":[],"items_purged_floors":[],"is_endless":false,"potions_floor_spawned":[4],"killed_by":"Gremlin Nob","ascension_level":0}}