{"host":"yyfz7fpozqrhk2m1","time":1611026264,"event":{"mods":["BaseMod","Minty Spire (QoL Compilation)"],"gold_per_floor":[212,212,19,69,107,133,133,133,187,187,223,286,349,199,199,328,378,439,439,439,141,178,178,178,235,235,261,304,16,33,51,51,51,51],"floor_reached":33,"language":"ENG","playtime":10261,"items_purged":["Strike_G"],"score":369,"play_id":"855a6078-62b3-40d5-bd69-447809594f14","local_time":"20210118221744","is_ascension_mode":true,"campfire_choices":[{"floor":10,"key":"REST"},{"data":"Footwork","floor":15,"key":"SMITH"},{"floor":23,"key":"REST"},{"floor":32,"key":"REST"}],"circlet_count":0,"master_deck":["Strike_G","Strike_G","Strike_G","Defend_G","Defend_G","Defend_G","Survivor+1","Neutralize+1","Dash","HandOfGreed+1","Deflect","Dodge and Roll+1","Deadly Poison","Acrobatics","Footwork+1","PiercingWail","Malaise","Prepared","Catalyst","Necronomicurse","Backstab+1","After Image","Skewer+1","Deadly Poison","Deadly Poison","Poisoned Stab+1","Bane+1","Deflect+1"],"relics":["Ring of the Snake","Tiny Chest","Nunchaku","Whetstone","Lee\u0027s Waffle","Tiny House","Molten Egg 2","Necronomicon","Oddly Smooth Stone","Orichalcum","White Beast Statue","Dead Branch","Paper Crane"],"acts_visited":["Exordium","TheCity"],"potions_floor_usage":[6,11,25,28,30,31,31,31,33,33,33],"damage_taken":[{"damage":8,"enemies":"Jaw Worm","floor":1,"turns":6},{"damage":4,"enemies":"Small Slimes","floor":4,"turns":5},{"damage":0,"enemies":"Cultist","floor":5,"turns":5},{"damage":20,"enemies":"Gremlin Nob","floor":6,"turns":4},{"damage":0,"enemies":"Looter","floor":11,"turns":1},{"damage":1,"enemies":"2 Fungi Beasts","floor":12,"turns":3},{"damage":2,"enemies":"Exordium Wildlife","floor":13,"turns":8},{"damage":11,"enemies":"The Guardian","floor":16,"turns":16},{"damage":10,"enemies":"3 Byrds","floor":18,"turns":12},{"damage":17,"enemies":"2 Thieves","floor":22,"turns":5},{"damage":6,"enemies":"Gremlin Leader","floor":25,"turns":4},{"damage":22,"enemies":"Book of Stabbing","floor":27,"turns":7},{"damage":32,"enemies":"Shelled Parasite and Fungi","floor":28,"turns":6},{"damage":0,"enemies":"Snecko","floor":30,"turns":4},{"damage":18,"enemies":"Snake Plant","floor":31,"turns":3},{"damage":31,"enemies":"Automaton","floor":33,"turns":10}],"seed_played":"-7588184465365757386","potions_obtained":[{"floor":1,"key":"AttackPotion"},{"floor":4,"key":"SpeedPotion"},{"floor":5,"key":"EntropicBrew"},{"floor":6,"key":"AttackPotion"},{"floor":16,"key":"Swift Potion"},{"floor":17,"key":"CultistPotion"},{"floor":27,"key":"Regen Potion"},{"floor":28,"key":"Fruit Juice"},{"floor":30,"key":"Dexterity Potion"}],"is_trial":false,"path_per_floor":["M","?","$","M","M","E","?","?","T","R","M","M","M","$","R","B",null,"M","T","?","$","M","R","?","E","T","E","M","$","M","M","R","B"],"character_chosen":"THE_SILENT","items_purchased":["HandOfGreed","Lee\u0027s Waffle","Backstab+1","Oddly Smooth Stone","Paper Crane","Poisoned Stab+1"],"campfire_rested":3,"item_purchase_floors":[3,14,21,21,29,29],"current_hp_per_floor":[62,59,59,55,55,35,21,21,21,42,42,41,39,77,77,66,82,72,72,56,56,39,63,63,57,57,35,17,17,22,4,30,0,0],"gold":51,"neow_bonus":"HUNDRED_GOLD","is_daily":false,"chose_seed":false,"campfire_upgraded":1,"win_rate":0.0,"timestamp":1611026264,"path_taken":["M","?","$","M","M","E","?","?","T","R","M","?","M","$","R","BOSS","M","?","?","$","M","R","?","E","T","E","M","$","?","M","R","BOSS"],"items_purchased_type":["Card","Relic","Card","Relic","Relic","Card"],"build_version":"2020-12-22","purchased_purges":1,"victory":false,"max_hp_per_floor":[70,70,70,70,70,70,70,70,70,70,70,70,70,77,77,77,82,82,82,82,82,82,82,82,82,82,82,82,82,87,87,87,87,87],"card_choices":[{"not_picked":["Calculated Gamble","Blade Dance"],"picked":"Dash","floor":1},{"not_picked":["Distraction","Calculated Gamble"],"picked":"Deflect","floor":4},{"not_picked":["Prepared","Outmaneuver"],"picked":"Dodge and Roll","floor":5},{"not_picked":["Phantasmal Killer","Flying Knee"],"picked":"Deadly Poison","floor":6},{"not_picked":["Dash","Deflect"],"picked":"Acrobatics","floor":11},{"not_picked":["Underhanded Strike","Deflect"],"picked":"Footwork","floor":12},{"not_picked":["Escape Plan","Dagger Spray"],"picked":"PiercingWail","floor":13},{"not_picked":["Bullet Time","Storm of Steel"],"picked":"Malaise","floor":16},{"not_picked":["Masterful Stab","Quick Slash"],"picked":"Prepared","floor":17},{"not_picked":["Dagger Spray","Sucker Punch"],"picked":"Catalyst","floor":18},{"not_picked":["Slice+1","Flying Knee+1","Backflip"],"picked":"SKIP","floor":22},{"not_picked":["Slice+1","Flying Knee+1","Backflip"],"picked":"SKIP","floor":22},{"not_picked":["Heel Hook+1","Cloak And Dagger+1","Flechettes+1"],"picked":"SKIP","floor":25},{"not_picked":["Doppelganger","Cloak And Dagger"],"picked":"Deadly Poison","floor":27},{"not_picked":["Accuracy+1","Masterful Stab+1"],"picked":"Deadly Poison","floor":28},{"not_picked":["Masterful Stab+1","Setup"],"picked":"Bane+1","floor":30},{"not_picked":["Heel Hook+1","Reflex"],"picked":"Deflect+1","floor":31}],"player_experience":582678,"relics_obtained":[{"floor":6,"key":"Nunchaku"},{"floor":9,"key":"Whetstone"},{"floor":19,"key":"Molten Egg 2"},{"floor":20,"key":"Necronomicon"},{"floor":25,"key":"Orichalcum"},{"floor":26,"key":"White Beast Statue"},{"floor":27,"key":"Dead Branch"}],"event_choices":[{"damage_healed":0,"gold_gain":0,"player_choice":"Success","damage_taken":3,"relics_obtained":["Tiny Chest"],"max_hp_gain":0,"max_hp_loss":0,"event_name":"Scrap Ooze","floor":2,"gold_loss":0},{"damage_healed":0,"gold_gain":0,"player_choice":"Entered Light","damage_taken":14,"max_hp_gain":0,"max_hp_loss":0,"event_name":"Shining Light","floor":7,"gold_loss":0,"cards_upgraded":["Defend_G","Dodge and Roll"]},{"cards_removed":["Strike_G"],"damage_healed":0,"gold_gain":0,"player_choice":"Purged","damage_taken":0,"max_hp_gain":0,"max_hp_loss":0,"event_name":"Purifier","floor":8,"gold_loss":0},{"damage_healed":0,"gold_gain":0,"player_choice":"Obtained Book","damage_taken":16,"max_hp_gain":0,"max_hp_loss":0,"event_name":"Cursed Tome","floor":20,"gold_loss":0},{"damage_healed":0,"gold_gain":0,"cards_transformed":["Defend_G","Defend_G"],"player_choice":"Became Test Subject","damage_taken":0,"max_hp_gain":0,"max_hp_loss":0,"event_name":"Drug Dealer","floor":24,"gold_loss":0,"cards_obtained":["After Image","Skewer"]}],"is_beta":false,"boss_relics":[{"not_picked":["Coffee Dripper","Empty Cage"],"picked":"Tiny House"}],"items_purged_floors":[21],"is_endless":false,"potions_floor_spawned":[1,4,5,6,16,22,27,28,30,31],"killed_by":"Automaton","ascension_level":4}}