{"host":"x205naxbihvu3p76","time":1611067427,"event":{"mods":["AchievementEnabler","BaseMod","Minty Spire (QoL Compilation)","StSLib","SuperFastMode"],"gold_per_floor":[114,133,58,58,0,0,31,52,52,8,21,21,45,45,45,144,144,167,188,212,212,212,212,253,253,253,294,312,330,345,42,42,42,42],"floor_reached":33,"language":"KOR","playtime":877,"items_purged":["Strike_B"],"score":534,"play_id":"87f79c1c-723a-452b-a15a-4a811b21c717","local_time":"20210119234347","is_ascension_mode":true,"campfire_choices":[{"data":"Zap","floor":6.0,"key":"SMITH"},{"data":"Beam Cell","floor":12.0,"key":"SMITH"},{"floor":15.0,"key":"REST"},{"data":"Barrage","floor":23.0,"key":"SMITH"},{"floor":25.0,"key":"REST"},{"data":"Apotheosis","floor":32,"key":"SMITH"}],"circlet_count":0,"master_deck":["AscendersBane","Strike_B","Strike_B","Strike_B","Defend_B","Defend_B","Defend_B","Defend_B","Zap+1","Dualcast","Reboot","Ball Lightning","Leap","Glacier","Reinforced Body","Beam Cell+1","Barrage+1","Seek","CurseOfTheBell","Turbo","Conserve Battery","Ball Lightning","Heatsinks","Thunder Strike","Defragment","Apotheosis+1"],"relics":["Cracked Core","Golden Idol","HornCleat","Vajra","Du-Vu Doll","Calling Bell","DataDisk","Mercury Hourglass","TungstenRod","Mummified Hand","Turnip","Red Mask"],"acts_visited":["Exordium","TheCity"],"potions_floor_usage":[30],"damage_taken":[{"damage":10.0,"enemies":"Small Slimes","floor":1.0,"turns":4.0},{"damage":2.0,"enemies":"Jaw Worm","floor":2.0,"turns":3.0},{"damage":25.0,"enemies":"3 Sentries","floor":7.0,"turns":7.0},{"damage":0.0,"enemies":"Cultist","floor":8.0,"turns":3.0},{"damage":6.0,"enemies":"Large Slime","floor":11.0,"turns":6.0},{"damage":2.0,"enemies":"2 Fungi Beasts","floor":13.0,"turns":4.0},{"damage":20.0,"enemies":"The Guardian","floor":16.0,"turns":11.0},{"damage":3.0,"enemies":"2 Thieves","floor":18.0,"turns":3.0},{"damage":0.0,"enemies":"Chosen","floor":19.0,"turns":3.0},{"damage":3.0,"enemies":"Centurion and Healer","floor":20.0,"turns":6.0},{"damage":14.0,"enemies":"Book of Stabbing","floor":24.0,"turns":4.0},{"damage":0.0,"enemies":"Masked Bandits","floor":27.0,"turns":3.0},{"damage":18,"enemies":"Chosen and Byrds","floor":28,"turns":5},{"damage":0,"enemies":"3 Cultists","floor":29,"turns":3},{"damage":0,"enemies":"Centurion and Healer","floor":30,"turns":5},{"damage":79,"enemies":"Champ","floor":33,"turns":8}],"seed_played":"-6635619734838100749","potions_obtained":[{"floor":7.0,"key":"Energy Potion"},{"floor":8.0,"key":"EssenceOfSteel"},{"floor":11.0,"key":"PowerPotion"},{"floor":16.0,"key":"FearPotion"},{"floor":19.0,"key":"AttackPotion"},{"floor":28,"key":"FairyPotion"},{"floor":29,"key":"SkillPotion"},{"floor":30,"key":"Fruit Juice"}],"is_trial":false,"path_per_floor":["M","M","$","?","?","R","E","M","T","$","M","R","M","?","R","B",null,"M","M","M","?","?","R","E","R","T","?","M","M","M","$","R","B"],"character_chosen":"DEFECT","items_purchased":["Reinforced Body","Defragment","Apotheosis"],"campfire_rested":2,"item_purchase_floors":[10,31,31],"current_hp_per_floor":[54,52,52,52,52,52,27,27,27,27,21,21,19,19,38,18,53,50,50,47,47,47,47,33,52,52,52,34,34,39,39,39,0,0],"gold":42,"neow_bonus":"ONE_RANDOM_RARE_CARD","is_daily":false,"chose_seed":false,"campfire_upgraded":4,"win_rate":0.0,"timestamp":1611067427,"path_taken":["M","M","$","?","?","R","E","M","T","?","M","R","M","?","R","BOSS","M","M","M","?","?","R","E","R","T","?","M","M","?","$","R","BOSS"],"items_purchased_type":["Card","Card","Card"],"build_version":"2020-12-22","purchased_purges":1,"victory":false,"max_hp_per_floor":[71,71,71,64,64,64,64,64,64,64,64,64,64,64,64,64,64,64,64,64,64,64,64,64,64,64,64,64,64,69,69,69,69,69],"card_choices":[{"not_picked":["Steam","Aggregate"],"picked":"Ball Lightning","floor":1.0},{"not_picked":["Redo","Coolheaded","Barrage"],"picked":"SKIP","floor":2.0},{"not_picked":["Beam Cell","Hologram"],"picked":"Leap","floor":7.0},{"not_picked":["Go for the Eyes","Doom and Gloom"],"picked":"Glacier","floor":8.0},{"not_picked":["Static Discharge","Gash"],"picked":"Beam Cell","floor":11.0},{"not_picked":["Glacier","Heatsinks"],"picked":"Barrage","floor":13.0},{"not_picked":["Multi-Cast","Rainbow"],"picked":"Seek","floor":16.0},{"not_picked":["Glacier","Skim"],"picked":"Turbo","floor":18.0},{"not_picked":["Cold Snap","Turbo","Redo"],"picked":"SKIP","floor":19.0},{"not_picked":["Auto Shields","Blizzard"],"picked":"Conserve Battery","floor":20.0},{"not_picked":["Streamline","Ball Lightning+1","Doom and Gloom"],"picked":"SKIP","floor":24.0},{"not_picked":["Reboot","Aggregate"],"picked":"Heatsinks","floor":27.0},{"not_picked":["Go for the Eyes","Turbo","Cold Snap"],"picked":"SKIP","floor":28},{"not_picked":["Steam","Coolheaded"],"picked":"Thunder Strike","floor":29},{"not_picked":["Redo","Sweeping Beam+1","Steam"],"picked":"SKIP","floor":30}],"player_experience":980148,"relics_obtained":[{"floor":7.0,"key":"HornCleat"},{"floor":9.0,"key":"Vajra"},{"floor":14.0,"key":"Du-Vu Doll"},{"floor":17.0,"key":"DataDisk"},{"floor":17.0,"key":"Mercury Hourglass"},{"floor":17.0,"key":"TungstenRod"},{"floor":24.0,"key":"Mummified Hand"},{"floor":26.0,"key":"Turnip"},{"floor":27.0,"key":"Red Mask"}],"event_choices":[{"damage_healed":0.0,"max_hp_gain":0.0,"max_hp_loss":7.0,"gold_gain":0.0,"event_name":"Golden Idol","player_choice":"Lose Max HP","floor":4.0,"gold_loss":0.0,"damage_taken":0.0,"relics_obtained":["Golden Idol"]},{"damage_healed":0.0,"max_hp_gain":0.0,"max_hp_loss":0.0,"gold_gain":0.0,"event_name":"World of Goop","player_choice":"Left Gold","floor":5.0,"gold_loss":58.0,"damage_taken":0.0},{"damage_healed":0.0,"max_hp_gain":0.0,"max_hp_loss":0.0,"gold_gain":0.0,"event_name":"Wheel of Change","player_choice":"Relic","floor":14.0,"gold_loss":0.0,"damage_taken":0.0},{"damage_healed":0.0,"max_hp_gain":0.0,"max_hp_loss":0.0,"gold_gain":0.0,"event_name":"The Library","player_choice":"Read","floor":21.0,"gold_loss":0.0,"damage_taken":0.0,"cards_obtained":["Ball Lightning"]},{"damage_healed":0.0,"max_hp_gain":0.0,"max_hp_loss":0.0,"gold_gain":0.0,"event_name":"The Mausoleum","player_choice":"Ignored","floor":22.0,"gold_loss":0.0,"damage_taken":0.0},{"damage_healed":0.0,"max_hp_gain":0.0,"max_hp_loss":0.0,"gold_gain":0.0,"event_name":"Masked Bandits","player_choice":"Fought Bandits","floor":27.0,"gold_loss":0.0,"damage_taken":0.0}],"is_beta":false,"boss_relics":[{"not_picked":["Runic Dome","Ectoplasm"],"picked":"Calling Bell"}],"items_purged_floors":[3],"is_endless":false,"potions_floor_spawned":[7,8,11,16,19,28,29,30],"killed_by":"Champ","ascension_level":20}}