{"host":"wj6vwlg8bkoql3lv","time":1611080537,"event":{"mods":["BaseMod","Colored Map","Friendly Minions","Hermit","Hubris","Infinite Spire","JesterMod","Jorbs\u0027s Wanderer Trilogy","Marisa????????","Minty Spire (QoL Compilation)","Replay The Spire","Shade Mod","StSLib","The Blue Laboratory","The Bug Knight","The Cursed","The Disciple","The Gatherer","The Hierophant","The Jungle","The Marked","The Mystic","The Runesmith","The Senshi","The Servant 0.9.4"],"gold_per_floor":[115,115,134,144,161,190,190,203,203,228,245,265,265,279,279,374,374,393,403,418,436,453,453,464,33,33,33,52,52,52,70,70,173,173,191,205,205,205,219,219,219],"floor_reached":40,"language":"ENG","playtime":5059,"items_purged":[],"score":433,"play_id":"c2c27b70-1da5-4cd9-9053-e8b6c71cc955","local_time":"20210119182217","is_ascension_mode":false,"campfire_choices":[{"floor":7,"key":"REST"},{"data":"HollowMod:VengefulVoid","floor":13,"key":"SMITH"},{"floor":15,"key":"REST"},{"data":"HollowMod:NewJinnsSoul","floor":23,"key":"SMITH"},{"floor":30,"key":"REST"},{"floor":32,"key":"REST"}],"circlet_count":0,"master_deck":["HollowMod:NailStrikeStart","HollowMod:NailStrikeStart","HollowMod:NailStrikeStart","HollowMod:NailStrikeStart","HollowMod:QuickDashStart","HollowMod:QuickDashStart","HollowMod:QuickDashStart","HollowMod:QuickDashStart","HollowMod:FocusHealStart+1","HollowMod:PogoStrike","HollowMod:WraithStrike","HollowMod:VengefulVoid+1","HollowMod:FallenFury","HollowMod:HeavyBlow","HollowMod:DashSlash","HollowMod:SiblingsSouls","HollowMod:DashSlash","HollowMod:CloakDash","HollowMod:NewJinnsSoul+1","HollowMod:FastStrike","HollowMod:SlysStrikes","CurseOfTheBell","HollowMod:VengefulVoid","HollowMod:HeavyBlow","HollowMod:CloakDash","HollowMod:VengefulVoid+1","HollowMod:MantisMark","HollowMod:VoidDash","infinitespire:NeuralNetwork","infinitespire:TheBestDefense","HollowMod:DescendingDark+1","HollowMod:BlackTendrils","HollowMod:Hiveblood+1","HollowMod:CycloneSlash+1"],"relics":["HollowMod:VesselMask","Anchor","hubris:GlazedTorus","infinitespire:Golems Mask","Replay:Bottled Eggs","Calling Bell","ReplayFunnel","Replay:WaspNest","Replay:Multitool","Durian","infinitespire:Lucky Rock","Golden Egg","infinitespire:CursedDice","Velvet Choker"],"acts_visited":["Exordium","TheCity","TheBeyond"],"potions_floor_usage":[6,22,24,31,32,40],"damage_taken":[{"damage":0,"enemies":"Jaw Worm","floor":1,"turns":4},{"damage":3,"enemies":"Cultist","floor":3,"turns":4},{"damage":1,"enemies":"Small Slimes","floor":4,"turns":4},{"damage":0,"enemies":"3 Louse","floor":5,"turns":3},{"damage":47,"enemies":"3 Sentries","floor":6,"turns":7},{"damage":5,"enemies":"2 Fungi Beasts","floor":8,"turns":3},{"damage":0,"enemies":"HollowMod:MossKnight","floor":10,"turns":7},{"damage":1,"enemies":"Looter","floor":11,"turns":3},{"damage":5,"enemies":"Exordium Thugs","floor":12,"turns":4},{"damage":0,"enemies":"2 Fungi Beasts","floor":14,"turns":3},{"damage":55,"enemies":"HollowMod:FalseKnight","floor":16,"turns":7},{"damage":22,"enemies":"Spheric Guardian","floor":18,"turns":4},{"damage":0,"enemies":"Chosen","floor":19,"turns":3},{"damage":27,"enemies":"Snake Plant","floor":20,"turns":4},{"damage":17,"enemies":"Shelled Parasite and Fungi","floor":21,"turns":5},{"damage":22,"enemies":"Centurion and Healer","floor":22,"turns":5},{"damage":9,"enemies":"Snecko","floor":24,"turns":4},{"damage":26,"enemies":"Snake Plant","floor":28,"turns":4},{"damage":17,"enemies":"Centurion and Healer","floor":31,"turns":5},{"damage":73,"enemies":"Champ","floor":33,"turns":12},{"damage":2,"enemies":"Orb Walker","floor":35,"turns":3},{"damage":44,"enemies":"3 Darklings","floor":36,"turns":4},{"damage":60,"enemies":"HollowMod:SlobberingHusk","floor":39,"turns":7},{"damage":75,"enemies":"Nightmare","floor":40,"turns":6}],"seed_played":"20843451111168045","potions_obtained":[{"floor":3,"key":"Reflective Coating"},{"floor":5,"key":"Death Potion"},{"floor":11,"key":"BlessingOfTheForge"},{"floor":16,"key":"blueLaboratory:HeartbeatPotion"},{"floor":21,"key":"FairyPotion"},{"floor":22,"key":"Swift Potion"},{"floor":31,"key":"Fruit Juice"},{"floor":33,"key":"FearPotion"},{"floor":35,"key":"Energy Potion"}],"is_trial":false,"path_per_floor":["M","?","M","M","M","E","R","M","T","E","M","M","R","M","R","B",null,"M","M","M","M","M","R","M","$","T","AVR","M","?","R","M","R","B",null,"M","M","?","?","M","NM"],"character_chosen":"THE_BUGKNIGHT","items_purchased":["Durian","infinitespire:Lucky Rock"],"campfire_rested":4,"item_purchase_floors":[25,25],"current_hp_per_floor":[75,75,72,71,71,24,46,41,41,47,52,47,47,47,69,20,75,53,53,26,15,3,3,22,27,27,27,7,7,31,14,43,30,85,85,59,59,59,41,0,0],"gold":219,"neow_bonus":"RANDOM_COMMON_RELIC","is_daily":false,"chose_seed":false,"campfire_upgraded":2,"win_rate":0.0,"timestamp":1611080537,"path_taken":["M","?","M","M","M","E","R","M","T","E","M","M","R","M","R","BOSS","M","M","?","M","M","R","M","?","T","AVR","M","?","R","M","R","BOSS","M","M","?","?","M","NM"],"items_purchased_type":["Relic","Relic"],"build_version":"2020-12-22","purchased_purges":0,"victory":false,"max_hp_per_floor":[75,75,75,75,75,75,75,75,75,75,75,75,75,75,75,75,75,75,75,75,75,75,75,75,80,80,80,80,80,80,80,85,85,85,85,85,85,85,85,85,85],"card_choices":[{"not_picked":["HollowMod:CycloneSlash","HollowMod:VengefulSpirit"],"picked":"HollowMod:WraithStrike","floor":1},{"not_picked":["HollowMod:NewJinnsSoul","HollowMod:PureNailStrike"],"picked":"HollowMod:VengefulVoid","floor":3},{"not_picked":["HollowMod:HeavyBlow","HollowMod:CloakDash"],"picked":"HollowMod:FallenFury","floor":4},{"not_picked":["HollowMod:theNailsmith","HollowMod:GrimmsGift"],"picked":"HollowMod:HeavyBlow","floor":5},{"not_picked":["HollowMod:ChannelNail","HollowMod:DoubleDash"],"picked":"HollowMod:DashSlash","floor":6},{"not_picked":["HollowMod:GoodIntentions","HollowMod:PureNailStrike"],"picked":"HollowMod:SiblingsSouls","floor":8},{"not_picked":["HollowMod:SoulStrike","HollowMod:PerfectDash"],"picked":"HollowMod:DashSlash","floor":10},{"not_picked":["HollowMod:SharpenedNail","HollowMod:DesolateDive"],"picked":"HollowMod:CloakDash","floor":11},{"not_picked":["HollowMod:InfectedAttack","HollowMod:LifebloodCocoon"],"picked":"HollowMod:NewJinnsSoul","floor":12},{"not_picked":["HollowMod:CornifersMapStart","HollowMod:Grubsong"],"picked":"HollowMod:FastStrike","floor":14},{"not_picked":["HollowMod:ZotesMagnificence","HollowMod:NewInfectedGuardian"],"picked":"HollowMod:SlysStrikes","floor":16},{"not_picked":["HollowMod:BaldurShell","HollowMod:RecoilStrike"],"picked":"HollowMod:VengefulVoid","floor":18},{"not_picked":["HollowMod:SoulEater","HollowMod:TaintedHusks+1"],"picked":"HollowMod:HeavyBlow","floor":19},{"not_picked":["HollowMod:TaintedHusks+1","HollowMod:InfectedCysts"],"picked":"HollowMod:CloakDash","floor":20},{"not_picked":["HollowMod:CloakDash","HollowMod:HeavyBlow"],"picked":"HollowMod:VengefulVoid+1","floor":21},{"not_picked":["HollowMod:PureNailStrike","HollowMod:HowlingWraiths+1"],"picked":"HollowMod:MantisMark","floor":22},{"not_picked":["HollowMod:ShadowDash","HollowMod:NewLittleFool"],"picked":"HollowMod:VoidDash","floor":24},{"not_picked":["HollowMod:DoubleDash","HollowMod:CycloneSlash"],"picked":"HollowMod:DescendingDark+1","floor":28},{"not_picked":["HollowMod:InfectedAttack","HollowMod:ShadowDash"],"picked":"HollowMod:BlackTendrils","floor":31},{"not_picked":["HollowMod:MidwifesHunger","HollowMod:ElderbugsWisdom"],"picked":"HollowMod:Hiveblood","floor":33},{"not_picked":["HollowMod:TaintedHusks","HollowMod:RecoilStrike+1"],"picked":"HollowMod:CycloneSlash+1","floor":35},{"not_picked":["HollowMod:SoulStrike","HollowMod:TaintedHusks","HollowMod:InfectedAttack+1"],"picked":"SKIP","floor":36},{"not_picked":["HollowMod:VengefulSpirit+1","HollowMod:CornifersMapStart","HollowMod:GoodIntentions+1"],"picked":"SKIP","floor":39}],"player_experience":85130,"relics_obtained":[{"floor":6,"key":"hubris:GlazedTorus"},{"floor":9,"key":"infinitespire:Golems Mask"},{"floor":10,"key":"Replay:Bottled Eggs"},{"floor":17,"key":"ReplayFunnel"},{"floor":17,"key":"Replay:WaspNest"},{"floor":17,"key":"Replay:Multitool"},{"floor":26,"key":"Golden Egg"}],"event_choices":[{"damage_healed":0,"gold_gain":0,"player_choice":"Ignored","damage_taken":0,"max_hp_gain":0,"max_hp_loss":0,"event_name":"NoteForYourself","floor":2,"gold_loss":0}],"is_beta":false,"boss_relics":[{"not_picked":["Empty Cage","hubris:TerracottaHorce"],"picked":"Calling Bell"},{"not_picked":["Honey Jar","hubris:CrackedHourglass"],"picked":"Velvet Choker"}],"items_purged_floors":[],"is_endless":false,"potions_floor_spawned":[3,5,11,16,21,22,31,33,35],"killed_by":"Nightmare","ascension_level":0}}