{"host":"19stjawbpc2pvkmg","time":1611081112,"event":{"mods":["Always Whale","BaseMod","Faster Ascension Climbing","Hubris","Infinite Spire","Mimic Mod","Minty Spire (QoL Compilation)","Replay The Spire","Shop Mod","StSLib","The Necromancer"],"gold_per_floor":[110,110,127,127,147,147,177,187,237,237,9,25,53,69,69,69,69],"floor_reached":16,"language":"ENG","playtime":624,"items_purged":[],"score":224,"play_id":"b7a93856-e625-43fc-ab2e-a83e79c34775","local_time":"20210119193152","is_ascension_mode":true,"campfire_choices":[{"data":"Cloudkill","floor":6.0,"key":"SMITH"},{"floor":10,"key":"REST"},{"floor":15,"key":"REST"}],"circlet_count":0,"master_deck":["AscendersBane","Strike_W","Strike_W","Strike_W","Strike_W","Defend_W","Defend_W","Defend_W","Defend_W","Negative_Energy_Arrows","Bone_Wall","Cloudkill+1","Bone_Armor","Necrotic_Claws","Blood_Wake","Shade_Step","Bone_Armor","Necrotic_Claws","Acid_Javelin"],"relics":["Vampire_Amulet","InkBottle","Orichalcum","Tiny Chest","Mirror"],"acts_visited":["Exordium"],"potions_floor_usage":[7,13,16,16],"damage_taken":[{"damage":3.0,"enemies":"Small Slimes","floor":1.0,"turns":5.0},{"damage":3.0,"enemies":"2 Louse","floor":3.0,"turns":2.0},{"damage":7.0,"enemies":"Jaw Worm","floor":5.0,"turns":3.0},{"damage":20,"enemies":"Lagavulin","floor":7,"turns":8},{"damage":6,"enemies":"Looter","floor":8,"turns":3},{"damage":9,"enemies":"3 Louse","floor":12,"turns":2},{"damage":25,"enemies":"Gremlin Nob","floor":13,"turns":4},{"damage":15,"enemies":"Large Slime","floor":14,"turns":5},{"damage":43,"enemies":"Fading Forest","floor":16,"turns":11}],"seed_played":"-1907826092680358608","potions_obtained":[{"floor":5.0,"key":"Reflective Coating"},{"floor":7,"key":"FearPotion"},{"floor":13,"key":"infinitespire:BlackPotion"},{"floor":14,"key":"Energy Potion"}],"is_trial":false,"path_per_floor":["M","?","M","?","M","R","E","M","T","R","$","M","E","M","R","B"],"character_chosen":"NECROMANCER","items_purchased":["Tiny Chest","Bone_Armor"],"campfire_rested":2,"item_purchase_floors":[11,11],"current_hp_per_floor":[47,47,48,48,43,43,25,21,21,42,42,39,16,5,26,0,0],"gold":69,"neow_bonus":"THREE_RARE_CARDS","is_daily":false,"chose_seed":false,"campfire_upgraded":1,"win_rate":0.0,"timestamp":1611081112,"path_taken":["M","?","M","?","M","R","E","M","T","R","$","M","E","M","R","BOSS"],"items_purchased_type":["Relic","Card"],"build_version":"2020-12-22","purchased_purges":0,"victory":false,"max_hp_per_floor":[71,71,71,71,71,71,71,71,71,71,71,71,71,71,71,71,71],"card_choices":[{"not_picked":["Detonate_Bones","Requiem"],"picked":"Cloudkill","floor":0.0},{"not_picked":["Finger_Of_Death","Bone_Shift"],"picked":"Bone_Armor","floor":1.0},{"not_picked":["Vampiric_Strike","Negative_Energy_Javelin"],"picked":"Necrotic_Claws","floor":3.0},{"not_picked":["Bone_Spikes","Exploit","Bone_Bullets"],"picked":"SKIP","floor":5.0},{"not_picked":["Epidemic","Necromantic_Selection"],"picked":"Blood_Wake","floor":7},{"not_picked":["Acid_Javelin","Uncharnel"],"picked":"Shade_Step","floor":8},{"not_picked":["Bone_Shift","Negative_Energy_Javelin","Strike_from_Beyond"],"picked":"SKIP","floor":12},{"not_picked":["Vampiric_Strike","Consume_Illness"],"picked":"Necrotic_Claws","floor":13},{"not_picked":["Death_March_Dance","Stop_Heart"],"picked":"Acid_Javelin","floor":14}],"player_experience":426983,"relics_obtained":[{"floor":7,"key":"InkBottle"},{"floor":9,"key":"Orichalcum"},{"floor":13,"key":"Mirror"}],"event_choices":[{"damage_healed":0.0,"max_hp_gain":0.0,"max_hp_loss":0.0,"gold_gain":0.0,"event_name":"Liars Game","player_choice":"Ignored","floor":2.0,"gold_loss":0.0,"damage_taken":0.0}],"is_beta":false,"boss_relics":[],"items_purged_floors":[],"is_endless":false,"potions_floor_spawned":[5,7,13,14],"killed_by":"Fading Forest","ascension_level":20}}