{"host":"9ndbo4kgsfoemf7y","time":1611057050,"event":{"mods":["AchievementEnabler","BaseMod","Colored Map","DeckTracker","Keyboard Shortcuts","Minty Spire (QoL Compilation)","Permanent Neow","Quick Restart","Relic Stats","StSLib","SuperFastMode"],"gold_per_floor":[117,41,41,41,52,52,78,78,126,151,151,161,47,63,63,63,63],"floor_reached":16,"language":"KOR","playtime":1160,"items_purged":["Defend_B"],"score":211,"play_id":"b3ec52b3-7f50-4cce-8aae-a1cea16797c8","local_time":"20210119205050","is_ascension_mode":true,"campfire_choices":[{"data":"Genetic Algorithm","floor":6,"key":"SMITH"},{"data":"Core Surge","floor":8,"key":"SMITH"},{"data":"Scrape","floor":11,"key":"SMITH"},{"data":"Hologram","floor":15,"key":"SMITH"}],"circlet_count":0,"master_deck":["Strike_B","Strike_B","Strike_B","Defend_B","Defend_B","Defend_B","Zap","Dualcast","Gash","Genetic Algorithm+1","Gash","Core Surge+1","Scrape+1","Streamline","Self Repair","Hologram+1"],"relics":["Cracked Core","NeowsBlessing","Pear","Sundial","Omamori","Boot"],"acts_visited":["Exordium"],"potions_floor_usage":[16],"damage_taken":[{"damage":0,"enemies":"Cultist","floor":1,"turns":1},{"damage":0,"enemies":"Jaw Worm","floor":5,"turns":1},{"damage":0,"enemies":"3 Sentries","floor":7,"turns":1},{"damage":30,"enemies":"Lagavulin","floor":10,"turns":6},{"damage":8,"enemies":"2 Louse","floor":12,"turns":2},{"damage":7,"enemies":"Blue Slaver","floor":14,"turns":3},{"damage":43,"enemies":"The Guardian","floor":16,"turns":7}],"seed_played":"2586428399858811939","potions_obtained":[{"floor":10,"key":"Fruit Juice"}],"is_trial":false,"path_per_floor":["M","$","?","T","M","R","E","R","T","E","R","M","$","M","R","B"],"character_chosen":"DEFECT","items_purchased":["Genetic Algorithm","Self Repair"],"campfire_rested":0,"item_purchase_floors":[2,13],"current_hp_per_floor":[68,68,61,71,71,71,71,71,71,41,41,33,33,33,33,0,0],"gold":63,"neow_bonus":"THREE_ENEMY_KILL","is_daily":false,"chose_seed":false,"campfire_upgraded":4,"win_rate":0.0,"timestamp":1611057050,"path_taken":["M","$","?","?","M","R","E","R","T","E","R","M","$","M","R","BOSS"],"items_purchased_type":["Card","Card"],"build_version":"2020-12-22","purchased_purges":1,"victory":false,"max_hp_per_floor":[75,75,75,85,85,85,85,85,85,85,85,85,85,85,85,90,90],"relic_stats":{"counters":[7,21],"Sundial":[4],"Boot":[6],"obtain_stats":[{"Pear":4,"NeowsBlessing":0,"Sundial":7,"Omamori":9,"Cracked Core":0,"Boot":10},{"Pear":1,"NeowsBlessing":0,"Sundial":3,"Omamori":3,"Cracked Core":0,"Boot":4},{"Pear":1,"NeowsBlessing":0,"Sundial":3,"Omamori":3,"Cracked Core":0,"Boot":9}]},"card_choices":[{"not_picked":["Redo","Auto Shields"],"picked":"Gash","floor":1},{"not_picked":["Beam Cell","Streamline"],"picked":"Gash","floor":5},{"not_picked":["Loop","Capacitor"],"picked":"Core Surge","floor":7},{"not_picked":["Fusion","Streamline"],"picked":"Scrape","floor":10},{"not_picked":["Leap","Coolheaded"],"picked":"Streamline","floor":12},{"not_picked":["Capacitor","Self Repair"],"picked":"Hologram","floor":14}],"player_experience":830827,"relics_obtained":[{"floor":4,"key":"Pear"},{"floor":7,"key":"Sundial"},{"floor":9,"key":"Omamori"},{"floor":10,"key":"Boot"}],"event_choices":[{"cards_removed":["Strike_B"],"damage_healed":0,"gold_gain":0,"player_choice":"Card Removal","damage_taken":7,"max_hp_gain":0,"max_hp_loss":0,"event_name":"Golden Wing","floor":3,"gold_loss":0}],"is_beta":false,"boss_relics":[],"items_purged_floors":[13],"is_endless":false,"potions_floor_spawned":[10],"killed_by":"The Guardian","ascension_level":8}}