{"host":"skr63qsdfgeey3it","time":1611038229,"event":{"mods":["BaseMod","Colored Map","Hubris","Minty Spire (QoL Compilation)","Replay The Spire","Spicy Shops","StSLib"],"gold_per_floor":[367,0,13,13,32,61,78,78,78,78,98,114,139,139,139,216,216,226,426,92,81,97,97,109,109,133,133,133,133],"floor_reached":28,"language":"ENG","playtime":740,"items_purged":["Writhe","Regret"],"score":380,"play_id":"cdec6fdb-c3bf-483d-a25b-ad8cf40a208e","local_time":"20210119003709","is_ascension_mode":true,"campfire_choices":[{"data":"Whirlwind","floor":8,"key":"SMITH"},{"floor":10,"key":"REST"},{"data":"Armaments","floor":15,"key":"SMITH"},{"floor":23,"key":"REST"},{"floor":25,"key":"REST"},{"data":"Seeing Red","floor":27,"key":"SMITH"}],"circlet_count":0,"master_deck":["AscendersBane","Strike_R","Strike_R","Strike_R","Strike_R","Strike_R","Defend_R","Defend_R","Defend_R","Defend_R","Bash","Flame Barrier","Whirlwind+1","Infernal Blade","Armaments+1","Thunderclap","Flex","Double Tap","Thunderclap+1","Seeing Red+1","Flex"],"relics":["Burning Blood","Chemical X","Art of War","Paper Frog","hubris:OldNail","Strawberry","Dream Catcher","hubris:Backtick","Membership Card","MealTicket","Orrery","Replay:WaspNest","King of Hearts"],"acts_visited":["Exordium","TheCity"],"potions_floor_usage":[6,6,13,16,24],"damage_taken":[{"damage":14,"enemies":"Jaw Worm","floor":1,"turns":3},{"damage":9,"enemies":"Cultist","floor":3,"turns":5},{"damage":0,"enemies":"2 Louse","floor":5,"turns":1},{"damage":27,"enemies":"Gremlin Nob","floor":6,"turns":4},{"damage":14,"enemies":"Exordium Wildlife","floor":7,"turns":4},{"damage":0,"enemies":"Lots of Slimes","floor":11,"turns":1},{"damage":0,"enemies":"2 Fungi Beasts","floor":12,"turns":1},{"damage":15,"enemies":"Lagavulin","floor":13,"turns":3},{"damage":9,"enemies":"Slime Boss","floor":16,"turns":5},{"damage":48,"enemies":"Spheric Guardian","floor":18,"turns":6},{"damage":16,"enemies":"2 Thieves","floor":21,"turns":4},{"damage":13,"enemies":"Centurion and Healer","floor":22,"turns":5},{"damage":30,"enemies":"Snake Plant","floor":24,"turns":4},{"damage":55,"enemies":"Masked Bandits","floor":28,"turns":3}],"seed_played":"4518918752494267279","potions_obtained":[{"floor":1,"key":"Fire Potion"},{"floor":4,"key":"SkillPotion"},{"floor":11,"key":"Adrenaline Potion"},{"floor":13,"key":"Strength Potion"},{"floor":22,"key":"LifebloodPotion"}],"is_trial":false,"path_per_floor":["M","$","M","?","M","E","M","R","T","R","M","M","E","?","R","B",null,"M","?","$","M","M","R","M","R","T","R","?"],"character_chosen":"IRONCLAD","items_purchased":["Chemical X","Art of War","MealTicket","Orrery","Replay:WaspNest"],"campfire_rested":3,"item_purchase_floors":[2,2,20,20,20],"current_hp_per_floor":[64,64,61,61,67,46,38,38,38,62,68,74,72,72,72,69,83,41,41,41,31,24,50,26,52,52,52,0,0],"gold":133,"neow_bonus":"TWO_FIFTY_GOLD","is_daily":false,"chose_seed":false,"campfire_upgraded":3,"win_rate":0.0,"timestamp":1611038229,"path_taken":["M","$","M","?","M","E","M","R","T","R","M","?","E","?","R","BOSS","M","?","$","M","?","R","M","R","T","R","?"],"items_purchased_type":["Relic","Relic","Relic","Relic","Relic"],"build_version":"2020-12-22","purchased_purges":2,"victory":false,"max_hp_per_floor":[80,80,80,80,80,80,80,80,80,80,80,80,87,87,87,87,87,87,87,87,87,87,87,87,87,87,87,87,87],"card_choices":[{"not_picked":["Rage","Headbutt"],"picked":"Flame Barrier","floor":1},{"not_picked":["Bloodletting","Run Through"],"picked":"Whirlwind","floor":3},{"not_picked":["Warcry","Havoc"],"picked":"Infernal Blade","floor":5},{"not_picked":["Second Wind","Heavy Blade","Barricade"],"picked":"SKIP","floor":6},{"not_picked":["Rage","Pommel Strike"],"picked":"Armaments","floor":7},{"not_picked":["Heavy Blade","Sword Boomerang","Havoc"],"picked":"SKIP","floor":11},{"not_picked":["Perfected Strike","Sever Soul"],"picked":"Thunderclap","floor":12},{"not_picked":["Armaments","Combust"],"picked":"Flex","floor":13},{"not_picked":["Berserk","Brutality"],"picked":"Double Tap","floor":16},{"not_picked":["Sword Boomerang","Cleave","Anger"],"picked":"SKIP","floor":18},{"not_picked":["hubris:ReadiedAction","Armaments"],"picked":"Thunderclap+1","floor":20},{"not_picked":["Heavy Blade","True Grit"],"picked":"Seeing Red","floor":20},{"not_picked":["Infernal Blade","Sentinel","Replay:Undeath\u0027s Touch"],"picked":"SKIP","floor":21},{"not_picked":["Clothesline","Havoc","Brutality"],"picked":"SKIP","floor":22},{"not_picked":["Cleave","Body Slam","Clash"],"picked":"SKIP","floor":24},{"not_picked":["Anger","Power Through"],"picked":"Flex","floor":25}],"player_experience":750843,"relics_obtained":[{"floor":6,"key":"Paper Frog"},{"floor":9,"key":"hubris:OldNail"},{"floor":13,"key":"Strawberry"},{"floor":26,"key":"King of Hearts"}],"event_choices":[{"damage_healed":0,"gold_gain":0,"player_choice":"Got Potions","damage_taken":0,"max_hp_gain":0,"max_hp_loss":0,"event_name":"Lab","floor":4,"gold_loss":0},{"damage_healed":0,"gold_gain":0,"player_choice":"Box","damage_taken":0,"relics_obtained":["Dream Catcher"],"max_hp_gain":0,"max_hp_loss":0,"event_name":"Big Fish","floor":14,"gold_loss":0,"cards_obtained":["Regret"]},{"damage_healed":0,"gold_gain":250,"player_choice":"Bet on Owner","damage_taken":0,"max_hp_gain":0,"max_hp_loss":0,"event_name":"The Joust","floor":19,"gold_loss":50},{"damage_healed":0,"gold_gain":0,"player_choice":"Fought Bandits","damage_taken":0,"max_hp_gain":0,"max_hp_loss":0,"event_name":"Masked Bandits","floor":28,"gold_loss":0}],"is_beta":false,"boss_relics":[{"not_picked":["hubris:TerracottaHorce","Abe\u0027s Treasure"],"picked":"hubris:Backtick"}],"items_purged_floors":[2,20],"is_endless":false,"potions_floor_spawned":[1,5,11,13,22],"killed_by":"Masked Bandits","ascension_level":13}}