{"host":"Kdaddybrian","time":1611078762,"event":{"mods":["AchievementEnabler","BaseMod","Bestiary","Colored Powertips","Minty Spire (QoL Compilation)","Potion Indicator Mod","Quick Restart","Rare Cards Sparkle","Relic Stats","StSLib","Uncapped"],"gold_per_floor":[116,126,142,152,152,152,175,175,201,59,103,136,156,200,200,200,200],"floor_reached":16,"language":"ENG","playtime":755,"items_purged":[],"score":151,"play_id":"90e7776b-59a4-4328-abab-3ebf72937d4c","local_time":"20210119125242","is_ascension_mode":true,"campfire_choices":[{"data":"Eruption","floor":6,"key":"SMITH"},{"data":"Nirvana","floor":8,"key":"SMITH"},{"floor":15,"key":"REST"}],"circlet_count":0,"master_deck":["Strike_P","Strike_P","Strike_P","Strike_P","Defend_P","Defend_P","Defend_P","Defend_P","Eruption+1","Vigilance","CutThroughFate","Tantrum","BowlingBash","InnerPeace","Nirvana+1","Wallop","FearNoEvil","WheelKick","Consecrate","Indignation","Evaluate"],"relics":["PureWater","PreservedInsect","Golden Idol","Regal Pillow","Pen Nib","Odd Mushroom","CeramicFish"],"acts_visited":["Exordium"],"potions_floor_usage":[14,16],"damage_taken":[{"damage":0,"enemies":"Cultist","floor":1,"turns":2},{"damage":0,"enemies":"2 Louse","floor":2,"turns":2},{"damage":0,"enemies":"Small Slimes","floor":3,"turns":2},{"damage":1,"enemies":"2 Fungi Beasts","floor":4,"turns":3},{"damage":16,"enemies":"Lots of Slimes","floor":7,"turns":4},{"damage":18,"enemies":"Lagavulin","floor":11,"turns":6},{"damage":1,"enemies":"The Mushroom Lair","floor":12,"turns":3},{"damage":5,"enemies":"Red Slaver","floor":13,"turns":2},{"damage":0,"enemies":"Gremlin Nob","floor":14,"turns":2},{"damage":65,"enemies":"Hexaghost","floor":16,"turns":11}],"seed_played":"1433968374131893745","potions_obtained":[{"floor":2,"key":"FearPotion"},{"floor":3,"key":"Dexterity Potion"},{"floor":4,"key":"SmokeBomb"},{"floor":13,"key":"BlessingOfTheForge"}],"is_trial":false,"path_per_floor":["M","M","M","M","?","R","M","R","T","$","E","?","M","E","R","B"],"character_chosen":"WATCHER","items_purchased":["Wallop","FearNoEvil"],"campfire_rested":1,"item_purchase_floors":[10,10],"current_hp_per_floor":[72,72,72,71,67,67,51,51,51,51,33,32,27,27,62,0,0],"gold":200,"neow_bonus":"RANDOM_COMMON_RELIC","is_daily":false,"chose_seed":false,"campfire_upgraded":2,"win_rate":0.0,"timestamp":1611078762,"path_taken":["M","M","?","M","?","R","M","R","T","$","E","?","M","E","R","BOSS"],"items_purchased_type":["Card","Card"],"build_version":"2020-12-18","purchased_purges":0,"victory":false,"max_hp_per_floor":[72,72,72,72,67,67,67,67,67,67,67,67,67,67,67,67,67],"relic_stats":{"Regal Pillow":15,"counters":[10,37],"Golden Idol":32,"CeramicFish":9,"PreservedInsect":50,"Pen Nib":[3],"obtain_stats":[{"Regal Pillow":9,"Golden Idol":5,"CeramicFish":14,"PreservedInsect":0,"Pen Nib":11,"PureWater":0,"Odd Mushroom":12},{"Regal Pillow":5,"Golden Idol":4,"CeramicFish":9,"PreservedInsect":0,"Pen Nib":6,"PureWater":0,"Odd Mushroom":7},{"Regal Pillow":13,"Golden Idol":9,"CeramicFish":26,"PreservedInsect":0,"Pen Nib":19,"PureWater":0,"Odd Mushroom":22}]},"card_choices":[{"not_picked":["Halt","FollowUp"],"picked":"CutThroughFate","floor":1},{"not_picked":["Weave","Sanctity"],"picked":"Tantrum","floor":2},{"not_picked":["FlyingSleeves","FollowUp"],"picked":"BowlingBash","floor":3},{"not_picked":["FlyingSleeves","FollowUp"],"picked":"InnerPeace","floor":4},{"not_picked":["Collect","Perseverance"],"picked":"Nirvana","floor":7},{"not_picked":["FollowUp","FlyingSleeves"],"picked":"WheelKick","floor":11},{"not_picked":["Protect","EmptyMind"],"picked":"Consecrate","floor":12},{"not_picked":["EmptyBody","Pray"],"picked":"Indignation","floor":13},{"not_picked":["WaveOfTheHand","Halt"],"picked":"Evaluate","floor":14}],"player_experience":2969094,"relics_obtained":[{"floor":9,"key":"Regal Pillow"},{"floor":11,"key":"Pen Nib"},{"floor":12,"key":"Odd Mushroom"},{"floor":14,"key":"CeramicFish"}],"event_choices":[{"damage_healed":0,"gold_gain":0,"player_choice":"Lose Max HP","damage_taken":0,"relics_obtained":["Golden Idol"],"max_hp_gain":0,"max_hp_loss":5,"event_name":"Golden Idol","floor":5,"gold_loss":0},{"damage_healed":0,"gold_gain":0,"player_choice":"Fought Mushrooms","damage_taken":0,"max_hp_gain":0,"max_hp_loss":0,"event_name":"Mushrooms","floor":12,"gold_loss":0}],"is_beta":true,"boss_relics":[],"items_purged_floors":[],"is_endless":false,"potions_floor_spawned":[2,3,4,13],"killed_by":"Hexaghost","ascension_level":2}}