{"host":"684z1xpuwaoqmmh1","time":1611044039,"event":{"mods":["Bard","BaseMod","Downfall","Hermit","Jorbs\u0027s Wanderer Trilogy","Marisa????????","Minty Spire (QoL Compilation)","Robot Space Explorer","Shade Mod","StSLib","The Bug Knight","The Cursed","The Hayseed","The Hierophant","The Marked","The Mystic","The Runesmith","The Senshi","The Spell Scribe"],"gold_per_floor":[116,130,80,96,107,107,137,137,137,149,149,175,191,216,216,314,314,327,426,351,351],"floor_reached":20,"language":"ENG","playtime":1141,"items_purged":[],"score":235,"play_id":"3ebda783-3e65-4168-ab9c-cea7fb52f111","local_time":"20210119101359","is_ascension_mode":true,"campfire_choices":[{"data":"TheSimpletonMod:Swelter","floor":6,"key":"SMITH"},{"data":"TheSimpletonMod:Artichokes","floor":11,"key":"SMITH"},{"data":"TheSimpletonMod:CrackOfDawn","floor":15,"key":"SMITH"}],"circlet_count":0,"master_deck":["TheSimpletonMod:Haymaker","TheSimpletonMod:ReapAndSow","TheSimpletonMod:Germinate","TheSimpletonMod:Swelter+1","TheSimpletonMod:SeedCoat","TheSimpletonMod:SlashAndBurn","TheSimpletonMod:RootDown","TheSimpletonMod:Spoilage","TheSimpletonMod:Artichokes+1","TheSimpletonMod:CrackOfDawn+1","TheSimpletonMod:Pruning","TheSimpletonMod:HitTheSack","TheSimpletonMod:Coffee","TheSimpletonMod:CloseScrape","TheSimpletonMod:DigIn","TheSimpletonMod:ResistantStrain","TheSimpletonMod:CrackOfDawn","TheSimpletonMod:Sunchoke","TheSimpletonMod:Thresh","TheSimpletonMod:Pruning+1"],"relics":["TheSimpletonMod:SpudOfTheInnocent","TheSimpletonMod:NightSoil","TheSimpletonMod:TheHarvester","Boot","Eternal Feather","champ:DeflectingBracers","Matryoshka","Pandora\u0027s Box"],"acts_visited":["Exordium","TheCity"],"potions_floor_usage":[7,14,20],"damage_taken":[{"damage":3,"enemies":"2 Louse","floor":1,"turns":3},{"damage":0,"enemies":"Small Slimes","floor":2,"turns":4},{"damage":0,"enemies":"Jaw Worm","floor":4,"turns":4},{"damage":1,"enemies":"Large Slime","floor":5,"turns":6},{"damage":12,"enemies":"Gremlin Nob","floor":7,"turns":4},{"damage":0,"enemies":"Blue Slaver","floor":10,"turns":3},{"damage":34,"enemies":"Lagavulin","floor":12,"turns":8},{"damage":11,"enemies":"Looter","floor":13,"turns":5},{"damage":18,"enemies":"3 Sentries","floor":14,"turns":5},{"damage":23,"enemies":"The Guardian","floor":16,"turns":12},{"damage":32,"enemies":"Shell Parasite","floor":18,"turns":5},{"damage":47,"enemies":"2 Thieves","floor":20,"turns":4}],"seed_played":"-7343862618083677292","potions_obtained":[{"floor":4,"key":"TheSimpletonMod:KindlingPotion"},{"floor":7,"key":"EssenceOfSteel"},{"floor":12,"key":"FairyPotion"},{"floor":14,"key":"SpeedPotion"},{"floor":16,"key":"TheSimpletonMod:MoonshinePotion"}],"is_trial":false,"path_per_floor":["M","M","?","M","M","R","E","?","T","M","R","E","M","E","R","B",null,"M","?","M"],"character_chosen":"THE_SIMPLETON","items_purchased":[],"campfire_rested":0,"item_purchase_floors":[],"current_hp_per_floor":[75,75,75,75,74,74,66,75,75,79,84,50,43,29,38,19,84,52,52,9,9],"gold":351,"neow_bonus":"THREE_CARDS","is_daily":false,"chose_seed":false,"campfire_upgraded":3,"win_rate":0.0,"timestamp":1611044039,"path_taken":["M","M","?","M","M","R","E","?","T","M","R","E","M","E","R","BOSS","M","?","M"],"items_purchased_type":[],"build_version":"2020-12-22","purchased_purges":0,"victory":false,"max_hp_per_floor":[75,75,75,75,75,75,75,84,84,84,84,84,84,84,84,84,84,84,84,84,84],"card_choices":[{"not_picked":["TheSimpletonMod:Fertilaser","TheSimpletonMod:Aerate"],"picked":"TheSimpletonMod:Germinate","floor":0},{"not_picked":["TheSimpletonMod:CullingStrike","TheSimpletonMod:SlashAndBurn"],"picked":"TheSimpletonMod:Swelter","floor":1},{"not_picked":["TheSimpletonMod:Swelter","TheSimpletonMod:ControlledBurn"],"picked":"TheSimpletonMod:SeedCoat","floor":2},{"not_picked":["TheSimpletonMod:Rototilling","TheSimpletonMod:Rake","TheSimpletonMod:ToughenUp"],"picked":"SKIP","floor":4},{"not_picked":["TheSimpletonMod:Swelter","TheSimpletonMod:SaladShooter"],"picked":"TheSimpletonMod:SlashAndBurn","floor":5},{"not_picked":["TheSimpletonMod:PestManagement","TheSimpletonMod:Ferment"],"picked":"TheSimpletonMod:RootDown","floor":7},{"not_picked":["TheSimpletonMod:CropRotation","TheSimpletonMod:PestManagement"],"picked":"TheSimpletonMod:Artichokes","floor":10},{"not_picked":["TheSimpletonMod:Rototilling","TheSimpletonMod:SaladShooter"],"picked":"TheSimpletonMod:CrackOfDawn","floor":12},{"not_picked":["TheSimpletonMod:SeedCoat","TheSimpletonMod:CropRotation","TheSimpletonMod:ToughenUp"],"picked":"SKIP","floor":13},{"not_picked":["TheSimpletonMod:GoToMarket","TheSimpletonMod:Innovate"],"picked":"TheSimpletonMod:Pruning","floor":14},{"not_picked":["TheSimpletonMod:CropDiversity","TheSimpletonMod:Barnstorm"],"picked":"TheSimpletonMod:HitTheSack","floor":16},{"not_picked":["TheSimpletonMod:CloseScrape","TheSimpletonMod:SoilSample+1"],"picked":"TheSimpletonMod:Pruning+1","floor":18}],"player_experience":2916592,"relics_obtained":[{"floor":7,"key":"Boot"},{"floor":9,"key":"Eternal Feather"},{"floor":12,"key":"champ:DeflectingBracers"},{"floor":14,"key":"Matryoshka"}],"event_choices":[{"cards_removed":["TheSimpletonMod:Defend_TheSimpleton"],"damage_healed":0,"gold_gain":0,"player_choice":"Card Removal","damage_taken":0,"max_hp_gain":0,"max_hp_loss":0,"event_name":"The Cleric","floor":3,"gold_loss":50},{"damage_healed":0,"gold_gain":99,"player_choice":"Stole From Cult","damage_taken":0,"max_hp_gain":0,"max_hp_loss":0,"event_name":"Nest","floor":19,"gold_loss":0}],"is_beta":false,"boss_relics":[{"not_picked":["theSenshi:MoonKaleidoScopeRelic","SacredBark"],"picked":"Pandora\u0027s Box"}],"items_purged_floors":[],"is_endless":false,"potions_floor_spawned":[4,5,7,12,14,16,20],"killed_by":"2 Thieves","ascension_level":4}}