{"host":"ccw6t0i2dpm5wyxf","time":1611029676,"event":{"mods":["AchievementEnabler","BaseMod","Colored Map","Minty Spire (QoL Compilation)","Permanent Neow","SuperFastMode"],"gold_per_floor":[118,6,6,6,6,47,47,80,80,124,145,170,120,120,120,241,241,257,237,255,255,269,269,304,304,386,32,47,80,80,3,3,3,3],"floor_reached":33,"language":"ENG","playtime":877,"items_purged":["Strike_R","Strike_R"],"score":524,"play_id":"e7f7464f-f79c-46d2-ba5c-7bca3414af3c","local_time":"20210118221436","is_ascension_mode":true,"campfire_choices":[{"data":"1","floor":7,"key":"LIFT"},{"data":"Juggernaut","floor":15,"key":"SMITH"},{"data":"Infernal Blade","floor":23,"key":"SMITH"},{"data":"Flame Barrier","floor":30,"key":"SMITH"},{"data":"Metallicize","floor":32,"key":"SMITH"}],"circlet_count":0,"master_deck":["AscendersBane","Defend_R","Defend_R","Defend_R","Defend_R","Bash","Pommel Strike","Carnage","Juggernaut+1","Shrug It Off","Infernal Blade+1","Infernal Blade+1","Ghostly Armor","Juggernaut","Metallicize","Iron Wave+1","Rupture","Battle Trance","Shockwave","Burning Pact+1","Flame Barrier+1","Metallicize+1"],"relics":["Burning Blood","NeowsBlessing","Girya","Golden Idol","Charon\u0027s Ashes","Kunai","Meat on the Bone","Mercury Hourglass","Coffee Dripper","Blood Vial","Letter Opener","Gremlin Horn","Dream Catcher"],"acts_visited":["Exordium","TheCity"],"potions_floor_usage":[18,22,24],"damage_taken":[{"damage":0,"enemies":"2 Louse","floor":1,"turns":2},{"damage":0,"enemies":"Gremlin Nob","floor":6,"turns":1},{"damage":0,"enemies":"Lagavulin","floor":8,"turns":2},{"damage":9,"enemies":"3 Sentries","floor":10,"turns":6},{"damage":7,"enemies":"Jaw Worm","floor":11,"turns":2},{"damage":0,"enemies":"Cultist","floor":12,"turns":2},{"damage":40,"enemies":"The Guardian","floor":16,"turns":12},{"damage":7,"enemies":"3 Byrds","floor":18,"turns":3},{"damage":0,"enemies":"Spheric Guardian","floor":20,"turns":3},{"damage":20,"enemies":"Snake Plant","floor":22,"turns":4},{"damage":35,"enemies":"Slavers","floor":24,"turns":4},{"damage":7,"enemies":"Shelled Parasite and Fungi","floor":28,"turns":5},{"damage":22,"enemies":"Book of Stabbing","floor":29,"turns":5},{"damage":55,"enemies":"Champ","floor":33,"turns":8}],"seed_played":"6041838497930537404","potions_obtained":[{"floor":6,"key":"Strength Potion"},{"floor":11,"key":"Fire Potion"},{"floor":12,"key":"Strength Potion"},{"floor":18,"key":"DistilledChaos"},{"floor":19,"key":"Regen Potion"},{"floor":22,"key":"Fire Potion"}],"is_trial":false,"path_per_floor":["M","$","?","$","?","E","R","E","T","E","M","M","?","?","R","B",null,"M","?","M","?","M","R","E","?","T","$","M","E","R","$","R","B"],"character_chosen":"IRONCLAD","items_purchased":["Carnage","Gremlin Horn","Metallicize"],"campfire_rested":0,"item_purchase_floors":[2,27,31],"current_hp_per_floor":[78,78,75,75,55,61,61,67,67,64,63,69,69,62,62,40,70,69,69,75,75,70,70,53,53,53,53,54,52,52,52,52,0,0],"gold":3,"neow_bonus":"THREE_ENEMY_KILL","is_daily":false,"chose_seed":false,"campfire_upgraded":4,"win_rate":0.0,"timestamp":1611029676,"path_taken":["M","$","?","$","?","E","R","E","T","E","M","M","?","?","R","BOSS","M","?","?","?","?","R","E","?","T","$","M","E","R","?","R","BOSS"],"items_purchased_type":["Card","Relic","Card"],"build_version":"2020-12-22","purchased_purges":2,"victory":false,"max_hp_per_floor":[80,80,80,80,80,80,80,80,80,80,80,80,80,80,80,80,80,80,80,80,80,80,80,80,80,80,80,80,80,80,80,80,80,80],"card_choices":[{"not_picked":["Perfected Strike","Anger"],"picked":"Pommel Strike","floor":1},{"not_picked":["Power Through","Sword Boomerang"],"picked":"Juggernaut","floor":6},{"not_picked":["Evolve","Clash"],"picked":"Shrug It Off","floor":8},{"not_picked":["Twin Strike","Immolate"],"picked":"Infernal Blade","floor":10},{"not_picked":["Flex","Wild Strike"],"picked":"Infernal Blade","floor":11},{"not_picked":["Evolve","Pummel"],"picked":"Ghostly Armor","floor":12},{"not_picked":["Double Tap","Immolate"],"picked":"Juggernaut","floor":16},{"not_picked":["Shrug It Off+1","Clothesline"],"picked":"Metallicize","floor":18},{"not_picked":["Bloodletting","True Grit+1"],"picked":"Iron Wave+1","floor":20},{"not_picked":["Shrug It Off","Perfected Strike+1"],"picked":"Rupture","floor":22},{"not_picked":["Sever Soul","Perfected Strike"],"picked":"Battle Trance","floor":24},{"not_picked":["Thunderclap","Armaments"],"picked":"Burning Pact+1","floor":28},{"not_picked":["Pommel Strike","Thunderclap"],"picked":"Flame Barrier","floor":29}],"player_experience":307449,"relics_obtained":[{"floor":6,"key":"Charon\u0027s Ashes"},{"floor":8,"key":"Kunai"},{"floor":9,"key":"Meat on the Bone"},{"floor":10,"key":"Mercury Hourglass"},{"floor":24,"key":"Blood Vial"},{"floor":26,"key":"Letter Opener"},{"floor":29,"key":"Dream Catcher"}],"event_choices":[{"damage_healed":0,"gold_gain":0,"player_choice":"Success","damage_taken":3,"relics_obtained":["Girya"],"max_hp_gain":0,"max_hp_loss":0,"event_name":"Scrap Ooze","floor":3,"gold_loss":0},{"damage_healed":0,"gold_gain":0,"player_choice":"Take Damage","damage_taken":20,"relics_obtained":["Golden Idol"],"max_hp_gain":0,"max_hp_loss":0,"event_name":"Golden Idol","floor":5,"gold_loss":0},{"cards_removed":["Strike_R"],"damage_healed":0,"gold_gain":0,"player_choice":"Card Removal","damage_taken":0,"max_hp_gain":0,"max_hp_loss":0,"event_name":"The Cleric","floor":13,"gold_loss":50},{"cards_removed":["Strike_R"],"damage_healed":0,"gold_gain":0,"player_choice":"Card Removal","damage_taken":7,"max_hp_gain":0,"max_hp_loss":0,"event_name":"Golden Wing","floor":14,"gold_loss":0},{"damage_healed":0,"gold_gain":0,"player_choice":"Bought 1 Potion","damage_taken":0,"max_hp_gain":0,"max_hp_loss":0,"event_name":"The Woman in Blue","floor":19,"gold_loss":0},{"damage_healed":0,"gold_gain":0,"player_choice":"Forge","damage_taken":0,"max_hp_gain":0,"max_hp_loss":0,"event_name":"Accursed Blacksmith","floor":21,"gold_loss":0,"cards_upgraded":["Infernal Blade"]},{"damage_healed":0,"gold_gain":0,"cards_transformed":["Strike_R"],"player_choice":"Transformed","damage_taken":0,"max_hp_gain":0,"max_hp_loss":0,"event_name":"Transmorgrifier","floor":25,"gold_loss":0,"cards_obtained":["Shockwave"]}],"is_beta":false,"boss_relics":[{"not_picked":["Pandora\u0027s Box","SlaversCollar"],"picked":"Coffee Dripper"}],"items_purged_floors":[2,27],"is_endless":false,"potions_floor_spawned":[6,11,12,16,18,20,22],"killed_by":"Champ","ascension_level":10}}