{"host":"8d3fefv2347kqkpz","time":1611015085,"event":{"mods":["100% Spire Juice","AchievementEnabler","Act Like it!","Aspiration","BaseMod","Better Vampires","Colored Map","Colored Powertips","Conspire","GifTheSpireLib","Highlight Path","Mimic Mod","Minty Spire (QoL Compilation)","Quick Restart","Reimu£®≤©¿ˆ¡È√Œ£©","Relic Stats","Remilia£®¿Ÿ√◊¿Ú—«£©","Replay The Spire","Spicy Shops","StSLib","The Gatherer","The Jungle","The Senshi","The Servant 0.9.4","Waifu the Spire","vexMod"],"gold_per_floor":[119,137,137,147,166,166,195,209,255,285,41,67,83,96,96,96,96],"floor_reached":16,"language":"ZHS","playtime":808,"items_purged":["Strike_B"],"score":108,"play_id":"6c1b372a-b4a7-49d1-86c4-3a4bb005d792","local_time":"20210119081125","is_ascension_mode":false,"campfire_choices":[{"data":"Defragment","floor":6,"key":"SMITH"},{"floor":15,"key":"REST"}],"circlet_count":0,"master_deck":["Strike_B","Strike_B","Strike_B","Defend_B","Defend_B","Defend_B","Defend_B","Zap","Dualcast","Defragment+1","Conserve Battery","Skim","Capacitor","Creative AI","Tempest","Self Repair"],"relics":["Cracked Core","Calipers","Mercury Hourglass","Replay:Bandana","conspire:GiftBox"],"acts_visited":["Exordium"],"potions_floor_usage":[],"damage_taken":[{"damage":0,"enemies":"Small Slimes","floor":1,"turns":2},{"damage":1,"enemies":"Cultist","floor":2,"turns":3},{"damage":0,"enemies":"conspire:RoseBush","floor":4,"turns":3},{"damage":1,"enemies":"2 Fungi Beasts","floor":5,"turns":4},{"damage":6,"enemies":"Replay:BlueRogue","floor":7,"turns":7},{"damage":5,"enemies":"3 Louse","floor":8,"turns":2},{"damage":4,"enemies":"Red Slaver","floor":10,"turns":3},{"damage":18,"enemies":"Lots of Slimes","floor":12,"turns":3},{"damage":17,"enemies":"2 Fungi Beasts","floor":13,"turns":4},{"damage":8,"enemies":"Exordium Thugs","floor":14,"turns":4},{"damage":62,"enemies":"Fading Forest","floor":16,"turns":9}],"seed_played":"-945065216216553366","potions_obtained":[{"floor":2,"key":"ColorlessPotion"},{"floor":7,"key":"CultistPotion"},{"floor":10,"key":"EssenceOfSteel"}],"is_trial":false,"path_per_floor":["M","M","?","M","M","R","E","M","T","M","$","M","M","M","R","B"],"character_chosen":"DEFECT","items_purchased":["Capacitor","conspire:GiftBox"],"campfire_rested":1,"item_purchase_floors":[11,11],"current_hp_per_floor":[82,81,81,81,80,80,74,69,69,65,65,47,30,22,46,0,0],"gold":96,"neow_bonus":"TEN_PERCENT_HP_BONUS","is_daily":false,"chose_seed":false,"campfire_upgraded":1,"win_rate":0.0,"timestamp":1611015085,"path_taken":["M","M","?","M","M","R","E","M","T","M","$","M","?","M","R","BOSS"],"items_purchased_type":["Card","Relic"],"build_version":"2020-12-22","purchased_purges":1,"victory":false,"max_hp_per_floor":[82,82,82,82,82,82,82,82,82,82,82,82,82,82,82,82,82],"relic_stats":{"counters":[11,44],"obtain_stats":[{"Replay:Bandana":9,"conspire:GiftBox":11,"Calipers":3,"Cracked Core":0,"Mercury Hourglass":7},{"Replay:Bandana":6,"conspire:GiftBox":7,"Calipers":2,"Cracked Core":0,"Mercury Hourglass":5},{"Replay:Bandana":21,"conspire:GiftBox":24,"Calipers":5,"Cracked Core":0,"Mercury Hourglass":19}],"Mercury Hourglass":[161]},"card_choices":[{"not_picked":["Leap","Darkness","Chill"],"picked":"SKIP","floor":1},{"not_picked":["Barrage","Sweeping Beam"],"picked":"Defragment","floor":2},{"not_picked":["ReplayTheSpireMod:Reroute Power","Rip and Tear"],"picked":"Conserve Battery","floor":4},{"not_picked":["Sweeping Beam","BasicCrystalCard","ReplaySolidLightProjector"],"picked":"SKIP","floor":5},{"not_picked":["Sweeping Beam","Hologram","ReplaySort"],"picked":"SKIP","floor":7},{"not_picked":["Barrage","Steam Power"],"picked":"Skim","floor":8},{"not_picked":["Streamline","Beam Cell","Steam"],"picked":"SKIP","floor":10},{"not_picked":["Echo Form","Meteor Strike"],"picked":"Creative AI","floor":11},{"not_picked":["Ball Lightning","Barrage","Streamline"],"picked":"SKIP","floor":12},{"not_picked":["Ball Lightning","Barrage","Streamline"],"picked":"SKIP","floor":12},{"not_picked":["Streamline","Coolheaded"],"picked":"Tempest","floor":13},{"not_picked":["Rip and Tear","Chill"],"picked":"Self Repair","floor":14}],"player_experience":113009,"relics_obtained":[{"floor":7,"key":"Mercury Hourglass"},{"floor":9,"key":"Replay:Bandana"}],"event_choices":[{"damage_healed":0,"gold_gain":0,"player_choice":"Gave Potion","damage_taken":0,"relics_obtained":["Calipers"],"max_hp_gain":0,"max_hp_loss":0,"event_name":"WeMeetAgain","floor":3,"gold_loss":0}],"is_beta":false,"boss_relics":[],"items_purged_floors":[11],"is_endless":false,"potions_floor_spawned":[2,7,10,12],"killed_by":"Fading Forest","ascension_level":0}}