{"host":"grkop1r5lnx8jmko","time":1611022872,"event":{"mods":["Act Like it!","Ascension Reborn","Aspiration","BaseMod","Beaked The Cultist","Better Note","BetterRewards","Block Reminder","Card Filter","Colored Map","Custom Start","Defuse TimeMaze Blight","Elementarium","Emptier Cage","Energized Spire","Friendly Minions","Gensokyo","GifTheSpireLib","Googly Eyes","Gremlin Mod","Hallownest","Hermit","Highlight Path","Hubris","Infinite Spire","Jorbs\u0027s Wanderer Trilogy","Koishi","Marisa????????","Mimic Mod","Minty Spire (QoL Compilation)","Pale of the Ancients","Permanent Neow","Quick Restart","Random Character Button","Rare Cards Sparkle","Relic Filter","Replay The Spire","SacredBarkPlus","Shop Mod","Small Relic Pack","StSLib","The Animator","The Bug Knight","The Construct","The Cursed","The Disciple","The Hierophant","The Runesmith","The Servant 0.9.4","Unceasing Turn Reminder","Waifu the Spire","[IsaacMod]????","egg","everything is the same but u backflip on backflip","slay the spire mod where everything is the same but ironclad has a cowboy hat"],"gold_per_floor":[119,149,176,202,224,277,277,318,318,318,365,386,131,143,143,313,313,372,372,372],"floor_reached":19,"language":"ENG","playtime":1690,"items_purged":[],"score":199,"play_id":"17e4edb9-4e10-432b-9b78-901f8ec840b1","local_time":"20210119132112","is_ascension_mode":true,"campfire_choices":[{"data":"HollowMod:RecoilStrike","floor":7,"key":"SMITH"}],"circlet_count":0,"master_deck":["HollowMod:NailStrikeStart","HollowMod:NailStrikeStart","HollowMod:NailStrikeStart","HollowMod:NailStrikeStart","HollowMod:QuickDashStart","HollowMod:QuickDashStart","HollowMod:QuickDashStart","HollowMod:QuickDashStart","HollowMod:FocusHealStart+1","HollowMod:PogoStrike","HollowMod:CycloneSlash","HollowMod:RecoilStrike+1","HollowMod:GrimmsGift","HollowMod:DesolateDive","HollowMod:CornifersMapStart","ReplayTheSpireMod:Private Reserves","HollowMod:Hiveblood","HollowMod:HowlingWraiths+1"],"relics":["HollowMod:VesselMask","HushsDoor","SalivaCoin","Replay:Rubber Ducky","aspiration:ArtOfWarUpgrade","construct:FoamFinger","Replay:Bottled Snecko","MerchantsRug","aspiration:RandomNobGenerator"],"acts_visited":["Hallownest:Greenpath","Hallownest:CityofTears"],"potions_floor_usage":[16,16,18],"damage_taken":[{"damage":1,"enemies":"Hallownest:monsterHuskWarrior","floor":1,"turns":4},{"damage":8,"enemies":"Hallownest:2_Tiktiks_and_1_Crawlid","floor":2,"turns":4},{"damage":1,"enemies":"2_ Uuma","floor":3,"turns":4},{"damage":0,"enemies":"Hallownest:monsterMossCharger","floor":4,"turns":4},{"damage":0,"enemies":"Hallownest:monsterFoolEater","floor":5,"turns":4},{"damage":27,"enemies":"Hallownest:eliteCrystalGuardian","floor":6,"turns":8},{"damage":4,"enemies":"Hallownest:eliteVengeflyKing","floor":8,"turns":10},{"damage":11,"enemies":"Hallownest:eliteMossKnight","floor":11,"turns":6},{"damage":2,"enemies":"Hallownest:1_Baldur_1_Crawlid_1_Warrior","floor":12,"turns":5},{"damage":0,"enemies":"Hallownest:monsterAspidMother","floor":14,"turns":4},{"damage":55,"enemies":"Hallownest:BossHornet","floor":16,"turns":13},{"damage":68,"enemies":"Hallownest:2_Mistakes","floor":18,"turns":19},{"damage":0,"enemies":"Hallownest:3_Youths","floor":19,"turns":1}],"seed_played":"3905651342169546016","potions_obtained":[{"floor":1,"key":"Energy Potion"},{"floor":3,"key":"Adrenaline Potion"},{"floor":6,"key":"DistilledChaos"},{"floor":8,"key":"EssenceOfSteel"},{"floor":18,"key":"DuplicationPotion"}],"is_trial":false,"path_per_floor":["M","M","M","M","M","E","R","E","T","R","E","M","$","M","R","B",null,"M","M"],"character_chosen":"THE_BUGKNIGHT","items_purchased":["MerchantsRug","ReplayTheSpireMod:Private Reserves"],"campfire_rested":0,"item_purchase_floors":[13,13],"current_hp_per_floor":[74,72,75,75,75,54,54,56,56,56,45,49,49,49,49,6,75,34,34,34],"gold":372,"neow_bonus":"UPGRADE_CARD","is_daily":false,"chose_seed":false,"campfire_upgraded":1,"win_rate":0.0,"timestamp":1611022872,"path_taken":["M","M","M","M","M","E","R","E","T","R","E","M","$","M","R","BOSS","M","M"],"items_purchased_type":["Relic","Card"],"build_version":"2020-12-22","purchased_purges":0,"victory":false,"max_hp_per_floor":[75,75,75,75,75,75,75,75,75,75,75,75,75,75,75,75,75,75,75,75],"card_choices":[{"not_picked":["HollowMod:HowlingWraiths","HollowMod:LifebloodCocoon"],"picked":"HollowMod:CycloneSlash","floor":1},{"not_picked":["HollowMod:QuirrelsAssistance","HollowMod:CycloneSlash"],"picked":"HollowMod:RecoilStrike","floor":2},{"not_picked":["HollowMod:SoulEater","HollowMod:RecoilStrike","HollowMod:TaintedHusks"],"picked":"SKIP","floor":3},{"not_picked":["HollowMod:CycloneSlash","HollowMod:CoiledNail","HollowMod:GoodIntentions"],"picked":"SKIP","floor":4},{"not_picked":["HollowMod:NewGlowingWomb","HollowMod:LuriensSpire"],"picked":"HollowMod:GrimmsGift","floor":5},{"not_picked":["HollowMod:SoulEater","HollowMod:NewInfectedGuardian","HollowMod:AbyssShriek"],"picked":"SKIP","floor":6},{"not_picked":["HollowMod:QuirrelsAssistance","HollowMod:CrystalDash"],"picked":"HollowMod:DesolateDive","floor":8},{"not_picked":["HollowMod:NewJinnsSoul","HollowMod:DoubleDash"],"picked":"HollowMod:CornifersMapStart","floor":11},{"not_picked":["HollowMod:SoulSplash","HollowMod:ShadowDash","HollowMod:BrokenVessel"],"picked":"SKIP","floor":12},{"not_picked":["HollowMod:TaintedHusks","HollowMod:InfectedAttack","HollowMod:VoidDash"],"picked":"SKIP","floor":14},{"not_picked":["HollowMod:PureVessel","HollowMod:ElderbugsWisdom"],"picked":"HollowMod:Hiveblood","floor":16},{"not_picked":["HollowMod:GoodIntentions","HollowMod:NewLittleFool"],"picked":"HollowMod:HowlingWraiths+1","floor":18}],"player_experience":280789,"relics_obtained":[{"floor":6,"key":"Replay:Rubber Ducky"},{"floor":8,"key":"Art of War"},{"floor":9,"key":"construct:FoamFinger"},{"floor":11,"key":"Replay:Bottled Snecko"}],"event_choices":[],"is_beta":false,"boss_relics":[{"not_picked":["beaked:MawFillet","energizedSpire:DeadBattery"],"picked":"aspiration:RandomNobGenerator"},{"not_picked":[]}],"items_purged_floors":[],"is_endless":false,"potions_floor_spawned":[1,3,6,8,18],"killed_by":"Hallownest:3_Youths","ascension_level":1}}