{"host":"dm4yvegl9um2tlqd","time":1611056762,"event":{"mods":["2.2 Compatiblity","AchievementEnabler","BaseMod","Colored Map","DeckTracker","Highlight Path","KOR Keyword Fix","Keyboard Shortcuts","Minty Spire (QoL Compilation)","Permanent Neow","Quick Restart","Random Character Button","StSLib","SuperFastMode","everything is the same but u backflip on backflip"],"gold_per_floor":[117,133,150,150,225,225,1,1,1,44,44,63,63,78,78,207,207,223,241,266,266,284,284,323,323,323,323,223,266,285,304,304,429,429,442,505,505,526,526,526,526,526,526,567,592,631,631,631,631,631,631,631,139,179,179],"floor_reached":56,"language":"KOR","playtime":2567,"items_purged":["Strike_R","Defend_R","Twin Strike"],"score":1607,"play_id":"a9a334c5-fc86-44ab-abe8-8b91c1e7aae7","local_time":"20210119204602","is_ascension_mode":true,"campfire_choices":[{"data":"Searing Blow","floor":6.0,"key":"SMITH"},{"data":"Searing Blow+1","floor":8.0,"key":"SMITH"},{"data":"Searing Blow+2","floor":11.0,"key":"SMITH"},{"data":"Searing Blow+4","floor":15.0,"key":"SMITH"},{"data":"Searing Blow+5","floor":23.0,"key":"SMITH"},{"data":"Searing Blow+6","floor":25.0,"key":"SMITH"},{"floor":27.0,"key":"RECALL"},{"data":"Searing Blow+7","floor":32.0,"key":"SMITH"},{"data":"Searing Blow+8","floor":40.0,"key":"SMITH"},{"data":"Searing Blow+9","floor":42.0,"key":"SMITH"},{"data":"Searing Blow+10","floor":47.0,"key":"SMITH"},{"data":"Searing Blow+11","floor":49.0,"key":"SMITH"},{"data":"Searing Blow+12","floor":52.0,"key":"SMITH"}],"circlet_count":0,"master_deck":["Defend_R","Defend_R","Defend_R","Bash","Armaments","Flame Barrier","Searing Blow+13","DeusExMachina","Sever Soul+1","Warcry+1","Sentinel+1","Hologram+1","Impatience+1","Crescendo","Echo Form","Armaments+1","Acrobatics"],"relics":["Burning Blood","Golden Idol","PrismaticShard","Pocketwatch","Magic Flower","Astrolabe","PreservedInsect","Anchor","Philosopher\u0027s Stone","Du-Vu Doll","Bottled Lightning","Bag of Preparation","Bottled Tornado","Happy Flower","TheAbacus","Turnip"],"acts_visited":["Exordium","TheCity","TheBeyond","TheEnding"],"potions_floor_usage":[55,55,55],"damage_taken":[{"damage":10.0,"enemies":"Small Slimes","floor":1.0,"turns":4.0},{"damage":0.0,"enemies":"2 Louse","floor":2.0,"turns":3.0},{"damage":1.0,"enemies":"Cultist","floor":3.0,"turns":4.0},{"damage":20.0,"enemies":"Lagavulin","floor":10.0,"turns":7.0},{"damage":5.0,"enemies":"Exordium Wildlife","floor":12.0,"turns":5.0},{"damage":0.0,"enemies":"Blue Slaver","floor":14.0,"turns":2.0},{"damage":29.0,"enemies":"Hexaghost","floor":16.0,"turns":7.0},{"damage":7.0,"enemies":"Chosen","floor":18.0,"turns":3.0},{"damage":3.0,"enemies":"3 Byrds","floor":19.0,"turns":5.0},{"damage":2.0,"enemies":"Centurion and Healer","floor":20.0,"turns":3.0},{"damage":7.0,"enemies":"3 Cultists","floor":22.0,"turns":5.0},{"damage":18.0,"enemies":"Gremlin Leader","floor":24.0,"turns":5.0},{"damage":9.0,"enemies":"Book of Stabbing","floor":29.0,"turns":2.0},{"damage":0.0,"enemies":"Shelled Parasite and Fungi","floor":30.0,"turns":4.0},{"damage":1.0,"enemies":"Sentry and Sphere","floor":31.0,"turns":3.0},{"damage":8.0,"enemies":"Champ","floor":33.0,"turns":3.0},{"damage":13.0,"enemies":"3 Shapes","floor":35.0,"turns":3.0},{"damage":9.0,"enemies":"Mind Bloom Boss Battle","floor":36.0,"turns":5.0},{"damage":0.0,"enemies":"Orb Walker","floor":38.0,"turns":3.0},{"damage":5.0,"enemies":"Reptomancer","floor":44.0,"turns":2.0},{"damage":2.0,"enemies":"Jaw Worm Horde","floor":45.0,"turns":3.0},{"damage":32.0,"enemies":"Nemesis","floor":46.0,"turns":7.0},{"damage":29.0,"enemies":"Awakened One","floor":50.0,"turns":4.0},{"damage":0.0,"enemies":"Shield and Spear","floor":54.0,"turns":2.0},{"damage":47,"enemies":"The Heart","floor":55,"turns":4}],"seed_played":"-2258343142608854946","potions_obtained":[{"floor":1.0,"key":"SneckoOil"},{"floor":10.0,"key":"Energy Potion"},{"floor":14.0,"key":"DuplicationPotion"},{"floor":16.0,"key":"LiquidMemories"},{"floor":29.0,"key":"Weak Potion"},{"floor":33.0,"key":"Weak Potion"},{"floor":45.0,"key":"DistilledChaos"},{"floor":46.0,"key":"FearPotion"}],"is_trial":false,"path_per_floor":["M","M","M","?","?","R","$","R","T","E","R","M","?","M","R","B",null,"M","M","M","?","M","R","E","R","T","R","$","E","M","M","R","B",null,"M","?","?","M","?","R","?","R","T","E","M","E","R","?","R","B",null,"R","$","E","B",null],"character_chosen":"IRONCLAD","items_purchased":["PrismaticShard","DuplicationPotion","Happy Flower","TheAbacus"],"campfire_rested":0,"item_purchase_floors":[7,53,53,53],"current_hp_per_floor":[68,74,79,74,63,63,63,63,63,49,49,53,53,62,62,42,66,68,74,74,74,74,74,65,65,65,65,65,65,74,74,74,74,74,70,70,74,74,74,74,74,74,74,74,74,51,51,51,51,31,63,63,63,72,34],"gold":179,"neow_bonus":"THREE_CARDS","is_daily":false,"chose_seed":false,"campfire_upgraded":12,"win_rate":0.0,"timestamp":1611056762,"path_taken":["M","M","M","?","?","R","$","R","T","E","R","M","?","M","R","BOSS","M","M","?","?","M","R","E","R","T","R","$","E","M","M","R","BOSS","M","?","?","?","?","R","?","R","T","E","M","E","R","?","R","BOSS","R","$","E","BOSS"],"items_purchased_type":["Relic","Potion","Relic","Relic"],"build_version":"2020-12-22","purchased_purges":3,"victory":true,"max_hp_per_floor":[80,80,80,74,74,74,74,74,74,74,74,74,74,74,74,74,74,74,74,74,74,74,74,74,74,74,74,74,74,74,74,74,74,74,74,74,74,74,74,74,74,74,74,74,74,74,74,74,74,74,74,74,74,74,74],"card_choices":[{"not_picked":["Cleave","Intimidate"],"picked":"Twin Strike","floor":0.0},{"not_picked":["Feel No Pain","Flex"],"picked":"Armaments","floor":1.0},{"not_picked":["Twin Strike","Metallicize"],"picked":"Flame Barrier","floor":2.0},{"not_picked":["Heavy Blade","Thunderclap"],"picked":"Searing Blow","floor":3.0},{"not_picked":["Combust","BowlingBash","SignatureMove"],"picked":"SKIP","floor":10.0},{"not_picked":["Bane","Backflip","Combust"],"picked":"SKIP","floor":12.0},{"not_picked":["Escape Plan","Backstab"],"picked":"Armaments","floor":14.0},{"not_picked":["Wraith Form v2","Storm of Steel"],"picked":"DeusExMachina","floor":16.0},{"not_picked":["PiercingWail","Wallop","Anger"],"picked":"SKIP","floor":18.0},{"not_picked":["Slice","Self Repair+1"],"picked":"Hologram+1","floor":19.0},{"not_picked":["Protect+1","Cleave+1","BowlingBash"],"picked":"SKIP","floor":20.0},{"not_picked":["Anger+1","Outmaneuver"],"picked":"Impatience+1","floor":22.0},{"not_picked":["Conserve Battery+1","Flame Barrier","Steam Power"],"picked":"SKIP","floor":24.0},{"not_picked":["Die Die Die","Reckless Charge","Flying Knee"],"picked":"SKIP","floor":29.0},{"not_picked":["Forethought","ThirdEye"],"picked":"Crescendo","floor":30.0},{"not_picked":["Blur","JustLucky","Flying Knee"],"picked":"SKIP","floor":31.0},{"not_picked":["Meteor Strike","Metamorphosis"],"picked":"Echo Form","floor":33.0},{"not_picked":["Seeing Red+1","Forethought","Sentinel"],"picked":"SKIP","floor":35.0},{"not_picked":["Consecrate+1","Good Instincts","EmptyBody"],"picked":"SKIP","floor":38.0},{"not_picked":["Auto Shields+1","Deadly Poison+1"],"picked":"Armaments+1","floor":44.0},{"not_picked":["Sunder+1","Dodge and Roll+1"],"picked":"Acrobatics","floor":45.0},{"not_picked":["Blade Dance+1","Forethought+1","FollowUp"],"picked":"SKIP","floor":46.0},{"not_picked":["Streamline+1","EmptyBody+1","Poisoned Stab"],"picked":"SKIP","floor":54.0}],"player_experience":68940,"relics_obtained":[{"floor":9.0,"key":"Pocketwatch"},{"floor":10.0,"key":"Magic Flower"},{"floor":24.0,"key":"PreservedInsect"},{"floor":29.0,"key":"Anchor"},{"floor":36.0,"key":"Du-Vu Doll"},{"floor":43.0,"key":"Bottled Lightning"},{"floor":44.0,"key":"Bag of Preparation"},{"floor":46.0,"key":"Bottled Tornado"},{"floor":54.0,"key":"Turnip"}],"event_choices":[{"damage_healed":0.0,"max_hp_gain":0.0,"max_hp_loss":6.0,"gold_gain":0.0,"event_name":"Golden Idol","player_choice":"Lose Max HP","floor":4.0,"gold_loss":0.0,"damage_taken":0.0,"relics_obtained":["Golden Idol"]},{"damage_healed":0.0,"max_hp_gain":0.0,"max_hp_loss":0.0,"gold_gain":75.0,"event_name":"World of Goop","player_choice":"Gather Gold","floor":5.0,"gold_loss":0.0,"damage_taken":11.0},{"damage_healed":0.0,"max_hp_gain":0.0,"max_hp_loss":0.0,"gold_gain":0.0,"event_name":"Upgrade Shrine","player_choice":"Upgraded","floor":13.0,"gold_loss":0.0,"damage_taken":0.0,"cards_upgraded":["Searing Blow"]},{"cards_removed":["Strike_R"],"damage_healed":0.0,"max_hp_gain":0.0,"max_hp_loss":0.0,"gold_gain":0.0,"event_name":"Back to Basics","player_choice":"Elegance","floor":21.0,"gold_loss":0.0,"damage_taken":0.0},{"damage_healed":0.0,"max_hp_gain":0.0,"max_hp_loss":0.0,"gold_gain":0.0,"event_name":"MindBloom","player_choice":"Fight","floor":36.0,"gold_loss":0.0,"damage_taken":0.0},{"damage_healed":4.0,"max_hp_gain":0.0,"max_hp_loss":0.0,"gold_gain":0.0,"event_name":"Wheel of Change","player_choice":"Full Heal","floor":37.0,"gold_loss":0.0,"damage_taken":0.0},{"damage_healed":0.0,"max_hp_gain":0.0,"max_hp_loss":0.0,"gold_gain":0.0,"event_name":"SensoryStone","player_choice":"Memory 1","floor":39.0,"gold_loss":0.0,"damage_taken":0.0},{"damage_healed":0.0,"max_hp_gain":0.0,"max_hp_loss":0.0,"gold_gain":0.0,"event_name":"Tomb of Lord Red Mask","player_choice":"Ignored","floor":41.0,"gold_loss":0.0,"damage_taken":0.0},{"cards_removed":["Armaments"],"damage_healed":0.0,"max_hp_gain":0.0,"max_hp_loss":0.0,"gold_gain":0.0,"event_name":"Falling","player_choice":"Removed Skill","floor":48.0,"gold_loss":0.0,"damage_taken":0.0}],"is_beta":false,"boss_relics":[{"not_picked":["Cursed Key","Snecko Eye"],"picked":"Astrolabe"},{"not_picked":["Mark of Pain","Runic Dome"],"picked":"Philosopher\u0027s Stone"}],"items_purged_floors":[7,28,53],"is_endless":false,"potions_floor_spawned":[1,10,14,16,18,29,30,33,45,46,54],"ascension_level":7}}