{"host":"8a3jzv7qxg3y7b6t","time":1611043762,"event":{"mods":["BaseMod","Better Third Choice","Downfall","Hermit","Minty Spire (QoL Compilation)","Relic Stats","StSLib","The Bug Knight","The Cursed"],"gold_per_floor":[115,130,25,36,51,80,98,129,129,164,235,255,255,430,430,529,529,543,458,472,472,485,485,485],"floor_reached":23,"language":"ENG","playtime":1107,"items_purged":[],"score":284,"play_id":"8b92a510-0d10-4dfb-a22c-d923c18c0473","local_time":"20210119000922","is_ascension_mode":true,"campfire_choices":[{"floor":15,"key":"RECALL"}],"circlet_count":0,"master_deck":["Strike_B","Strike_B","Strike_B","Strike_B","Defend_B","Defend_B","Defend_B","Defend_B","Zap+1","Dualcast","BootSequence","Storm","Conserve Battery","Self Repair","Streamline","Melter","Gash","Gash","Barrage","Gash","Doubt","Echo Form","Hello World","Chaos","Gash+1"],"relics":["Cracked Core","Bottled Lightning","Ornamental Fan","HollowMod:PaleOreRelic","Matryoshka","Pear","Inserter","StoneCalendar"],"acts_visited":["Exordium","TheCity"],"potions_floor_usage":[6,6,8,16,23,23],"damage_taken":[{"damage":1,"enemies":"Cultist","floor":1,"turns":3},{"damage":0,"enemies":"Small Slimes","floor":2,"turns":2},{"damage":0,"enemies":"Jaw Worm","floor":4,"turns":3},{"damage":2,"enemies":"Looter","floor":5,"turns":4},{"damage":17,"enemies":"Lagavulin","floor":6,"turns":5},{"damage":5,"enemies":"Gremlin Gang","floor":7,"turns":5},{"damage":17,"enemies":"3 Sentries","floor":8,"turns":6},{"damage":30,"enemies":"Gremlin Nob","floor":10,"turns":4},{"damage":18,"enemies":"Exordium Thugs","floor":12,"turns":3},{"damage":11,"enemies":"Hexaghost","floor":16,"turns":9},{"damage":11,"enemies":"3 Byrds","floor":18,"turns":5},{"damage":33,"enemies":"Chosen","floor":20,"turns":6},{"damage":45,"enemies":"Snake Plant","floor":22,"turns":6},{"damage":15,"enemies":"Gremlin Leader","floor":23,"turns":3}],"seed_played":"4811305757684461715","potions_obtained":[{"floor":2,"key":"DistilledChaos"},{"floor":4,"key":"Dexterity Potion"},{"floor":7,"key":"bronze:BurnAndBuffPotion"},{"floor":8,"key":"bronze:BurnAndBuffPotion"},{"floor":12,"key":"PowerPotion"},{"floor":16,"key":"Energy Potion"}],"is_trial":false,"path_per_floor":["M","M","$","M","M","E","M","E","T","E","?","M","?","?","R","B",null,"M","?","M","?","M","E"],"character_chosen":"DEFECT","items_purchased":["Conserve Battery","Self Repair"],"campfire_rested":0,"item_purchase_floors":[3,3],"current_hp_per_floor":[81,81,81,82,82,72,74,64,64,41,41,23,27,27,27,23,92,92,92,59,59,21,6,6],"gold":485,"neow_bonus":"TEN_PERCENT_HP_BONUS","is_daily":false,"chose_seed":false,"campfire_upgraded":0,"win_rate":0.0,"timestamp":1611043762,"path_taken":["M","?","?","M","M","E","M","E","T","E","?","M","?","?","R","BOSS","M","?","M","?","M","E"],"items_purchased_type":["Card","Card"],"build_version":"2020-12-22","purchased_purges":0,"victory":false,"max_hp_per_floor":[82,82,82,82,82,82,82,82,82,82,82,82,92,92,92,92,92,92,92,92,92,92,92,92],"relic_stats":{"Inserter":[10],"counters":[14,64],"Ornamental Fan":[40],"StoneCalendar":[0],"obtain_stats":[{"Matryoshka":13,"Pear":13,"Inserter":17,"Ornamental Fan":8,"StoneCalendar":19,"Bottled Lightning":6,"HollowMod:PaleOreRelic":10,"Cracked Core":0},{"Matryoshka":9,"Pear":9,"Inserter":10,"Ornamental Fan":7,"StoneCalendar":11,"Bottled Lightning":5,"HollowMod:PaleOreRelic":8,"Cracked Core":0},{"Matryoshka":35,"Pear":35,"Inserter":44,"Ornamental Fan":28,"StoneCalendar":49,"Bottled Lightning":17,"HollowMod:PaleOreRelic":32,"Cracked Core":0}]},"card_choices":[{"not_picked":["Steam","Hologram"],"picked":"BootSequence","floor":1},{"not_picked":["Beam Cell","Rebound"],"picked":"Storm","floor":2},{"not_picked":["Hologram","Reinforced Body"],"picked":"Streamline","floor":4},{"not_picked":["Coolheaded","Beam Cell"],"picked":"Melter","floor":5},{"not_picked":["Streamline","Electrodynamics"],"picked":"Gash","floor":6},{"not_picked":["Leap","Hello World"],"picked":"Gash","floor":7},{"not_picked":["Cold Snap","Chaos"],"picked":"Barrage","floor":8},{"not_picked":["Coolheaded","Stack"],"picked":"Gash","floor":10},{"not_picked":["Cold Snap","Steam Power","Barrage"],"picked":"SKIP","floor":12},{"not_picked":["Rainbow","Fission"],"picked":"Echo Form","floor":16},{"not_picked":["Stack","Barrage"],"picked":"Hello World","floor":18},{"not_picked":["Heatsinks+1","Rip and Tear"],"picked":"Chaos","floor":20},{"not_picked":["Fusion","Beam Cell"],"picked":"Gash+1","floor":22}],"player_experience":616560,"relics_obtained":[{"floor":6,"key":"Bottled Lightning"},{"floor":8,"key":"Ornamental Fan"},{"floor":10,"key":"HollowMod:PaleOreRelic"}],"event_choices":[{"damage_healed":0,"gold_gain":71,"player_choice":"Gained Gold","damage_taken":0,"max_hp_gain":0,"max_hp_loss":0,"event_name":"Golden Wing","floor":11,"gold_loss":0},{"damage_healed":0,"gold_gain":1,"player_choice":"Relic Relic ","damage_taken":6,"max_hp_gain":0,"max_hp_loss":0,"event_name":"betterThird:BetterScrap","floor":13,"gold_loss":0,"cards_obtained":["Offering"]},{"damage_healed":0,"gold_gain":175,"player_choice":"AGREE","damage_taken":255,"max_hp_gain":0,"max_hp_loss":0,"event_name":"betterThird:BetterSerpent","floor":14,"gold_loss":0},{"damage_healed":0,"gold_gain":0,"player_choice":"Obtained Relic","damage_taken":0,"relics_obtained":["StoneCalendar"],"max_hp_gain":0,"max_hp_loss":0,"event_name":"Addict","floor":19,"gold_loss":85},{"damage_healed":0,"gold_gain":0,"player_choice":"Upgraded","damage_taken":0,"max_hp_gain":0,"max_hp_loss":0,"event_name":"Upgrade Shrine","floor":21,"gold_loss":0,"cards_upgraded":["Zap"]}],"is_beta":false,"boss_relics":[{"not_picked":["Fusion Hammer","bronze:MakeshiftBattery"],"picked":"Inserter"}],"items_purged_floors":[],"is_endless":false,"potions_floor_spawned":[2,4,7,8,12,16],"killed_by":"Gremlin Leader","ascension_level":2}}