{"host":"m9i7qe3hvz6jihjh","time":1611070176,"event":{"mods":["BaseMod","Colored Powertips","Infinite Spire","Minty Spire (QoL Compilation)","Quick Restart","StSLib","The Animator","Waifu the Spire"],"gold_per_floor":[114,114,128,152,162,200,200,231,231,231,251,251,278,238,238,341,341,352,352,372,287,297,297,330,354,354,368,394,394,409,409,409,505,505,524,548,548,568,568,568,587,587,587,605,31,31,31,31],"floor_reached":47,"language":"ENG","playtime":2362,"items_purged":["animator:Hitei"],"score":484,"play_id":"82736ead-a139-4c18-a54d-bb5b311c840c","local_time":"20210119162936","is_ascension_mode":false,"campfire_choices":[{"floor":7,"key":"REST"},{"data":"animator:Elesis","floor":10,"key":"SMITH"},{"floor":12,"key":"REST"},{"floor":15,"key":"REST"},{"floor":23,"key":"REST"},{"floor":29,"key":"REST"},{"floor":32,"key":"REST"},{"floor":40,"key":"REST"},{"floor":42,"key":"REST"}],"circlet_count":0,"master_deck":["animator:IrohaTamaki","animator:YuiTsuruno","animator:Guren","animator:EmiyaShirou","animator:Albedo","animator:MadokaKaname","animator:Ain","animator:Shinoa","animator:MamiTomoe","animator:SayakaMiki","animator:NarberalGamma","animator:Elesis+2","animator:HomuraAkemi","animator:Boros","animator:OrikoMikuni+1","animator:Arpeggio+1","animator:EmiyaShirou","animator:DolaRiku","animator:NagisaMomoe","animator:Shalltear","animator:Kaijin","animator:HomuraAkemi","CurseOfTheBell","animator:SayakaMiki+1","animator:PandorasActor+1","animator:Tatsumaki+1","animator:HigakiRinne+1","animator:PandorasActor+1","animator:QuestionMark+1","infinitespire:DeathsTouch"],"relics":["animator:TheMissingPiece","animator:PurgingStone","Pandora\u0027s Box","Regal Pillow","Centennial Puzzle","Oddly Smooth Stone","Astrolabe","Bird Faced Urn","infinitespire:Golems Mask","Vajra","infinitespire:FocusingShard","animator:HolyGrailRelic","infinitespire:CursedDice","Calling Bell","animator:Buoy","Toxic Egg 2","Peace Pipe","The Courier","Juzu Bracelet","Lantern","Incense Burner"],"acts_visited":["Exordium","TheCity","TheBeyond"],"potions_floor_usage":[6,8,13,24,33,35,38,47],"damage_taken":[{"damage":0,"enemies":"Small Slimes","floor":1,"turns":4},{"damage":1,"enemies":"Cultist","floor":3,"turns":4},{"damage":2,"enemies":"2 Louse","floor":4,"turns":3},{"damage":3,"enemies":"Large Slime","floor":5,"turns":6},{"damage":40,"enemies":"Gremlin Nob","floor":6,"turns":7},{"damage":12,"enemies":"3 Sentries","floor":8,"turns":8},{"damage":27,"enemies":"Gremlin Gang","floor":11,"turns":3},{"damage":5,"enemies":"2 Fungi Beasts","floor":13,"turns":3},{"damage":19,"enemies":"Slime Boss","floor":16,"turns":8},{"damage":34,"enemies":"2 Thieves","floor":18,"turns":5},{"damage":14,"enemies":"Shell Parasite","floor":20,"turns":9},{"damage":31,"enemies":"Snecko","floor":22,"turns":8},{"damage":49,"enemies":"Nightmare","floor":24,"turns":12},{"damage":36,"enemies":"Centurion and Healer","floor":27,"turns":7},{"damage":11,"enemies":"3 Cultists","floor":28,"turns":7},{"damage":60,"enemies":"Chosen and Byrds","floor":30,"turns":10},{"damage":92,"enemies":"Champ","floor":33,"turns":12},{"damage":16,"enemies":"3 Shapes","floor":35,"turns":4},{"damage":30,"enemies":"Orb Walker","floor":36,"turns":5},{"damage":31,"enemies":"Maw","floor":38,"turns":10},{"damage":15,"enemies":"Sphere and 2 Shapes","floor":41,"turns":6},{"damage":50,"enemies":"3 Darklings","floor":44,"turns":8},{"damage":40,"enemies":"4 Shapes","floor":47,"turns":3}],"seed_played":"1838494841683245711","potions_obtained":[{"floor":3,"key":"Block Potion"},{"floor":6,"key":"animator:FalseLifePotion"},{"floor":11,"key":"Fire Potion"},{"floor":18,"key":"infinitespire:BlackPotion"},{"floor":28,"key":"FairyPotion"},{"floor":30,"key":"ColorlessPotion"},{"floor":33,"key":"BlessingOfTheForge"},{"floor":35,"key":"animator:GrowthPotion"},{"floor":36,"key":"EssenceOfSteel"},{"floor":37,"key":"DuplicationPotion"},{"floor":37,"key":"Swift Potion"},{"floor":37,"key":"Regen Potion"},{"floor":44,"key":"Dexterity Potion"}],"is_trial":false,"path_per_floor":["M","?","M","M","M","E","R","E","T","R","M","R","M","?","R","B",null,"M","?","M","?","M","R","NM","T","T","M","M","R","M","AVR","R","B",null,"M","M","?","M","?","R","M","R","T","M","$","?","M"],"character_chosen":"THE_ANIMATOR","items_purchased":["Juzu Bracelet","Lantern","Incense Burner","animator:QuestionMark+1","PowerPotion"],"campfire_rested":8,"item_purchase_floors":[45,45,45,45,45],"current_hp_per_floor":[66,66,65,63,64,24,59,50,50,50,26,61,56,56,67,48,67,45,50,51,51,26,61,22,22,22,4,8,43,20,28,66,27,77,72,52,52,66,56,83,76,85,85,56,56,35,0,0],"gold":31,"neow_bonus":"BOSS_RELIC","is_daily":false,"chose_seed":false,"campfire_upgraded":1,"win_rate":0.0,"timestamp":1611070176,"path_taken":["M","?","M","M","M","E","R","E","T","R","?","R","M","?","R","BOSS","M","?","?","?","M","R","NM","?","T","M","M","R","M","AVR","R","BOSS","M","M","?","?","?","R","M","R","T","M","?","?","M"],"items_purchased_type":["Relic","Relic","Relic","Card","Potion"],"build_version":"2020-12-22","purchased_purges":1,"victory":false,"max_hp_per_floor":[66,66,66,66,67,67,67,67,67,67,67,67,67,67,67,67,67,67,67,67,67,67,67,68,68,68,69,69,69,69,77,77,77,77,79,81,81,83,83,83,85,85,85,87,87,87,87,87],"card_choices":[{"not_picked":["animator:DolaStephanie","animator:Ain","animator:ElricEdward"],"picked":"SKIP","floor":1},{"not_picked":["animator:GuildGirl","animator:ElricEdward"],"picked":"animator:Shinoa","floor":3},{"not_picked":["animator:Alexander","animator:Tet"],"picked":"animator:MamiTomoe","floor":4},{"not_picked":["animator:NagisaMomoe","animator:SuzuneAmano"],"picked":"animator:SayakaMiki","floor":5},{"not_picked":["animator:Emonzaemon","animator:Hakurou"],"picked":"animator:NarberalGamma","floor":6},{"not_picked":["animator:Layla","animator:Mikaela"],"picked":"animator:Elesis","floor":8},{"not_picked":["animator:Illya","animator:Ara","animator:DolaCouronne"],"picked":"SKIP","floor":11},{"not_picked":["animator:SayakaMiki","animator:KyokoSakura"],"picked":"animator:HomuraAkemi","floor":13},{"not_picked":["animator:ChaikaTrabant","animator:Greed"],"picked":"animator:Boros","floor":16},{"not_picked":["animator:Gillette","animator:ElricEdward"],"picked":"animator:EmiyaShirou","floor":18},{"not_picked":["animator:Shuna","animator:Raven","animator:Darkness"],"picked":"SKIP","floor":20},{"not_picked":["animator:SilverFang+1","animator:RinTohsaka"],"picked":"animator:DolaRiku","floor":22},{"not_picked":["animator:KyokoSakura","animator:OrikoMikuni"],"picked":"animator:NagisaMomoe","floor":24},{"not_picked":["animator:Shuna","animator:RinTohsaka"],"picked":"animator:Shalltear","floor":27},{"not_picked":["animator:Souei","animator:YunYun"],"picked":"animator:Hitei","floor":28},{"not_picked":["animator:Father","animator:Entoma"],"picked":"animator:Kaijin","floor":30},{"not_picked":["animator:GoblinSlayer","animator:ChaikaTrabant"],"picked":"animator:HomuraAkemi","floor":33},{"not_picked":["animator:NagisaMomoe+1","animator:YuiTsuruno"],"picked":"animator:SayakaMiki+1","floor":35},{"not_picked":["animator:ZankiKiguchi","animator:SayakaMiki+1"],"picked":"animator:PandorasActor+1","floor":36},{"not_picked":["animator:DolaCouronne+1","animator:Elsword"],"picked":"animator:Tatsumaki+1","floor":38},{"not_picked":["animator:Megumin","animator:Rider+1","animator:Chris"],"picked":"SKIP","floor":41},{"not_picked":["animator:Cocytus","animator:NarberalGamma+1"],"picked":"animator:PandorasActor+1","floor":44},{"not_picked":["infinitespire:FutureSight","infinitespire:SevenWalls"],"picked":"infinitespire:DeathsTouch","floor":46}],"player_experience":910458,"relics_obtained":[{"floor":6,"key":"Regal Pillow"},{"floor":8,"key":"Centennial Puzzle"},{"floor":9,"key":"Oddly Smooth Stone"},{"floor":24,"key":"infinitespire:Golems Mask"},{"floor":25,"key":"Vajra"},{"floor":26,"key":"infinitespire:FocusingShard"},{"floor":34,"key":"animator:Buoy"},{"floor":34,"key":"Toxic Egg 2"},{"floor":34,"key":"Peace Pipe"},{"floor":43,"key":"The Courier"}],"event_choices":[{"damage_healed":0,"gold_gain":0,"cards_transformed":["animator:IzunaHatsuse"],"player_choice":"Transformed","damage_taken":0,"max_hp_gain":0,"max_hp_loss":0,"event_name":"Transmorgrifier","floor":2,"gold_loss":0,"cards_obtained":["animator:Ain"]},{"damage_healed":0,"gold_gain":0,"player_choice":"Left Gold","damage_taken":0,"max_hp_gain":0,"max_hp_loss":0,"event_name":"World of Goop","floor":14,"gold_loss":40},{"cards_removed":["animator:Spearman"],"damage_healed":5,"gold_gain":0,"player_choice":"Offered Common","damage_taken":0,"max_hp_gain":0,"max_hp_loss":0,"event_name":"Bonfire Elementals","floor":19,"gold_loss":0},{"cards_removed":["animator:Spearman"],"damage_healed":5,"gold_gain":0,"player_choice":"Offered Special","damage_taken":0,"max_hp_gain":0,"max_hp_loss":0,"event_name":"Bonfire Elementals","floor":19,"gold_loss":0},{"damage_healed":0,"gold_gain":0,"player_choice":"Obtained Relic","damage_taken":0,"relics_obtained":["Bird Faced Urn"],"max_hp_gain":0,"max_hp_loss":0,"event_name":"Addict","floor":21,"gold_loss":85},{"damage_healed":0,"gold_gain":0,"player_choice":"Got Potions","damage_taken":0,"max_hp_gain":0,"max_hp_loss":0,"event_name":"Lab","floor":37,"gold_loss":0},{"damage_healed":0,"gold_gain":0,"player_choice":"Embrace Madness","damage_taken":10,"max_hp_gain":0,"max_hp_loss":0,"event_name":"Winding Halls","floor":39,"gold_loss":0,"cards_obtained":["animator:HigakiRinne"]}],"is_beta":false,"boss_relics":[{"not_picked":["Fusion Hammer","Philosopher\u0027s Stone"],"picked":"Astrolabe"},{"not_picked":["Busted Crown","SlaversCollar"],"picked":"Calling Bell"}],"items_purged_floors":[31],"is_endless":true,"potions_floor_spawned":[3,6,11,18,28,30,33,35,36,44],"killed_by":"4 Shapes","ascension_level":0}}