{"host":"jyuuog6ydc2s7nd8","time":1611061953,"event":{"mods":["BaseMod","Better Vampires","Minty Spire (QoL Compilation)","Shop Mod","StSLib","The Hierophant","The Servant 0.9.4","TheBandit","[IsaacMod]ÒÔÈö¼âËþ"],"gold_per_floor":[119,169,169,182,205,234,234,251,251,281,206,224,224,258,258,331,331,342,358,77,77,93,93,104,104,131,163,163,177,177,208,208,280,280,299,299,113,113,113,147,166,182,182,103,274,274,291,320,347,347,347,347,347,222,251,251],"floor_reached":57,"language":"ZHS","playtime":1809,"items_purged":["Strike_R","Strike_R","Strike_R","Strike_R","Strike_R"],"score":3482,"play_id":"b39d851e-0787-4ad6-9e85-35d169a4a0e8","local_time":"20210119211233","is_ascension_mode":true,"campfire_choices":[{"data":"Body Slam","floor":7.0,"key":"SMITH"},{"data":"Pommel Strike","floor":13.0,"key":"SMITH"},{"data":"Bash","floor":15.0,"key":"SMITH"},{"data":"Bloodletting","floor":23.0,"key":"SMITH"},{"data":"Second Wind","floor":25.0,"key":"SMITH"},{"data":"Battle Trance","floor":28.0,"key":"SMITH"},{"floor":30.0,"key":"RECALL"},{"data":"Shrug It Off","floor":32.0,"key":"SMITH"},{"data":"Entrench","floor":46.0,"key":"SMITH"},{"data":"Ghostly Armor","floor":49.0,"key":"SMITH"},{"data":"Defend_R","floor":53,"key":"SMITH"}],"circlet_count":0,"master_deck":["AscendersBane","Defend_R","Defend_R","Defend_R+1","Defend_R","Bash+1","Second Wind+1","Pommel Strike+1","Body Slam+1","Ghostly Armor+1","Bloodletting+1","Dark Embrace+1","Battle Trance+1","Shrug It Off+1","Warcry+1","Feel No Pain+1","Mayhem+1","Entrench+1","Power Through+1"],"relics":["Burning Blood","HushsDoor","Juzu Bracelet","DeathBook","StrikeDummy","Boot","Pear","HowToJump","InkBottle","Frozen Egg 2","PunchingBag","Happy Flower","Mark of Pain","Incubus","SatanicBible","FossilizedHelix","TheBible","Philosopher\u0027s Stone","Bronze Scales","Bottled Tornado","BloodDonationBag","Self Forming Clay","HornCleat"],"acts_visited":["Exordium","TheCity","TheBeyond","TheEnding"],"potions_floor_usage":[50,56],"damage_taken":[{"damage":2.0,"enemies":"2 Louse","floor":1.0,"turns":4.0},{"damage":17.0,"enemies":"Hiden Room Battle","floor":2.0,"turns":3.0},{"damage":1.0,"enemies":"Cultist","floor":4.0,"turns":3.0},{"damage":50.0,"enemies":"Lagavulin","floor":6.0,"turns":8.0},{"damage":0.0,"enemies":"Jaw Worm","floor":8.0,"turns":3.0},{"damage":8.0,"enemies":"Gremlin Nob","floor":10.0,"turns":3.0},{"damage":1.0,"enemies":"Looter","floor":12.0,"turns":3.0},{"damage":7.0,"enemies":"Lagavulin","floor":14.0,"turns":4.0},{"damage":3.0,"enemies":"The Guardian","floor":16.0,"turns":9.0},{"damage":0.0,"enemies":"3 Byrds","floor":18.0,"turns":5.0},{"damage":8.0,"enemies":"2 Thieves","floor":19.0,"turns":3.0},{"damage":1.0,"enemies":"Sentry and Sphere","floor":22.0,"turns":3.0},{"damage":0.0,"enemies":"Snake Plant","floor":24.0,"turns":1.0},{"damage":1.0,"enemies":"Book of Stabbing","floor":27.0,"turns":4.0},{"damage":0.0,"enemies":"3 Cultists","floor":29.0,"turns":3.0},{"damage":0.0,"enemies":"Slavers","floor":31.0,"turns":1.0},{"damage":0.0,"enemies":"Collector","floor":33.0,"turns":3.0},{"damage":0.0,"enemies":"Orb Walker","floor":35.0,"turns":1.0},{"damage":0.0,"enemies":"Giant Head","floor":40.0,"turns":4.0},{"damage":0.0,"enemies":"3 Darklings","floor":41.0,"turns":4.0},{"damage":0.0,"enemies":"Writhing Mass","floor":42.0,"turns":3.0},{"damage":0.0,"enemies":"2 Orb Walkers","floor":45.0,"turns":3.0},{"damage":0.0,"enemies":"4 Shapes","floor":47.0,"turns":3.0},{"damage":0.0,"enemies":"Nemesis","floor":48.0,"turns":3.0},{"damage":0,"enemies":"Awakened One","floor":50,"turns":4},{"damage":0,"enemies":"Time Eater","floor":51,"turns":3},{"damage":3,"enemies":"Shield and Spear","floor":55,"turns":3},{"damage":0,"enemies":"The Heart","floor":56,"turns":7}],"seed_played":"-3038319362662663470","potions_obtained":[{"floor":4.0,"key":"Dexterity Potion"},{"floor":6.0,"key":"BloodPotion"},{"floor":16.0,"key":"PowerPotion"},{"floor":18.0,"key":"SmokeBomb"},{"floor":22.0,"key":"Block Potion"},{"floor":27.0,"key":"Fire Potion"},{"floor":31.0,"key":"Block Potion"},{"floor":41.0,"key":"AttackPotion"},{"floor":45.0,"key":"FearPotion"},{"floor":47.0,"key":"Block Potion"}],"is_trial":false,"path_per_floor":["M","?","?","M","T","E","R","M","T","E","$","M","R","E","R","B",null,"M","M","$","?","M","R","M","R","T","E","R","M","R","E","R","B",null,"M","?","$","?","?","E","M","M","T","$","?","R","M","E","R","B","B",null,"R","$","E","B",null],"character_chosen":"IRONCLAD","items_purchased":["Incubus","SatanicBible","Feel No Pain+1","Entrench"],"campfire_rested":0,"item_purchase_floors":[17,20,37,44],"current_hp_per_floor":[72,46,56,61,61,17,17,40,40,38,38,43,43,42,42,45,56,60,58,58,58,60,60,60,60,60,60,60,60,60,60,60,60,53,53,53,53,43,43,49,50,50,50,50,12,12,18,24,18,24,30,45,45,45,48,50],"gold":251,"neow_bonus":"RANDOM_COMMON_RELIC","is_daily":false,"chose_seed":false,"campfire_upgraded":10,"win_rate":0.0,"timestamp":1611061953,"path_taken":["M","?","?","M","?","E","R","M","T","E","$","M","R","E","R","BOSS","M","M","$","?","M","R","M","R","T","E","R","M","R","E","R","BOSS","M","?","$","?","?","E","M","M","T","$","?","R","M","E","R","BOSS","BOSS","R","$","E","BOSS"],"items_purchased_type":["Relic","Relic","Card","Card"],"build_version":"2020-12-22","purchased_purges":5,"victory":true,"max_hp_per_floor":[75,75,85,85,85,85,85,85,85,85,85,85,85,85,85,85,60,60,60,60,60,60,60,60,60,60,60,60,60,60,60,60,60,53,53,53,53,53,50,50,50,50,50,50,50,50,50,50,50,50,50,50,50,50,50,50],"card_choices":[{"not_picked":[],"picked":"Bomb","floor":0.0},{"not_picked":["Havoc","Anger"],"picked":"Second Wind","floor":1.0},{"not_picked":["Twin Strike","Pummel"],"picked":"Pommel Strike","floor":2.0},{"not_picked":["Spot Weakness","Havoc"],"picked":"Body Slam","floor":4.0},{"not_picked":["Uppercut","Metallicize","Inflame"],"picked":"SKIP","floor":6.0},{"not_picked":["Rage","Evolve"],"picked":"Ghostly Armor","floor":8.0},{"not_picked":["Clothesline","Flame Barrier"],"picked":"Bloodletting","floor":10.0},{"not_picked":["Thunderclap","Seeing Red","Fiend Fire"],"picked":"SKIP","floor":12.0},{"not_picked":["Perfected Strike","Evolve+1","Anger"],"picked":"SKIP","floor":14.0},{"not_picked":["Headbutt","Pommel Strike","Perfected Strike"],"picked":"SKIP","floor":18.0},{"not_picked":["Burning Pact","Twin Strike"],"picked":"Dark Embrace+1","floor":19.0},{"not_picked":["Perfected Strike","Clash","Armaments"],"picked":"SKIP","floor":22.0},{"not_picked":["Wild Strike","Sword Boomerang","Dark Embrace+1"],"picked":"SKIP","floor":24.0},{"not_picked":["Iron Wave","Searing Blow"],"picked":"Battle Trance","floor":27.0},{"not_picked":["Wild Strike","Sword Boomerang"],"picked":"Shrug It Off","floor":29.0},{"not_picked":["Shockwave","Reckless Charge"],"picked":"Warcry+1","floor":31.0},{"not_picked":["Twin Strike","Clothesline","Pommel Strike"],"picked":"SKIP","floor":35.0},{"not_picked":["Thinking Ahead","Chrysalis"],"picked":"Mayhem+1","floor":38.0},{"not_picked":["Bloodletting","Rampage","Heavy Blade"],"picked":"SKIP","floor":40.0},{"not_picked":["Flex","Cleave+1","Anger"],"picked":"SKIP","floor":41.0},{"not_picked":["Clash","Thunderclap+1","Havoc"],"picked":"SKIP","floor":42.0},{"not_picked":["Sword Boomerang","True Grit"],"picked":"Power Through+1","floor":47.0},{"not_picked":["Shrug It Off","Whirlwind","Reaper"],"picked":"SKIP","floor":48.0},{"not_picked":["Battle Trance+1","Metallicize+1","Intimidate+1"],"picked":"SKIP","floor":55}],"player_experience":1846341,"relics_obtained":[{"floor":2.0,"key":"StrikeDummy"},{"floor":2.0,"key":"Boot"},{"floor":3.0,"key":"Pear"},{"floor":5.0,"key":"HowToJump"},{"floor":6.0,"key":"InkBottle"},{"floor":9.0,"key":"Frozen Egg 2"},{"floor":10.0,"key":"PunchingBag"},{"floor":14.0,"key":"Happy Flower"},{"floor":27.0,"key":"FossilizedHelix"},{"floor":31.0,"key":"TheBible"},{"floor":40.0,"key":"Bronze Scales"},{"floor":43.0,"key":"Bottled Tornado"},{"floor":45.0,"key":"BloodDonationMachine"},{"floor":48.0,"key":"Self Forming Clay"},{"floor":55,"key":"HornCleat"}],"event_choices":[{"damage_healed":0.0,"max_hp_gain":0.0,"max_hp_loss":0.0,"gold_gain":0.0,"event_name":"HidenRoomEvent","player_choice":"Fight","floor":2.0,"gold_loss":0.0,"damage_taken":0.0},{"damage_healed":0.0,"max_hp_gain":0.0,"max_hp_loss":0.0,"gold_gain":0.0,"event_name":"Wheel of Change","player_choice":"Relic","floor":3.0,"gold_loss":0.0,"damage_taken":0.0},{"damage_healed":0.0,"max_hp_gain":0.0,"max_hp_loss":0.0,"gold_gain":0.0,"event_name":"Ghosts","player_choice":"Ignored","floor":21.0,"gold_loss":0.0,"damage_taken":0.0},{"damage_healed":0.0,"max_hp_gain":0.0,"max_hp_loss":0.0,"gold_gain":0.0,"event_name":"Tomb of Lord Red Mask","player_choice":"Ignored","floor":36.0,"gold_loss":0.0,"damage_taken":0.0},{"damage_healed":0.0,"max_hp_gain":0.0,"max_hp_loss":0.0,"gold_gain":0.0,"event_name":"SensoryStone","player_choice":"Memory 3","floor":38.0,"gold_loss":0.0,"damage_taken":10.0},{"damage_healed":0.0,"max_hp_gain":0.0,"max_hp_loss":3.0,"gold_gain":0.0,"event_name":"Winding Halls","player_choice":"Max HP","floor":39.0,"gold_loss":0.0,"damage_taken":0.0},{"damage_healed":0.0,"max_hp_gain":0.0,"max_hp_loss":0.0,"gold_gain":0.0,"event_name":"Mysterious Sphere","player_choice":"Fight","floor":45.0,"gold_loss":0.0,"damage_taken":0.0}],"is_beta":false,"boss_relics":[{"not_picked":["SlaversCollar","Astrolabe"],"picked":"Mark of Pain"},{"not_picked":[]},{"not_picked":["Runic Cube","Runic Pyramid"],"picked":"Philosopher\u0027s Stone"},{"not_picked":[]}],"items_purged_floors":[11,17,34,37,54],"is_endless":false,"potions_floor_spawned":[4,6,16,18,22,27,31,41,45,47],"ascension_level":20}}