{"host":"x9k18rezcvptt97l","time":1611072093,"event":{"mods":["10 clothes from DAL","Act Like it!","BaseMod","Colored Powertips","Dota2Spire","Easy Mod","FoggyMod","Gensokyo","Marisa（F雨　魔理沙）","Minty Spire (QoL Compilation)","Remove Card Discount Mod","Shop Mod","StSLib","【遗物Mod】简单游戏","没有小屋子和绿帽子啦","篝火指南"],"gold_per_floor":[109,30,30,30,30,30,59,53,65,77,89,134,146,187,197,310,322,352,364,376,388,21,50,50,50,100,306,306,550,550,771,771,1254,1254,1274,1184,1184,782,782,814,578,649,649,649,649,675,1062,1133,390,436],"floor_reached":51,"language":"ZHS","playtime":2388,"items_purged":["Strike_MRS","Strike_MRS","Defend_MRS","Defend_MRS","Strike_MRS","Defend_MRS","Defend_MRS","Strike_MRS","FairyDestructionRay","Pain","Doubt","MasterSpark","Doubt","TreasureHunter","UpSweep","Gensokyo:MonkeysPaw+1","ShootTheMoon","Shame","Injury","Doubt"],"score":1311,"play_id":"57fabb5a-7120-49a6-b773-a80e2c23a8c8","local_time":"20210120000133","is_ascension_mode":true,"campfire_choices":[{"data":"Gensokyo:CrescentMoonSlash","floor":6,"key":"SMITH"},{"data":"EasyMod:card_1","floor":10,"key":"SMITH"},{"data":"Gensokyo:MonkeysPaw","floor":28,"key":"SMITH"},{"data":"ManaRampage","floor":32,"key":"SMITH"},{"data":"Robbery","floor":44,"key":"SMITH"}],"circlet_count":0,"master_deck":["EasyMod:card_1","Gensokyo:CrescentMoonSlash+1","ManaRampage+1","Gensokyo:CustomPotion","Robbery+1","Gensokyo:GreaterSplit"],"relics":["MiniHakkero","EasyRelic","NeowsBlessing","Gensokyo:OccultBall","MawBank","Dota2Spire:Dagon","Gensokyo:LunaticRedEyes","Meat on the Bone","Singing Bowl","Gambling Chip","Cursed Key","Gensokyo:ConquerorOfFear","Dota2Spire:Desolator","DALC_FIVE","Dota2Spire:DrumOfEndurance","Vajra","Gensokyo:DirgeOfMelancholy","EasyMod:Easy_4","DALC_TEN","War Paint","Bottled Flame","Gensokyo:DualWield","Question Card","Akabeko","Dota2Spire:LinkenSphere","Dota2Spire:CrimsonGuard","EasyMod:Easy_2","EasyMod:Easy_3","MerchantsRug","DALC_NINE","DALC_TWO","Dota2Spire:ShadowBlade"],"acts_visited":["Gensokyo:Gensokyo","Gensokyo:Gensokyoer","Gensokyo:Gensokyoest"],"potions_floor_usage":[],"damage_taken":[{"damage":0.0,"enemies":"Gensokyo:2_Kodama","floor":1.0,"turns":1.0},{"damage":0,"enemies":"Gensokyo:Aya","floor":7,"turns":1},{"damage":1,"enemies":"Gensokyo:Cirno","floor":12,"turns":2},{"damage":4,"enemies":"Gensokyo:Mamizou","floor":14,"turns":5},{"damage":3,"enemies":"Gensokyo:Reimu","floor":16,"turns":4},{"damage":0,"enemies":"Gensokyo:2_Gloops","floor":18,"turns":1},{"damage":0,"enemies":"Gensokyo:Reisen","floor":23,"turns":2},{"damage":18,"enemies":"Gensokyo:Koishi","floor":27,"turns":2},{"damage":32,"enemies":"Gensokyo:3_Dogs","floor":29,"turns":1},{"damage":18,"enemies":"Gensokyo:Reisen","floor":31,"turns":2},{"damage":45,"enemies":"Gensokyo:Eternal_Rivals","floor":33,"turns":4},{"damage":5,"enemies":"Gensokyo:3_Boulders","floor":35,"turns":1},{"damage":0,"enemies":"Gensokyo:Kasen","floor":40,"turns":2},{"damage":0,"enemies":"Gensokyo:Marisa","floor":42,"turns":2},{"damage":23,"enemies":"Gensokyo:Doremy","floor":47,"turns":3},{"damage":7,"enemies":"Gensokyo:AncientGuardian","floor":48,"turns":1},{"damage":22,"enemies":"Gensokyo:Shinki","floor":50,"turns":4}],"seed_played":"-7786274535324759441","potions_obtained":[{"floor":12,"key":"ShroomBrew"},{"floor":14,"key":"Dexterity Potion"},{"floor":18,"key":"Energy Potion"},{"floor":27,"key":"Swift Potion"},{"floor":47,"key":"PowerPotion"}],"is_trial":false,"path_per_floor":["M","COS","M","?","?","R","E","R","T","R","?","E","?","E","R","B",null,"M","?","?","T","$","E","$","?","T","E","R","M","?","E","R","B",null,"M","?","?","$","?","E","R","E","T","R","?","T","E","M","R","B",null],"character_chosen":"MARISA","items_purchased":["ShootTheMoon","War Paint","Bottled Flame","Robbery","Akabeko","MerchantsRug","DALC_NINE","DALC_TWO","Dota2Spire:ShadowBlade"],"campfire_rested":0,"item_purchase_floors":[22,38,38,41,41,49,49,49,49],"current_hp_per_floor":[75,75,75,75,64,64,64,64,64,64,64,75,68,77,77,77,77,79,79,79,79,79,81,81,73,73,75,75,74,74,41,41,41,41,43,43,43,43,43,45,45,47,47,47,47,47,49,51,51,51],"gold":436,"neow_bonus":"THREE_ENEMY_KILL","is_daily":false,"chose_seed":false,"campfire_upgraded":5,"win_rate":0.0,"timestamp":1611072093,"path_taken":["M","COS","?","?","?","R","E","R","T","R","?","E","?","E","R","BOSS","M","?","?","?","$","E","$","?","T","E","R","?","?","E","R","BOSS","M","?","?","$","?","E","R","E","T","R","?","?","E","?","R","BOSS"],"items_purchased_type":["Card","Relic","Relic","Card","Relic","Relic","Relic","Relic","Relic"],"build_version":"2020-12-22","purchased_purges":20,"victory":true,"max_hp_per_floor":[75,75,75,75,75,75,75,75,75,75,75,75,75,77,77,77,77,79,79,79,79,79,81,81,73,73,75,75,77,77,41,41,41,41,43,43,43,43,43,45,45,47,47,47,47,47,49,51,51,51],"card_choices":[{"not_picked":["DC","GrandCross"],"picked":"NonDirectionalLaser","floor":1.0},{"not_picked":["GalacticHalo","AsteroidBelt"],"picked":"ManaRampage","floor":3},{"not_picked":["OortCloud","RefractionSpark"],"picked":"FairyDestructionRay","floor":3},{"not_picked":["LuminesStrike","NonDirectionalLaser","ShootingEcho"],"picked":"SKIP","floor":7},{"not_picked":["NonDirectionalLaser","OpenUniverse","SporeBomb"],"picked":"SKIP","floor":12},{"not_picked":["SuperNova","UnstableBomb","MilkyWay"],"picked":"Singing Bowl","floor":14},{"not_picked":["SuperNova","SatelliteIllusion"],"picked":"ManaRampage","floor":16},{"not_picked":["MysteriousBeam","SporeBomb","WitchOfGreed"],"picked":"Singing Bowl","floor":18},{"not_picked":["StarBarrage","GalacticHalo","MeteoricShower"],"picked":"Singing Bowl","floor":23},{"not_picked":["Gensokyo:HAARP","Gensokyo:SevenSchoolMysteries"],"picked":"Gensokyo:MonkeysPaw","floor":25},{"not_picked":["AsteroidBelt","MilkyWay+1","PowerUp"],"picked":"Singing Bowl","floor":27},{"not_picked":["GrandCross+1","DoubleSpark+1","IllusionStar"],"picked":"Singing Bowl","floor":29},{"not_picked":["GrandCross+1","StarDustReverie","Singularity"],"picked":"Singing Bowl","floor":31},{"not_picked":["BigCrunch","BlazingStar"],"picked":"TreasureHunter","floor":33},{"not_picked":["PulseMagic+1","GalacticHalo","DeepEcoloBomb"],"picked":"Singing Bowl","floor":35},{"not_picked":["OneTimeOff","ManaRampage","SprinkleStarSeal"],"picked":"Singing Bowl","floor":40},{"not_picked":["6A","Singularity+1","DarkSpark+1","DC+1"],"picked":"Singing Bowl","floor":42},{"not_picked":["LuminesStrike+1","WitchLeyline","DC+1","AsteroidBelt+1"],"picked":"Singing Bowl","floor":47},{"not_picked":["SporeBomb","LuminesStrike","PropBag","OortCloud+1"],"picked":"Singing Bowl","floor":48}],"player_experience":582666,"relics_obtained":[{"floor":7,"key":"MawBank"},{"floor":9,"key":"Dota2Spire:Dagon"},{"floor":12,"key":"Meat on the Bone"},{"floor":14,"key":"Singing Bowl"},{"floor":16,"key":"Gensokyo:OccultBall"},{"floor":18,"key":"Gensokyo:OccultBall"},{"floor":21,"key":"Dota2Spire:Desolator"},{"floor":23,"key":"Gensokyo:ConquerorOfFear"},{"floor":23,"key":"DALC_FIVE"},{"floor":26,"key":"Dota2Spire:DrumOfEndurance"},{"floor":27,"key":"Vajra"},{"floor":31,"key":"EasyMod:Easy_4"},{"floor":33,"key":"Gensokyo:OccultBall"},{"floor":40,"key":"Gensokyo:OccultBall"},{"floor":40,"key":"Question Card"},{"floor":42,"key":"Dota2Spire:LinkenSphere"},{"floor":43,"key":"Dota2Spire:CrimsonGuard"},{"floor":46,"key":"EasyMod:Easy_2"},{"floor":47,"key":"EasyMod:Easy_3"}],"event_choices":[],"is_beta":false,"boss_relics":[{"not_picked":["Fusion Hammer","Runic Dome"],"picked":"Cursed Key"},{"not_picked":["Snecko Eye","Philosopher\u0027s Stone"],"picked":"DALC_TEN"}],"items_purged_floors":[8,8,8,8,8,8,8,8,8,15,22,22,38,38,38,41,41,49,49,49],"is_endless":false,"potions_floor_spawned":[12,14,18,27,47,48],"ascension_level":1}}