{"host":"xgwtdz99zg48cmix","time":1611023421,"event":{"mods":["ATMod(°¢èªMod)","Arknights The Spire","Aspiration","BaseMod","Dota2Spire","Downfall","Marisa£¨ìFÓê¡¡Ä§ÀíÉ³£©","Minty Spire (QoL Compilation)","Quick Restart","StSLib","WarShipGirlsR/Õ½½¢ÉÙÅ®R mod","[GremlinLeader]The Maniac","[IsaacMod]ÒÔÈö¼âËþ","¡¾ÒÅÎï¿¨ÅÆ¡¿REMEMod","óô»ðÖ¸ÄÏ"],"gold_per_floor":[99,99,99,99,118,187,255,255,290,290,290,300,335,40,55,55,55,55],"floor_reached":16,"language":"ZHS","playtime":764,"items_purged":[],"score":98,"play_id":"3d8199dd-b673-497a-8d87-251ca6bc3551","local_time":"20210119103021","is_ascension_mode":false,"campfire_choices":[{"data":"AT_FamilyPortrait","floor":1,"key":"SMITH"},{"data":"BettingIsNotGood","floor":8,"key":"SMITH"},{"data":"Slimebound:LeadByExample","floor":11,"key":"SMITH"}],"circlet_count":0,"master_deck":["Slimebound:Strike_Slimebound","Slimebound:Strike_Slimebound","Slimebound:Strike_Slimebound","Slimebound:Tackle","Slimebound:Defend_Slimebound","Slimebound:Defend_Slimebound","Slimebound:Defend_Slimebound","Slimebound:Defend_Slimebound","Slimebound:Split","Slimebound:CorrosiveSpit","BettingIsNotGood+1","AT_FamilyPortrait+1","Exhume","Slimebound:RainOfGoop","Slimebound:MinionMaster","Slimebound:LeadByExample+1","Slimebound:DouseInSlime","Bomb","Slimebound:PressTheAttack","Slimebound:SplitBruiser","Slimebound:LeadByExample","Slimebound:LeechingTouch"],"relics":["Slimebound:AbsorbEndCombat","HushsDoor","REME_ComplimentaryCards","AT_ATBox","GuppysTail","downfall:HeartsMalice","SharpPlug","TheBible","downfall:BrokenWingStatue","Happy Flower","Dota2Spire:PowerTreads"],"acts_visited":["Exordium"],"potions_floor_usage":[9,12,16],"damage_taken":[{"damage":0,"enemies":"Cultist","floor":2,"turns":1},{"damage":0,"enemies":"Jaw Worm","floor":3,"turns":1},{"damage":0,"enemies":"Small Slimes","floor":4,"turns":1},{"damage":20,"enemies":"Blue Slaver","floor":5,"turns":4},{"damage":21,"enemies":"Gremlin Gang","floor":9,"turns":13},{"damage":46,"enemies":"Exordium Thugs","floor":12,"turns":6},{"damage":19,"enemies":"Lagavulin","floor":13,"turns":5},{"damage":5,"enemies":"downfall:FleeingMerchant","floor":14,"turns":4},{"damage":3,"enemies":"Large Slime","floor":15,"turns":4},{"damage":60,"enemies":"DF_ARCHETYPE_STREAMLINE","floor":16,"turns":6}],"seed_played":"-7021592023507395945","potions_obtained":[{"floor":5,"key":"AttackPotion"},{"floor":9,"key":"Ancient Potion"},{"floor":15,"key":"FearPotion"}],"is_trial":false,"path_per_floor":["R","M","M","M","M","T","T","R","M","?","R","M","E","$","M","B"],"character_chosen":"SLIMEBOUND","items_purchased":["Dota2Spire:PowerTreads","Slimebound:SplitBruiser","Slimebound:LeadByExample"],"campfire_rested":0,"item_purchase_floors":[14,14,14],"current_hp_per_floor":[65,65,65,65,49,49,49,49,42,42,42,22,17,28,33,0,0,0],"gold":55,"neow_bonus":"THREE_ENEMY_KILL","is_daily":false,"chose_seed":false,"campfire_upgraded":3,"win_rate":0.0,"timestamp":1611023421,"path_taken":["R","M","M","M","M","?","T","R","M","?","R","M","E","?","M","BOSS"],"items_purchased_type":["Relic","Card","Card"],"build_version":"2020-12-22","purchased_purges":0,"victory":false,"max_hp_per_floor":[65,65,65,65,65,65,65,65,65,65,65,65,65,65,65,65,65,65],"card_choices":[{"not_picked":[],"picked":"BettingIsNotGood","floor":0},{"not_picked":["Slimebound:PressTheAttack","Slimebound:FinishingTackle"],"picked":"Slimebound:RainOfGoop","floor":2},{"not_picked":["Slimebound:Nibble","Slimebound:SplitLeeching"],"picked":"Slimebound:MinionMaster","floor":3},{"not_picked":["Slimebound:ProtectTheBoss","Slimebound:LeechingTouch"],"picked":"Slimebound:LeadByExample","floor":4},{"not_picked":["Slimebound:SlimeSpikes","Slimebound:FinishingTackle","Slimebound:RainOfGoop"],"picked":"SKIP","floor":5},{"not_picked":["Slimebound:Gluttony","Slimebound:GoopTackle","Slimebound:SplitAcid"],"picked":"SKIP","floor":9},{"not_picked":["Slimebound:Gluttony","Slimebound:FormOfPuddle"],"picked":"Slimebound:DouseInSlime","floor":12},{"not_picked":["Slimebound:LeadByExample","Slimebound:RainOfGoop"],"picked":"Bomb","floor":13},{"not_picked":["Slimebound:Equalize","Slimebound:RejuvenatingLick"],"picked":"Slimebound:PressTheAttack","floor":14},{"not_picked":["Bomb","Slimebound:ServeAndProtect"],"picked":"Slimebound:LeechingTouch","floor":15}],"player_experience":424643,"relics_obtained":[{"floor":6,"key":"SharpPlug"},{"floor":7,"key":"TheBible"},{"floor":13,"key":"Happy Flower"}],"event_choices":[],"is_beta":false,"boss_relics":[],"items_purged_floors":[],"is_endless":false,"potions_floor_spawned":[5,9,15],"killed_by":"DF_ARCHETYPE_STREAMLINE","ascension_level":0}}