{"host":"t7mx8yfj1no5p62f","time":1611025348,"event":{"mods":["BaseMod","Bestiary","Colored Map","Colored Powertips","Minty Spire (QoL Compilation)","Relic Stats","StSLib","ojb\u0027s Info Mod"],"gold_per_floor":[113,126,51,51,66,66,92,92,92,92,109,122,134,144,144,220,220,235,253,253,303,175,175,175,205,230,240,240,240,240],"floor_reached":29,"language":"ENG","playtime":1158,"items_purged":["Strike_G","Pain"],"score":490,"play_id":"0271fa1b-b7c6-489e-b7b4-2581db245872","local_time":"20210118220228","is_ascension_mode":true,"campfire_choices":[{"data":"Dagger Spray","floor":6.0,"key":"SMITH"},{"data":"Expertise","floor":8.0,"key":"SMITH"},{"data":"Deadly Poison","floor":10.0,"key":"SMITH"},{"data":"Noxious Fumes","floor":15.0,"key":"SMITH"},{"data":"Die Die Die","floor":23.0,"key":"SMITH"},{"data":"Well Laid Plans","floor":28,"key":"SMITH"}],"circlet_count":0,"master_deck":["AscendersBane","Strike_G","Strike_G","Strike_G+1","Defend_G","Defend_G","Defend_G","Defend_G","Defend_G","Survivor","Neutralize","Dagger Spray+1","Quick Slash","Deadly Poison+1","Expertise+1","Deadly Poison","Noxious Fumes+1","Acrobatics","Dodge and Roll","Die Die Die+1","Acrobatics+1","PiercingWail","Necronomicurse","Underhanded Strike+1","Venomology","Catalyst","Well Laid Plans+1"],"relics":["Sozu","WarpedTongs","Meat on the Bone","Question Card","Coffee Dripper","Necronomicon","Whetstone"],"acts_visited":["Exordium","TheCity"],"potions_floor_usage":[],"damage_taken":[{"damage":4.0,"enemies":"2 Louse","floor":1.0,"turns":4.0},{"damage":2.0,"enemies":"Cultist","floor":2.0,"turns":4.0},{"damage":1.0,"enemies":"Jaw Worm","floor":5.0,"turns":3.0},{"damage":30.0,"enemies":"Lagavulin","floor":7.0,"turns":8.0},{"damage":1.0,"enemies":"3 Louse","floor":11.0,"turns":3.0},{"damage":10.0,"enemies":"Exordium Thugs","floor":12.0,"turns":5.0},{"damage":1.0,"enemies":"Lots of Slimes","floor":13.0,"turns":2.0},{"damage":13.0,"enemies":"Exordium Wildlife","floor":14.0,"turns":5.0},{"damage":31.0,"enemies":"The Guardian","floor":16.0,"turns":9.0},{"damage":8.0,"enemies":"3 Byrds","floor":18.0,"turns":4.0},{"damage":17.0,"enemies":"Shell Parasite","floor":19.0,"turns":5.0},{"damage":18,"enemies":"Slavers","floor":25,"turns":9},{"damage":4,"enemies":"Centurion and Healer","floor":27,"turns":4},{"damage":22,"enemies":"Book of Stabbing","floor":29,"turns":2}],"seed_played":"8417224562676445474","potions_obtained":[],"is_trial":false,"path_per_floor":["M","M","$","?","M","R","E","R","T","R","M","M","M","M","R","B",null,"M","M","?","?","$","R","?","E","T","M","R","E"],"character_chosen":"THE_SILENT","items_purchased":["Underhanded Strike"],"campfire_rested":0,"item_purchase_floors":[22],"current_hp_per_floor":[55,53,53,53,52,52,22,22,22,22,33,35,34,33,33,14,53,45,40,19,19,19,19,19,13,13,21,21,0,0],"gold":240,"neow_bonus":"BOSS_RELIC","is_daily":false,"chose_seed":false,"campfire_upgraded":6,"win_rate":0.0,"timestamp":1611025348,"path_taken":["M","M","$","?","?","R","E","R","T","R","?","M","M","M","R","BOSS","M","M","?","?","$","R","?","E","T","?","R","E"],"items_purchased_type":["Card"],"build_version":"2020-12-22","purchased_purges":2,"victory":false,"max_hp_per_floor":[66,66,66,66,66,66,66,66,66,66,66,66,66,66,66,66,66,66,66,66,66,66,66,66,66,66,66,66,66,66],"relic_stats":{"Sozu":9,"counters":[14,67],"Necronomicon":[3],"Whetstone":["Underhanded Strike","Strike_G"],"Question Card":9,"obtain_stats":[{"Sozu":0,"Coffee Dripper":17,"Necronomicon":20,"Whetstone":25,"Question Card":9,"Ring of the Snake":0,"WarpedTongs":4,"Meat on the Bone":7},{"Sozu":0,"Coffee Dripper":9,"Necronomicon":11,"Whetstone":12,"Question Card":4,"Ring of the Snake":0,"WarpedTongs":2,"Meat on the Bone":4},{"Sozu":0,"Coffee Dripper":43,"Necronomicon":52,"Whetstone":61,"Question Card":19,"Ring of the Snake":0,"WarpedTongs":8,"Meat on the Bone":19}],"WarpedTongs":[57],"Meat on the Bone":84},"card_choices":[{"not_picked":["Dodge and Roll","Leg Sweep"],"picked":"Dagger Spray","floor":1.0},{"not_picked":["Dodge and Roll","Eviscerate"],"picked":"Quick Slash","floor":2.0},{"not_picked":["Finisher","Eviscerate"],"picked":"Deadly Poison","floor":5.0},{"not_picked":["A Thousand Cuts","Eviscerate"],"picked":"Expertise","floor":7.0},{"not_picked":["Slice","Blade Dance","Quick Slash"],"picked":"Deadly Poison","floor":11.0},{"not_picked":["Backflip","Outmaneuver","Envenom"],"picked":"Noxious Fumes","floor":12.0},{"not_picked":["Deflect","Predator","Crippling Poison"],"picked":"Acrobatics","floor":13.0},{"not_picked":["Tactician","Dagger Spray","Bane"],"picked":"Dodge and Roll","floor":14.0},{"not_picked":["Adrenaline","Bullet Time","Envenom"],"picked":"Die Die Die","floor":16.0},{"not_picked":["Outmaneuver","Underhanded Strike","Deadly Poison"],"picked":"Acrobatics+1","floor":18.0},{"not_picked":["Bane","Slice","Blur"],"picked":"PiercingWail","floor":19.0},{"not_picked":["Blur","Backflip","Bane"],"picked":"Catalyst","floor":25},{"not_picked":["Distraction+1","Tools of the Trade","Tactician"],"picked":"Well Laid Plans","floor":27}],"player_experience":1788987,"relics_obtained":[{"floor":7.0,"key":"Meat on the Bone"},{"floor":9.0,"key":"Question Card"},{"floor":20.0,"key":"Necronomicon"},{"floor":25,"key":"Whetstone"}],"event_choices":[{"damage_healed":0.0,"max_hp_gain":0.0,"max_hp_loss":0.0,"gold_gain":0.0,"event_name":"Accursed Blacksmith","player_choice":"Rummage","floor":4.0,"gold_loss":0.0,"damage_taken":0.0,"relics_obtained":["WarpedTongs"],"cards_obtained":["Pain"]},{"damage_healed":0.0,"max_hp_gain":0.0,"max_hp_loss":0.0,"gold_gain":0.0,"event_name":"Cursed Tome","player_choice":"Obtained Book","floor":20.0,"gold_loss":0.0,"damage_taken":21.0},{"damage_healed":0.0,"max_hp_gain":0.0,"max_hp_loss":0.0,"gold_gain":50.0,"event_name":"Nest","player_choice":"Stole From Cult","floor":21.0,"gold_loss":0.0,"damage_taken":0.0},{"damage_healed":0.0,"max_hp_gain":0.0,"max_hp_loss":0.0,"gold_gain":0.0,"cards_transformed":["Strike_G"],"event_name":"Transmorgrifier","player_choice":"Transformed","floor":24.0,"gold_loss":0.0,"damage_taken":0.0,"cards_obtained":["Venomology"]}],"is_beta":false,"boss_relics":[{"not_picked":["Black Star","Astrolabe"],"picked":"Coffee Dripper"}],"items_purged_floors":[3,22],"is_endless":false,"potions_floor_spawned":[5,7,12,14,16,18,27],"killed_by":"Book of Stabbing","ascension_level":20}}