{"host":"ELF","time":1611042394,"event":{"mods":["BaseMod","Bestiary","Minty Spire (QoL Compilation)","Relic Stats","Slay the Relics Exporter"],"gold_per_floor":[112,112,123,133,27,61,61,95,95,108,108,183,11,11,11,111,111,130,145,155,230,230,230],"floor_reached":22,"language":"ENG","playtime":894,"items_purged":[],"score":430,"play_id":"36a9c02b-ea9d-4925-a232-cfedc034b7a6","local_time":"20210119014634","is_ascension_mode":true,"campfire_choices":[{"floor":7.0,"key":"REST"},{"data":"Apotheosis","floor":15.0,"key":"SMITH"}],"circlet_count":0,"master_deck":["AscendersBane","Strike_P","Strike_P","Strike_P","Strike_P","Defend_P","Defend_P","Defend_P","Defend_P","Eruption","Vigilance","FollowUp","FlurryOfBlows","EmptyFist","BattleHymn","Wallop","EmptyBody","InnerPeace","Apotheosis+1","EmptyFist","MasterReality","CrushJoints+1","DeceiveReality","SashWhip"],"relics":["PureWater","Du-Vu Doll","StoneCalendar","White Beast Statue","Orichalcum","Eternal Feather","Philosopher\u0027s Stone"],"acts_visited":["Exordium","TheCity"],"potions_floor_usage":[22],"damage_taken":[{"damage":0.0,"enemies":"Jaw Worm","floor":1.0,"turns":3.0},{"damage":4.0,"enemies":"2 Louse","floor":3.0,"turns":2.0},{"damage":0.0,"enemies":"Small Slimes","floor":4.0,"turns":3.0},{"damage":20.0,"enemies":"Lagavulin","floor":6.0,"turns":6.0},{"damage":0.0,"enemies":"Gremlin Nob","floor":8.0,"turns":3.0},{"damage":9.0,"enemies":"Gremlin Gang","floor":10.0,"turns":6.0},{"damage":0.0,"enemies":"Slime Boss","floor":16.0,"turns":5.0},{"damage":14.0,"enemies":"2 Thieves","floor":18.0,"turns":4.0},{"damage":6.0,"enemies":"Shell Parasite","floor":19.0,"turns":4.0},{"damage":16.0,"enemies":"Snecko","floor":20.0,"turns":5.0},{"damage":32,"enemies":"Snake Plant","floor":22,"turns":3}],"seed_played":"334339765048080401","potions_obtained":[{"floor":4.0,"key":"SmokeBomb"},{"floor":8.0,"key":"SteroidPotion"},{"floor":10.0,"key":"Explosive Potion"},{"floor":16.0,"key":"BottledMiracle"},{"floor":18.0,"key":"Block Potion"},{"floor":19.0,"key":"Ancient Potion"}],"is_trial":false,"path_per_floor":["M","?","M","M","$","E","R","E","T","M","?","?","$","?","R","B",null,"M","M","M","?","M"],"character_chosen":"WATCHER","items_purchased":["BattleHymn","Wallop","Apotheosis"],"campfire_rested":1,"item_purchase_floors":[5,5,13],"current_hp_per_floor":[47,44,40,40,40,20,41,41,41,32,56,45,45,45,57,57,68,54,48,32,25,0,0],"gold":230,"neow_bonus":"ONE_RARE_RELIC","is_daily":false,"chose_seed":false,"campfire_upgraded":1,"win_rate":0.0,"timestamp":1611042394,"path_taken":["M","?","M","M","$","E","R","E","T","M","?","?","$","?","R","BOSS","M","M","?","?","?"],"items_purchased_type":["Card","Card","Card"],"build_version":"2020-12-18","purchased_purges":0,"victory":false,"max_hp_per_floor":[72,72,72,72,72,72,72,72,72,72,72,72,72,72,72,72,72,72,72,72,72,72,72],"relic_stats":{"counters":[11,44],"StoneCalendar":[0],"Eternal Feather":12,"Orichalcum":[18],"obtain_stats":[{"Du-Vu Doll":0,"StoneCalendar":2,"Eternal Feather":9,"Philosopher\u0027s Stone":17,"PureWater":0,"Orichalcum":8,"White Beast Statue":6},{"Du-Vu Doll":0,"StoneCalendar":1,"Eternal Feather":5,"Philosopher\u0027s Stone":7,"PureWater":0,"Orichalcum":5,"White Beast Statue":4},{"Du-Vu Doll":0,"StoneCalendar":3,"Eternal Feather":17,"Philosopher\u0027s Stone":28,"PureWater":0,"Orichalcum":17,"White Beast Statue":14}]},"card_choices":[{"not_picked":["Prostrate","Nirvana"],"picked":"FollowUp","floor":1.0},{"not_picked":["SashWhip","Evaluate"],"picked":"FlurryOfBlows","floor":3.0},{"not_picked":["Swivel","Indignation"],"picked":"EmptyFist","floor":4.0},{"not_picked":["FollowUp","Wireheading"],"picked":"EmptyBody","floor":6.0},{"not_picked":["Weave","FlyingSleeves"],"picked":"InnerPeace","floor":8.0},{"not_picked":["CrushJoints","EmptyMind","WheelKick"],"picked":"SKIP","floor":10.0},{"not_picked":["Judgement","Vault"],"picked":"MasterReality","floor":16.0},{"not_picked":["ClearTheMind","Consecrate"],"picked":"CrushJoints+1","floor":18.0},{"not_picked":["Halt","WheelKick"],"picked":"DeceiveReality","floor":19.0},{"not_picked":["ForeignInfluence","Consecrate"],"picked":"SashWhip","floor":20.0}],"player_experience":3227265,"relics_obtained":[{"floor":6.0,"key":"White Beast Statue"},{"floor":8.0,"key":"Orichalcum"},{"floor":9.0,"key":"Eternal Feather"}],"event_choices":[{"damage_healed":0.0,"max_hp_gain":0.0,"max_hp_loss":0.0,"gold_gain":0.0,"event_name":"Scrap Ooze","player_choice":"Success","floor":2.0,"gold_loss":0.0,"damage_taken":3.0,"relics_obtained":["StoneCalendar"]},{"damage_healed":24.0,"max_hp_gain":0.0,"max_hp_loss":0.0,"gold_gain":0.0,"event_name":"Big Fish","player_choice":"Banana","floor":11.0,"gold_loss":0.0,"damage_taken":0.0},{"damage_healed":0.0,"max_hp_gain":0.0,"max_hp_loss":0.0,"gold_gain":75.0,"event_name":"World of Goop","player_choice":"Gather Gold","floor":12.0,"gold_loss":0.0,"damage_taken":11.0},{"damage_healed":0.0,"max_hp_gain":0.0,"max_hp_loss":0.0,"gold_gain":0.0,"event_name":"Match and Keep!","player_choice":"1 cards matched","floor":14.0,"gold_loss":0.0,"damage_taken":0.0,"cards_obtained":["EmptyFist"]},{"damage_healed":0,"gold_gain":75,"player_choice":"Touch","damage_taken":7,"max_hp_gain":0,"max_hp_loss":0,"event_name":"FaceTrader","floor":21,"gold_loss":0}],"is_beta":true,"boss_relics":[{"not_picked":["Fusion Hammer","Snecko Eye"],"picked":"Philosopher\u0027s Stone"}],"items_purged_floors":[],"is_endless":false,"potions_floor_spawned":[4,8,10,16,18,19,20],"killed_by":"Snake Plant","ascension_level":12}}