{"host":"fxjo6tp1j0b638k6","time":1611067785,"event":{"mods":["BaseMod","Minty Spire (QoL Compilation)","Permanent Neow","Quick Restart","Relic Stats","StSLib"],"gold_per_floor":[114,128,139,158,173,173,183,183,183,203,203,219,219,238,238,345,345,361,374,153,164,180,180,180,200,225,241,258,271,286,303,303,398,398,408,428,454,485,509,541,565,590,628,656,686,712,734,764,776,788],"floor_reached":51,"language":"ENG","playtime":3306,"items_purged":["Berserk"],"score":844,"play_id":"0decfdcf-681d-4b07-bd20-4a52b382aa7b","local_time":"20210119154945","daily_mods":["Shiny","Vintage","Heirloom","Time Dilation","Flight"],"is_ascension_mode":false,"campfire_choices":[{"data":"DevaForm","floor":6.0,"key":"SMITH"},{"data":"Demon Form","floor":8.0,"key":"SMITH"},{"data":"Feed","floor":11.0,"key":"SMITH"},{"data":"Echo Form","floor":13.0,"key":"SMITH"},{"data":"Immolate","floor":15.0,"key":"SMITH"},{"data":"Demon Form","floor":23,"key":"SMITH"},{"data":"Limit Break","floor":24,"key":"SMITH"},{"data":"Wraith Form v2","floor":32,"key":"SMITH"},{"data":"Double Tap","floor":49,"key":"SMITH"}],"circlet_count":0,"master_deck":["Demon Form+1","Wraith Form v2+1","Echo Form+1","DevaForm+1","Double Tap+1","Demon Form+1","Bludgeon+1","Feed+1","Limit Break+1","Corruption","Barricade","Fiend Fire","Impervious","Juggernaut","Reaper+1","Offering","Immolate+1","Limit Break+1","Limit Break+1"],"relics":["Burning Blood","TungstenRod","Strawberry","Whetstone","Toxic Egg 2","Bottled Flame","Bottled Tornado","Bag of Preparation","CeramicFish","Molten Egg 2","InkBottle","MealTicket","Snecko Eye","Omamori","PreservedInsect","Smiling Mask","Red Skull","Bronze Scales","Nunchaku","Lantern","The Courier","White Beast Statue","Mummified Hand","Akabeko","Empty Cage","Gremlin Horn","MawBank","Bag of Marbles","Paper Frog","Self Forming Clay","Frozen Egg 2","Letter Opener","Art of War","Anchor","Happy Flower","Toy Ornithopter","Question Card","Bottled Lightning","Sundial"],"acts_visited":["Exordium","TheCity","TheBeyond"],"potions_floor_usage":[37,45,50,50],"damage_taken":[{"damage":5.0,"enemies":"Jaw Worm","floor":1.0,"turns":1.0},{"damage":13.0,"enemies":"Cultist","floor":2.0,"turns":4.0},{"damage":9.0,"enemies":"2 Louse","floor":3.0,"turns":2.0},{"damage":11.0,"enemies":"Blue Slaver","floor":4.0,"turns":2.0},{"damage":15.0,"enemies":"Large Slime","floor":5.0,"turns":9.0},{"damage":17.0,"enemies":"3 Louse","floor":7.0,"turns":3.0},{"damage":13.0,"enemies":"Exordium Thugs","floor":10.0,"turns":4.0},{"damage":0.0,"enemies":"Exordium Wildlife","floor":12.0,"turns":1.0},{"damage":7.0,"enemies":"Large Slime","floor":14.0,"turns":3.0},{"damage":6.0,"enemies":"The Guardian","floor":16.0,"turns":6.0},{"damage":36.0,"enemies":"2 Thieves","floor":18.0,"turns":3.0},{"damage":0.0,"enemies":"3 Byrds","floor":19.0,"turns":1.0},{"damage":18.0,"enemies":"Cultist and Chosen","floor":21.0,"turns":3.0},{"damage":18.0,"enemies":"Snake Plant","floor":22.0,"turns":3.0},{"damage":5,"enemies":"Centurion and Healer","floor":25,"turns":2},{"damage":5,"enemies":"Snecko","floor":27,"turns":3},{"damage":0,"enemies":"Snake Plant","floor":28,"turns":1},{"damage":5,"enemies":"Centurion and Healer","floor":29,"turns":2},{"damage":5,"enemies":"3 Cultists","floor":30,"turns":2},{"damage":5,"enemies":"Snecko","floor":31,"turns":1},{"damage":0,"enemies":"Automaton","floor":33,"turns":3},{"damage":5,"enemies":"3 Darklings","floor":35,"turns":2},{"damage":10,"enemies":"3 Shapes","floor":36,"turns":2},{"damage":0,"enemies":"Transient","floor":37,"turns":5},{"damage":0,"enemies":"Maw","floor":38,"turns":3},{"damage":0,"enemies":"4 Shapes","floor":39,"turns":1},{"damage":0,"enemies":"3 Darklings","floor":40,"turns":1},{"damage":0,"enemies":"Spire Growth","floor":41,"turns":1},{"damage":5,"enemies":"Writhing Mass","floor":42,"turns":1},{"damage":5,"enemies":"3 Darklings","floor":44,"turns":1},{"damage":0,"enemies":"Maw","floor":45,"turns":1},{"damage":0,"enemies":"Writhing Mass","floor":46,"turns":1},{"damage":0,"enemies":"3 Darklings","floor":47,"turns":1},{"damage":0,"enemies":"4 Shapes","floor":48,"turns":1},{"damage":5,"enemies":"Awakened One","floor":50,"turns":5}],"seed_played":"9127236384740697926","potions_obtained":[{"floor":2.0,"key":"Energy Potion"},{"floor":3.0,"key":"BlessingOfTheForge"},{"floor":7.0,"key":"PowerPotion"},{"floor":10.0,"key":"SpeedPotion"},{"floor":19.0,"key":"Swift Potion"},{"floor":37,"key":"Energy Potion"},{"floor":45,"key":"Strength Potion"},{"floor":46,"key":"CultistPotion"}],"is_trial":true,"path_per_floor":["M","M","M","M","M","R","M","R","T","M","R","M","R","M","R","B",null,"M","M","$","M","M","R","R","M","T","M","M","M","M","M","R","B",null,"M","M","M","M","M","M","M","M","T","M","M","M","M","M","R","B",null],"character_chosen":"IRONCLAD","items_purchased":["Limit Break+1"],"campfire_rested":0,"item_purchase_floors":[20],"current_hp_per_floor":[87,83,90,85,87,87,79,79,79,72,72,78,78,87,87,87,99,69,75,90,99,87,87,87,88,88,89,95,96,97,98,98,99,99,99,95,99,99,99,99,99,99,99,99,99,103,103,103,103,107],"gold":800,"neow_bonus":"","is_daily":false,"chose_seed":false,"campfire_upgraded":9,"win_rate":0.0,"timestamp":1611067785,"path_taken":["M","M","M","M","M","R","M","R","T","M","R","M","R","M","R","BOSS","M","M","$","M","M","R","R","M","T","M","M","M","M","M","R","BOSS","M","M","M","M","M","M","M","M","T","M","M","M","M","M","R","BOSS"],"items_purchased_type":["Card"],"build_version":"2020-12-22","purchased_purges":1,"victory":true,"max_hp_per_floor":[87,90,93,93,96,96,99,99,99,99,99,99,99,99,99,99,99,99,99,99,99,99,99,99,99,99,99,99,99,99,99,99,99,99,99,99,99,99,99,99,99,99,99,99,99,103,103,103,103,107],"relic_stats":{"Gremlin Horn":[8,8],"Happy Flower":[3],"counters":[35,85],"Self Forming Clay":[3],"CeramicFish":18,"PreservedInsect":0,"Bag of Preparation":[58],"Whetstone":["Bludgeon","Reaper"],"Letter Opener":[20],"Smiling Mask":0,"MawBank":180,"Question Card":0,"Burning Blood":129,"Nunchaku":[6],"Mummified Hand":[125],"Sundial":[2],"Bronze Scales":[39],"Snecko Eye":[131,108,99,118],"MealTicket":15,"Art of War":[3],"obtain_stats":[{"Lantern":27,"Gremlin Horn":35,"CeramicFish":9,"Bag of Preparation":7,"Whetstone":2,"Bottled Tornado":5,"Smiling Mask":21,"Empty Cage":34,"Burning Blood":0,"Nunchaku":26,"Mummified Hand":30,"Sundial":48,"Strawberry":1,"MealTicket":14,"Toxic Egg 2":3,"InkBottle":12,"Red Skull":22,"Paper Frog":38,"Happy Flower":44,"Self Forming Clay":39,"PreservedInsect":19,"The Courier":28,"Omamori":18,"Letter Opener":41,"Frozen Egg 2":40,"MawBank":36,"Question Card":46,"White Beast Statue":29,"Akabeko":31,"Bottled Flame":4,"Anchor":43,"Bronze Scales":25,"Snecko Eye":17,"Molten Egg 2":10,"Bag of Marbles":37,"Art of War":42,"Bottled Lightning":47,"TungstenRod":0,"Toy Ornithopter":45},{"Lantern":16,"Gremlin Horn":22,"CeramicFish":6,"Bag of Preparation":6,"Whetstone":2,"Bottled Tornado":5,"Smiling Mask":13,"Empty Cage":21,"Burning Blood":0,"Nunchaku":15,"Mummified Hand":19,"Sundial":34,"Strawberry":1,"MealTicket":9,"Toxic Egg 2":3,"InkBottle":8,"Red Skull":14,"Paper Frog":25,"Happy Flower":30,"Self Forming Clay":26,"PreservedInsect":12,"The Courier":17,"Omamori":11,"Letter Opener":28,"Frozen Egg 2":27,"MawBank":23,"Question Card":32,"White Beast Statue":18,"Akabeko":20,"Bottled Flame":4,"Anchor":29,"Bronze Scales":15,"Snecko Eye":10,"Molten Egg 2":7,"Bag of Marbles":24,"Art of War":29,"Bottled Lightning":33,"TungstenRod":0,"Toy Ornithopter":31},{"Lantern":50,"Gremlin Horn":61,"CeramicFish":21,"Bag of Preparation":21,"Whetstone":5,"Bottled Tornado":18,"Smiling Mask":42,"Empty Cage":59,"Burning Blood":0,"Nunchaku":47,"Mummified Hand":55,"Sundial":80,"Strawberry":1,"MealTicket":29,"Toxic Egg 2":7,"InkBottle":26,"Red Skull":45,"Paper Frog":71,"Happy Flower":76,"Self Forming Clay":72,"PreservedInsect":39,"The Courier":51,"Omamori":38,"Letter Opener":74,"Frozen Egg 2":73,"MawBank":63,"Question Card":78,"White Beast Statue":53,"Akabeko":56,"Bottled Flame":9,"Anchor":75,"Bronze Scales":47,"Snecko Eye":35,"Molten Egg 2":25,"Bag of Marbles":68,"Art of War":75,"Bottled Lightning":79,"TungstenRod":0,"Toy Ornithopter":77}],"TungstenRod":60,"InkBottle":[27],"Toy Ornithopter":5},"card_choices":[{"not_picked":["Double Tap+1","Berserk"],"picked":"Limit Break+1","floor":16.0}],"player_experience":167142,"relics_obtained":[{"floor":1.0,"key":"Strawberry"},{"floor":2.0,"key":"Whetstone"},{"floor":3.0,"key":"Toxic Egg 2"},{"floor":4.0,"key":"Bottled Flame"},{"floor":5.0,"key":"Bottled Tornado"},{"floor":7.0,"key":"Bag of Preparation"},{"floor":9.0,"key":"CeramicFish"},{"floor":10.0,"key":"Molten Egg 2"},{"floor":12.0,"key":"InkBottle"},{"floor":14.0,"key":"MealTicket"},{"floor":18.0,"key":"Omamori"},{"floor":19.0,"key":"PreservedInsect"},{"floor":21.0,"key":"Smiling Mask"},{"floor":22,"key":"Red Skull"},{"floor":25,"key":"Bronze Scales"},{"floor":26,"key":"Nunchaku"},{"floor":27,"key":"Lantern"},{"floor":28,"key":"The Courier"},{"floor":29,"key":"White Beast Statue"},{"floor":30,"key":"Mummified Hand"},{"floor":31,"key":"Akabeko"},{"floor":35,"key":"Gremlin Horn"},{"floor":36,"key":"MawBank"},{"floor":37,"key":"Bag of Marbles"},{"floor":38,"key":"Paper Frog"},{"floor":39,"key":"Self Forming Clay"},{"floor":40,"key":"Frozen Egg 2"},{"floor":41,"key":"Letter Opener"},{"floor":42,"key":"Art of War"},{"floor":43,"key":"Anchor"},{"floor":44,"key":"Happy Flower"},{"floor":45,"key":"Toy Ornithopter"},{"floor":46,"key":"Question Card"},{"floor":47,"key":"Bottled Lightning"},{"floor":48,"key":"Sundial"}],"event_choices":[],"is_beta":false,"boss_relics":[{"not_picked":["Ectoplasm","Black Star"],"picked":"Snecko Eye"},{"not_picked":["Tiny House","Velvet Choker"],"picked":"Empty Cage"}],"items_purged_floors":[20],"is_endless":false,"potions_floor_spawned":[2,3,7,10,12,19,27,28,30,31,33,35,36,37,38,39,40,41,42,44,45,46,47,48],"ascension_level":0}}