{"host":"ktoxvvst1mwxww91","time":1611044595,"event":{"mods":["BaseMod","Downfall","Hermit","Minty Spire (QoL Compilation)","StSLib","The Blackbeard","The Hierophant","The Mystic","The Necromancer"],"gold_per_floor":[99,99,99,111,131,144,197,224,134,159,44,44,71,90,104,206,206,206,225,85,185,185,185,185],"floor_reached":23,"language":"ENG","playtime":1236,"items_purged":["bronze:Strike","bronze:Strike","bronze:Strike"],"score":296,"play_id":"084b12e2-c2b7-443b-afb8-f59e8a7b71f6","local_time":"20210119092315","is_ascension_mode":true,"campfire_choices":[{"data":"bronze:Replicate","floor":1,"key":"SMITH"},{"floor":12,"key":"REST"},{"data":"bronze:AlphaBuild","floor":18,"key":"SMITH"}],"circlet_count":0,"master_deck":["bronze:Strike","bronze:Defend","bronze:Defend","bronze:Defend","bronze:Defend","bronze:Replicate+1","bronze:Goto+1","bronze:Spike+1","bronze:DazingPulse","bronze:Explode+1","bronze:BugBarrage","bronze:Frontload","bronze:Boost","bronze:Branch","Parasite","bronze:WhirlingStrike","bronze:Philosophize","bronze:BronzeOrb","bronze:ChosenStrike","bronze:BugBarrage","bronze:WhirlingStrike","bronze:OilSpill","bronze:AlphaBuild+1","bronze:Frontload","bronze:DarkDash","bronze:DonuBeam","bronze:DecaBeam"],"relics":["Cursed Key","Pen Nib","Blue Candle","Bird Faced Urn","Toy Ornithopter","SlaversCollar"],"acts_visited":["Exordium","TheCity"],"potions_floor_usage":[10,10,10,10,11,13,20],"damage_taken":[{"damage":50,"floor":2,"turns":11},{"damage":0,"enemies":"Jaw Worm","floor":4,"turns":2},{"damage":0,"enemies":"Small Slimes","floor":5,"turns":2},{"damage":0,"enemies":"Cultist","floor":6,"turns":3},{"damage":0,"enemies":"Lagavulin","floor":8,"turns":5},{"damage":0,"enemies":"downfall:FleeingMerchant","floor":9,"turns":4},{"damage":0,"enemies":"3 Sentries","floor":10,"turns":2},{"damage":2,"enemies":"downfall:FleeingMerchant","floor":11,"turns":4},{"damage":0,"enemies":"Gremlin Nob","floor":13,"turns":4},{"damage":1,"enemies":"2 Fungi Beasts","floor":14,"turns":3},{"damage":5,"enemies":"Exordium Wildlife","floor":15,"turns":2},{"damage":22,"enemies":"WA_ARCHETYPE_RETAIN","floor":16,"turns":7},{"damage":0,"enemies":"3 Byrds","floor":19,"turns":2},{"damage":10,"enemies":"downfall:FleeingMerchant","floor":20,"turns":4},{"damage":77,"enemies":"downfall:FleeingMerchant","floor":21,"turns":11},{"damage":12,"enemies":"Slavers","floor":23,"turns":2}],"seed_played":"1000217019407299325","potions_obtained":[{"floor":2,"key":"Explosive Potion"},{"floor":5,"key":"Explosive Potion"},{"floor":6,"key":"EntropicBrew"},{"floor":10,"key":"bronze:FreeFunctionsPotion"},{"floor":13,"key":"FairyPotion"},{"floor":16,"key":"Weak Potion"}],"is_trial":false,"path_per_floor":["R","?","?","M","M","M","T","E","$","E","$","R","E","M","M","B",null,"R","M","$","?","?","E"],"character_chosen":"THE_AUTOMATON","items_purchased":[],"campfire_rested":1,"item_purchase_floors":[],"current_hp_per_floor":[70,20,20,20,20,20,20,20,20,20,18,39,39,38,33,11,70,70,70,60,11,11,0,0],"gold":185,"neow_bonus":"BOSS_RELIC","is_daily":false,"chose_seed":false,"campfire_upgraded":2,"win_rate":0.0,"timestamp":1611044595,"path_taken":["R","?","?","?","M","M","T","E","$","E","$","R","E","M","M","BOSS","R","M","$","?","?","E"],"items_purchased_type":[],"build_version":"2020-12-22","purchased_purges":3,"victory":false,"max_hp_per_floor":[70,70,70,70,70,70,70,70,70,70,70,70,70,70,70,70,70,70,70,70,70,70,70,70],"card_choices":[{"not_picked":[],"picked":"bronze:Spike","floor":2},{"not_picked":[],"picked":"bronze:DazingPulse","floor":2},{"not_picked":[],"picked":"bronze:Explode","floor":2},{"not_picked":["bronze:BitShift","bronze:Allocate"],"picked":"bronze:BugBarrage","floor":2},{"not_picked":["bronze:DelayedGuard","bronze:Iterate"],"picked":"bronze:Frontload","floor":4},{"not_picked":["bronze:SpaghettiCode","bronze:Turbo"],"picked":"bronze:Boost","floor":5},{"not_picked":["bronze:DelayedSlice","bronze:WildBeam"],"picked":"bronze:Branch","floor":6},{"not_picked":["bronze:SpaghettiCode","bronze:WildBeam"],"picked":"bronze:WhirlingStrike","floor":8},{"not_picked":["bronze:Optimize","bronze:Iterate"],"picked":"bronze:Philosophize","floor":9},{"not_picked":["bronze:Shield","bronze:Flail"],"picked":"bronze:BronzeOrb","floor":10},{"not_picked":["bronze:Constructor","bronze:Mutator"],"picked":"bronze:ChosenStrike","floor":11},{"not_picked":["bronze:WildBeam","bronze:Turbo"],"picked":"bronze:BugBarrage","floor":13},{"not_picked":["bronze:Return","bronze:WildBeam"],"picked":"bronze:WhirlingStrike","floor":14},{"not_picked":["bronze:Allocate","bronze:Overload"],"picked":"bronze:OilSpill","floor":15},{"not_picked":["bronze:CleanCode","bronze:HardenedForm"],"picked":"bronze:AlphaBuild","floor":16},{"not_picked":["bronze:Turbo","bronze:Boost+1"],"picked":"bronze:Frontload","floor":19},{"not_picked":["bronze:BugBarrage+1","bronze:WildBeam+1"],"picked":"bronze:DarkDash","floor":20},{"not_picked":[],"picked":"bronze:DonuBeam","floor":21},{"not_picked":[],"picked":"bronze:DecaBeam","floor":21}],"player_experience":1151044,"relics_obtained":[{"floor":7,"key":"Pen Nib"},{"floor":8,"key":"Blue Candle"},{"floor":10,"key":"Bird Faced Urn"},{"floor":13,"key":"Toy Ornithopter"}],"event_choices":[],"is_beta":false,"boss_relics":[{"not_picked":["bronze:MakeshiftBattery","SacredBark"],"picked":"SlaversCollar"}],"items_purged_floors":[9,11,20],"is_endless":false,"potions_floor_spawned":[2,5,6,10,13,16],"killed_by":"Slavers","ascension_level":1}}