{"host":"jvd5k9mqzerszifx","time":1611057456,"event":{"mods":["AchievementEnabler","Act Like it!","BaseMod","Better Note","Better Third Choice","Colored Map","Colored Powertips","Conspire","DeckTracker","Gensokyo","GungeonMod","Hallownest","Hermit","Hubris","Infinite Spire","Jorbs\u0027s Wanderer Trilogy","Koishi","Marisa（F雨　魔理沙）","Minty Spire (QoL Compilation)","MostiFishMod","Relic Stats","Replay The Spire","Reworked Bosses","Spicy Shops","StSLib","The Administrix","The Bug Knight","The Cursed","The Factory","The Hierophant","The Jungle","The Servant 0.9.4","【功能Mod】聪明的最终Boss"],"gold_per_floor":[148,178,178,178,178,178,280,376,376,460,460,460,493,592,592,889,889,925,985,1063,763,1363,1363,1393,1393,1615,1711,1789,1789,1870,1966,1966,2278,2278,2317,2317,815,815,815,917,1001,343,343,424,526,526,526,571,571,592,592,592,737,830,830],"floor_reached":56,"language":"ZHS","playtime":2230,"items_purged":["Pot Of Greed"],"score":2041,"play_id":"ca34e20e-6c24-46e0-b4d8-3fd997d87915","local_time":"20210119195736","is_ascension_mode":true,"campfire_choices":[{"data":"HollowMod:NailStrikeStart","floor":6,"key":"PURGE"},{"data":"HollowMod:NailStrikeStart","floor":6,"key":"PURGE"},{"data":"HollowMod:QuickDashStart","floor":6,"key":"PURGE"},{"data":"HollowMod:QuickDashStart","floor":6,"key":"PURGE"},{"data":"HollowMod:QuickDashStart","floor":6,"key":"PURGE"},{"data":"HollowMod:NailStrikeStart","floor":6,"key":"SMITH"},{"data":"HollowMod:QuickDashStart","floor":6,"key":"SMITH"},{"data":"HollowMod:FocusHealStart","floor":6,"key":"SMITH"},{"data":"HollowMod:PogoStrike","floor":6,"key":"SMITH"},{"data":"HollowMod:ChannelNail","floor":6,"key":"SMITH"},{"data":"HollowMod:InfectedAttack","floor":6,"key":"SMITH"},{"data":"HollowMod:LifebloodCocoon","floor":6,"key":"SMITH"},{"data":"HollowMod:MantisMark","floor":6,"key":"SMITH"},{"data":"HollowMod:VengefulSpirit","floor":6,"key":"SMITH"},{"data":"HollowMod:GrimmsGift","floor":6,"key":"SMITH"},{"floor":6,"key":"RECALL"},{"data":"HollowMod:ZotesMagnificence","floor":11,"key":"SMITH"},{"data":"HollowMod:SharpenedNail","floor":11,"key":"SMITH"},{"floor":11,"key":"REST"},{"data":"HollowMod:InfectedAttack","floor":15,"key":"SMITH"},{"floor":15,"key":"REST"},{"data":"HollowMod:MidwifesHunger","floor":23,"key":"SMITH"},{"data":"HollowMod:DashSlash","floor":23,"key":"SMITH"},{"data":"HollowMod:Grubsong","floor":23,"key":"SMITH"},{"data":"HollowMod:DashSlash","floor":23,"key":"SMITH"},{"data":"HollowMod:NewLastStag","floor":23,"key":"SMITH"},{"data":"infinitespire:FutureSight","floor":23,"key":"SMITH"},{"floor":23,"key":"REST"},{"data":"HollowMod:NailStrikeStart+1","floor":23,"key":"PURGE"},{"data":"HollowMod:QuickDashStart+1","floor":23,"key":"PURGE"},{"floor":25,"key":"REST"},{"data":"HollowMod:SoulStrike","floor":29,"key":"SMITH"},{"data":"Pot Of Greed","floor":29,"key":"SMITH"},{"data":"Pot Of Greed","floor":29,"key":"SMITH"},{"data":"HollowMod:InfectedCysts","floor":29,"key":"SMITH"},{"floor":29,"key":"REST"},{"data":"HollowMod:NewLittleFool","floor":32,"key":"SMITH"},{"floor":32,"key":"REST"},{"data":"HollowMod:HerrahsAnger","floor":46,"key":"SMITH"},{"data":"Sadistic Nature","floor":46,"key":"SMITH"},{"data":"HollowMod:SlysStrikes","floor":46,"key":"SMITH"},{"floor":46,"key":"REST"},{"floor":49,"key":"REST"},{"floor":52,"key":"REST"}],"circlet_count":0,"master_deck":["HollowMod:FocusHealStart+1","HollowMod:PogoStrike+1","HollowMod:ChannelNail+1","HollowMod:InfectedAttack+1","HollowMod:LifebloodCocoon+1","HollowMod:MantisMark+1","HollowMod:VengefulSpirit+1","HollowMod:GrimmsGift+1","HollowMod:ZotesMagnificence+1","HollowMod:SharpenedNail+1","HollowMod:CycloneSlash+1","HollowMod:InfectedAttack+1","HollowMod:MidwifesHunger+1","HollowMod:DashSlash+1","HollowMod:Grubsong+1","HollowMod:DashSlash+1","HollowMod:NewLastStag+1","infinitespire:FutureSight+1","HollowMod:SoulStrike+1","Pot Of Greed+1","Pot Of Greed+1","HollowMod:InfectedCysts+1","HollowMod:NewLittleFool+1","HollowMod:HerrahsAnger+1","HollowMod:BaldurShell+1","HollowMod:HowlingWraiths+1","HollowMod:SoulEater+1","Sadistic Nature+1","HollowMod:SlysStrikes+1","HollowMod:DungDefenderAura+1","HollowMod:InfectionAssault+1"],"relics":["HollowMod:VesselMask","Peace Pipe","Ginger","Turnip","Unceasing Top","Omamori","Ice Cream","The Courier","Medical Kit","WingedGreaves","HandDrill","Frozen Eye","Blue Candle","CombinedTypeHook","DaveBox","SynthV:TestCard","OrangePellets","Anchor","Torii","conspire:Flyswatter","HollowMod:IsmasTear","hubris:MobiusCoin","Whetstone","conspire:RoyalGoblet","HollowMod:GreatKnightMask","BionicSphere","infinitespire:WardingShard","Red Mask","DemoMod:GlassGuonStoneRelic","Grinning Jar","Blood Vial","DemoMod:MeltedRock","RhineSuit","Bag of Preparation","Civilization","Replay:Lucky Slots","hubris:MysteriousPyramids","ReplayTheSpireMod:Shallot","Durian","HollowMod:KingsBrand","Replay:Towering Pillar of Hats","Onion Ring","hubris:CrystalStatue","ReplayTheSpireMod:Ring of Sloth","hubris:SlimyHat","Vajra","DianPoetry","Boot","hubris:SphereOfDissonance","Bag of Marbles","Replay:Wax Seal","HollowMod:MillibellesNoteRelic","Membership Card","ReplayTheSpireMod:CursedCoin","Nunchaku","infinitespire:ShieldingShard","HollowMod:LumaflyLanternRelic","Replay:Bottled Steam"],"acts_visited":["Gensokyo:Gensokyo","TheCity","TheBeyond","TheEnding"],"potions_floor_usage":[7,20,20,31],"damage_taken":[{"damage":0,"enemies":"Gensokyo:Gryphon","floor":1,"turns":3},{"damage":3,"enemies":"Gensokyo:Python","floor":2,"turns":3},{"damage":0,"enemies":"Gensokyo:Mamizou","floor":7,"turns":4},{"damage":0,"enemies":"Gensokyo:Aya","floor":8,"turns":2},{"damage":0,"enemies":"Gensokyo:Cirno","floor":10,"turns":5},{"damage":0,"enemies":"Gensokyo:3_Fairies","floor":13,"turns":3},{"damage":0,"enemies":"Gensokyo:Aya","floor":14,"turns":2},{"damage":0,"enemies":"Gensokyo:Reimu","floor":16,"turns":3},{"damage":0,"enemies":"conspire:FuzzyDice","floor":18,"turns":2},{"damage":1,"enemies":"HollowMod:HuskSentry","floor":19,"turns":2},{"damage":0,"enemies":"HollowMod:Zote","floor":20,"turns":2},{"damage":2,"enemies":"Cultist and Chosen","floor":24,"turns":2},{"damage":0,"enemies":"Masked Bandits","floor":27,"turns":2},{"damage":0,"enemies":"Slavers","floor":28,"turns":2},{"damage":0,"enemies":"conspire:SneckoGhost","floor":30,"turns":2},{"damage":0,"enemies":"conspire:Head Lice","floor":31,"turns":2},{"damage":0,"enemies":"bossMod:newCollector","floor":33,"turns":3},{"damage":0,"enemies":"3 Shapes","floor":35,"turns":2},{"damage":0,"enemies":"R_Hoarder","floor":40,"turns":3},{"damage":0,"enemies":"Giant Head","floor":41,"turns":2},{"damage":0,"enemies":"Reptomancer","floor":44,"turns":2},{"damage":0,"enemies":"Giant Head","floor":45,"turns":1},{"damage":0,"enemies":"3 Darklings","floor":48,"turns":1},{"damage":0,"enemies":"Time Eater","floor":50,"turns":3},{"damage":0,"enemies":"Shield and Spear","floor":54,"turns":2},{"damage":3,"enemies":"The Heart","floor":55,"turns":3}],"seed_played":"-4626621738275992274","potions_obtained":[{"floor":2,"key":"EssenceOfSteel"},{"floor":13,"key":"LiquidBronze"},{"floor":14,"key":"Weak Potion"},{"floor":16,"key":"LiquidMemories"},{"floor":24,"key":"Energy Potion"},{"floor":27,"key":"Strength Potion"},{"floor":35,"key":"Energy Potion"}],"is_trial":false,"path_per_floor":["M","M","?","?","?","R","E","E","T","E","R","?","M","E","R","B",null,"M","M","?","?","AVR","R","M","R","T","?","E","R","E","E","R","B",null,"M","AVR","$","?","T","E","E","$","T","E","E","R","?","M","R","B",null,"R","$","E","B",null],"character_chosen":"THE_BUGKNIGHT","items_purchased":["Civilization","Replay:Lucky Slots","hubris:MysteriousPyramids","ReplayTheSpireMod:Shallot","Durian","HollowMod:KingsBrand","Replay:Towering Pillar of Hats","Onion Ring","hubris:CrystalStatue","DianPoetry","Boot","hubris:SphereOfDissonance","Sadistic Nature","Membership Card","ReplayTheSpireMod:CursedCoin","Nunchaku","infinitespire:ShieldingShard","HollowMod:LumaflyLanternRelic"],"campfire_rested":9,"item_purchase_floors":[37,37,37,37,37,37,37,37,37,42,42,42,42,53,53,53,53,53],"current_hp_per_floor":[75,72,72,72,72,72,72,72,72,72,75,75,75,75,75,75,75,75,74,74,74,74,75,73,75,75,75,75,75,75,75,75,75,75,75,75,80,80,80,81,82,82,82,83,84,84,84,85,85,86,86,86,86,87,85],"gold":830,"neow_bonus":"TRANSFORM_CARD","is_daily":false,"chose_seed":false,"campfire_upgraded":27,"win_rate":0.0,"timestamp":1611057456,"path_taken":["M","M","?","?","?","R","E","E","T","E","R","?","?","E","R","BOSS","M","?","?","?","AVR","R","M","R","T","?","E","R","E","E","R","BOSS","M","AVR","$","?","?","E","E","?","T","E","E","R","?","?","R","BOSS","R","$","E","BOSS"],"items_purchased_type":["Relic","Relic","Relic","Relic","Relic","Relic","Relic","Relic","Relic","Relic","Relic","Relic","Card","Relic","Relic","Relic","Relic","Relic"],"build_version":"2020-12-22","purchased_purges":1,"victory":true,"max_hp_per_floor":[75,75,75,75,75,75,75,75,75,75,75,75,75,75,75,75,75,75,75,75,75,75,75,75,75,75,75,75,75,75,75,75,75,75,75,75,80,80,80,81,82,82,82,83,84,84,84,85,85,86,86,86,86,87,88],"relic_stats":{"Torii":6,"counters":[26,55],"Blue Candle":[0],"Bag of Preparation":[17],"Ginger":[8],"Whetstone":["HollowMod:CycloneSlash"],"Medical Kit":[8],"Boot":[0],"Peace Pipe":12,"Blood Vial":0,"OrangePellets":[5],"Nunchaku":[2],"Turnip":[8],"HandDrill":[18],"obtain_stats":[{"Ice Cream":0,"CombinedTypeHook":0,"hubris:CrystalStatue":37,"conspire:RoyalGoblet":17,"HollowMod:LumaflyLanternRelic":53,"Vajra":41,"HollowMod:VesselMask":0,"DemoMod:GlassGuonStoneRelic":7,"Ginger":0,"Whetstone":14,"hubris:MysteriousPyramids":37,"Boot":42,"HollowMod:MillibellesNoteRelic":45,"Blood Vial":30,"infinitespire:ShieldingShard":53,"DemoMod:MeltedRock":31,"HandDrill":0,"Replay:Wax Seal":44,"Replay:Bottled Steam":54,"hubris:MobiusCoin":10,"ReplayTheSpireMod:CursedCoin":53,"Blue Candle":0,"hubris:SphereOfDissonance":42,"HollowMod:IsmasTear":9,"HollowMod:KingsBrand":37,"OrangePellets":1,"ReplayTheSpireMod:Shallot":37,"BionicSphere":22,"Onion Ring":37,"Grinning Jar":28,"Unceasing Top":0,"conspire:Flyswatter":8,"DaveBox":0,"Torii":7,"DianPoetry":42,"RhineSuit":34,"Bag of Preparation":36,"hubris:SlimyHat":40,"Frozen Eye":0,"Civilization":37,"Nunchaku":53,"WingedGreaves":0,"Replay:Lucky Slots":37,"Red Mask":27,"Replay:Towering Pillar of Hats":37,"ReplayTheSpireMod:Ring of Sloth":38,"HollowMod:GreatKnightMask":20,"The Courier":0,"Omamori":0,"Medical Kit":0,"Peace Pipe":0,"Anchor":5,"SynthV:TestCard":1,"infinitespire:WardingShard":26,"Turnip":0,"Durian":37,"Bag of Marbles":43,"Membership Card":53},{"Ice Cream":0,"CombinedTypeHook":0,"hubris:CrystalStatue":18,"conspire:RoyalGoblet":8,"HollowMod:LumaflyLanternRelic":24,"Vajra":20,"HollowMod:VesselMask":0,"DemoMod:GlassGuonStoneRelic":3,"Ginger":0,"Whetstone":7,"hubris:MysteriousPyramids":18,"Boot":20,"HollowMod:MillibellesNoteRelic":22,"Blood Vial":15,"infinitespire:ShieldingShard":24,"DemoMod:MeltedRock":16,"HandDrill":0,"Replay:Wax Seal":21,"Replay:Bottled Steam":25,"hubris:MobiusCoin":5,"ReplayTheSpireMod:CursedCoin":24,"Blue Candle":0,"hubris:SphereOfDissonance":20,"HollowMod:IsmasTear":4,"HollowMod:KingsBrand":18,"OrangePellets":1,"ReplayTheSpireMod:Shallot":18,"BionicSphere":11,"Onion Ring":18,"Grinning Jar":14,"Unceasing Top":0,"conspire:Flyswatter":4,"DaveBox":0,"Torii":3,"DianPoetry":20,"RhineSuit":17,"Bag of Preparation":18,"hubris:SlimyHat":19,"Frozen Eye":0,"Civilization":18,"Nunchaku":24,"WingedGreaves":0,"Replay:Lucky Slots":18,"Red Mask":13,"Replay:Towering Pillar of Hats":18,"ReplayTheSpireMod:Ring of Sloth":18,"HollowMod:GreatKnightMask":11,"The Courier":0,"Omamori":0,"Medical Kit":0,"Peace Pipe":0,"Anchor":2,"SynthV:TestCard":1,"infinitespire:WardingShard":12,"Turnip":0,"Durian":18,"Bag of Marbles":20,"Membership Card":24},{"Ice Cream":0,"CombinedTypeHook":0,"hubris:CrystalStatue":39,"conspire:RoyalGoblet":24,"HollowMod:LumaflyLanternRelic":50,"Vajra":43,"HollowMod:VesselMask":0,"DemoMod:GlassGuonStoneRelic":9,"Ginger":0,"Whetstone":21,"hubris:MysteriousPyramids":39,"Boot":43,"HollowMod:MillibellesNoteRelic":46,"Blood Vial":33,"infinitespire:ShieldingShard":50,"DemoMod:MeltedRock":35,"HandDrill":0,"Replay:Wax Seal":45,"Replay:Bottled Steam":52,"hubris:MobiusCoin":16,"ReplayTheSpireMod:CursedCoin":50,"Blue Candle":0,"hubris:SphereOfDissonance":43,"HollowMod:IsmasTear":11,"HollowMod:KingsBrand":39,"OrangePellets":3,"ReplayTheSpireMod:Shallot":39,"BionicSphere":28,"Onion Ring":39,"Grinning Jar":31,"Unceasing Top":0,"conspire:Flyswatter":11,"DaveBox":0,"Torii":9,"DianPoetry":43,"RhineSuit":38,"Bag of Preparation":39,"hubris:SlimyHat":41,"Frozen Eye":0,"Civilization":39,"Nunchaku":50,"WingedGreaves":0,"Replay:Lucky Slots":39,"Red Mask":30,"Replay:Towering Pillar of Hats":39,"ReplayTheSpireMod:Ring of Sloth":39,"HollowMod:GreatKnightMask":28,"The Courier":0,"Omamori":0,"Medical Kit":0,"Peace Pipe":0,"Anchor":5,"SynthV:TestCard":3,"infinitespire:WardingShard":29,"Turnip":0,"Durian":39,"Bag of Marbles":43,"Membership Card":50}],"Unceasing Top":[50]},"card_choices":[{"not_picked":["HollowMod:NewJinnsSoul","HollowMod:WraithStrike"],"picked":"HollowMod:InfectedAttack","floor":1},{"not_picked":["HollowMod:PureNailStrike","HollowMod:InfectedCysts","HollowMod:SoulEater","HollowMod:SoulVessel"],"picked":"HollowMod:LifebloodCocoon","floor":2},{"not_picked":["HollowMod:CornifersMapStart","HollowMod:SoulStrike","HollowMod:VengefulVoid","HollowMod:InfectedAttack"],"picked":"HollowMod:MantisMark","floor":3},{"not_picked":["HollowMod:VengefulVoid","HollowMod:ChannelNail","HollowMod:SiblingsSouls","HollowMod:SharpenedNail"],"picked":"HollowMod:VengefulSpirit","floor":3},{"not_picked":["HollowMod:InfectedCysts","HollowMod:LifebloodCocoon","HollowMod:DoubleDash","HollowMod:NewJinnsSoul"],"picked":"HollowMod:ZotesMagnificence","floor":7},{"not_picked":["HollowMod:SoulEater","HollowMod:Hiveblood","HollowMod:FallenFury","HollowMod:GoodIntentions"],"picked":"HollowMod:SharpenedNail","floor":8},{"not_picked":["HollowMod:GoodIntentions","HollowMod:PaleKingsBlessing","HollowMod:TaintedHusks","HollowMod:NewJinnsSoul","HollowMod:DoubleDash"],"picked":"SKIP","floor":10},{"not_picked":["HollowMod:SharpenedNail","HollowMod:GoodIntentions","HollowMod:SoulSplash","HollowMod:DashSlash"],"picked":"HollowMod:CycloneSlash","floor":13},{"not_picked":["HollowMod:GoodIntentions","HollowMod:HuntersJournal","HollowMod:theNailsmith","HollowMod:SharpenedShadows"],"picked":"HollowMod:InfectedAttack","floor":14},{"not_picked":["HollowMod:SoulMaster","HollowMod:RadiancesLament","HollowMod:PureVessel","HollowMod:PaleKingsBlessing"],"picked":"HollowMod:MidwifesHunger","floor":16},{"not_picked":["HollowMod:QuirrelsAssistance+1","HollowMod:SoulVessel","HollowMod:Hiveblood","HollowMod:ChannelNail"],"picked":"HollowMod:DashSlash","floor":18},{"not_picked":["HollowMod:QuirrelsAssistance+1","HollowMod:TaintedHusks","HollowMod:VengefulVoid+1","HollowMod:DescendingDark"],"picked":"HollowMod:Grubsong","floor":19},{"not_picked":["HollowMod:HowlingWraiths+1","HollowMod:SharpenedShadows+1","HollowMod:Grubsong","HollowMod:SharpenedNail"],"picked":"HollowMod:DashSlash","floor":20},{"not_picked":["HollowMod:SoulEater","HollowMod:AbyssShriek","HollowMod:DoubleDash","HollowMod:MothsMistake","HollowMod:SoulVessel"],"picked":"SKIP","floor":24},{"not_picked":["HollowMod:DescendingDark","HollowMod:NewLittleFool","HollowMod:CloakDash+1","HollowMod:ShadowDash+1"],"picked":"HollowMod:SoulStrike","floor":27},{"not_picked":["HollowMod:NewLittleFool","HollowMod:CrystalDash","HollowMod:HuntersJournal","HollowMod:DescendingDark"],"picked":"HollowMod:InfectedCysts","floor":28},{"not_picked":["HollowMod:VengefulSpirit","HollowMod:GrimmsGift+1","HollowMod:InfectedCysts","HollowMod:theNailsmith"],"picked":"HollowMod:NewLittleFool","floor":30},{"not_picked":["HollowMod:Grubsong","HollowMod:DoubleDash","HollowMod:SharpenedShadows","HollowMod:VengefulVoid+1","HollowMod:NewJinnsSoul+1"],"picked":"SKIP","floor":31},{"not_picked":["HollowMod:LifebloodCore","HollowMod:SoulMaster","HollowMod:PaleKingsBlessing","HollowMod:theNailsmith"],"picked":"HollowMod:HerrahsAnger","floor":33},{"not_picked":["HollowMod:LifebloodCocoon","HollowMod:SiblingsSouls","HollowMod:Weaversong","HollowMod:DesolateDive"],"picked":"HollowMod:BaldurShell+1","floor":35},{"not_picked":["HollowMod:Hiveblood","HollowMod:AbyssShriek+1","HollowMod:MawleksShell","HollowMod:DashSlash"],"picked":"HollowMod:HowlingWraiths+1","floor":40},{"not_picked":["HollowMod:CloakDash+1","HollowMod:MantisMark","HollowMod:SoulShaman","HollowMod:InfectedAttack"],"picked":"HollowMod:SoulEater+1","floor":41},{"not_picked":["HollowMod:Grubsong+1","HollowMod:ShapeofUnn+1","HollowMod:BlackTendrils","HollowMod:VengefulSpirit"],"picked":"HollowMod:SlysStrikes","floor":44},{"not_picked":["HollowMod:MothsMistake","HollowMod:ShapeofUnn+1","HollowMod:SoulSplash+1","HollowMod:NewJinnsSoul+1"],"picked":"HollowMod:DungDefenderAura+1","floor":45},{"not_picked":["HollowMod:LifebloodCocoon+1","HollowMod:TaintedHusks","HollowMod:SharpenedShadows","HollowMod:InfectedAttack+1","HollowMod:CloakDash+1"],"picked":"SKIP","floor":48},{"not_picked":["HollowMod:BlackTendrils+1","HollowMod:ShadowDash+1","HollowMod:NewJinnsSoul","HollowMod:MawleksShell"],"picked":"HollowMod:InfectionAssault+1","floor":54}],"player_experience":299019,"relics_obtained":[{"floor":1,"key":"SynthV:TestCard"},{"floor":7,"key":"Torii"},{"floor":8,"key":"conspire:Flyswatter"},{"floor":9,"key":"HollowMod:IsmasTear"},{"floor":10,"key":"hubris:MobiusCoin"},{"floor":14,"key":"Whetstone"},{"floor":20,"key":"HollowMod:GreatKnightMask"},{"floor":26,"key":"infinitespire:WardingShard"},{"floor":27,"key":"Red Mask"},{"floor":28,"key":"Grinning Jar"},{"floor":30,"key":"Blood Vial"},{"floor":31,"key":"DemoMod:MeltedRock"},{"floor":38,"key":"ReplayTheSpireMod:Ring of Sloth"},{"floor":40,"key":"hubris:SlimyHat"},{"floor":41,"key":"Vajra"},{"floor":43,"key":"Bag of Marbles"},{"floor":44,"key":"Replay:Wax Seal"},{"floor":45,"key":"HollowMod:MillibellesNoteRelic"},{"floor":54,"key":"Replay:Bottled Steam"}],"event_choices":[{"damage_healed":0,"gold_gain":0,"player_choice":"Fought Bandits","damage_taken":0,"max_hp_gain":0,"max_hp_loss":0,"event_name":"Masked Bandits","floor":27,"gold_loss":0},{"damage_healed":0,"gold_gain":0,"player_choice":"0 cards matched","damage_taken":0,"max_hp_gain":0,"max_hp_loss":0,"event_name":"Match and Keep!","floor":47,"gold_loss":0,"cards_obtained":[]}],"is_beta":false,"boss_relics":[{"not_picked":["JellyFishMachine","conspire:RunicOctahedron"],"picked":"conspire:RoyalGoblet"},{"not_picked":["BloodWine","Replay:Grab Bag"],"picked":"RhineSuit"}],"items_purged_floors":[42],"is_endless":false,"potions_floor_spawned":[2,13,14,16,18,24,27,28,35,41],"ascension_level":1}}