{"host":"7z9izfsmsy4azoxx","time":1611047519,"event":{"mods":["AchievementEnabler","BaseMod","Colored Map","Custom Start","Hermit","Minty Spire (QoL Compilation)","Replay The Spire","StSLib","SuperFastMode"],"gold_per_floor":[5464767,5464721,5464646,5463956,5463956,5463956,5463966,5463986,5463986,5464006,5464031,5463230,5463246,5463271,5463271,5463343,5463343,5463322,5463338,5462580,5462580,5462594,5462594,5462623,5461868,5461918,5461945,5461961,5461973,5461973,5461985,5461985,5462060,5462060,5462076,5462091,5462106,5461505,5461505,5461505,5460858,5460858,5460858,5460858,5460869,5460869,5460869],"floor_reached":46,"language":"KOR","playtime":1017,"items_purged":["Strike_R","Strike_R","Defend_R","Clothesline","Finesse"],"score":1241,"play_id":"c6feb3a0-77bc-4e22-aec8-56b70d0d489f","local_time":"20210119181159","is_ascension_mode":true,"campfire_choices":[{"data":"Second Wind","floor":6.0,"key":"SMITH"},{"floor":15.0,"key":"REST"},{"data":"Dropkick","floor":23,"key":"SMITH"},{"data":"Burning Pact","floor":30,"key":"SMITH"},{"floor":32,"key":"RECALL"},{"data":"Thunderclap","floor":40,"key":"SMITH"},{"floor":42,"key":"REST"}],"circlet_count":0,"master_deck":["AscendersBane","Bash+1","Dropkick+1","Thunderclap+1","Parasite"],"relics":["Burning Blood","Magic Flower","Eternal Feather","Omamori","Bag of Marbles","Odd Mushroom","ReplayTheSpireMod:Lightbulb","Vajra","Toolbox","Onion Ring","Replay:Drink Me","Orichalcum","Red Skull","TheAbacus","Boot","ReplayTheSpireMod:Spearhead","OrangePellets","White Beast Statue","Blood Vial","Kintsugi","Dream Catcher","Mercury Hourglass","BranchBurnRelic","Anchor","Champion Belt","Membership Card","StrikeDummy"],"acts_visited":["Exordium","TheCity","TheBeyond"],"potions_floor_usage":[27,46],"damage_taken":[{"damage":4.0,"enemies":"Jaw Worm","floor":1.0,"turns":4.0},{"damage":8.0,"enemies":"2 Louse","floor":7.0,"turns":3.0},{"damage":0.0,"enemies":"Cultist","floor":8.0,"turns":3.0},{"damage":13.0,"enemies":"Exordium Wildlife","floor":10.0,"turns":5.0},{"damage":26.0,"enemies":"The Mushroom Lair","floor":11.0,"turns":5.0},{"damage":7.0,"enemies":"2 Fungi Beasts","floor":13.0,"turns":2.0},{"damage":46.0,"enemies":"Lagavulin","floor":14.0,"turns":7.0},{"damage":23.0,"enemies":"Slime Boss","floor":16.0,"turns":8.0},{"damage":0,"enemies":"2 Thieves","floor":18,"turns":4},{"damage":9,"enemies":"Chosen","floor":19,"turns":5},{"damage":7,"enemies":"Shelled Parasite and Fungi","floor":22,"turns":4},{"damage":0,"enemies":"Gremlin Leader","floor":24,"turns":3},{"damage":46,"enemies":"Slavers","floor":27,"turns":8},{"damage":0,"enemies":"Centurion and Healer","floor":28,"turns":1},{"damage":28,"enemies":"Snake Plant","floor":29,"turns":3},{"damage":0,"enemies":"Snecko","floor":31,"turns":3},{"damage":0,"enemies":"Champ","floor":33,"turns":2},{"damage":0,"enemies":"Orb Walker","floor":35,"turns":1},{"damage":0,"enemies":"3 Shapes","floor":37,"turns":1},{"damage":6,"enemies":"Writhing Mass","floor":45,"turns":5},{"damage":58,"enemies":"Nemesis","floor":46,"turns":3}],"seed_played":"-8119466442628029690","potions_obtained":[{"floor":1.0,"key":"Dexterity Potion"},{"floor":16.0,"key":"Explosive Potion"},{"floor":27,"key":"ColorlessPotion"}],"is_trial":false,"path_per_floor":["M","?","?","$","?","R","M","M","T","M","?","$","M","E","R","B",null,"M","M","$","?","M","R","E","$","T","E","M","M","R","M","R","B",null,"M","?","M","$","?","R","$","R","T","?","M","E"],"character_chosen":"IRONCLAD","items_purchased":["Eternal Feather","Omamori","Languid Potion","Second Wind","ReplayTheSpireMod:Lightbulb","Finesse","Vajra","Toolbox","PowerPotion","Orichalcum","Red Skull","TheAbacus","Dropkick","Strength Potion","ReplayTheSpireMod:Spearhead","OrangePellets","White Beast Statue","Dream Catcher","Mercury Hourglass","Anchor","Champion Belt","Membership Card"],"campfire_rested":2,"item_purchase_floors":[4,4,4,4,12,12,12,12,12,20,20,20,20,20,25,25,25,38,38,41,41,41],"current_hp_per_floor":[73,73,73,73,50,56,57,66,66,62,45,45,47,10,38,24,49,57,57,57,57,57,57,57,57,57,20,32,16,22,34,40,52,56,57,39,51,51,51,54,54,57,57,57,57,0,0],"gold":5460869,"neow_bonus":"ONE_RARE_RELIC","is_daily":false,"chose_seed":false,"campfire_upgraded":4,"win_rate":0.0,"timestamp":1611047519,"path_taken":["M","?","?","$","?","R","M","M","T","M","?","$","?","E","R","BOSS","M","M","$","?","?","R","E","$","T","E","M","M","R","M","R","BOSS","M","?","M","$","?","R","$","R","T","?","M","E"],"items_purchased_type":["Relic","Relic","Potion","Card","Relic","Card","Relic","Relic","Potion","Relic","Relic","Relic","Card","Potion","Relic","Relic","Relic","Relic","Relic","Relic","Relic","Relic"],"build_version":"2020-12-22","purchased_purges":5,"victory":false,"max_hp_per_floor":[75,75,75,75,75,75,75,75,75,75,75,75,75,75,75,75,57,57,57,57,57,57,57,57,57,57,57,57,57,57,57,57,57,57,57,57,57,57,57,57,57,57,57,57,57,57,57],"card_choices":[{"not_picked":["ReplayTheSpireMod:Strike From Hell","Sword Boomerang"],"picked":"Dropkick","floor":1.0},{"not_picked":["Heavy Blade","Spot Weakness"],"picked":"Shrug It Off","floor":7.0},{"not_picked":["Sentinel","Clash","Shockwave"],"picked":"SKIP","floor":8.0},{"not_picked":["Second Wind","Limit Break","ReplayTheSpireMod:Muscle Training"],"picked":"SKIP","floor":10.0},{"not_picked":["Flex","Dark Embrace","Hemokinesis"],"picked":"SKIP","floor":13.0},{"not_picked":["Rupture","Pummel","Twin Strike"],"picked":"SKIP","floor":14.0},{"not_picked":["True Grit+1","Pummel"],"picked":"Clothesline","floor":18},{"not_picked":["Spot Weakness","Carnage","Shrug It Off"],"picked":"SKIP","floor":19},{"not_picked":["Warcry","Pommel Strike+1","Twin Strike"],"picked":"SKIP","floor":22},{"not_picked":["Sentinel","Metallicize","Ghostly Armor"],"picked":"SKIP","floor":24},{"not_picked":["Defy Death","Hemokinesis","Blood for Blood"],"picked":"SKIP","floor":27},{"not_picked":["Body Slam","Demon Form"],"picked":"Thunderclap","floor":28},{"not_picked":["Heavy Blade","Pummel"],"picked":"Burning Pact","floor":29},{"not_picked":["Thunderclap","Heavy Blade","Run Through"],"picked":"SKIP","floor":31},{"not_picked":["Anger","Blood for Blood","Pummel"],"picked":"SKIP","floor":35},{"not_picked":["Metallicize","Flex","Pommel Strike"],"picked":"SKIP","floor":37},{"not_picked":["Sword Boomerang+1","Ghostly Armor+1","Body Slam"],"picked":"SKIP","floor":45}],"player_experience":530913,"relics_obtained":[{"floor":9.0,"key":"Bag of Marbles"},{"floor":11.0,"key":"Odd Mushroom"},{"floor":14.0,"key":"Onion Ring"},{"floor":24,"key":"Boot"},{"floor":27,"key":"Blood Vial"},{"floor":36,"key":"Dead Branch"},{"floor":43,"key":"StrikeDummy"}],"event_choices":[{"damage_healed":0.0,"max_hp_gain":0.0,"max_hp_loss":0.0,"gold_gain":0.0,"event_name":"World of Goop","player_choice":"Left Gold","floor":2.0,"gold_loss":46.0,"damage_taken":0.0},{"cards_removed":["ReplayTheSpireMod:Restless Dread"],"damage_healed":0.0,"max_hp_gain":0.0,"max_hp_loss":0.0,"gold_gain":0.0,"event_name":"The Cleric","player_choice":"Card Removal","floor":3.0,"gold_loss":75.0,"damage_taken":0.0},{"damage_healed":0.0,"max_hp_gain":0.0,"max_hp_loss":0.0,"gold_gain":0.0,"event_name":"Shining Light","player_choice":"Entered Light","floor":5.0,"gold_loss":0.0,"damage_taken":23.0,"cards_upgraded":["Bash","Dropkick"]},{"damage_healed":0.0,"max_hp_gain":0.0,"max_hp_loss":0.0,"gold_gain":0.0,"event_name":"Mushrooms","player_choice":"Fought Mushrooms","floor":11.0,"gold_loss":0.0,"damage_taken":0.0},{"cards_removed":["Defend_R"],"damage_healed":0,"gold_gain":0,"player_choice":"Purged","damage_taken":0,"max_hp_gain":0,"max_hp_loss":0,"event_name":"Purifier","floor":21,"gold_loss":0},{"cards_removed":["Dropkick"],"damage_healed":0,"gold_gain":0,"player_choice":"Removed Attack","damage_taken":0,"max_hp_gain":0,"max_hp_loss":0,"event_name":"Falling","floor":44,"gold_loss":0}],"is_beta":false,"boss_relics":[{"not_picked":["Electric Blood","Velvet Choker"],"picked":"Replay:Drink Me"},{"not_picked":["Black Star","SacredBark"],"picked":"Kintsugi"}],"items_purged_floors":[4,12,20,25,38],"is_endless":false,"potions_floor_spawned":[1,7,16,22,24,27,28,29,31,33,35,37,45],"killed_by":"Nemesis","ascension_level":20}}