{"host":"czyrp3agadxx2eka","time":1611065720,"event":{"mods":["Bard","BaseMod","Colored Map","Downfall","Minty Spire (QoL Compilation)","Shop Mod","StSLib","The Elementalist"],"gold_per_floor":[99,199,249,269,282,143,143,43,69,80,98,113,8,158,175,275,275,275,290,327,337,134,234,280,55,89,89,122,133,148,148,148,148,148],"floor_reached":32,"language":"ENG","playtime":1928,"items_purged":["champ:Defend","downfall:Icky","champ:Execute","Pride"],"score":330,"play_id":"d9503557-f533-4609-b915-0ba5f813a643","local_time":"20210119121520","is_ascension_mode":false,"campfire_choices":[{"floor":1,"key":"RECALL"},{"data":"champ:BladeFlurry","floor":8,"key":"SMITH"},{"floor":18,"key":"REST"}],"circlet_count":0,"master_deck":["champ:Strike","champ:Strike","champ:Strike","champ:Defend","champ:Defend","champ:Defend","champ:Taunt","champ:PerfectedStrike","champ:PerfectedStrike","champ:ArenaPreparation","champ:BladeFlurry+1","champ:BladeFlurry","champ:TornadoPunch","Discovery","champ:BladeFlurry","champ:StrikeOfGenius","champ:BladeFlurry+1","champ:PerfectedStrike","champ:RapidStrikes","champ:StrikeOfGenius+1","champ:BladeFlurry+1"],"relics":["champ:ChampionCrown","Pear","downfall:HeartBlessingRed","Anchor","Fusion Hammer","HandDrill","Lantern","Frozen Egg 2","Bronze Scales"],"acts_visited":["Exordium","TheCity"],"potions_floor_usage":[20,20,28,28],"damage_taken":[{"damage":20,"enemies":"Jaw Worm","floor":4,"turns":6},{"damage":0,"enemies":"Small Slimes","floor":5,"turns":3},{"damage":5,"enemies":"downfall:FleeingMerchant","floor":6,"turns":4},{"damage":18,"enemies":"Lagavulin","floor":9,"turns":5},{"damage":0,"enemies":"2 Louse","floor":10,"turns":2},{"damage":3,"enemies":"Large Slime","floor":11,"turns":3},{"damage":0,"enemies":"Gremlin Gang","floor":12,"turns":3},{"damage":15,"enemies":"downfall:FleeingMerchant","floor":13,"turns":4},{"damage":7,"enemies":"3 Louse","floor":15,"turns":4},{"damage":30,"enemies":"IC_STATUS_ARCHETYPE","floor":16,"turns":5},{"damage":12,"enemies":"Shell Parasite","floor":19,"turns":3},{"damage":20,"enemies":"downfall:FleeingMerchant","floor":20,"turns":4},{"damage":0,"enemies":"Chosen","floor":21,"turns":2},{"damage":38,"enemies":"Slavers","floor":26,"turns":5},{"damage":34,"enemies":"Gremlin Leader","floor":28,"turns":3},{"damage":12,"enemies":"3 Cultists","floor":29,"turns":3},{"damage":0,"enemies":"Centurion and Healer","floor":30,"turns":3},{"damage":8,"enemies":"Shelled Parasite and Fungi","floor":32,"turns":1}],"seed_played":"339312236051033274","potions_obtained":[{"floor":9,"key":"ColorlessPotion"},{"floor":10,"key":"SneckoOil"},{"floor":12,"key":"Energy Potion"},{"floor":15,"key":"DuplicationPotion"},{"floor":16,"key":"Slimebound:ThreeZeroPotion"},{"floor":19,"key":"SteroidPotion"},{"floor":28,"key":"LiquidBronze"},{"floor":31,"key":"CultistPotion"}],"is_trial":false,"path_per_floor":["R","?","?","M","M","$","T","R","E","M","M","M","$","?","M","B",null,"R","M","$","M","$","?","T","$","E","?","E","M","M","?","M"],"character_chosen":"THE_CHAMP","items_purchased":["champ:BladeFlurry","Discovery","champ:PerfectedStrike","HandDrill","champ:RapidStrikes","champ:TechniquePotion"],"campfire_rested":1,"item_purchase_floors":[6,13,20,20,22,25],"current_hp_per_floor":[90,90,90,90,90,85,95,95,77,77,74,74,59,59,52,22,100,100,88,68,68,68,68,68,68,30,35,19,7,7,7,0,0,0],"gold":148,"neow_bonus":"REMOVE_CARD","is_daily":false,"chose_seed":false,"campfire_upgraded":1,"win_rate":0.0,"timestamp":1611065720,"path_taken":["R","?","?","M","M","$","T","R","E","M","M","M","$","?","M","BOSS","R","M","$","M","$","?","T","$","E","?","E","?","M","?","M"],"items_purchased_type":["Card","Card","Card","Relic","Card","Potion"],"build_version":"2020-12-22","purchased_purges":4,"victory":false,"max_hp_per_floor":[90,90,90,90,90,90,100,100,100,100,100,100,100,100,100,100,100,100,100,100,100,100,100,100,100,100,100,100,100,100,100,100,100,100],"card_choices":[{"not_picked":["champ:Endure","champ:Lariat"],"picked":"champ:PerfectedStrike","floor":4},{"not_picked":["champ:Haymaker","champ:CrownThrow"],"picked":"champ:PerfectedStrike","floor":5},{"not_picked":["champ:ShieldSlam","champ:Parry"],"picked":"champ:ArenaPreparation","floor":6},{"not_picked":["champ:ArenaPreparation","champ:GutPunch","champ:EnragedBash"],"picked":"SKIP","floor":9},{"not_picked":["champ:AdrenalArmor","champ:FancyFootwork"],"picked":"champ:BladeFlurry","floor":10},{"not_picked":["champ:FanOfKnives","champ:RecklessLeap"],"picked":"champ:TornadoPunch","floor":11},{"not_picked":["champ:BerserkersShout","champ:BringItOn","champ:Shatter"],"picked":"SKIP","floor":12},{"not_picked":["champ:BladeFlurry","champ:ShieldSlam"],"picked":"champ:PerfectedStrike","floor":13},{"not_picked":["champ:FlashCut","champ:HeartStrike"],"picked":"champ:BladeFlurry","floor":15},{"not_picked":["champ:HoldFirm","champ:Devastate"],"picked":"champ:StrikeOfGenius","floor":16},{"not_picked":["champ:EnGarde","champ:Shatter+1","champ:DefensiveShout+1"],"picked":"SKIP","floor":19},{"not_picked":["champ:GutPunch+1","champ:FocusedDefense+1"],"picked":"champ:BladeFlurry+1","floor":20},{"not_picked":["champ:Circumvent+1","champ:StanceDance","champ:PreemptiveStrike"],"picked":"SKIP","floor":21},{"not_picked":["champ:FancyFootwork+1","champ:GutPunch","champ:Haymaker"],"picked":"SKIP","floor":26},{"not_picked":["champ:UltimateStance","champ:FanOfKnives+1"],"picked":"champ:StrikeOfGenius+1","floor":28},{"not_picked":["champ:GladiatorStyle+1","champ:Encircle+1","champ:Circumvent"],"picked":"SKIP","floor":29},{"not_picked":["champ:Backstep","champ:HeartStrike+1"],"picked":"champ:BladeFlurry+1","floor":30}],"player_experience":20195,"relics_obtained":[{"floor":7,"key":"Pear"},{"floor":9,"key":"Anchor"},{"floor":24,"key":"Lantern"},{"floor":26,"key":"Frozen Egg 2"},{"floor":28,"key":"Bronze Scales"}],"event_choices":[{"cards_removed":["champ:PerfectedStrike"],"damage_healed":5,"gold_gain":0,"player_choice":"Offered Common","damage_taken":0,"max_hp_gain":0,"max_hp_loss":0,"event_name":"Bonfire Elementals","floor":27,"gold_loss":0},{"cards_removed":["champ:PerfectedStrike"],"damage_healed":5,"gold_gain":0,"player_choice":"Offered Special","damage_taken":0,"max_hp_gain":0,"max_hp_loss":0,"event_name":"Bonfire Elementals","floor":27,"gold_loss":0}],"is_beta":false,"boss_relics":[{"not_picked":["Calling Bell","Snecko Eye"],"picked":"Fusion Hammer"}],"items_purged_floors":[6,20,22,25],"is_endless":false,"potions_floor_spawned":[9,10,12,15,16,19,28],"killed_by":"Shelled Parasite and Fungi","ascension_level":0}}