{"host":"jlk2k69f9c6o7b3e","time":1611070733,"event":{"mods":["BaseMod","Minty Spire (QoL Compilation)","StSLib"],"gold_per_floor":[114,289,300,300,313,349,367,408,456,474,490,490,490],"floor_reached":12,"language":"ZHS","playtime":675,"items_purged":[],"score":101,"play_id":"08267f83-9527-412a-abd0-0f7270d24ddf","local_time":"20210119233853","is_ascension_mode":true,"campfire_choices":[],"circlet_count":0,"master_deck":["Strike_R","Strike_R","Strike_R","Strike_R","Strike_R","Defend_R","Defend_R","Defend_R","Defend_R","Bash","Rage","Doubt","Hemokinesis","Spot Weakness","Dropkick","Anger","Burning Pact","Intimidate","Hemokinesis"],"relics":["Fusion Hammer","Golden Idol","Anchor","Question Card","Bag of Marbles"],"acts_visited":["Exordium"],"potions_floor_usage":[6,7,8],"damage_taken":[{"damage":1,"enemies":"Cultist","floor":1,"turns":3},{"damage":0,"enemies":"Small Slimes","floor":3,"turns":3},{"damage":2,"enemies":"Jaw Worm","floor":5,"turns":2},{"damage":23,"enemies":"Gremlin Nob","floor":6,"turns":4},{"damage":22,"enemies":"Gremlin Gang","floor":7,"turns":10},{"damage":11,"enemies":"3 Sentries","floor":8,"turns":3},{"damage":0,"enemies":"Large Slime","floor":10,"turns":4},{"damage":2,"enemies":"2 Fungi Beasts","floor":11,"turns":1},{"damage":0,"enemies":"Gremlin Nob","floor":12,"turns":1}],"seed_played":"5124471100383371621","potions_obtained":[{"floor":1,"key":"Regen Potion"},{"floor":5,"key":"CultistPotion"},{"floor":7,"key":"AttackPotion"},{"floor":10,"key":"LiquidMemories"}],"is_trial":false,"path_per_floor":["M","?","M","?","M","E","M","E","T","M","M","E"],"character_chosen":"IRONCLAD","items_purchased":[],"campfire_rested":0,"item_purchase_floors":[],"current_hp_per_floor":[79,79,79,74,72,49,42,31,31,31,29,29,29],"gold":490,"neow_bonus":"BOSS_RELIC","is_daily":false,"chose_seed":false,"campfire_upgraded":0,"win_rate":0.0,"timestamp":1611070733,"path_taken":["M","?","M","?","M","E","M","E","T","?","M","E"],"items_purchased_type":[],"build_version":"2020-12-22","purchased_purges":0,"victory":false,"max_hp_per_floor":[80,80,80,74,74,74,74,74,74,74,74,74,74],"card_choices":[{"not_picked":["Anger","Thunderclap"],"picked":"Rage","floor":1},{"not_picked":["Wild Strike","Iron Wave"],"picked":"Hemokinesis","floor":3},{"not_picked":["Carnage","Warcry"],"picked":"Spot Weakness","floor":5},{"not_picked":["Rage","Wild Strike"],"picked":"Dropkick","floor":6},{"not_picked":["Pommel Strike","True Grit"],"picked":"Anger","floor":7},{"not_picked":["Cleave","Thunderclap"],"picked":"Burning Pact","floor":8},{"not_picked":["True Grit","Iron Wave","Ghostly Armor"],"picked":"Intimidate","floor":10},{"not_picked":["Feel No Pain","Sword Boomerang","Carnage"],"picked":"Hemokinesis","floor":11}],"player_experience":247575,"relics_obtained":[{"floor":6,"key":"Anchor"},{"floor":8,"key":"Question Card"},{"floor":9,"key":"Bag of Marbles"}],"event_choices":[{"damage_healed":0,"gold_gain":175,"player_choice":"AGREE","damage_taken":0,"max_hp_gain":0,"max_hp_loss":0,"event_name":"Liars Game","floor":2,"gold_loss":0,"cards_obtained":["Doubt"]},{"damage_healed":0,"gold_gain":0,"player_choice":"Lose Max HP","damage_taken":0,"relics_obtained":["Golden Idol"],"max_hp_gain":0,"max_hp_loss":6,"event_name":"Golden Idol","floor":4,"gold_loss":0}],"is_beta":false,"boss_relics":[],"items_purged_floors":[],"is_endless":false,"potions_floor_spawned":[1,5,7,10],"killed_by":"Gremlin Nob","ascension_level":2}}