{"host":"ssahdsoo349p0ms1","time":1611071999,"event":{"mods":["AchievementEnabler","BaseMod","Colored Powertips","Filter the Spire","Minty Spire (QoL Compilation)","StSLib"],"gold_per_floor":[113,127,147,165,8,37,37,62,108,143,143,143,143,161,161,266,266,285,285,285,303,314,339,339,357,357,368,393,404,404,278,278,380,380,393,148,164,87,87,112,165,165,188,221,171,204,204,220,220,220,220,220,120,155,155],"floor_reached":56,"language":"ENG","playtime":3103,"items_purged":["Clash","Sword Boomerang","Finesse","Demon Form+1"],"score":1308,"play_id":"39cd83dc-d572-43df-a80a-891e9df7eb63","local_time":"20210119095959","is_ascension_mode":false,"campfire_choices":[{"data":"Burning Pact","floor":12.0,"key":"SMITH"},{"data":"Demon Form","floor":15.0,"key":"SMITH"},{"data":"Bash","floor":24.0,"key":"SMITH"},{"floor":30.0,"key":"REST"},{"data":"Battle Trance","floor":32.0,"key":"SMITH"},{"data":"Trip","floor":42.0,"key":"SMITH"},{"floor":47,"key":"RECALL"},{"data":"Limit Break","floor":49,"key":"SMITH"},{"data":"Spot Weakness","floor":52,"key":"SMITH"}],"circlet_count":0,"master_deck":["Bash+1","Sentinel","Inflame","Burning Pact+1","Spot Weakness+1","Reaper","Dropkick","Shrug It Off","True Grit+1","Immolate","Double Tap","Warcry+1","Battle Trance+1","Limit Break+1","Reaper","Good Instincts","Impervious","Flash of Steel","Trip+1","Sentinel"],"relics":["Pandora\u0027s Box","Bottled Lightning","Odd Mushroom","MealTicket","Tiny Chest","Black Star","Bag of Marbles","Shuriken","Mummified Hand","Paper Frog","HornCleat","Smiling Mask","Runic Pyramid","OrangePellets","Potion Belt","Meat on the Bone","Centennial Puzzle","Omamori","Happy Flower","Bottled Flame","Question Card","Vajra","InkBottle","Art of War"],"acts_visited":["Exordium","TheCity","TheBeyond","TheEnding"],"potions_floor_usage":[55,55],"damage_taken":[{"damage":0.0,"enemies":"Cultist","floor":1.0,"turns":2.0},{"damage":6.0,"enemies":"Jaw Worm","floor":2.0,"turns":3.0},{"damage":3.0,"enemies":"Small Slimes","floor":3.0,"turns":2.0},{"damage":14.0,"enemies":"Blue Slaver","floor":4.0,"turns":4.0},{"damage":47.0,"enemies":"Gremlin Nob","floor":6.0,"turns":5.0},{"damage":8.0,"enemies":"The Mushroom Lair","floor":8.0,"turns":2.0},{"damage":21.0,"enemies":"Lagavulin","floor":10.0,"turns":6.0},{"damage":9.0,"enemies":"Large Slime","floor":14.0,"turns":7.0},{"damage":37.0,"enemies":"Hexaghost","floor":16.0,"turns":9.0},{"damage":58.0,"enemies":"Shell Parasite","floor":18.0,"turns":6.0},{"damage":10.0,"enemies":"Chosen","floor":21.0,"turns":4.0},{"damage":31.0,"enemies":"3 Cultists","floor":22.0,"turns":5.0},{"damage":37.0,"enemies":"Gremlin Leader","floor":23.0,"turns":7.0},{"damage":37.0,"enemies":"Snake Plant","floor":25.0,"turns":5.0},{"damage":0.0,"enemies":"Cultist and Chosen","floor":27.0,"turns":2.0},{"damage":18.0,"enemies":"Slavers","floor":28.0,"turns":3.0},{"damage":29.0,"enemies":"Sentry and Sphere","floor":29.0,"turns":5.0},{"damage":41.0,"enemies":"Champ","floor":33.0,"turns":9.0},{"damage":33.0,"enemies":"3 Shapes","floor":35.0,"turns":5.0},{"damage":41.0,"enemies":"3 Darklings","floor":37.0,"turns":5.0},{"damage":0.0,"enemies":"Giant Head","floor":40.0,"turns":5.0},{"damage":50.0,"enemies":"Reptomancer","floor":44.0,"turns":6.0},{"damage":0,"enemies":"Giant Head","floor":46,"turns":5},{"damage":2,"enemies":"Writhing Mass","floor":48,"turns":4},{"damage":7,"enemies":"Donu and Deca","floor":50,"turns":6},{"damage":52,"enemies":"Shield and Spear","floor":54,"turns":6},{"damage":61,"enemies":"The Heart","floor":55,"turns":6}],"seed_played":"5609768290275885981","potions_obtained":[{"floor":2.0,"key":"Strength Potion"},{"floor":3.0,"key":"BloodPotion"},{"floor":8.0,"key":"BloodPotion"},{"floor":10.0,"key":"DistilledChaos"},{"floor":25.0,"key":"Dexterity Potion"},{"floor":40.0,"key":"ColorlessPotion"}],"is_trial":false,"path_per_floor":["M","M","M","M","$","E","$","?","T","E","?","R","T","M","R","B",null,"M","?","T","M","M","E","R","M","T","M","E","M","R","$","R","B",null,"M","$","M","$","?","E","T","R","T","E","$","E","R","M","R","B",null,"R","$","E","B",null],"character_chosen":"IRONCLAD","items_purchased":["Finesse","Limit Break","OrangePellets","Good Instincts","Impervious","SteroidPotion"],"campfire_rested":1,"item_purchase_floors":[5,31,36,36,38,53],"current_hp_per_floor":[80,80,80,75,75,46,46,56,56,35,35,35,35,62,62,70,80,66,66,66,56,39,54,54,42,42,49,48,19,43,58,58,67,80,80,80,80,80,70,80,80,80,80,80,80,80,80,78,78,71,80,80,80,80,80],"gold":155,"neow_bonus":"BOSS_RELIC","is_daily":false,"chose_seed":false,"campfire_upgraded":7,"win_rate":0.0,"timestamp":1611071999,"path_taken":["M","M","?","M","$","E","$","?","T","E","?","R","?","M","R","BOSS","M","?","?","M","M","E","R","M","T","M","E","M","R","$","R","BOSS","M","?","?","$","?","E","?","R","T","E","$","E","R","M","R","BOSS","R","$","E","BOSS"],"items_purchased_type":["Card","Card","Relic","Card","Card","Potion"],"build_version":"2020-12-22","purchased_purges":4,"victory":true,"max_hp_per_floor":[80,80,80,80,80,80,80,80,80,80,80,80,80,80,80,80,80,80,80,80,80,80,80,80,80,80,80,80,80,80,80,80,80,80,80,80,80,80,80,80,80,80,80,80,80,80,80,80,80,80,80,80,80,80,80],"card_choices":[{"not_picked":["Heavy Blade","Anger","Blood for Blood"],"picked":"SKIP","floor":1.0},{"not_picked":["Cleave","Reckless Charge","Spot Weakness"],"picked":"SKIP","floor":2.0},{"not_picked":["Headbutt","Blood for Blood"],"picked":"Shrug It Off","floor":3.0},{"not_picked":["Sword Boomerang","Brutality"],"picked":"True Grit","floor":4.0},{"not_picked":["Carnage","Pommel Strike"],"picked":"Immolate","floor":6.0},{"not_picked":["Intimidate","True Grit","Clash"],"picked":"SKIP","floor":10.0},{"not_picked":["Wild Strike","Headbutt","Clothesline"],"picked":"SKIP","floor":14.0},{"not_picked":["Immolate","Exhume"],"picked":"Double Tap","floor":16.0},{"not_picked":["Shrug It Off","Perfected Strike"],"picked":"Warcry+1","floor":18.0},{"not_picked":["Wild Strike","Sword Boomerang"],"picked":"Battle Trance","floor":21.0},{"not_picked":["Body Slam","Warcry+1","Heavy Blade"],"picked":"SKIP","floor":22.0},{"not_picked":["Juggernaut","Infernal Blade","Clash"],"picked":"SKIP","floor":23.0},{"not_picked":["Body Slam+1","Clothesline","Twin Strike"],"picked":"SKIP","floor":25.0},{"not_picked":["Blood for Blood+1","Infernal Blade","Body Slam+1"],"picked":"SKIP","floor":27.0},{"not_picked":["Clothesline+1","Havoc","Body Slam+1"],"picked":"SKIP","floor":28.0},{"not_picked":["Combust","Anger","Headbutt"],"picked":"SKIP","floor":29.0},{"not_picked":["Feed","Exhume"],"picked":"Reaper","floor":33.0},{"not_picked":["Twin Strike+1","Carnage","Headbutt"],"picked":"SKIP","floor":35.0},{"not_picked":["Shrug It Off+1","Wild Strike","Thunderclap+1"],"picked":"SKIP","floor":37.0},{"not_picked":["Transmutation","Purity"],"picked":"Flash of Steel","floor":39.0},{"not_picked":["Flash of Steel","Bandage Up"],"picked":"Trip","floor":39.0},{"not_picked":["Havoc","Headbutt"],"picked":"Sentinel","floor":40.0},{"not_picked":["Cleave+1","Warcry+1","Sword Boomerang+1"],"picked":"SKIP","floor":44},{"not_picked":["Rupture","Headbutt+1","Pommel Strike"],"picked":"SKIP","floor":46},{"not_picked":["Anger","Evolve","True Grit+1","Cleave+1"],"picked":"SKIP","floor":48},{"not_picked":["Flame Barrier","Berserk","Blood for Blood","Pommel Strike"],"picked":"SKIP","floor":54}],"player_experience":576219,"relics_obtained":[{"floor":6.0,"key":"Bottled Lightning"},{"floor":8.0,"key":"Odd Mushroom"},{"floor":9.0,"key":"MealTicket"},{"floor":10.0,"key":"Tiny Chest"},{"floor":20.0,"key":"Bag of Marbles"},{"floor":23.0,"key":"Shuriken"},{"floor":23.0,"key":"Mummified Hand"},{"floor":26.0,"key":"Paper Frog"},{"floor":28.0,"key":"HornCleat"},{"floor":28.0,"key":"Smiling Mask"},{"floor":40.0,"key":"Potion Belt"},{"floor":40.0,"key":"Meat on the Bone"},{"floor":41.0,"key":"Centennial Puzzle"},{"floor":43.0,"key":"Omamori"},{"floor":44,"key":"Happy Flower"},{"floor":44,"key":"Bottled Flame"},{"floor":46,"key":"Question Card"},{"floor":46,"key":"Vajra"},{"floor":54,"key":"InkBottle"},{"floor":54,"key":"Art of War"}],"event_choices":[{"damage_healed":0.0,"max_hp_gain":0.0,"max_hp_loss":0.0,"gold_gain":0.0,"event_name":"Mushrooms","player_choice":"Fought Mushrooms","floor":8.0,"gold_loss":0.0,"damage_taken":0.0},{"damage_healed":0.0,"max_hp_gain":0.0,"max_hp_loss":0.0,"gold_gain":0.0,"event_name":"Living Wall","player_choice":"Grow","floor":11.0,"gold_loss":0.0,"damage_taken":0.0,"cards_upgraded":["True Grit"]},{"damage_healed":0.0,"max_hp_gain":0.0,"max_hp_loss":0.0,"gold_gain":0.0,"cards_transformed":["Wild Strike"],"event_name":"Transmorgrifier","player_choice":"Transformed","floor":19.0,"gold_loss":0.0,"damage_taken":0.0,"cards_obtained":["Sword Boomerang"]},{"damage_healed":0.0,"max_hp_gain":0.0,"max_hp_loss":0.0,"gold_gain":0.0,"event_name":"SensoryStone","player_choice":"Memory 3","floor":39.0,"gold_loss":0.0,"damage_taken":10.0}],"is_beta":false,"boss_relics":[{"not_picked":["SlaversCollar","SacredBark"],"picked":"Black Star"},{"not_picked":["Mark of Pain","Snecko Eye"],"picked":"Runic Pyramid"}],"items_purged_floors":[5,31,45,53],"is_endless":false,"potions_floor_spawned":[2,3,8,10,14,22,25,27,29,37,40],"ascension_level":0}}