{"host":"hszimsrtxxc2k25w","time":1611088490,"event":{"mods":["AchievementEnabler","BaseMod","Colored Map","DeckTracker","Minty Spire (QoL Compilation)","Rare Cards Sparkle","SuperFastMode"],"gold_per_floor":[115,126,139,139,151,178,178,201,201,73,98,98,118,139,139,238,238,252,152,152,27,77,77,77,77],"floor_reached":24,"language":"KOR","playtime":595,"items_purged":["Strike_G","Infinite Blades+1","Defend_G"],"score":376,"play_id":"49dfe236-4c05-4697-b98c-58b0d7ee9a9e","local_time":"20210120053450","is_ascension_mode":true,"campfire_choices":[{"floor":12,"key":"REST"},{"data":"Deadly Poison","floor":15,"key":"SMITH"},{"floor":23,"key":"REST"}],"circlet_count":0,"master_deck":["AscendersBane","Defend_G","Survivor","Neutralize","Predator","Burst","Backstab","All Out Attack","Venomology","Catalyst","Deadly Poison+1","Crippling Poison","Noxious Fumes","Adrenaline+1","Heel Hook+1","Backflip","Prepared","Terror"],"relics":["Ring of the Snake","Eternal Feather","Golden Idol","Regal Pillow","Astrolabe"],"acts_visited":["Exordium","TheCity"],"potions_floor_usage":[8,8,11,14,14,14,16,18,24,24],"damage_taken":[{"damage":3,"enemies":"Cultist","floor":1,"turns":4},{"damage":4,"enemies":"Jaw Worm","floor":2,"turns":5},{"damage":0,"enemies":"Small Slimes","floor":3,"turns":2},{"damage":10,"enemies":"Exordium Thugs","floor":5,"turns":3},{"damage":32,"enemies":"Gremlin Nob","floor":6,"turns":4},{"damage":6,"enemies":"Large Slime","floor":8,"turns":5},{"damage":6,"enemies":"Looter","floor":11,"turns":3},{"damage":3,"enemies":"3 Louse","floor":13,"turns":3},{"damage":11,"enemies":"Exordium Thugs","floor":14,"turns":4},{"damage":36,"enemies":"Hexaghost","floor":16,"turns":9},{"damage":32,"enemies":"Shell Parasite","floor":18,"turns":5},{"damage":55,"enemies":"Slavers","floor":24,"turns":3}],"seed_played":"5585617266767339252","potions_obtained":[{"floor":1,"key":"Regen Potion"},{"floor":2,"key":"Explosive Potion"},{"floor":16,"key":"LiquidMemories"}],"is_trial":false,"path_per_floor":["M","M","M","?","M","E","?","M","T","$","M","R","M","M","R","B",null,"M","$","?","$","?","R","E"],"character_chosen":"THE_SILENT","items_purchased":["Deadly Poison"],"campfire_rested":2,"item_purchase_floors":[10],"current_hp_per_floor":[56,52,52,52,42,10,10,18,18,18,12,52,49,38,47,11,43,11,11,11,11,11,51,0,0],"gold":77,"neow_bonus":"TRANSFORM_TWO_CARDS","is_daily":false,"chose_seed":false,"campfire_upgraded":1,"win_rate":0.0,"timestamp":1611088490,"path_taken":["M","?","M","?","M","E","?","M","T","$","M","R","M","M","R","BOSS","M","$","?","?","?","R","E"],"items_purchased_type":["Card"],"build_version":"2020-12-22","purchased_purges":3,"victory":false,"max_hp_per_floor":[60,60,60,60,60,60,54,54,54,54,54,54,54,54,54,54,54,54,54,54,54,54,54,54,54],"card_choices":[{"not_picked":["Flying Knee","Sucker Punch"],"picked":"Backstab","floor":1},{"not_picked":["Quick Slash","Underhanded Strike","Endless Agony"],"picked":"SKIP","floor":2},{"not_picked":["Backstab","Dash"],"picked":"All Out Attack","floor":3},{"not_picked":["Slice","Backflip","Burst"],"picked":"SKIP","floor":5},{"not_picked":["Expertise","Flying Knee"],"picked":"Venomology","floor":6},{"not_picked":["Underhanded Strike","Backflip"],"picked":"Catalyst","floor":8},{"not_picked":["Slice","Dagger Spray"],"picked":"Crippling Poison","floor":11},{"not_picked":["Poisoned Stab","Deflect","Underhanded Strike"],"picked":"SKIP","floor":13},{"not_picked":["PiercingWail","Deadly Poison"],"picked":"Noxious Fumes","floor":14},{"not_picked":["Leg Sweep","Underhanded Strike"],"picked":"Backflip","floor":18}],"player_experience":625197,"relics_obtained":[{"floor":6,"key":"Eternal Feather"},{"floor":9,"key":"Regal Pillow"}],"event_choices":[{"damage_healed":0,"gold_gain":0,"player_choice":"Ignored","damage_taken":0,"max_hp_gain":0,"max_hp_loss":0,"event_name":"Liars Game","floor":4,"gold_loss":0},{"damage_healed":0,"gold_gain":0,"player_choice":"Lose Max HP","damage_taken":0,"relics_obtained":["Golden Idol"],"max_hp_gain":0,"max_hp_loss":6,"event_name":"Golden Idol","floor":7,"gold_loss":0},{"damage_healed":0,"gold_gain":0,"cards_transformed":["Defend_G","Defend_G"],"player_choice":"Became Test Subject","damage_taken":0,"max_hp_gain":0,"max_hp_loss":0,"event_name":"Drug Dealer","floor":20,"gold_loss":0,"cards_obtained":["Prepared","Terror"]},{"damage_healed":0,"gold_gain":50,"player_choice":"Stole From Cult","damage_taken":0,"max_hp_gain":0,"max_hp_loss":0,"event_name":"Nest","floor":22,"gold_loss":0}],"is_beta":false,"boss_relics":[{"not_picked":["Coffee Dripper","Calling Bell"],"picked":"Astrolabe"}],"items_purged_floors":[10,19,21],"is_endless":false,"potions_floor_spawned":[1,2,6,13,16],"killed_by":"Slavers","ascension_level":18}}