{"host":"6a92uynocv4elkyp","time":1611059683,"event":{"mods":["AchievementEnabler","BaseMod","Infinite Spire","Minty Spire (QoL Compilation)","Quick Restart","StSLib"],"gold_per_floor":[159,159,234,234,234,321,402,402],"floor_reached":7,"language":"ENG","playtime":458,"items_purged":[],"score":114,"play_id":"2aa9500a-ea17-4c21-a715-fe52556d8969","local_time":"20210119133443","daily_mods":["SealedDeck","Diverse","Heirloom","Flight","DeadlyEvents","Elite Swarm","Midas"],"is_ascension_mode":true,"campfire_choices":[],"circlet_count":0,"master_deck":["AscendersBane","Perseverance","Backflip","Sweeping Beam","Coolheaded","PathToVictory","Go for the Eyes","Cold Snap","Metallicize","Accuracy","Quick Slash","Coolheaded","infinitespire:NeuralNetwork","Adrenaline","Reaper"],"relics":["Burning Blood","infinitespire:Golems Mask","Bottled Flame","infinitespire:ShieldingShard","Bottled Lightning"],"acts_visited":["Exordium"],"potions_floor_usage":[],"damage_taken":[{"damage":4,"enemies":"Jaw Worm","floor":1,"turns":3},{"damage":10,"enemies":"Lagavulin","floor":6,"turns":7},{"damage":12,"enemies":"Gremlin Nob","floor":7,"turns":4}],"seed_played":"4222074232074260966","potions_obtained":[{"floor":1,"key":"Fire Potion"}],"is_trial":true,"path_per_floor":["M","?","?","?","T","E","E"],"character_chosen":"IRONCLAD","items_purchased":[],"campfire_rested":0,"item_purchase_floors":[],"current_hp_per_floor":[70,53,42,42,42,38,32,32],"gold":402,"neow_bonus":"","is_daily":false,"chose_seed":false,"campfire_upgraded":0,"win_rate":0.0,"timestamp":1611059683,"path_taken":["M","?","?","?","?","E","E"],"items_purchased_type":[],"build_version":"2020-12-22","purchased_purges":0,"victory":false,"max_hp_per_floor":[75,75,75,75,75,75,75,75],"card_choices":[{"not_picked":["Skim","Dodge and Roll"],"picked":"Coolheaded","floor":1},{"not_picked":["infinitespire:SealOfDarkness+","infinitespire:Menacing"],"picked":"infinitespire:NeuralNetwork","floor":2},{"not_picked":["Wraith Form v2","Bullet Time"],"picked":"Adrenaline","floor":6},{"not_picked":["Blasphemy","Night Terror"],"picked":"Reaper","floor":7}],"player_experience":113022,"relics_obtained":[{"floor":5,"key":"Bottled Flame"},{"floor":6,"key":"infinitespire:ShieldingShard"},{"floor":7,"key":"Bottled Lightning"}],"event_choices":[{"damage_healed":0,"gold_gain":75,"player_choice":"Gather Gold","damage_taken":11,"max_hp_gain":0,"max_hp_loss":0,"event_name":"World of Goop","floor":3,"gold_loss":0},{"damage_healed":0,"gold_gain":0,"player_choice":"Ignored","damage_taken":0,"max_hp_gain":0,"max_hp_loss":0,"event_name":"Golden Wing","floor":4,"gold_loss":0}],"is_beta":false,"boss_relics":[],"items_purged_floors":[],"is_endless":false,"potions_floor_spawned":[1],"killed_by":"Gremlin Nob","ascension_level":20}}