{"host":"od5czx9kemjopzpf","time":1611068668,"event":{"mods":["Aspiration","BaseMod","Defuse TimeMaze Blight","Downfall","Minty Spire (QoL Compilation)","Spicy Shops","StSLib"],"gold_per_floor":[99,118,103,103,114,140,165,178,163,63,63,80,80,65,79,175,175,75,92,92,109,109,124,151,136,154,154,154],"floor_reached":27,"language":"ZHS","playtime":1107,"items_purged":[],"score":228,"play_id":"e1186318-1695-4b27-b277-0afef432d0ae","local_time":"20210119230428","is_ascension_mode":false,"campfire_choices":[{"floor":1,"key":"RECALL"},{"data":"bronze:Iterate","floor":10,"key":"SMITH"},{"data":"bronze:AlphaBuild","floor":13,"key":"SMITH"},{"floor":18,"key":"REST"}],"circlet_count":0,"master_deck":["bronze:Strike","bronze:Strike","bronze:Strike","bronze:Defend","bronze:Defend","bronze:Defend","bronze:Defend","bronze:Replicate+1","bronze:Goto+1","bronze:WildBeam+1","bronze:Iterate+1","downfall:Malfunctioning","bronze:BuggyMess","bronze:Branch","bronze:ItsAFeature","bronze:AlphaBuild+1","bronze:WildBeam","bronze:Optimize","bronze:Backtrace","bronze:CleanCode","bronze:DelayedSlice+1","bronze:Frontload+1","bronze:OilSpill","bronze:FollowUp","bronze:DelayedSlice+1"],"relics":["bronze:BronzeCore","Bronze Scales","downfall:HeartBlessingRed","Fusion Hammer","downfall:HeartBlessingBlue","Nilry\u0027s Codex","Toy Ornithopter"],"acts_visited":["Exordium","TheCity"],"potions_floor_usage":[16,16],"damage_taken":[{"damage":0,"enemies":"Cultist","floor":2,"turns":5},{"damage":0,"enemies":"downfall:FleeingMerchant","floor":3,"turns":4},{"damage":1,"enemies":"Jaw Worm","floor":5,"turns":2},{"damage":5,"enemies":"Small Slimes","floor":8,"turns":2},{"damage":10,"enemies":"downfall:FleeingMerchant","floor":9,"turns":4},{"damage":0,"enemies":"3 Louse","floor":12,"turns":2},{"damage":17,"enemies":"downfall:FleeingMerchant","floor":14,"turns":4},{"damage":16,"enemies":"Large Slime","floor":15,"turns":2},{"damage":24,"enemies":"IC_STATUS_ARCHETYPE","floor":16,"turns":5},{"damage":5,"enemies":"3 Byrds","floor":19,"turns":2},{"damage":16,"enemies":"Shelled Parasite and Fungi","floor":21,"turns":4},{"damage":21,"enemies":"Centurion and Healer","floor":23,"turns":7},{"damage":12,"enemies":"downfall:FleeingMerchant","floor":25,"turns":4},{"damage":8,"enemies":"Sentry and Sphere","floor":26,"turns":4},{"damage":9,"enemies":"Snake Plant","floor":27,"turns":2}],"seed_played":"8914351492130003147","potions_obtained":[{"floor":2,"key":"FearPotion"},{"floor":15,"key":"LiquidMemories"},{"floor":16,"key":"bronze:FreeFunctionsPotion"},{"floor":19,"key":"Strength Potion"},{"floor":23,"key":"Explosive Potion"}],"is_trial":false,"path_per_floor":["R","M","$","?","M","T","T","M","$","R","?","M","R","$","M","B",null,"R","M","?","M","?","M","T","$","M","M"],"character_chosen":"THE_AUTOMATON","items_purchased":[],"campfire_rested":1,"item_purchase_floors":[],"current_hp_per_floor":[77,77,77,77,76,76,76,71,61,61,61,61,61,44,28,4,77,87,82,82,66,50,29,29,17,9,0,0],"gold":154,"neow_bonus":"TEN_PERCENT_HP_BONUS","is_daily":false,"chose_seed":false,"campfire_upgraded":2,"win_rate":0.0,"timestamp":1611068668,"path_taken":["R","M","?","?","M","?","T","M","$","R","?","M","R","$","M","BOSS","R","M","?","M","?","M","T","$","M","M"],"items_purchased_type":[],"build_version":"2020-12-22","purchased_purges":0,"victory":false,"max_hp_per_floor":[77,77,77,77,77,77,77,77,77,77,77,77,77,77,77,77,77,87,87,87,87,87,87,87,87,87,87,87],"card_choices":[{"not_picked":["bronze:ClassDefault","bronze:BronzeOrb"],"picked":"bronze:WildBeam","floor":2},{"not_picked":["bronze:Backtrace","bronze:WhirlingStrike"],"picked":"bronze:Iterate","floor":3},{"not_picked":["bronze:ChildClass","bronze:Overheat"],"picked":"bronze:BuggyMess","floor":5},{"not_picked":["bronze:WildBeam","bronze:Invalidate"],"picked":"bronze:Branch","floor":8},{"not_picked":["bronze:Invalidate","bronze:BitShift"],"picked":"bronze:ItsAFeature","floor":9},{"not_picked":["bronze:Safeguard","bronze:Branch"],"picked":"bronze:WildBeam","floor":12},{"not_picked":["bronze:CleanCode","bronze:Shell"],"picked":"bronze:Optimize","floor":14},{"not_picked":["bronze:Allocate","bronze:OilSpill"],"picked":"bronze:Backtrace","floor":15},{"not_picked":["bronze:FindAndReplace","bronze:RecursiveStrike"],"picked":"bronze:CleanCode","floor":16},{"not_picked":["bronze:Deprecate+1","bronze:Boost"],"picked":"bronze:DelayedSlice+1","floor":19},{"not_picked":["bronze:CutThrough","bronze:Overheat"],"picked":"bronze:Frontload+1","floor":21},{"not_picked":["bronze:ForceShield","bronze:NullPointer"],"picked":"bronze:OilSpill","floor":23},{"not_picked":["bronze:Overload","bronze:OilSpill"],"picked":"bronze:FollowUp","floor":25},{"not_picked":["bronze:WhirlingStrike","bronze:DelayedGuard"],"picked":"bronze:DelayedSlice+1","floor":26}],"player_experience":51997,"relics_obtained":[{"floor":7,"key":"Bronze Scales"},{"floor":22,"key":"Nilry\u0027s Codex"},{"floor":24,"key":"Toy Ornithopter"}],"event_choices":[],"is_beta":false,"boss_relics":[{"not_picked":["aspiration:SecretTechniqueScroll","Runic Pyramid"],"picked":"Fusion Hammer"}],"items_purged_floors":[],"is_endless":false,"potions_floor_spawned":[2,15,16,19,23],"killed_by":"Snake Plant","ascension_level":0}}