{"host":"8d3fefv2347kqkpz","time":1611039954,"event":{"mods":["100% Spire Juice","AchievementEnabler","Act Like it!","Aspiration","BaseMod","Better Vampires","Colored Map","Colored Powertips","Conspire","GifTheSpireLib","Highlight Path","Mimic Mod","Minty Spire (QoL Compilation)","Quick Restart","Reimu£®≤©¿ˆ¡È√Œ£©","Relic Stats","Remilia£®¿Ÿ√◊¿Ú—«£©","Replay The Spire","Spicy Shops","StSLib","The Gatherer","The Jungle","The Senshi","The Servant 0.9.4","Waifu the Spire","vexMod"],"gold_per_floor":[113,38,88,88,106,106,126,145,145,145,145],"floor_reached":10,"language":"ZHS","playtime":312,"items_purged":["Strike_P"],"score":58,"play_id":"751da805-8bcd-4369-bfc8-8348a334a9df","local_time":"20210119150554","is_ascension_mode":false,"campfire_choices":[{"data":"Nirvana","floor":6,"key":"SMITH"}],"circlet_count":0,"master_deck":["Strike_P","Strike_P","Defend_P","Defend_P","Defend_P","Defend_P","Eruption","Vigilance","Nirvana+1","WaveOfTheHand","ThirdEye"],"relics":["PureWater","aspiration:Nostalgia","FlyPower:ReiMu","Ring of Greed","The Courier","Replay:Wax Seal","aspiration:AnachronicSnailShell"],"acts_visited":["Exordium"],"potions_floor_usage":[],"damage_taken":[{"damage":0,"enemies":"Cultist","floor":1,"turns":2},{"damage":0,"enemies":"2 Louse","floor":5,"turns":5},{"damage":2,"enemies":"Small Slimes","floor":7,"turns":5},{"damage":2,"enemies":"Blue Slaver","floor":8,"turns":9},{"damage":0,"enemies":"Gremlin Nob","floor":10,"turns":3}],"seed_played":"-3188871971813660632","potions_obtained":[{"floor":5,"key":"Fire Potion"},{"floor":8,"key":"SpeedPotion"}],"is_trial":false,"path_per_floor":["M","$","?","?","M","R","M","M","T","E"],"character_chosen":"WATCHER","items_purchased":[],"campfire_rested":0,"item_purchase_floors":[],"current_hp_per_floor":[72,72,72,65,65,65,63,61,61,61,61],"gold":145,"neow_bonus":"NOSTALGIA","is_daily":false,"chose_seed":false,"campfire_upgraded":1,"win_rate":0.0,"timestamp":1611039954,"path_taken":["M","?","?","?","M","R","M","M","T","E"],"items_purchased_type":[],"build_version":"2020-12-22","purchased_purges":1,"victory":false,"max_hp_per_floor":[72,72,72,72,72,72,72,72,72,72,72],"relic_stats":{"counters":[5,24],"obtain_stats":[{"aspiration:Nostalgia":0,"aspiration:AnachronicSnailShell":9,"The Courier":3,"Ring of Greed":3,"PureWater":0,"Replay:Wax Seal":3,"FlyPower:ReiMu":0},{"aspiration:Nostalgia":0,"aspiration:AnachronicSnailShell":4,"The Courier":1,"Ring of Greed":1,"PureWater":0,"Replay:Wax Seal":1,"FlyPower:ReiMu":0},{"aspiration:Nostalgia":0,"aspiration:AnachronicSnailShell":21,"The Courier":2,"Ring of Greed":2,"PureWater":0,"Replay:Wax Seal":2,"FlyPower:ReiMu":0}]},"card_choices":[{"not_picked":["EmptyBody","Pray","Halt"],"picked":"SKIP","floor":1},{"not_picked":["Replay:BluntJabs","EmptyMind"],"picked":"Nirvana","floor":5},{"not_picked":["Halt","EmptyMind"],"picked":"WaveOfTheHand","floor":7},{"not_picked":["EmptyBody","Replay:BluntJabs"],"picked":"ThirdEye","floor":8}],"player_experience":134378,"relics_obtained":[{"floor":3,"key":"Ring of Greed"},{"floor":3,"key":"The Courier"},{"floor":3,"key":"Replay:Wax Seal"},{"floor":9,"key":"aspiration:AnachronicSnailShell"}],"event_choices":[{"cards_removed":["Strike_P"],"damage_healed":0,"gold_gain":0,"player_choice":"Card Removal","damage_taken":7,"max_hp_gain":0,"max_hp_loss":0,"event_name":"Golden Wing","floor":4,"gold_loss":0}],"is_beta":false,"boss_relics":[],"items_purged_floors":[2],"is_endless":false,"potions_floor_spawned":[5,8],"killed_by":"Gremlin Nob","ascension_level":0}}