{"host":"1a3cjta80tad0aqj","time":1611040056,"event":{"mods":["2.2 Compatiblity","AchievementEnabler","BaseMod","Colored Map","DeckTracker","KOR Keyword Fix","Keyboard Shortcuts","Minty Spire (QoL Compilation)","Permanent Neow","Quick Restart","Random Character Button","StSLib","SuperFastMode","everything is the same but u backflip on backflip"],"gold_per_floor":[116,135,152,152,96,96,128,128,152,169,169,180,210,224,224,295,295,306,59,75,91,109,109,109,109],"floor_reached":24,"language":"KOR","playtime":1150,"items_purged":[],"score":458,"play_id":"880bef61-19fc-4155-a95f-d27d86c72dd7","local_time":"20210119160736","is_ascension_mode":true,"campfire_choices":[{"data":"Eruption","floor":6.0,"key":"SMITH"},{"data":"Blasphemy","floor":8.0,"key":"SMITH"},{"floor":11.0,"key":"REST"},{"data":"Vault","floor":15.0,"key":"SMITH"},{"floor":23,"key":"REST"}],"circlet_count":0,"master_deck":["AscendersBane","Strike_P","Strike_P","Strike_P","Strike_P","Defend_P","Defend_P","Defend_P","Eruption+1","Vigilance","Blasphemy+1","TalkToTheHand","Halt","ClearTheMind","EmptyFist","FearNoEvil","FollowUp","Crescendo","EmptyBody","Vault+1","Omniscience","FlurryOfBlows","Adaptation","BowlingBash","Wallop+1"],"relics":["PureWater","CultistMask","Centennial Puzzle","PreservedInsect","Darkstone Periapt","Runic Pyramid","Lantern"],"acts_visited":["Exordium","TheCity"],"potions_floor_usage":[],"damage_taken":[{"damage":0.0,"enemies":"2 Louse","floor":1.0,"turns":2.0},{"damage":1.0,"enemies":"Cultist","floor":2.0,"turns":3.0},{"damage":4.0,"enemies":"Small Slimes","floor":3.0,"turns":5.0},{"damage":8.0,"enemies":"Lagavulin","floor":7.0,"turns":7.0},{"damage":11.0,"enemies":"3 Louse","floor":10.0,"turns":2.0},{"damage":0.0,"enemies":"Blue Slaver","floor":12.0,"turns":3.0},{"damage":0.0,"enemies":"Gremlin Nob","floor":13.0,"turns":2.0},{"damage":2.0,"enemies":"Exordium Thugs","floor":14.0,"turns":3.0},{"damage":49.0,"enemies":"Hexaghost","floor":16.0,"turns":11.0},{"damage":16.0,"enemies":"Spheric Guardian","floor":18.0,"turns":4.0},{"damage":5,"enemies":"3 Byrds","floor":20,"turns":5},{"damage":15,"enemies":"Snecko","floor":21,"turns":6},{"damage":15,"enemies":"3 Cultists","floor":22,"turns":6},{"damage":32,"enemies":"Gremlin Leader","floor":24,"turns":2}],"seed_played":"2652351802241047187","potions_obtained":[{"floor":1.0,"key":"SpeedPotion"},{"floor":7.0,"key":"LiquidMemories"},{"floor":14.0,"key":"SkillPotion"},{"floor":21,"key":"BlessingOfTheForge"}],"is_trial":false,"path_per_floor":["M","M","M","?","$","R","E","R","T","M","R","M","E","M","R","B",null,"M","$","M","M","M","R","E"],"character_chosen":"WATCHER","items_purchased":["EmptyFist","Adaptation","Lantern"],"campfire_rested":2,"item_purchase_floors":[5,19,19],"current_hp_per_floor":[61,60,56,56,56,56,48,48,48,37,57,57,57,55,55,6,53,37,37,32,17,2,22,0,0],"gold":109,"neow_bonus":"TRANSFORM_CARD","is_daily":false,"chose_seed":false,"campfire_upgraded":3,"win_rate":0.0,"timestamp":1611040056,"path_taken":["M","M","M","?","$","R","E","R","T","M","R","M","E","M","R","BOSS","M","$","M","?","M","R","E"],"items_purchased_type":["Card","Card","Relic"],"build_version":"2020-12-22","purchased_purges":0,"victory":false,"max_hp_per_floor":[68,68,68,68,68,68,68,68,68,68,68,68,68,68,68,68,68,68,68,68,68,68,68,68,68],"card_choices":[{"not_picked":["Perseverance","WreathOfFlame"],"picked":"TalkToTheHand","floor":1.0},{"not_picked":["EmptyBody","Protect"],"picked":"Halt","floor":2.0},{"not_picked":["Nirvana","WaveOfTheHand"],"picked":"ClearTheMind","floor":3.0},{"not_picked":["ThirdEye","Swivel"],"picked":"FearNoEvil","floor":7.0},{"not_picked":["CrushJoints","WindmillStrike"],"picked":"FollowUp","floor":10.0},{"not_picked":["FollowUp","Fasting2"],"picked":"Crescendo","floor":12.0},{"not_picked":["Prostrate","ThirdEye"],"picked":"EmptyBody","floor":13.0},{"not_picked":["Collect","Adaptation"],"picked":"Vault","floor":14.0},{"not_picked":["Devotion","DevaForm"],"picked":"Omniscience","floor":16.0},{"not_picked":["Nirvana","WreathOfFlame"],"picked":"FlurryOfBlows","floor":18.0},{"not_picked":["LikeWater+1","Protect","FlyingSleeves"],"picked":"SKIP","floor":20},{"not_picked":["ClearTheMind","Prostrate"],"picked":"BowlingBash","floor":21},{"not_picked":["WheelKick","FlurryOfBlows+1"],"picked":"Wallop+1","floor":22}],"player_experience":772190,"relics_obtained":[{"floor":7.0,"key":"Centennial Puzzle"},{"floor":9.0,"key":"PreservedInsect"},{"floor":13.0,"key":"Darkstone Periapt"}],"event_choices":[{"damage_healed":0.0,"max_hp_gain":0.0,"max_hp_loss":0.0,"gold_gain":0.0,"event_name":"FaceTrader","player_choice":"Trade","floor":4.0,"gold_loss":0.0,"damage_taken":0.0,"relics_obtained":["CultistMask"]}],"is_beta":false,"boss_relics":[{"not_picked":["Empty Cage","Coffee Dripper"],"picked":"Runic Pyramid"}],"items_purged_floors":[],"is_endless":false,"potions_floor_spawned":[1,7,14,21],"killed_by":"Gremlin Leader","ascension_level":19}}