{"host":"2qv44oxt58ptq59r","time":1611085538,"event":{"mods":["AchievementEnabler","BaseMod","Colored Powertips","Highlight Path","Minty Spire (QoL Compilation)","Permanent Neow","StSLib"],"gold_per_floor":[118,118,118,131,151,151,183,175,187,230,257,279,291,322,334,442,454,480,10,36,52,152,152,163,163,163,163,176,21,21,31,31,31,31],"floor_reached":33,"language":"ENG","playtime":2682,"items_purged":[],"score":320,"play_id":"96ed2191-801f-4a82-8204-296ec74150de","local_time":"20210119194538","is_ascension_mode":true,"campfire_choices":[{"data":"Uppercut","floor":6.0,"key":"SMITH"},{"floor":13,"key":"RECALL"},{"data":"Strike_R","floor":15,"key":"PURGE"},{"data":"Strike_R","floor":23,"key":"PURGE"},{"data":"Blood for Blood","floor":25,"key":"SMITH"},{"data":"Feel No Pain","floor":27,"key":"SMITH"},{"data":"Exhume","floor":32,"key":"SMITH"}],"circlet_count":0,"master_deck":["Defend_R","Defend_R","Defend_R","Defend_R","Bash","Blood for Blood+1","Rage","Uppercut+1","Spot Weakness","Thunderclap","Intimidate","Carnage","Feed","Fire Breathing","Dark Shackles","Feel No Pain+1","Sword Boomerang","Exhume+1"],"relics":["Burning Blood","Kunai","MawBank","Omamori","Peace Pipe","Empty Cage","Pear","Lee\u0027s Waffle","MealTicket","OrangePellets"],"acts_visited":["Exordium","TheCity"],"potions_floor_usage":[12,14,16,24,33],"damage_taken":[{"damage":7.0,"enemies":"Small Slimes","floor":1.0,"turns":3.0},{"damage":2.0,"enemies":"Jaw Worm","floor":4.0,"turns":3.0},{"damage":0.0,"enemies":"Cultist","floor":5.0,"turns":3.0},{"damage":13.0,"enemies":"Lagavulin","floor":7.0,"turns":6.0},{"damage":20.0,"enemies":"Gremlin Nob","floor":10.0,"turns":5.0},{"damage":7,"enemies":"Looter","floor":11,"turns":3},{"damage":2,"enemies":"Gremlin Gang","floor":12,"turns":4},{"damage":7,"enemies":"Lots of Slimes","floor":14,"turns":4},{"damage":44,"enemies":"The Guardian","floor":16,"turns":9},{"damage":37,"enemies":"3 Byrds","floor":18,"turns":5},{"damage":21,"enemies":"2 Thieves","floor":21,"turns":4},{"damage":20,"enemies":"Centurion and Healer","floor":24,"turns":8},{"damage":33,"enemies":"Sentry and Sphere","floor":28,"turns":7},{"damage":7,"enemies":"Snake Plant","floor":31,"turns":4},{"damage":70,"enemies":"Automaton","floor":33,"turns":8}],"seed_played":"-8954627422300475217","potions_obtained":[{"floor":1.0,"key":"Weak Potion"},{"floor":5.0,"key":"Explosive Potion"},{"floor":8.0,"key":"FearPotion"},{"floor":12,"key":"BloodPotion"},{"floor":14,"key":"ColorlessPotion"},{"floor":24,"key":"BlessingOfTheForge"},{"floor":28,"key":"LiquidMemories"}],"is_trial":false,"path_per_floor":["M","?","?","M","M","R","E","?","T","E","M","M","R","M","R","B",null,"M","$","T","M","?","R","M","R","T","R","M","$","?","M","R","B"],"character_chosen":"IRONCLAD","items_purchased":["Pear","Lee\u0027s Waffle","Dark Shackles","OrangePellets"],"campfire_rested":0,"item_purchase_floors":[19,19,19,29],"current_hp_per_floor":[79,72,72,76,80,80,73,73,73,59,58,62,62,77,77,39,80,52,100,100,88,88,88,77,77,77,77,53,68,68,70,70,0,0],"gold":31,"neow_bonus":"THREE_CARDS","is_daily":false,"chose_seed":false,"campfire_upgraded":4,"win_rate":0.0,"timestamp":1611085538,"path_taken":["M","?","?","M","?","R","E","?","T","E","?","M","R","M","R","BOSS","M","$","?","M","?","R","M","R","T","R","?","?","?","M","R","BOSS"],"items_purchased_type":["Relic","Relic","Card","Relic"],"build_version":"2020-12-22","purchased_purges":0,"victory":false,"max_hp_per_floor":[80,80,80,80,80,80,80,80,80,80,80,80,80,80,80,80,80,83,100,100,103,103,103,106,106,106,106,109,109,109,112,112,112,112],"card_choices":[{"not_picked":["Spot Weakness","Anger"],"picked":"Blood for Blood","floor":0.0},{"not_picked":["Headbutt","Clothesline"],"picked":"Rage","floor":1.0},{"not_picked":["Havoc","Corruption"],"picked":"Uppercut","floor":4.0},{"not_picked":["Dark Embrace","Headbutt"],"picked":"Spot Weakness","floor":5.0},{"not_picked":["Headbutt","Power Through","Combust"],"picked":"SKIP","floor":7.0},{"not_picked":["Sentinel","Battle Trance"],"picked":"Thunderclap","floor":10.0},{"not_picked":["Pommel Strike","True Grit"],"picked":"Intimidate","floor":11},{"not_picked":["Dual Wield","Dark Embrace","Twin Strike"],"picked":"SKIP","floor":12},{"not_picked":["Clash","Thunderclap"],"picked":"Carnage","floor":14},{"not_picked":["Reaper","Exhume"],"picked":"Feed","floor":16},{"not_picked":["Dark Embrace+1","Iron Wave+1"],"picked":"Fire Breathing","floor":18},{"not_picked":["Twin Strike","Entrench","Thunderclap"],"picked":"SKIP","floor":21},{"not_picked":["Shockwave","Wild Strike+1"],"picked":"Feel No Pain","floor":24},{"not_picked":["Clothesline","Burning Pact+1"],"picked":"Sword Boomerang","floor":28},{"not_picked":["Body Slam","Armaments"],"picked":"Exhume","floor":31}],"player_experience":5413604,"relics_obtained":[{"floor":7.0,"key":"MawBank"},{"floor":9.0,"key":"Omamori"},{"floor":10.0,"key":"Peace Pipe"},{"floor":20,"key":"MealTicket"}],"event_choices":[{"damage_healed":0.0,"max_hp_gain":0.0,"max_hp_loss":0.0,"gold_gain":0.0,"event_name":"Scrap Ooze","player_choice":"Success","floor":2.0,"gold_loss":0.0,"damage_taken":7.0,"relics_obtained":["Kunai"]},{"cards_removed":["Strike_R"],"damage_healed":0.0,"max_hp_gain":0.0,"max_hp_loss":0.0,"gold_gain":0.0,"event_name":"Bonfire Elementals","player_choice":"Offered Basic","floor":3.0,"gold_loss":0.0,"damage_taken":0.0},{"damage_healed":0.0,"max_hp_gain":0.0,"max_hp_loss":0.0,"gold_gain":0.0,"event_name":"The Woman in Blue","player_choice":"Bought 1 Potion","floor":8.0,"gold_loss":0.0,"damage_taken":0.0},{"damage_healed":0,"gold_gain":100,"player_choice":"Pray","damage_taken":0,"max_hp_gain":0,"max_hp_loss":0,"event_name":"Golden Shrine","floor":22,"gold_loss":0},{"damage_healed":0,"gold_gain":0,"player_choice":"Ignored","damage_taken":0,"max_hp_gain":0,"max_hp_loss":0,"event_name":"Ghosts","floor":30,"gold_loss":0}],"is_beta":false,"boss_relics":[{"not_picked":["Coffee Dripper","Sozu"],"picked":"Empty Cage"}],"items_purged_floors":[],"is_endless":false,"potions_floor_spawned":[1,5,12,14,24,28],"killed_by":"Automaton","ascension_level":1}}