{"host":"zq4tmp0p98b2vpa9","time":1611057992,"event":{"mods":["AchievementEnabler","BaseMod","Minty Spire (QoL Compilation)","Relic Stats"],"gold_per_floor":[209,209,219,219,238,238,267,267,267,0,0,20,20,20,20,117,117,133,133,151,161,177,177,191,191,191,210,210,110,121,149,149,254,254,270,119,133,113,128,153,153,168,168,178,192,204,229,229,229,229,229,229,6,38,38,38],"floor_reached":55,"language":"ENG","playtime":3196,"items_purged":["Strike_G","Strike_G","Defend_G"],"score":726,"play_id":"90718a08-1993-49de-ad1d-7360670a0fe1","local_time":"20210119130632","is_ascension_mode":false,"campfire_choices":[{"data":"Blade Dance","floor":6,"key":"SMITH"},{"data":"Poisoned Stab","floor":8,"key":"SMITH"},{"data":"Deadly Poison","floor":13,"key":"SMITH"},{"data":"Accuracy","floor":15,"key":"SMITH"},{"floor":23,"key":"RECALL"},{"floor":28,"key":"REST"},{"floor":32,"key":"REST"},{"floor":41,"key":"REST"},{"floor":49,"key":"REST"},{"floor":52,"key":"REST"}],"circlet_count":0,"master_deck":["Strike_G","Strike_G","Defend_G","Defend_G+1","Defend_G+1","Survivor","Backflip","Poisoned Stab+1","Blade Dance+1","Accuracy+1","Deadly Poison+1","Corpse Explosion","Blade Dance","Cloak And Dagger","Crippling Poison+1","PiercingWail+1","Cloak And Dagger+1","Footwork","Noxious Fumes","Venomology","Slice+1","Escape Plan","Footwork","Blade Dance"],"relics":["Ring of the Snake","The Specimen","Incense Burner","Fusion Hammer","Nloth\u0027s Gift","MutagenicStrength","Ice Cream","Vajra","Busted Crown","Bag of Preparation","Kunai","Art of War"],"acts_visited":["Exordium","TheCity","TheBeyond","TheEnding"],"potions_floor_usage":[4,7,7,31,31,33,40,44,45,47,50,50,50,54,55,55],"damage_taken":[{"damage":0,"enemies":"Small Slimes","floor":1,"turns":4},{"damage":0,"enemies":"Cultist","floor":3,"turns":3},{"damage":13,"enemies":"Jaw Worm","floor":5,"turns":5},{"damage":5,"enemies":"Lagavulin","floor":7,"turns":6},{"damage":0,"enemies":"Exordium Wildlife","floor":12,"turns":3},{"damage":4,"enemies":"The Guardian","floor":16,"turns":10},{"damage":10,"enemies":"2 Thieves","floor":18,"turns":2},{"damage":0,"enemies":"Spheric Guardian","floor":20,"turns":4},{"damage":0,"enemies":"Centurion and Healer","floor":21,"turns":2},{"damage":7,"enemies":"Snecko","floor":22,"turns":3},{"damage":2,"enemies":"Cultist and Chosen","floor":24,"turns":3},{"damage":7,"enemies":"Centurion and Healer","floor":27,"turns":4},{"damage":1,"enemies":"Snake Plant","floor":30,"turns":3},{"damage":7,"enemies":"Slavers","floor":31,"turns":3},{"damage":18,"enemies":"Champ","floor":33,"turns":9},{"damage":0,"enemies":"3 Darklings","floor":35,"turns":2},{"damage":0,"enemies":"3 Shapes","floor":37,"turns":4},{"damage":2,"enemies":"3 Darklings","floor":39,"turns":3},{"damage":10,"enemies":"Nemesis","floor":40,"turns":5},{"damage":0,"enemies":"4 Shapes","floor":42,"turns":4},{"damage":0,"enemies":"Spire Growth","floor":44,"turns":3},{"damage":7,"enemies":"Maw","floor":45,"turns":6},{"damage":0,"enemies":"3 Darklings","floor":46,"turns":2},{"damage":1,"enemies":"Giant Head","floor":47,"turns":6},{"damage":40,"enemies":"Awakened One","floor":50,"turns":11},{"damage":15,"enemies":"Shield and Spear","floor":54,"turns":5},{"damage":71,"enemies":"The Heart","floor":55,"turns":8}],"seed_played":"-5309049858063477714","potions_obtained":[{"floor":3,"key":"EntropicBrew"},{"floor":16,"key":"Block Potion"},{"floor":21,"key":"SkillPotion"},{"floor":27,"key":"DuplicationPotion"},{"floor":37,"key":"DistilledChaos"},{"floor":38,"key":"CunningPotion"},{"floor":39,"key":"Ancient Potion"},{"floor":40,"key":"Fire Potion"},{"floor":54,"key":"Block Potion"}],"is_trial":false,"path_per_floor":["M","?","M","?","M","R","E","R","T","$","?","M","R","?","R","B",null,"M","?","M","M","M","R","M","?","T","M","R","$","M","E","R","B",null,"M","$","M","?","M","E","R","M","T","M","M","M","E","?","R","B",null,"R","$","E","B"],"character_chosen":"THE_SILENT","items_purchased":["Accuracy","Lee\u0027s Waffle","Escape Plan","Footwork","Blade Dance","Dexterity Potion"],"campfire_rested":5,"item_purchase_floors":[10,10,36,36,53,53],"current_hp_per_floor":[70,70,70,56,43,43,38,38,38,77,77,77,77,82,82,78,82,72,72,72,72,65,65,63,63,63,56,80,80,79,72,82,64,82,82,82,82,82,80,70,82,82,82,82,75,75,74,74,82,42,82,82,82,67,0,0],"gold":38,"neow_bonus":"HUNDRED_GOLD","is_daily":false,"chose_seed":false,"campfire_upgraded":4,"win_rate":0.0,"timestamp":1611057992,"path_taken":["M","?","M","?","M","R","E","R","T","$","?","?","R","?","R","BOSS","M","?","M","M","?","R","M","?","T","M","R","$","M","E","R","BOSS","M","$","M","?","M","E","R","M","T","?","M","M","E","?","R","BOSS","R","$","E","BOSS"],"items_purchased_type":["Card","Relic","Card","Card","Card","Potion"],"build_version":"2020-12-22","purchased_purges":3,"victory":false,"max_hp_per_floor":[70,70,70,70,70,70,70,70,70,77,77,77,77,82,82,82,82,82,82,82,82,82,82,82,82,82,82,82,82,82,82,82,82,82,82,82,82,82,82,82,82,82,82,82,82,82,82,82,82,82,82,82,82,82,82,82],"relic_stats":{"Busted Crown":20,"counters":[27,123],"Nloth\u0027s Gift":1,"Bag of Preparation":[16],"Art of War":[2],"Kunai":[20],"obtain_stats":[{"Ice Cream":26,"Lee\u0027s Waffle":10,"The Specimen":7,"Vajra":31,"Incense Burner":9,"Bag of Preparation":40,"Busted Crown":34,"MutagenicStrength":25,"Fusion Hammer":17,"Nloth\u0027s Gift":19,"Art of War":54,"Kunai":47,"Ring of the Snake":0},{"Ice Cream":11,"Lee\u0027s Waffle":4,"The Specimen":4,"Vajra":14,"Incense Burner":4,"Bag of Preparation":19,"Busted Crown":15,"MutagenicStrength":11,"Fusion Hammer":6,"Nloth\u0027s Gift":7,"Art of War":26,"Kunai":24,"Ring of the Snake":0},{"Ice Cream":45,"Lee\u0027s Waffle":18,"The Specimen":18,"Vajra":55,"Incense Burner":18,"Bag of Preparation":78,"Busted Crown":64,"MutagenicStrength":45,"Fusion Hammer":31,"Nloth\u0027s Gift":33,"Art of War":115,"Kunai":99,"Ring of the Snake":0}],"Ring of the Snake":[54]},"card_choices":[{"not_picked":["Underhanded Strike","PiercingWail"],"picked":"Backflip","floor":1},{"not_picked":["Flying Knee","Prepared"],"picked":"Poisoned Stab","floor":3},{"not_picked":["Masterful Stab","Flying Knee"],"picked":"Blade Dance","floor":5},{"not_picked":["Underhanded Strike","Venomology","Flying Knee"],"picked":"SKIP","floor":7},{"not_picked":["Finisher","Dodge and Roll"],"picked":"Deadly Poison","floor":12},{"not_picked":["Night Terror","Adrenaline"],"picked":"Corpse Explosion","floor":16},{"not_picked":["Distraction","Noxious Fumes+1"],"picked":"Blade Dance","floor":18},{"not_picked":["Acrobatics","Riddle With Holes+1"],"picked":"Cloak And Dagger","floor":20},{"not_picked":["Outmaneuver","Quick Slash"],"picked":"Crippling Poison+1","floor":21},{"not_picked":["Sucker Punch+1","Bane+1"],"picked":"PiercingWail+1","floor":22},{"not_picked":["Prepared","Underhanded Strike","Die Die Die"],"picked":"SKIP","floor":24},{"not_picked":["Deadly Poison","Backflip"],"picked":"Cloak And Dagger+1","floor":27},{"not_picked":["Reflex","Backflip"],"picked":"Footwork","floor":30},{"not_picked":["Cloak And Dagger","Leg Sweep"],"picked":"Noxious Fumes","floor":31},{"not_picked":["Die Die Die","Unload"],"picked":"Venomology","floor":33},{"not_picked":[],"picked":"Slice+1","floor":35},{"not_picked":["Tactician+1"],"picked":"SKIP","floor":37},{"not_picked":["Caltrops"],"picked":"SKIP","floor":39},{"not_picked":["Well Laid Plans+1"],"picked":"SKIP","floor":40},{"not_picked":["Predator+1"],"picked":"SKIP","floor":42},{"not_picked":["Heel Hook"],"picked":"SKIP","floor":44},{"not_picked":["Dagger Throw"],"picked":"SKIP","floor":45},{"not_picked":["Sucker Punch"],"picked":"SKIP","floor":46},{"not_picked":["Backflip"],"picked":"SKIP","floor":47},{"not_picked":["Reflex"],"picked":"SKIP","floor":54}],"player_experience":249619,"relics_obtained":[{"floor":7,"key":"The Specimen"},{"floor":9,"key":"Incense Burner"},{"floor":26,"key":"Ice Cream"},{"floor":31,"key":"Vajra"},{"floor":40,"key":"Bag of Preparation"},{"floor":47,"key":"Kunai"},{"floor":54,"key":"Art of War"}],"event_choices":[{"cards_removed":["Defend_G"],"damage_healed":0,"gold_gain":0,"player_choice":"Forget","damage_taken":0,"max_hp_gain":0,"max_hp_loss":0,"event_name":"Living Wall","floor":2,"gold_loss":0},{"damage_healed":0,"gold_gain":0,"player_choice":"Entered Light","damage_taken":14,"max_hp_gain":0,"max_hp_loss":0,"event_name":"Shining Light","floor":4,"gold_loss":0,"cards_upgraded":["Defend_G","Defend_G"]},{"cards_removed":["Strike_G"],"damage_healed":0,"gold_gain":0,"player_choice":"Offered Basic","damage_taken":0,"max_hp_gain":0,"max_hp_loss":0,"event_name":"Bonfire Elementals","floor":11,"gold_loss":0},{"damage_healed":0,"gold_gain":0,"player_choice":"Donut","damage_taken":0,"max_hp_gain":5,"max_hp_loss":0,"event_name":"Big Fish","floor":14,"gold_loss":0},{"damage_healed":0,"gold_gain":0,"player_choice":"Traded Relic","damage_taken":0,"relics_obtained":["Nloth\u0027s Gift"],"max_hp_gain":0,"max_hp_loss":0,"event_name":"N\u0027loth","floor":19,"relics_lost":["Lee\u0027s Waffle"],"gold_loss":0},{"damage_healed":0,"gold_gain":0,"player_choice":"Inject Mutagens","damage_taken":0,"relics_obtained":["MutagenicStrength"],"max_hp_gain":0,"max_hp_loss":0,"event_name":"Drug Dealer","floor":25,"gold_loss":0},{"damage_healed":0,"gold_gain":0,"player_choice":"Bought 1 Potion","damage_taken":0,"max_hp_gain":0,"max_hp_loss":0,"event_name":"The Woman in Blue","floor":38,"gold_loss":0},{"cards_removed":["Neutralize"],"damage_healed":0,"gold_gain":0,"player_choice":"Removed Attack","damage_taken":0,"max_hp_gain":0,"max_hp_loss":0,"event_name":"Falling","floor":48,"gold_loss":0}],"is_beta":false,"boss_relics":[{"not_picked":["Black Star","Calling Bell"],"picked":"Fusion Hammer"},{"not_picked":["Ring of the Serpent","Sozu"],"picked":"Busted Crown"}],"items_purged_floors":[10,29,53],"is_endless":false,"potions_floor_spawned":[3,16,21,24,27,30,37,39,40,44,54],"killed_by":"The Heart","ascension_level":0}}