{"host":"Jedit","time":1611088889,"event":{"mods":["BaseMod","Downfall","Minty Spire (QoL Compilation)","Relic Stats","StSLib"],"gold_per_floor":[119,119,119,31,31,70,30,30,30,30,51,82,97,138,138,261,261,284,309,219,234,248,279,279,295,295,309,309,353,353,0,0,130,130,149,164,23,356,356,383,393,419,419,419,431,431,431,463,463,463,463,463],"floor_reached":50,"language":"ENG","playtime":2874,"items_purged":["bronze:Defend"],"score":695,"play_id":"60f29fd4-c25a-4bca-9309-9a8dadf9fc90","local_time":"20210119204129","is_ascension_mode":true,"campfire_choices":[{"data":"bronze:FineTuning","floor":8.0,"key":"SMITH"},{"data":"bronze:DigitalCarnage","floor":10.0,"key":"SMITH"},{"data":"bronze:DelayedSlice","floor":15.0,"key":"SMITH"},{"floor":24.0,"key":"REST"},{"floor":28.0,"key":"REST"},{"floor":32.0,"key":"REST"},{"floor":44,"key":"REST"},{"floor":47,"key":"REST"},{"floor":49,"key":"REST"}],"circlet_count":0,"master_deck":["bronze:Defend","bronze:Defend","bronze:Defend","bronze:Replicate","bronze:Goto+1","bronze:FineTuning+1","bronze:OilSpill","bronze:Constructor","bronze:DigitalCarnage+1","bronze:BitShift","bronze:DelayedSlice+1","bronze:Overheat","bronze:TinkerersToolbox","bronze:DelayedSlice","bronze:BuggyMess","bronze:Invalidate","bronze:CutThrough","bronze:Constructor","bronze:Repair","bronze:OilSpill","bronze:Library","bronze:OilSpill+1","bronze:Separator","bronze:DelayedGuard","bronze:InfiniteBeams","bronze:ClassDefault","bronze:CloningBeam","bronze:WildBeam+1","Parasite"],"relics":["Busted Crown","bronze:SilverBullet","The Courier","Bag of Preparation","Centennial Puzzle","Empty Cage","Pantograph","Mercury Hourglass","bronze:CableSpool","Torii","Membership Card","bronze:Timepiece","Nunchaku","expansioncontent:StudyCardRelic","bronze:Mallet","Boot","hexamod:BolsterEngine","Ornamental Fan","Ancient Tea Set"],"acts_visited":["Exordium","TheCity","TheBeyond"],"potions_floor_usage":[50],"damage_taken":[{"damage":7.0,"enemies":"Jaw Worm","floor":1.0,"turns":3.0},{"damage":7.0,"enemies":"Gremlin Nob","floor":6.0,"turns":3.0},{"damage":0.0,"enemies":"Small Slimes","floor":11.0,"turns":2.0},{"damage":8.0,"enemies":"3 Sentries","floor":12.0,"turns":9.0},{"damage":0.0,"enemies":"2 Louse","floor":13.0,"turns":1.0},{"damage":13.0,"enemies":"Lagavulin","floor":14.0,"turns":5.0},{"damage":31.0,"enemies":"Hexaghost","floor":16.0,"turns":8.0},{"damage":10.0,"enemies":"Chosen","floor":18.0,"turns":3.0},{"damage":12.0,"enemies":"2 Thieves","floor":19.0,"turns":3.0},{"damage":5.0,"enemies":"3 Cultists","floor":21.0,"turns":3.0},{"damage":1.0,"enemies":"Sentry and Sphere","floor":22.0,"turns":3.0},{"damage":24.0,"enemies":"Book of Stabbing","floor":23.0,"turns":4.0},{"damage":15.0,"enemies":"Snake Plant","floor":25.0,"turns":3.0},{"damage":4.0,"enemies":"Cultist and Chosen","floor":27.0,"turns":3.0},{"damage":19.0,"enemies":"Slavers","floor":29.0,"turns":3.0},{"damage":15.0,"enemies":"Champ","floor":33.0,"turns":6.0},{"damage":0.0,"enemies":"3 Darklings","floor":35.0,"turns":3.0},{"damage":0.0,"enemies":"3 Shapes","floor":36.0,"turns":1.0},{"damage":42.0,"enemies":"Reptomancer","floor":40.0,"turns":6.0},{"damage":0,"enemies":"Transient","floor":41,"turns":5},{"damage":27,"enemies":"Nemesis","floor":42,"turns":5},{"damage":17,"enemies":"Writhing Mass","floor":45,"turns":4},{"damage":28,"enemies":"Reptomancer","floor":48,"turns":5},{"damage":76,"enemies":"Awakened One","floor":50,"turns":8}],"seed_played":"576379925142135873","potions_obtained":[{"floor":7.0,"key":"EntropicBrew"},{"floor":7.0,"key":"hexamod:SoulburnPotion"},{"floor":7.0,"key":"SneckoOil"},{"floor":11.0,"key":"Dexterity Potion"},{"floor":14.0,"key":"bronze:BuildAFunctionPotion"},{"floor":23.0,"key":"Ancient Potion"},{"floor":25.0,"key":"BlessingOfTheForge"},{"floor":27.0,"key":"hexamod:SoulburnPotion"},{"floor":29.0,"key":"SneckoOil"},{"floor":33.0,"key":"Ancient Potion"},{"floor":35.0,"key":"SteroidPotion"},{"floor":45,"key":"Swift Potion"},{"floor":48,"key":"Block Potion"}],"is_trial":false,"path_per_floor":["M","?","?","$","?","E","?","R","T","R","M","E","M","E","R","B",null,"M","M","?","M","M","E","R","M","T","M","R","E","T","$","R","B",null,"M","M","$","?","?","E","M","E","T","R","M","?","R","E","R","B"],"character_chosen":"THE_AUTOMATON","items_purchased":["bronze:Constructor","bronze:DigitalCarnage","Membership Card","bronze:Timepiece","Nunchaku","bronze:Repair","bronze:OilSpill","bronze:Separator","bronze:DelayedGuard","bronze:InfiniteBeams","bronze:ClassDefault"],"campfire_rested":6,"item_purchase_floors":[4,4,31,31,31,31,31,37,37,37,37],"current_hp_per_floor":[63,63,63,63,68,61,61,61,61,61,61,53,53,40,40,9,70,60,48,48,43,42,18,39,24,24,20,41,22,22,22,43,60,70,70,70,70,70,70,28,28,8,8,29,26,26,47,19,40,0,0,0],"gold":463,"neow_bonus":"BOSS_RELIC","is_daily":false,"chose_seed":false,"campfire_upgraded":3,"win_rate":0.0,"timestamp":1611088889,"path_taken":["M","?","?","?","?","E","?","R","T","R","M","E","?","E","R","BOSS","M","M","?","?","M","E","R","M","T","?","R","E","?","?","R","BOSS","M","M","$","?","?","E","?","E","T","R","M","?","R","E","R","BOSS"],"items_purchased_type":["Card","Card","Relic","Relic","Relic","Card","Card","Card","Card","Card","Card"],"build_version":"2020-12-18","purchased_purges":1,"victory":false,"max_hp_per_floor":[70,70,65,65,70,70,70,70,70,70,70,70,70,70,70,70,70,70,70,70,70,70,70,70,70,70,70,70,70,70,70,70,70,70,70,70,70,70,70,70,70,70,70,70,70,70,70,70,70,70,70,70],"relic_stats":{"Centennial Puzzle":[45],"Nunchaku":[14],"Busted Crown":46,"Torii":7,"counters":[24,99],"Ornamental Fan":[48],"Pantograph":50,"Bag of Preparation":[40],"Boot":[50],"obtain_stats":[{"bronze:BronzeCore":0,"Torii":30,"Golden Idol":3,"The Courier":9,"Bag of Preparation":12,"expansioncontent:StudyCardRelic":34,"bronze:Mallet":39,"Empty Cage":17,"Boot":40,"Ancient Tea Set":48,"Mercury Hourglass":26,"bronze:CableSpool":29,"Centennial Puzzle":14,"Nunchaku":31,"Busted Crown":0,"Ornamental Fan":43,"Pantograph":23,"bronze:Timepiece":31,"Membership Card":31,"hexamod:BolsterEngine":42,"bronze:SilverBullet":6},{"bronze:BronzeCore":0,"Torii":15,"Golden Idol":1,"The Courier":2,"Bag of Preparation":4,"expansioncontent:StudyCardRelic":16,"bronze:Mallet":18,"Empty Cage":7,"Boot":19,"Ancient Tea Set":23,"Mercury Hourglass":13,"bronze:CableSpool":15,"Centennial Puzzle":6,"Nunchaku":15,"Busted Crown":0,"Ornamental Fan":21,"Pantograph":12,"bronze:Timepiece":15,"Membership Card":15,"hexamod:BolsterEngine":21,"bronze:SilverBullet":2},{"bronze:BronzeCore":0,"Torii":56,"Golden Idol":3,"The Courier":6,"Bag of Preparation":17,"expansioncontent:StudyCardRelic":62,"bronze:Mallet":66,"Empty Cage":31,"Boot":72,"Ancient Tea Set":91,"Mercury Hourglass":50,"bronze:CableSpool":56,"Centennial Puzzle":23,"Nunchaku":56,"Busted Crown":0,"Ornamental Fan":82,"Pantograph":47,"bronze:Timepiece":56,"Membership Card":56,"hexamod:BolsterEngine":82,"bronze:SilverBullet":6}],"Mercury Hourglass":[194]},"card_choices":[{"not_picked":[],"picked":"bronze:FineTuning","floor":1.0},{"not_picked":[],"picked":"bronze:BitShift","floor":6.0},{"not_picked":["bronze:Shield"],"picked":"SKIP","floor":11.0},{"not_picked":["bronze:Shield"],"picked":"SKIP","floor":12.0},{"not_picked":[],"picked":"bronze:DelayedSlice","floor":13.0},{"not_picked":[],"picked":"bronze:Overheat","floor":14.0},{"not_picked":[],"picked":"bronze:TinkerersToolbox","floor":16.0},{"not_picked":[],"picked":"bronze:DelayedSlice","floor":18.0},{"not_picked":["bronze:Shield"],"picked":"SKIP","floor":19.0},{"not_picked":["bronze:Backtrace"],"picked":"SKIP","floor":21.0},{"not_picked":[],"picked":"bronze:BuggyMess","floor":22.0},{"not_picked":[],"picked":"bronze:Invalidate","floor":23.0},{"not_picked":[],"picked":"bronze:CutThrough","floor":25.0},{"not_picked":["bronze:Overheat"],"picked":"SKIP","floor":27.0},{"not_picked":[],"picked":"bronze:Constructor","floor":29.0},{"not_picked":[],"picked":"bronze:Library","floor":33.0},{"not_picked":[],"picked":"bronze:OilSpill+1","floor":35.0},{"not_picked":["bronze:BugBarrage"],"picked":"SKIP","floor":36.0},{"not_picked":["bronze:Turbo"],"picked":"SKIP","floor":40.0},{"not_picked":[],"picked":"bronze:CloningBeam","floor":41},{"not_picked":[],"picked":"bronze:WildBeam+1","floor":42},{"not_picked":["bronze:Overheat+1"],"picked":"SKIP","floor":45},{"not_picked":["bronze:CloningBeam"],"picked":"SKIP","floor":48}],"player_experience":3679161,"relics_obtained":[{"floor":6.0,"key":"bronze:SilverBullet"},{"floor":9.0,"key":"The Courier"},{"floor":12.0,"key":"Bag of Preparation"},{"floor":14.0,"key":"Centennial Puzzle"},{"floor":23.0,"key":"Pantograph"},{"floor":26.0,"key":"Mercury Hourglass"},{"floor":29.0,"key":"bronze:CableSpool"},{"floor":30.0,"key":"Torii"},{"floor":39.0,"key":"bronze:Mallet"},{"floor":40.0,"key":"Boot"},{"floor":42,"key":"hexamod:BolsterEngine"},{"floor":43,"key":"Ornamental Fan"},{"floor":48,"key":"Ancient Tea Set"}],"event_choices":[{"damage_healed":0.0,"max_hp_gain":0.0,"max_hp_loss":0.0,"gold_gain":0.0,"cards_transformed":["bronze:Strike"],"event_name":"Living Wall","player_choice":"Change","floor":2.0,"gold_loss":0.0,"damage_taken":0.0,"cards_obtained":["bronze:OilSpill"]},{"damage_healed":0.0,"max_hp_gain":0.0,"max_hp_loss":5.0,"gold_gain":0.0,"event_name":"Golden Idol","player_choice":"Lose Max HP","floor":3.0,"gold_loss":0.0,"damage_taken":0.0,"relics_obtained":["Golden Idol"]},{"damage_healed":0.0,"max_hp_gain":5.0,"max_hp_loss":0.0,"gold_gain":0.0,"event_name":"Big Fish","player_choice":"Donut","floor":5.0,"gold_loss":0.0,"damage_taken":0.0},{"damage_healed":0.0,"max_hp_gain":0.0,"max_hp_loss":0.0,"gold_gain":0.0,"event_name":"The Woman in Blue","player_choice":"Bought 3 Potions","floor":7.0,"gold_loss":0.0,"damage_taken":0.0},{"cards_removed":["bronze:Strike"],"damage_healed":0.0,"max_hp_gain":0.0,"max_hp_loss":0.0,"gold_gain":0.0,"event_name":"Designer","player_choice":"Upgrade and Remove","floor":20.0,"gold_loss":90.0,"damage_taken":0.0,"cards_upgraded":["bronze:Goto"]},{"damage_healed":0.0,"max_hp_gain":0.0,"max_hp_loss":0.0,"gold_gain":333.0,"event_name":"The Moai Head","player_choice":"Gave Idol","floor":38.0,"relics_lost":["Golden Idol"],"gold_loss":0.0,"damage_taken":0.0},{"damage_healed":0.0,"max_hp_gain":0.0,"max_hp_loss":0.0,"gold_gain":0.0,"event_name":"Wheel of Change","player_choice":"Relic","floor":39.0,"gold_loss":0.0,"damage_taken":0.0},{"damage_healed":0,"gold_gain":0,"player_choice":"Ignored","damage_taken":0,"max_hp_gain":0,"max_hp_loss":0,"event_name":"Mysterious Sphere","floor":46,"gold_loss":0}],"is_beta":true,"boss_relics":[{"not_picked":["bronze:MakeshiftBattery","Runic Pyramid"],"picked":"Empty Cage"},{"not_picked":["Philosopher\u0027s Stone","Fusion Hammer"],"picked":"expansioncontent:StudyCardRelic"}],"items_purged_floors":[37],"is_endless":false,"potions_floor_spawned":[11,14,22,23,25,27,29,33,35,36,42,45,48],"killed_by":"Awakened One","ascension_level":2}}