{"host":"jwbw4f4imxd0v0b0","time":1611037022,"event":{"mods":["BaseMod","Colored Map","Highlight Path","Minty Spire (QoL Compilation)","Relic Stats","StSLib"],"gold_per_floor":[117,42,62,212,39,39,58,143,143,157,24,24,56,66,66,140,140,154,167,167,177,228,260,260,175,175,211,231,240,260,269,269,355,355,380,53,74,101,1,1,26,62,62,89,89,119,119,131,131,131],"floor_reached":51,"language":"ENG","playtime":2809,"items_purged":["Doubt","Strike_G","Strike_G"],"score":1418,"play_id":"0759d16f-5125-4223-a7ed-794512ee6a6a","local_time":"20210119001702","is_ascension_mode":true,"campfire_choices":[{"data":"Dash","floor":6.0,"key":"SMITH"},{"data":"Blade Dance","floor":12.0,"key":"SMITH"},{"data":"Blade Dance","floor":15.0,"key":"SMITH"},{"data":"Cloak And Dagger","floor":24.0,"key":"SMITH"},{"data":"Accuracy","floor":32,"key":"SMITH"},{"data":"Footwork","floor":40,"key":"SMITH"},{"floor":45,"key":"REST"},{"data":"Sadistic Nature","floor":47,"key":"SMITH"},{"floor":49,"key":"REST"}],"circlet_count":0,"master_deck":["AscendersBane","Strike_G","Strike_G","Defend_G","Defend_G","Defend_G","Defend_G","Defend_G","Survivor","Neutralize","Dash+1","Leg Sweep","Blade Dance+1","Cloak And Dagger+1","Die Die Die","Blade Dance+1","Backflip","Corpse Explosion","Expertise+1","PiercingWail","Deflect","J.A.X.","Accuracy+1","Envenom","Noxious Fumes","Sadistic Nature+1","Footwork+1","Blur","Dramatic Entrance","Panacea","Flash of Steel","PiercingWail","Blade Dance+1"],"relics":["SlaversCollar","Oddly Smooth Stone","Pear","Blue Candle","Meat on the Bone","WristBlade","MealTicket","CeramicFish","Ice Cream","The Courier","Shovel","Runic Pyramid","Du-Vu Doll","Lantern","Bottled Lightning","Dream Catcher"],"acts_visited":["Exordium","TheCity","TheBeyond"],"potions_floor_usage":[30,33,37,44,50,50],"damage_taken":[{"damage":2.0,"enemies":"Jaw Worm","floor":1.0,"turns":6.0},{"damage":4.0,"enemies":"Small Slimes","floor":3.0,"turns":5.0},{"damage":0.0,"enemies":"Cultist","floor":7.0,"turns":5.0},{"damage":1.0,"enemies":"3 Sentries","floor":8.0,"turns":11.0},{"damage":4.0,"enemies":"Large Slime","floor":10.0,"turns":8.0},{"damage":9.0,"enemies":"Lagavulin","floor":13.0,"turns":4.0},{"damage":3.0,"enemies":"Exordium Thugs","floor":14.0,"turns":5.0},{"damage":9.0,"enemies":"The Guardian","floor":16.0,"turns":16.0},{"damage":0.0,"enemies":"Spheric Guardian","floor":18.0,"turns":2.0},{"damage":0.0,"enemies":"3 Byrds","floor":19.0,"turns":2.0},{"damage":3.0,"enemies":"Cultist and Chosen","floor":21.0,"turns":7.0},{"damage":10.0,"enemies":"Slavers","floor":23.0,"turns":3.0},{"damage":4.0,"enemies":"Book of Stabbing","floor":27.0,"turns":5.0},{"damage":0,"enemies":"Sentry and Sphere","floor":28,"turns":5},{"damage":3,"enemies":"Centurion and Healer","floor":30,"turns":3},{"damage":31,"enemies":"Collector","floor":33,"turns":9},{"damage":14,"enemies":"Orb Walker","floor":35,"turns":4},{"damage":3,"enemies":"3 Shapes","floor":37,"turns":5},{"damage":3,"enemies":"Mind Bloom Boss Battle","floor":41,"turns":3},{"damage":31,"enemies":"Reptomancer","floor":42,"turns":7},{"damage":7,"enemies":"Jaw Worm Horde","floor":44,"turns":3},{"damage":3,"enemies":"Nemesis","floor":46,"turns":5},{"damage":10,"enemies":"Spire Growth","floor":48,"turns":3},{"damage":54,"enemies":"Donu and Deca","floor":50,"turns":5}],"seed_played":"-7260134958887981329","potions_obtained":[{"floor":3.0,"key":"ColorlessPotion"},{"floor":7.0,"key":"SteroidPotion"},{"floor":10.0,"key":"Regen Potion"},{"floor":16.0,"key":"Explosive Potion"},{"floor":23.0,"key":"BlessingOfTheForge"},{"floor":28,"key":"Fire Potion"},{"floor":33,"key":"SkillPotion"},{"floor":37,"key":"EssenceOfSteel"},{"floor":44,"key":"Explosive Potion"},{"floor":46,"key":"Fruit Juice"}],"is_trial":false,"path_per_floor":["M","?","M","?","$","R","M","E","T","M","$","R","E","M","R","B",null,"M","M","?","M","T","E","R","?","T","E","M","?","M","?","R","B",null,"M","$","M","?","$","R","?","E","T","M","R","E","R","M","R","B",null],"character_chosen":"THE_SILENT","items_purchased":["Oddly Smooth Stone","Blade Dance","Sadistic Nature","Footwork","DuplicationPotion"],"campfire_rested":2,"item_purchase_floors":[5,11,36,36,36],"current_hp_per_floor":[57,57,53,53,53,53,53,62,62,58,58,58,49,46,46,49,69,69,69,69,66,66,56,56,56,56,52,52,52,49,49,49,45,68,54,69,66,56,71,71,68,49,49,42,64,61,61,51,73,36],"gold":131,"neow_bonus":"BOSS_RELIC","is_daily":false,"chose_seed":false,"campfire_upgraded":7,"win_rate":0.0,"timestamp":1611037022,"path_taken":["M","?","M","?","$","R","?","E","T","M","?","R","E","M","R","BOSS","M","M","?","M","?","E","R","?","T","E","M","?","M","?","R","BOSS","M","$","M","?","$","R","?","E","T","M","R","E","R","M","R","BOSS"],"items_purchased_type":["Relic","Card","Card","Card","Potion"],"build_version":"2020-12-22","purchased_purges":3,"victory":true,"max_hp_per_floor":[66,66,66,66,66,66,66,76,76,76,76,76,76,76,76,76,76,76,76,76,76,76,76,76,76,76,76,76,76,76,76,76,76,76,76,76,76,76,76,76,76,76,76,76,76,76,76,76,76,81],"relic_stats":{"Dream Catcher":1,"Shovel":0,"counters":[24,131],"Blue Candle":[1],"CeramicFish":126,"MealTicket":30,"obtain_stats":[{"Ice Cream":25,"Lantern":42,"Pear":8,"Blue Candle":9,"CeramicFish":23,"Oddly Smooth Stone":5,"The Courier":26,"Du-Vu Doll":41,"SlaversCollar":0,"Dream Catcher":46,"Shovel":27,"WristBlade":17,"MealTicket":22,"Bottled Lightning":43,"Ring of the Snake":0,"Meat on the Bone":13,"Runic Pyramid":34},{"Ice Cream":12,"Lantern":20,"Pear":4,"Blue Candle":4,"CeramicFish":12,"Oddly Smooth Stone":2,"The Courier":12,"Du-Vu Doll":19,"SlaversCollar":0,"Dream Catcher":22,"Shovel":13,"WristBlade":8,"MealTicket":11,"Bottled Lightning":20,"Ring of the Snake":0,"Meat on the Bone":6,"Runic Pyramid":16},{"Ice Cream":74,"Lantern":115,"Pear":27,"Blue Candle":27,"CeramicFish":74,"Oddly Smooth Stone":11,"The Courier":74,"Du-Vu Doll":108,"SlaversCollar":0,"Dream Catcher":123,"Shovel":79,"WristBlade":60,"MealTicket":71,"Bottled Lightning":115,"Ring of the Snake":0,"Meat on the Bone":39,"Runic Pyramid":96}],"Meat on the Bone":48},"card_choices":[{"not_picked":["Outmaneuver","PiercingWail"],"picked":"Dash","floor":1.0},{"not_picked":["Slice","Acrobatics"],"picked":"Leg Sweep","floor":3.0},{"not_picked":["Tactician","Sucker Punch"],"picked":"Blade Dance","floor":7.0},{"not_picked":["Eviscerate","Prepared"],"picked":"Cloak And Dagger","floor":8.0},{"not_picked":["Blur","Deflect"],"picked":"Die Die Die","floor":10.0},{"not_picked":["Expertise","Bane","Choke"],"picked":"SKIP","floor":13.0},{"not_picked":["Quick Slash","Acrobatics"],"picked":"Backflip","floor":14.0},{"not_picked":["Night Terror","Venomology"],"picked":"Corpse Explosion","floor":16.0},{"not_picked":["Cloak And Dagger","Bane","Dagger Throw"],"picked":"SKIP","floor":18.0},{"not_picked":["Choke","Escape Plan"],"picked":"Expertise+1","floor":19.0},{"not_picked":["Flechettes+1","Dash","Acrobatics"],"picked":"SKIP","floor":21.0},{"not_picked":["Underhanded Strike","Flying Knee+1","Tools of the Trade"],"picked":"SKIP","floor":23.0},{"not_picked":["Dagger Throw","Quick Slash"],"picked":"PiercingWail","floor":27.0},{"not_picked":["Backflip+1","Terror"],"picked":"Deflect","floor":28},{"not_picked":["Cloak And Dagger","Flying Knee","Infinite Blades"],"picked":"SKIP","floor":30},{"not_picked":["Grand Finale","Night Terror"],"picked":"Envenom","floor":33},{"not_picked":["Endless Agony+1","Underhanded Strike"],"picked":"Noxious Fumes","floor":35},{"not_picked":["Backstab","Dodge and Roll+1"],"picked":"Blur","floor":37},{"not_picked":["Bandage Up","Trip"],"picked":"Dramatic Entrance","floor":38},{"not_picked":["Swift Strike","Impatience"],"picked":"Panacea","floor":38},{"not_picked":["Deep Breath","Mind Blast"],"picked":"Flash of Steel","floor":38},{"not_picked":["Cloak And Dagger+1","Prepared"],"picked":"PiercingWail","floor":42},{"not_picked":["PiercingWail+1","Underhanded Strike"],"picked":"Blade Dance+1","floor":44},{"not_picked":["Prepared","Poisoned Stab+1","Backstab+1"],"picked":"SKIP","floor":46},{"not_picked":["Tactician","Outmaneuver","Cloak And Dagger"],"picked":"SKIP","floor":48}],"player_experience":1096913,"relics_obtained":[{"floor":8.0,"key":"Pear"},{"floor":9.0,"key":"Blue Candle"},{"floor":13.0,"key":"Meat on the Bone"},{"floor":22.0,"key":"MealTicket"},{"floor":23.0,"key":"CeramicFish"},{"floor":26.0,"key":"The Courier"},{"floor":27.0,"key":"Shovel"},{"floor":41,"key":"Du-Vu Doll"},{"floor":42,"key":"Lantern"},{"floor":43,"key":"Bottled Lightning"},{"floor":46,"key":"Dream Catcher"}],"event_choices":[{"cards_removed":["Strike_G"],"damage_healed":0.0,"max_hp_gain":0.0,"max_hp_loss":0.0,"gold_gain":0.0,"event_name":"The Cleric","player_choice":"Card Removal","floor":2.0,"gold_loss":75.0,"damage_taken":0.0},{"damage_healed":0.0,"max_hp_gain":0.0,"max_hp_loss":0.0,"gold_gain":150.0,"event_name":"Liars Game","player_choice":"AGREE","floor":4.0,"gold_loss":0.0,"damage_taken":0.0,"cards_obtained":["Doubt"]},{"damage_healed":0.0,"max_hp_gain":0.0,"max_hp_loss":0.0,"gold_gain":0.0,"event_name":"Ghosts","player_choice":"Ignored","floor":20.0,"gold_loss":0.0,"damage_taken":0.0},{"damage_healed":0.0,"max_hp_gain":0.0,"max_hp_loss":0.0,"gold_gain":0.0,"event_name":"Addict","player_choice":"Obtained Relic","floor":25.0,"gold_loss":85.0,"damage_taken":0.0,"relics_obtained":["Ice Cream"]},{"damage_healed":0,"gold_gain":0,"player_choice":"Obtain J.A.X.","damage_taken":0,"max_hp_gain":0,"max_hp_loss":0,"event_name":"Drug Dealer","floor":29,"gold_loss":0,"cards_obtained":["J.A.X."]},{"damage_healed":0,"gold_gain":0,"player_choice":"Read","damage_taken":0,"max_hp_gain":0,"max_hp_loss":0,"event_name":"The Library","floor":31,"gold_loss":0,"cards_obtained":["Accuracy"]},{"damage_healed":0,"gold_gain":0,"player_choice":"Memory 3","damage_taken":10,"max_hp_gain":0,"max_hp_loss":0,"event_name":"SensoryStone","floor":38,"gold_loss":0},{"damage_healed":0,"gold_gain":0,"player_choice":"Fight","damage_taken":0,"max_hp_gain":0,"max_hp_loss":0,"event_name":"MindBloom","floor":41,"gold_loss":0}],"is_beta":false,"boss_relics":[{"not_picked":["Tiny House","Philosopher\u0027s Stone"],"picked":"WristBlade"},{"not_picked":["HoveringKite","Velvet Choker"],"picked":"Runic Pyramid"}],"items_purged_floors":[11,36,39],"is_endless":false,"potions_floor_spawned":[3,7,10,16,23,28,33,37,41,44,46],"ascension_level":17}}