{"host":"ydg0vn0pu4pubmdt","time":1611091716,"event":{"mods":["AchievementEnabler","BaseMod","Colored Map","Gold Saver","Minty Spire (QoL Compilation)","Quick Restart","SuperFastMode"],"gold_per_floor":[143,162,162,162,16,42,60,60,60,22,22,35,51,65,65,143,143,157,175,185,185,97,97,97,16,43,43,43,43,62,78,78,156,156,176,11,11,11,27,27,46,72,72,9,51,40,54,4,4,4],"floor_reached":51,"language":"KOR","playtime":2348,"items_purged":["Strike_G","Shame","Strike_G","Expertise","Deadly Poison"],"score":1328,"play_id":"78044493-2aab-4404-8638-86e4f2e5ae3b","local_time":"20210120062836","is_ascension_mode":true,"campfire_choices":[{"data":"Dagger Spray","floor":8.0,"key":"SMITH"},{"floor":15.0,"key":"REST"},{"data":"Prepared","floor":23.0,"key":"SMITH"},{"floor":27.0,"key":"REST"},{"floor":29.0,"key":"REST"},{"data":"Neutralize","floor":32.0,"key":"SMITH"},{"data":"Prepared","floor":40,"key":"SMITH"},{"data":"Acrobatics","floor":49,"key":"SMITH"}],"circlet_count":0,"master_deck":["AscendersBane","Survivor","Neutralize+1","Reflex+1","Predator","PiercingWail","Dagger Spray+1","Acrobatics","Cloak And Dagger","Prepared+1","Tactician+1","Footwork+1","Eviscerate","Crippling Poison","Tools of the Trade+1","Eviscerate","Prepared+1","Blade Dance","Acrobatics+1","Blur","Tactician+1","Well Laid Plans+1","Finisher+1","Grand Finale","Tactician","Backflip"],"relics":["Ring of the Snake","NeowsBlessing","Membership Card","Letter Opener","InkBottle","Sozu","Frozen Egg 2","Smiling Mask","Pandora\u0027s Box","TheAbacus","Pear","MawBank","Question Card"],"acts_visited":["Exordium","TheCity","TheBeyond"],"potions_floor_usage":[],"damage_taken":[{"damage":0.0,"enemies":"Cultist","floor":1.0,"turns":1.0},{"damage":0.0,"enemies":"Small Slimes","floor":2.0,"turns":2.0},{"damage":0.0,"enemies":"Lagavulin","floor":6.0,"turns":1.0},{"damage":4.0,"enemies":"Jaw Worm","floor":7.0,"turns":3.0},{"damage":5.0,"enemies":"2 Fungi Beasts","floor":12.0,"turns":3.0},{"damage":18.0,"enemies":"Exordium Thugs","floor":13.0,"turns":6.0},{"damage":0.0,"enemies":"3 Louse","floor":14.0,"turns":6.0},{"damage":50.0,"enemies":"The Guardian","floor":16.0,"turns":18.0},{"damage":0.0,"enemies":"Chosen","floor":18.0,"turns":6.0},{"damage":14.0,"enemies":"2 Thieves","floor":19.0,"turns":3.0},{"damage":6.0,"enemies":"Cultist and Chosen","floor":20.0,"turns":7.0},{"damage":0.0,"enemies":"Snake Plant","floor":30.0,"turns":4.0},{"damage":20.0,"enemies":"Centurion and Healer","floor":31.0,"turns":7.0},{"damage":5.0,"enemies":"Automaton","floor":33.0,"turns":12.0},{"damage":0.0,"enemies":"3 Shapes","floor":35.0,"turns":5.0},{"damage":0,"enemies":"3 Darklings","floor":39,"turns":2},{"damage":3,"enemies":"Writhing Mass","floor":41,"turns":4},{"damage":0,"enemies":"Reptomancer","floor":42,"turns":3},{"damage":20,"enemies":"Nemesis","floor":45,"turns":3},{"damage":0,"enemies":"Maw","floor":47,"turns":3},{"damage":7,"enemies":"Donu and Deca","floor":50,"turns":4}],"seed_played":"8624754877982971829","potions_obtained":[{"floor":1.0,"key":"Strength Potion"},{"floor":12.0,"key":"Regen Potion"},{"floor":13.0,"key":"EntropicBrew"},{"floor":14.0,"key":"Poison Potion"}],"is_trial":false,"path_per_floor":["M","M","?","?","$","E","M","R","T","$","?","M","M","M","R","B",null,"M","M","M","?","$","R","?","$","T","R","?","R","M","M","R","B",null,"M","$","?","$","M","R","M","E","T","?","E","$","M","$","R","B",null],"character_chosen":"THE_SILENT","items_purchased":["Membership Card","Footwork+1","Eviscerate","TheAbacus","Blur","Backflip"],"campfire_rested":3,"item_purchase_floors":[5,22,25,36,36,46],"current_hp_per_floor":[59,59,39,39,39,39,35,35,35,35,35,30,12,27,46,11,52,52,38,32,32,32,32,14,14,14,35,35,56,56,36,36,31,61,61,61,61,61,61,61,58,68,68,68,48,48,48,48,48,41],"gold":4,"neow_bonus":"THREE_ENEMY_KILL","is_daily":false,"chose_seed":false,"campfire_upgraded":5,"win_rate":0.0,"timestamp":1611091716,"path_taken":["M","?","?","?","?","E","M","R","T","$","?","M","M","?","R","BOSS","M","M","M","?","$","R","?","$","T","R","?","R","M","M","R","BOSS","M","$","?","$","M","R","?","E","T","?","E","$","M","?","R","BOSS"],"items_purchased_type":["Relic","Card","Card","Relic","Card","Card"],"build_version":"2020-12-22","purchased_purges":5,"victory":true,"max_hp_per_floor":[66,66,66,66,66,66,66,66,66,66,66,66,66,66,66,66,66,66,66,66,66,66,66,71,71,71,71,71,71,71,71,71,71,71,71,71,71,71,71,71,71,81,81,81,81,81,81,81,81,81],"card_choices":[{"not_picked":["Setup","Sucker Punch"],"picked":"Reflex","floor":1.0},{"not_picked":["Setup","Catalyst"],"picked":"Predator","floor":2.0},{"not_picked":["Quick Slash","Footwork"],"picked":"PiercingWail","floor":6.0},{"not_picked":["Noxious Fumes","Bane"],"picked":"Dagger Spray","floor":7.0},{"not_picked":["Poisoned Stab","PiercingWail"],"picked":"Acrobatics","floor":12.0},{"not_picked":["Underhanded Strike","Sucker Punch"],"picked":"Cloak And Dagger","floor":13.0},{"not_picked":["Slice","Quick Slash","Skewer"],"picked":"SKIP","floor":14.0},{"not_picked":["Blade Dance","Backflip+1"],"picked":"Prepared","floor":18.0},{"not_picked":["Slice+1","Eviscerate"],"picked":"Tactician+1","floor":19.0},{"not_picked":["Skewer","Dagger Spray","Outmaneuver"],"picked":"SKIP","floor":20.0},{"not_picked":["Cloak And Dagger","Poisoned Stab"],"picked":"Crippling Poison","floor":30.0},{"not_picked":["Eviscerate+1","Underhanded Strike","All Out Attack"],"picked":"SKIP","floor":31.0},{"not_picked":["Corpse Explosion","Wraith Form v2+1"],"picked":"Tools of the Trade+1","floor":33.0},{"not_picked":["Outmaneuver","Dagger Throw"],"picked":"Acrobatics","floor":35.0},{"not_picked":["Noxious Fumes+1","Flying Knee"],"picked":"Well Laid Plans+1","floor":39},{"not_picked":["Backstab","Setup"],"picked":"Finisher+1","floor":41},{"not_picked":["Well Laid Plans+1","Sucker Punch"],"picked":"Grand Finale","floor":42},{"not_picked":["Cloak And Dagger+1","PiercingWail","Blade Dance"],"picked":"SKIP","floor":45},{"not_picked":["Finisher+1","Tactician+1","Prepared","Bouncing Flask"],"picked":"SKIP","floor":47}],"player_experience":496480,"relics_obtained":[{"floor":6.0,"key":"Letter Opener"},{"floor":9.0,"key":"InkBottle"},{"floor":26.0,"key":"Smiling Mask"},{"floor":42,"key":"Pear"},{"floor":43,"key":"MawBank"},{"floor":45,"key":"Question Card"}],"event_choices":[{"damage_healed":0.0,"max_hp_gain":0.0,"max_hp_loss":0.0,"gold_gain":0.0,"event_name":"Shining Light","player_choice":"Entered Light","floor":3.0,"gold_loss":0.0,"damage_taken":20.0,"cards_upgraded":["Strike_G","Reflex"]},{"cards_removed":["Strike_G"],"damage_healed":0.0,"max_hp_gain":0.0,"max_hp_loss":0.0,"gold_gain":0.0,"event_name":"Living Wall","player_choice":"Forget","floor":4.0,"gold_loss":0.0,"damage_taken":0.0},{"cards_removed":["Defend_G"],"damage_healed":0.0,"max_hp_gain":0.0,"max_hp_loss":0.0,"gold_gain":0.0,"event_name":"Purifier","player_choice":"Purged","floor":11.0,"gold_loss":0.0,"damage_taken":0.0},{"damage_healed":0.0,"max_hp_gain":0.0,"max_hp_loss":0.0,"gold_gain":0.0,"event_name":"Addict","player_choice":"Stole Relic","floor":21.0,"gold_loss":0.0,"damage_taken":0.0,"relics_obtained":["Frozen Egg 2"],"cards_obtained":["Shame"]},{"damage_healed":0.0,"max_hp_gain":5.0,"max_hp_loss":0.0,"gold_gain":0.0,"event_name":"Forgotten Altar","player_choice":"Shed Blood","floor":24.0,"gold_loss":0.0,"damage_taken":23.0},{"damage_healed":0.0,"max_hp_gain":0.0,"max_hp_loss":0.0,"gold_gain":0.0,"event_name":"Ghosts","player_choice":"Ignored","floor":28.0,"gold_loss":0.0,"damage_taken":0.0},{"damage_healed":0.0,"max_hp_gain":0.0,"max_hp_loss":0.0,"gold_gain":0.0,"event_name":"Duplicator","player_choice":"Copied","floor":37.0,"gold_loss":0.0,"damage_taken":0.0,"cards_obtained":["Tactician"]},{"damage_healed":0,"gold_gain":0,"cards_transformed":["Outmaneuver","Underhanded Strike"],"player_choice":"Transformed Cards","damage_taken":0,"max_hp_gain":0,"max_hp_loss":0,"event_name":"Designer","floor":44,"gold_loss":75,"cards_obtained":["Deadly Poison","Tactician"]}],"is_beta":false,"boss_relics":[{"not_picked":["Black Star","Snecko Eye"],"picked":"Sozu"},{"not_picked":["Fusion Hammer","Busted Crown"],"picked":"Pandora\u0027s Box"}],"items_purged_floors":[10,22,25,36,48],"is_endless":false,"potions_floor_spawned":[1,12,13,14,19,33,35,41,45],"ascension_level":15}}