{"host":"1a3cjta80tad0aqj","time":1611097353,"event":{"mods":["2.2 Compatiblity","AchievementEnabler","BaseMod","Colored Map","DeckTracker","KOR Keyword Fix","Keyboard Shortcuts","Minty Spire (QoL Compilation)","Permanent Neow","Quick Restart","Random Character Button","StSLib","SuperFastMode","everything is the same but u backflip on backflip"],"gold_per_floor":[214,61,74,74,146,146,162,197,274,274,301,301,334,334,334,334,334],"floor_reached":16,"language":"KOR","playtime":505,"items_purged":["Defend_P"],"score":212,"play_id":"5881a283-5fa2-4f00-b3c5-718e8afc0afd","local_time":"20210120080233","is_ascension_mode":true,"campfire_choices":[{"data":"Eruption","floor":6.0,"key":"SMITH"},{"data":"Adaptation","floor":10.0,"key":"SMITH"},{"floor":12.0,"key":"REST"},{"data":"EmptyMind","floor":15.0,"key":"SMITH"}],"circlet_count":0,"master_deck":["AscendersBane","Strike_P","Strike_P","Strike_P","Defend_P","Defend_P","Defend_P","Eruption+1","Vigilance","EmptyMind+1","FearNoEvil","Adaptation+1"],"relics":["PureWater","Eternal Feather","Potion Belt","Gremlin Horn","Odd Mushroom","Bottled Flame","GoldenEye"],"acts_visited":["Exordium"],"potions_floor_usage":[16],"damage_taken":[{"damage":5.0,"enemies":"2 Louse","floor":1.0,"turns":3.0},{"damage":2.0,"enemies":"Jaw Worm","floor":3.0,"turns":3.0},{"damage":3.0,"enemies":"Small Slimes","floor":7.0,"turns":3.0},{"damage":22.0,"enemies":"Gremlin Nob","floor":8.0,"turns":3.0},{"damage":8.0,"enemies":"The Mushroom Lair","floor":11.0,"turns":3.0},{"damage":7.0,"enemies":"Lagavulin","floor":13.0,"turns":5.0},{"damage":42,"enemies":"Hexaghost","floor":16,"turns":9}],"seed_played":"-932138714892271238","potions_obtained":[{"floor":8.0,"key":"LiquidMemories"},{"floor":11.0,"key":"Weak Potion"},{"floor":13.0,"key":"Energy Potion"}],"is_trial":false,"path_per_floor":["M","$","M","?","T","R","M","E","T","R","?","R","E","?","R","B"],"character_chosen":"WATCHER","items_purchased":["FearNoEvil"],"campfire_rested":1,"item_purchase_floors":[2],"current_hp_per_floor":[56,56,54,47,47,53,50,28,28,34,26,52,45,40,46,4,4],"gold":334,"neow_bonus":"HUNDRED_GOLD","is_daily":false,"chose_seed":false,"campfire_upgraded":3,"win_rate":0.0,"timestamp":1611097353,"path_taken":["M","$","M","?","?","R","M","E","T","R","?","R","E","?","R","BOSS"],"items_purchased_type":["Card"],"build_version":"2020-12-22","purchased_purges":1,"victory":false,"max_hp_per_floor":[68,68,68,68,68,68,68,68,68,68,68,68,68,68,68,68,68],"card_choices":[{"not_picked":["CutThroughFate","Prostrate"],"picked":"EmptyMind","floor":1.0},{"not_picked":["FlyingSleeves","Meditate"],"picked":"Adaptation","floor":3.0},{"not_picked":["Consecrate","FollowUp","WheelKick"],"picked":"SKIP","floor":7.0},{"not_picked":["FearNoEvil","Conclude","FollowUp"],"picked":"SKIP","floor":8.0},{"not_picked":["CrushJoints","Wireheading","Crescendo"],"picked":"SKIP","floor":13.0}],"player_experience":797972,"relics_obtained":[{"floor":5.0,"key":"Eternal Feather"},{"floor":8.0,"key":"Potion Belt"},{"floor":9.0,"key":"Gremlin Horn"},{"floor":11.0,"key":"Odd Mushroom"},{"floor":13.0,"key":"Bottled Flame"}],"event_choices":[{"cards_removed":["Strike_P"],"damage_healed":0.0,"max_hp_gain":0.0,"max_hp_loss":0.0,"gold_gain":0.0,"event_name":"Golden Wing","player_choice":"Card Removal","floor":4.0,"gold_loss":0.0,"damage_taken":7.0},{"damage_healed":0.0,"max_hp_gain":0.0,"max_hp_loss":0.0,"gold_gain":0.0,"event_name":"Mushrooms","player_choice":"Fought Mushrooms","floor":11.0,"gold_loss":0.0,"damage_taken":0.0},{"damage_healed":0.0,"max_hp_gain":0.0,"max_hp_loss":0.0,"gold_gain":0.0,"event_name":"Scrap Ooze","player_choice":"Success","floor":14.0,"gold_loss":0.0,"damage_taken":5.0,"relics_obtained":["GoldenEye"]}],"is_beta":false,"boss_relics":[],"items_purged_floors":[2],"is_endless":false,"potions_floor_spawned":[8,11,13],"killed_by":"Hexaghost","ascension_level":20}}