{"host":"test","time":1611067811,"event":{"mods":["BaseMod","Colored Map","Colored Powertips","Minty Spire (QoL Compilation)","Relic Stats","Slay the Relics Exporter","SpireBot","StSLib","ojb\u0027s Better Paths Mod","ojb\u0027s Info Mod"],"gold_per_floor":[114,128,128,139,158,158,187,197,197,197,11,45,67,95,95,167,167,181,181,193,193,208,238,238,238,238,255,288,40,63,75,75,147,147,167,167,186,86,98,125,138,172,226,279,311,326,344,374,374,374,374,374,374,105,137,137],"floor_reached":57,"language":"JPN","playtime":6400,"items_purged":["Endless Agony","Catalyst+1","Corpse Explosion"],"score":3714,"play_id":"deb64993-ee0f-4749-a3f9-fcd5a414b876","local_time":"20210119235011","is_ascension_mode":true,"campfire_choices":[{"data":"Grand Finale","floor":6.0,"key":"SMITH"},{"data":"Acrobatics","floor":10.0,"key":"SMITH"},{"data":"Doppelganger","floor":15.0,"key":"SMITH"},{"data":"Prepared","floor":24.0,"key":"SMITH"},{"data":"Footwork","floor":32.0,"key":"SMITH"},{"floor":49.0,"key":"RECALL"}],"circlet_count":0,"master_deck":["AscendersBane","Survivor","Neutralize+1","Doppelganger+1","Backflip","Prepared","Dagger Throw+1","Grand Finale+1","Reflex+1","Acrobatics","Acrobatics+1","After Image","PiercingWail","Adrenaline","Malaise","Prepared+1","Footwork+1","Reflex","Adrenaline","Concentrate","Backflip","Calculated Gamble","Well Laid Plans"],"relics":["Pandora\u0027s Box","Toy Ornithopter","Eternal Feather","OrangePellets","War Paint","Odd Mushroom","The Specimen","Coffee Dripper","InkBottle","Oddly Smooth Stone","Chemical X","Vajra","Fusion Hammer","Nunchaku","Paper Crane","Anchor","Pocketwatch","Whetstone","Bronze Scales","Lantern"],"acts_visited":["Exordium","TheCity","TheBeyond","TheEnding"],"potions_floor_usage":[56],"damage_taken":[{"damage":0.0,"enemies":"2 Louse","floor":1.0,"turns":1.0},{"damage":5.0,"enemies":"Small Slimes","floor":2.0,"turns":2.0},{"damage":0.0,"enemies":"Cultist","floor":4.0,"turns":3.0},{"damage":1.0,"enemies":"3 Louse","floor":5.0,"turns":3.0},{"damage":0.0,"enemies":"Lagavulin","floor":7.0,"turns":3.0},{"damage":0.0,"enemies":"Large Slime","floor":8.0,"turns":3.0},{"damage":20.0,"enemies":"3 Sentries","floor":12.0,"turns":4.0},{"damage":0.0,"enemies":"The Mushroom Lair","floor":13.0,"turns":1.0},{"damage":0.0,"enemies":"Lagavulin","floor":14.0,"turns":3.0},{"damage":0.0,"enemies":"Hexaghost","floor":16.0,"turns":5.0},{"damage":0.0,"enemies":"Spheric Guardian","floor":18.0,"turns":2.0},{"damage":0.0,"enemies":"Chosen","floor":20.0,"turns":5.0},{"damage":0.0,"enemies":"3 Cultists","floor":22.0,"turns":2.0},{"damage":0.0,"enemies":"Book of Stabbing","floor":23.0,"turns":3.0},{"damage":0.0,"enemies":"Cultist and Chosen","floor":27.0,"turns":2.0},{"damage":0.0,"enemies":"Gremlin Leader","floor":28.0,"turns":4.0},{"damage":24.0,"enemies":"Snake Plant","floor":31.0,"turns":3.0},{"damage":0.0,"enemies":"Automaton","floor":33.0,"turns":3.0},{"damage":0.0,"enemies":"3 Darklings","floor":35.0,"turns":1.0},{"damage":0.0,"enemies":"3 Shapes","floor":37.0,"turns":1.0},{"damage":0.0,"enemies":"Spire Growth","floor":39.0,"turns":1.0},{"damage":0.0,"enemies":"Giant Head","floor":40.0,"turns":1.0},{"damage":0.0,"enemies":"Sphere and 2 Shapes","floor":41.0,"turns":1.0},{"damage":0.0,"enemies":"Nemesis","floor":42.0,"turns":3.0},{"damage":0.0,"enemies":"2 Orb Walkers","floor":44.0,"turns":1.0},{"damage":0.0,"enemies":"Giant Head","floor":45.0,"turns":2.0},{"damage":0.0,"enemies":"3 Darklings","floor":46.0,"turns":1.0},{"damage":0.0,"enemies":"Transient","floor":47.0,"turns":5.0},{"damage":0.0,"enemies":"Nemesis","floor":48.0,"turns":1.0},{"damage":0.0,"enemies":"Time Eater","floor":50.0,"turns":8.0},{"damage":0.0,"enemies":"Donu and Deca","floor":51.0,"turns":1.0},{"damage":0.0,"enemies":"Shield and Spear","floor":55.0,"turns":1.0},{"damage":0,"enemies":"The Heart","floor":56,"turns":4}],"seed_played":"8508293287799453068","potions_obtained":[{"floor":4.0,"key":"ColorlessPotion"},{"floor":5.0,"key":"AttackPotion"},{"floor":12.0,"key":"AttackPotion"},{"floor":31.0,"key":"Strength Potion"},{"floor":44.0,"key":"Ancient Potion"}],"is_trial":false,"path_per_floor":["M","M","?","M","M","R","E","M","T","R","$","E","?","E","R","B",null,"M","?","M","?","M","E","R","?","T","M","E","$","T","M","R","B",null,"M","?","M","$","M","E","M","E","T","?","E","M","M","E","R","B","B",null,"R","$","E","B",null],"character_chosen":"THE_SILENT","items_purchased":["OrangePellets","PiercingWail","Chemical X","SkillPotion","Well Laid Plans"],"campfire_rested":0,"item_purchase_floors":[11,11,29,54,54],"current_hp_per_floor":[59,54,47,47,46,46,46,46,46,55,55,40,40,40,49,49,62,62,62,62,62,62,62,66,66,66,66,66,66,66,42,54,54,63,63,63,63,63,63,63,63,63,63,63,63,63,63,63,63,63,63,63,63,63,63,63],"gold":137,"neow_bonus":"BOSS_RELIC","is_daily":false,"chose_seed":true,"campfire_upgraded":5,"win_rate":0.0,"timestamp":1611067811,"path_taken":["M","M","?","M","M","R","E","M","T","R","$","E","?","E","R","BOSS","M","?","?","?","M","E","R","?","T","M","E","$","?","?","R","BOSS","M","?","M","$","M","E","M","E","T","?","E","M","M","E","R","BOSS","BOSS","R","$","E","BOSS"],"items_purchased_type":["Relic","Card","Relic","Potion","Card"],"build_version":"2020-12-18","purchased_purges":3,"victory":true,"max_hp_per_floor":[66,66,66,66,66,66,66,66,66,66,66,66,66,66,66,66,66,66,66,66,66,66,66,66,66,66,66,66,66,66,66,66,66,66,66,63,63,63,63,63,63,63,63,63,63,63,63,63,63,63,63,63,63,63,63,63],"relic_stats":{"counters":[33,84],"Eternal Feather":34,"Whetstone":["Dagger Throw","Neutralize"],"War Paint":["Reflex","Catalyst"],"OrangePellets":[8],"Nunchaku":[10],"Bronze Scales":[78],"Pandora\u0027s Box":["Accuracy","Doppelganger","Corpse Explosion","Backflip","Endless Agony","Prepared","Catalyst","Dagger Throw","Grand Finale","Flechettes"],"Chemical X":[15],"obtain_stats":[{"Lantern":55,"The Specimen":14,"Oddly Smooth Stone":28,"Vajra":30,"Eternal Feather":9,"Whetstone":45,"War Paint":12,"Odd Mushroom":13,"Paper Crane":42,"OrangePellets":11,"Nunchaku":40,"Anchor":43,"Bronze Scales":48,"Pandora\u0027s Box":0,"Fusion Hammer":34,"Coffee Dripper":17,"Chemical X":29,"Toy Ornithopter":7,"InkBottle":23,"Ring of the Snake":0,"Pocketwatch":44},{"Lantern":32,"The Specimen":9,"Oddly Smooth Stone":16,"Vajra":16,"Eternal Feather":6,"Whetstone":26,"War Paint":7,"Odd Mushroom":8,"Paper Crane":24,"OrangePellets":6,"Nunchaku":22,"Anchor":24,"Bronze Scales":29,"Pandora\u0027s Box":0,"Fusion Hammer":18,"Coffee Dripper":10,"Chemical X":16,"Toy Ornithopter":5,"InkBottle":14,"Ring of the Snake":0,"Pocketwatch":25},{"Lantern":80,"The Specimen":23,"Oddly Smooth Stone":46,"Vajra":46,"Eternal Feather":15,"Whetstone":63,"War Paint":19,"Odd Mushroom":20,"Paper Crane":60,"OrangePellets":15,"Nunchaku":56,"Anchor":60,"Bronze Scales":70,"Pandora\u0027s Box":0,"Fusion Hammer":52,"Coffee Dripper":28,"Chemical X":46,"Toy Ornithopter":12,"InkBottle":40,"Ring of the Snake":0,"Pocketwatch":61}],"Toy Ornithopter":5,"InkBottle":[68],"Pocketwatch":[6]},"card_choices":[{"not_picked":["Blade Dance","Cloak And Dagger"],"picked":"Reflex","floor":1.0},{"not_picked":["Flechettes","Riddle With Holes"],"picked":"Acrobatics","floor":2.0},{"not_picked":["Noxious Fumes","Deadly Poison","Sucker Punch"],"picked":"SKIP","floor":4.0},{"not_picked":["Noxious Fumes","Deadly Poison","Sucker Punch"],"picked":"SKIP","floor":4.0},{"not_picked":["Slice","Escape Plan"],"picked":"Acrobatics","floor":5.0},{"not_picked":["Dodge and Roll","Dagger Throw"],"picked":"After Image","floor":7.0},{"not_picked":["Riddle With Holes","Acrobatics","Quick Slash"],"picked":"SKIP","floor":8.0},{"not_picked":["Endless Agony","Unload"],"picked":"Adrenaline","floor":12.0},{"not_picked":["Underhanded Strike","Cloak And Dagger","Bane"],"picked":"SKIP","floor":14.0},{"not_picked":["Grand Finale","Glass Knife"],"picked":"Malaise","floor":16.0},{"not_picked":["Dagger Throw","Slice+1","Endless Agony+1"],"picked":"SKIP","floor":18.0},{"not_picked":["Dodge and Roll","Underhanded Strike+1"],"picked":"Prepared","floor":20.0},{"not_picked":["Backstab","Bouncing Flask"],"picked":"Footwork","floor":22.0},{"not_picked":["Predator","Night Terror"],"picked":"Reflex","floor":23.0},{"not_picked":["Heel Hook+1","Prepared","Bane"],"picked":"SKIP","floor":27.0},{"not_picked":["Outmaneuver","Dagger Spray+1","Deflect"],"picked":"SKIP","floor":28.0},{"not_picked":["Footwork","Cloak And Dagger","Riddle With Holes"],"picked":"SKIP","floor":31.0},{"not_picked":["Tools of the Trade","Phantasmal Killer"],"picked":"Adrenaline","floor":33.0},{"not_picked":["Slice+1","Blade Dance+1"],"picked":"Concentrate","floor":35.0},{"not_picked":["Finisher+1","Blade Dance+1","Skewer+1"],"picked":"SKIP","floor":37.0},{"not_picked":["PiercingWail+1","Skewer"],"picked":"Backflip","floor":39.0},{"not_picked":["Bullet Time","Dagger Throw"],"picked":"Calculated Gamble","floor":40.0},{"not_picked":["Backflip","Quick Slash","Infinite Blades"],"picked":"SKIP","floor":41.0},{"not_picked":["Flechettes","Reflex+1","Outmaneuver"],"picked":"SKIP","floor":42.0},{"not_picked":["Riddle With Holes","Finisher","Setup"],"picked":"SKIP","floor":45.0},{"not_picked":["Riddle With Holes","Finisher","Setup"],"picked":"SKIP","floor":45.0},{"not_picked":["Slice+1","All Out Attack","Infinite Blades+1"],"picked":"SKIP","floor":46.0},{"not_picked":["Phantasmal Killer","Poisoned Stab","Leg Sweep+1"],"picked":"SKIP","floor":47.0},{"not_picked":["Flechettes","Bane","Skewer"],"picked":"SKIP","floor":48.0},{"not_picked":["Cloak And Dagger","Choke+1","Bullet Time"],"picked":"SKIP","floor":55.0}],"player_experience":1935017,"relics_obtained":[{"floor":7.0,"key":"Toy Ornithopter"},{"floor":9.0,"key":"Eternal Feather"},{"floor":12.0,"key":"War Paint"},{"floor":13.0,"key":"Odd Mushroom"},{"floor":14.0,"key":"The Specimen"},{"floor":23.0,"key":"InkBottle"},{"floor":28.0,"key":"Oddly Smooth Stone"},{"floor":30.0,"key":"Vajra"},{"floor":40.0,"key":"Nunchaku"},{"floor":42.0,"key":"Paper Crane"},{"floor":43.0,"key":"Anchor"},{"floor":44.0,"key":"Pocketwatch"},{"floor":45.0,"key":"Whetstone"},{"floor":48.0,"key":"Bronze Scales"},{"floor":55.0,"key":"Lantern"}],"event_choices":[{"cards_removed":["Accuracy"],"damage_healed":0.0,"max_hp_gain":0.0,"max_hp_loss":0.0,"gold_gain":0.0,"event_name":"Golden Wing","player_choice":"Card Removal","floor":3.0,"gold_loss":0.0,"damage_taken":7.0},{"damage_healed":0.0,"max_hp_gain":0.0,"max_hp_loss":0.0,"gold_gain":0.0,"event_name":"Mushrooms","player_choice":"Fought Mushrooms","floor":13.0,"gold_loss":0.0,"damage_taken":0.0},{"damage_healed":0.0,"max_hp_gain":0.0,"max_hp_loss":0.0,"gold_gain":0.0,"event_name":"Match and Keep!","player_choice":"0 cards matched","floor":19.0,"gold_loss":0.0,"damage_taken":0.0,"cards_obtained":[]},{"damage_healed":0.0,"max_hp_gain":0.0,"max_hp_loss":0.0,"gold_gain":0.0,"event_name":"Ghosts","player_choice":"Ignored","floor":21.0,"gold_loss":0.0,"damage_taken":0.0},{"cards_removed":["Flechettes"],"damage_healed":0.0,"max_hp_gain":0.0,"max_hp_loss":0.0,"gold_gain":0.0,"event_name":"Back to Basics","player_choice":"Elegance","floor":25.0,"gold_loss":0.0,"damage_taken":0.0},{"damage_healed":0.0,"max_hp_gain":0.0,"max_hp_loss":3.0,"gold_gain":0.0,"event_name":"Winding Halls","player_choice":"Max HP","floor":36.0,"gold_loss":0.0,"damage_taken":0.0},{"damage_healed":0.0,"max_hp_gain":0.0,"max_hp_loss":0.0,"gold_gain":0.0,"event_name":"Mysterious Sphere","player_choice":"Fight","floor":44.0,"gold_loss":0.0,"damage_taken":0.0}],"is_beta":true,"boss_relics":[{"not_picked":["Velvet Choker","Runic Dome"],"picked":"Coffee Dripper"},{"not_picked":["Busted Crown","Snecko Eye"],"picked":"Fusion Hammer"}],"items_purged_floors":[29,38,54],"is_endless":false,"potions_floor_spawned":[4,5,8,12,20,23,31,35,37,40,42,44],"ascension_level":20}}