{"host":"bf9sa99gaumonoeu","time":1611076294,"event":{"mods":["AchievementEnabler","Act Like it!","Aspiration","BaseMod","Bestiary","Better Note","Block Reminder","Colored Map","Colored Powertips","Fox Events","Friendly Minions","Gensokyo","GifTheSpireLib","Googly Eyes","Hallownest","Hermit","Highlight Path","Hubris","Jorbs\u0027s Wanderer Trilogy","KinomotoSakuraMod(????)","Koishi","Marisa????????","Minty Spire (QoL Compilation)","Rare Cards Sparkle","Reimu??????","Relic Stats","Remilia??????","Replay The Spire","Spire Arcade","StS++","StSLib","The Administrix","The Animator","The Blue Laboratory","The Bug Knight","The Construct","The Cursed","The Hierophant","The Mystic","The Necromancer","The Poker Player","The Runesmith","The Senshi","The Servant 0.9.4","ojb\u0027s Info Mod"],"gold_per_floor":[116,116,135,148,118,118,136,150,150,161,195,195,228,245,245,324,324,334,259,259,18,29,55,66,101,153,153,73,73,88,117,117,117,117],"floor_reached":33,"language":"ENG","playtime":2887,"items_purged":["Strike_G","Strike_G"],"score":634,"play_id":"8c48f6e2-df9c-4b19-bfea-2bb8674dd25a","local_time":"20210119151134","is_ascension_mode":true,"campfire_choices":[{"data":"Dagger Spray","floor":6.0,"key":"SMITH"},{"data":"Neutralize","floor":15.0,"key":"SMITH"},{"floor":32,"key":"REST"}],"circlet_count":0,"master_deck":["AscendersBane","Survivor","Strike_G","Strike_G","Strike_G","Defend_G","Defend_G","Defend_G","Defend_G","Defend_G","Survivor","Neutralize+1","Flying Knee","StSpp:PoisonousPunch","Dagger Spray+1","Slice","Dagger Throw","FTL","PiercingWail","Multi-Cast","PiercingWail","Well Laid Plans","Blade Dance","Reprogram+1","Acrobatics","StSpp:StrikeFirst","Double Energy"],"relics":["aspiration:Nostalgia","m_SpellCore","Sizzling Blood","StSpp:TwinEgg","ReplayTheSpireMod:TigerMarble","hubris:Towel","Happy Flower","hubris:Stopwatch","ReplayTheSpireMod:Shallot","HornCleat","Art of War","ZunR:ReiMu","FossilizedHelix"],"acts_visited":["Exordium","TheCity"],"potions_floor_usage":[31,33,33],"damage_taken":[{"damage":4.0,"enemies":"Jaw Worm","floor":1.0,"turns":6.0},{"damage":1.0,"enemies":"Cultist","floor":3.0,"turns":4.0},{"damage":7.0,"enemies":"2 Louse","floor":4.0,"turns":3.0},{"damage":0.0,"enemies":"Exordium Wildlife","floor":7.0,"turns":3.0},{"damage":0.0,"enemies":"Lots of Slimes","floor":8.0,"turns":1.0},{"damage":0.0,"enemies":"2 Fungi Beasts","floor":10.0,"turns":3.0},{"damage":23.0,"enemies":"Replay:BlueRogue","floor":11.0,"turns":6.0},{"damage":12.0,"enemies":"3 Sentries","floor":13.0,"turns":5.0},{"damage":2.0,"enemies":"Large Slime","floor":14.0,"turns":4.0},{"damage":51.0,"enemies":"The Guardian","floor":16.0,"turns":14.0},{"damage":7.0,"enemies":"3 Byrds","floor":18.0,"turns":6.0},{"damage":4.0,"enemies":"Spheric Guardian","floor":22.0,"turns":5.0},{"damage":24.0,"enemies":"Slavers","floor":23.0,"turns":6.0},{"damage":4.0,"enemies":"Shelled Parasite and Fungi","floor":24.0,"turns":8.0},{"damage":14.0,"enemies":"Replay:Snechameleon","floor":25.0,"turns":7.0},{"damage":9.0,"enemies":"Centurion and Healer","floor":30.0,"turns":5.0},{"damage":2,"enemies":"Slavers","floor":31,"turns":5},{"damage":44,"enemies":"Champ","floor":33,"turns":12}],"seed_played":"1841200112759491978","potions_obtained":[{"floor":5.0,"key":"blueLaboratory:PyrophylliteBrew"},{"floor":5.0,"key":"blueLaboratory:BottleOfVodka"},{"floor":7.0,"key":"EssenceOfSteel"},{"floor":8.0,"key":"blueLaboratory:FruitPreserves"},{"floor":24.0,"key":"StSpp:ScatteredPotion"},{"floor":30.0,"key":"Energy Potion"},{"floor":31,"key":"Block Potion"}],"is_trial":false,"path_per_floor":["M","?","M","M","?","R","M","M","T","M","E","?","E","M","R","B",null,"M","$","?","$","M","E","M","E","T","?","?","?","M","E","R","B"],"character_chosen":"THE_SILENT","items_purchased":["Well Laid Plans","blueLaboratory:LouseDecoction"],"campfire_rested":1,"item_purchase_floors":[21,21],"current_hp_per_floor":[55,59,62,59,59,59,63,67,67,70,51,51,43,45,45,24,59,56,56,56,56,56,36,36,26,26,26,19,19,14,16,37,0,0],"gold":117,"neow_bonus":"NOSTALGIA","is_daily":false,"chose_seed":false,"campfire_upgraded":2,"win_rate":0.0,"timestamp":1611076294,"path_taken":["M","?","M","M","?","R","M","?","T","M","E","?","E","M","R","BOSS","M","$","?","$","M","E","M","E","T","?","?","?","M","E","R","BOSS"],"items_purchased_type":["Card","Potion"],"build_version":"2020-12-22","purchased_purges":2,"victory":false,"max_hp_per_floor":[66,70,70,70,70,70,70,70,70,70,70,70,70,70,70,70,70,70,70,70,70,70,70,70,70,70,70,70,70,70,70,70,70,70],"relic_stats":{"Happy Flower":[24],"counters":[18,103],"Art of War":[1],"obtain_stats":[{"Happy Flower":13,"aspiration:Nostalgia":0,"ZunR:ReiMu":28,"Sizzling Blood":2,"hubris:Towel":12,"m_SpellCore":0,"HornCleat":25,"ReplayTheSpireMod:Shallot":23,"hubris:Stopwatch":17,"StSpp:TwinEgg":9,"ReplayTheSpireMod:TigerMarble":11,"Art of War":26,"FossilizedHelix":31,"Ring of the Snake":0},{"Happy Flower":8,"aspiration:Nostalgia":0,"ZunR:ReiMu":15,"Sizzling Blood":1,"hubris:Towel":7,"m_SpellCore":0,"HornCleat":15,"ReplayTheSpireMod:Shallot":13,"hubris:Stopwatch":10,"StSpp:TwinEgg":5,"ReplayTheSpireMod:TigerMarble":7,"Art of War":15,"FossilizedHelix":17,"Ring of the Snake":0},{"Happy Flower":31,"aspiration:Nostalgia":0,"ZunR:ReiMu":81,"Sizzling Blood":6,"hubris:Towel":26,"m_SpellCore":0,"HornCleat":81,"ReplayTheSpireMod:Shallot":66,"hubris:Stopwatch":49,"StSpp:TwinEgg":17,"ReplayTheSpireMod:TigerMarble":26,"Art of War":81,"FossilizedHelix":91,"Ring of the Snake":0}]},"card_choices":[{"not_picked":["Poisoned Stab","Acrobatics"],"picked":"Flying Knee","floor":1.0},{"not_picked":["Deadly Poison","Darkness"],"picked":"StSpp:PoisonousPunch","floor":3.0},{"not_picked":["Dodge and Roll","Gash"],"picked":"Dagger Spray","floor":4.0},{"not_picked":["Dodge and Roll","StSpp:AbandonFlesh"],"picked":"Slice","floor":7.0},{"not_picked":["Zap","Beam Cell"],"picked":"Dagger Throw","floor":8.0},{"not_picked":["Stack","Scrape","Bane"],"picked":"SKIP","floor":10.0},{"not_picked":["Turbo","Go for the Eyes"],"picked":"FTL","floor":11.0},{"not_picked":["ReplayTheSpireMod:System Scan","Dagger Throw","Zap"],"picked":"SKIP","floor":13.0},{"not_picked":["Stack","Dagger Spray"],"picked":"PiercingWail","floor":14.0},{"not_picked":["Rainbow","Machine Learning"],"picked":"Multi-Cast","floor":16.0},{"not_picked":["Quick Slash+1","StSpp:Dive"],"picked":"PiercingWail","floor":18.0},{"not_picked":["Go for the Eyes","Dagger Throw"],"picked":"Blade Dance","floor":22.0},{"not_picked":["Beam Cell","All For One"],"picked":"Reprogram","floor":23.0},{"not_picked":["Gash","Rebound"],"picked":"Acrobatics","floor":24.0},{"not_picked":["All Out Attack","Cloak And Dagger"],"picked":"StSpp:StrikeFirst","floor":25.0},{"not_picked":["Sunder","StSpp:PoisonousPunch"],"picked":"Double Energy","floor":30.0},{"not_picked":["StSpp:NonchalentStrike","Bane","BasicCrystalCard"],"picked":"SKIP","floor":31}],"player_experience":996085,"relics_obtained":[{"floor":9.0,"key":"StSpp:TwinEgg"},{"floor":11.0,"key":"ReplayTheSpireMod:TigerMarble"},{"floor":13.0,"key":"Happy Flower"},{"floor":23.0,"key":"ReplayTheSpireMod:Shallot"},{"floor":25.0,"key":"HornCleat"},{"floor":26.0,"key":"Art of War"},{"floor":31,"key":"FossilizedHelix"}],"event_choices":[{"damage_healed":0.0,"max_hp_gain":0.0,"max_hp_loss":0.0,"gold_gain":0.0,"event_name":"The Woman in Blue","player_choice":"Bought 2 Potions","floor":5.0,"gold_loss":0.0,"damage_taken":0.0},{"damage_healed":0.0,"max_hp_gain":0.0,"max_hp_loss":0.0,"gold_gain":0.0,"event_name":"betterNote:BetterNote","player_choice":"Ignored","floor":20.0,"gold_loss":0.0,"damage_taken":0.0,"cards_obtained":["Bullet Time"]},{"damage_healed":0.0,"max_hp_gain":0.0,"max_hp_loss":0.0,"gold_gain":0.0,"event_name":"Cursed Tome","player_choice":"Ignored","floor":27.0,"gold_loss":0.0,"damage_taken":0.0},{"damage_healed":0.0,"max_hp_gain":0.0,"max_hp_loss":0.0,"gold_gain":0.0,"event_name":"ZunEvent","player_choice":"Keep O-miki","floor":28.0,"gold_loss":0.0,"damage_taken":7.0,"relics_obtained":["ZunR:ReiMu"]}],"is_beta":false,"boss_relics":[{"not_picked":["Black Star","Snecko Eye"],"picked":"hubris:Stopwatch"}],"items_purged_floors":[19,21],"is_endless":false,"potions_floor_spawned":[7,8,11,13,24,30,31],"killed_by":"Champ","ascension_level":20}}