{"host":"lnt5dzsuhru0aonl","time":1611051642,"event":{"mods":["2.2 Compatiblity","BaseMod","Colored Map","Colored Powertips","DeckTracker","Keyboard Shortcuts","Minty Spire (QoL Compilation)","Permanent Neow","StSLib","SuperFastMode","everything is the same but u backflip on backflip"],"gold_per_floor":[116,116,116,140,209,209,229,229,229,252,296,296,296,312,312,403,403,417,442,28,42,42,85,40,40,65,65,65,85,126,149,149,245,245,263,263,288,133,148,148,148,179,179,79,92,125,143,67,67,67,67,67],"floor_reached":51,"language":"KOR","playtime":3065,"items_purged":["Strike_B","Strike_B"],"score":1665,"play_id":"40a015c0-4549-4f39-85e6-e4f71b81e5a8","local_time":"20210119192042","is_ascension_mode":true,"campfire_choices":[{"data":"Zap","floor":6.0,"key":"SMITH"},{"data":"Dualcast","floor":8.0,"key":"SMITH"},{"data":"Sunder","floor":12.0,"key":"SMITH"},{"floor":15.0,"key":"REST"},{"floor":25.0,"key":"REST"},{"floor":27.0,"key":"REST"},{"floor":32.0,"key":"REST"},{"floor":40.0,"key":"REST"},{"floor":49,"key":"REST"}],"circlet_count":0,"master_deck":["AscendersBane","Strike_B+1","Strike_B+1","Defend_B","Defend_B","Defend_B","Defend_B","Zap+1","Dualcast+1","Capacitor","Sunder+1","Chill","Defragment+1","Loop+1","Echo Form+1","Glacier","Machine Learning+1","Coolheaded","Reboot","Defragment+1","Conserve Battery","Blizzard","Heatsinks+1","Buffer+1","Double Energy","Capacitor+1","Sweeping Beam","Compile Driver+1","Static Discharge+1","Coolheaded+1","Buffer+1","Barrage+1","Glacier","Static Discharge+1","Heatsinks+1"],"relics":["Cracked Core","NeowsBlessing","Golden Idol","StrikeDummy","Frozen Egg 2","Oddly Smooth Stone","MealTicket","Fusion Hammer","Ice Cream","Unceasing Top","Dream Catcher","Art of War","Sozu","Akabeko","Shuriken","Turnip"],"acts_visited":["Exordium","TheCity","TheBeyond"],"potions_floor_usage":[],"damage_taken":[{"damage":0.0,"enemies":"Cultist","floor":1.0,"turns":1.0},{"damage":0.0,"enemies":"2 Louse","floor":4.0,"turns":1.0},{"damage":0.0,"enemies":"Jaw Worm","floor":7.0,"turns":1.0},{"damage":7.0,"enemies":"Exordium Thugs","floor":10.0,"turns":4.0},{"damage":11.0,"enemies":"Lagavulin","floor":11.0,"turns":7.0},{"damage":6.0,"enemies":"Red Slaver","floor":14.0,"turns":2.0},{"damage":20.0,"enemies":"Hexaghost","floor":16.0,"turns":8.0},{"damage":7.0,"enemies":"2 Thieves","floor":18.0,"turns":5.0},{"damage":26.0,"enemies":"Shell Parasite","floor":19.0,"turns":5.0},{"damage":3.0,"enemies":"Centurion and Healer","floor":21.0,"turns":6.0},{"damage":21.0,"enemies":"Slavers","floor":23.0,"turns":4.0},{"damage":0.0,"enemies":"Snecko","floor":29.0,"turns":6.0},{"damage":24.0,"enemies":"Gremlin Leader","floor":30.0,"turns":8.0},{"damage":2.0,"enemies":"Snake Plant","floor":31.0,"turns":4.0},{"damage":0.0,"enemies":"Automaton","floor":33.0,"turns":11.0},{"damage":0.0,"enemies":"3 Darklings","floor":35.0,"turns":5.0},{"damage":0.0,"enemies":"Orb Walker","floor":37.0,"turns":5.0},{"damage":0.0,"enemies":"3 Darklings","floor":39.0,"turns":4.0},{"damage":62,"enemies":"Reptomancer","floor":42,"turns":10},{"damage":10,"enemies":"Maw","floor":45,"turns":8},{"damage":0,"enemies":"Nemesis","floor":46,"turns":7},{"damage":0,"enemies":"Spire Growth","floor":47,"turns":6},{"damage":0,"enemies":"Time Eater","floor":50,"turns":11},{"damage":48,"enemies":"Awakened One","floor":51,"turns":3}],"seed_played":"5210587645890987955","potions_obtained":[{"floor":4.0,"key":"EntropicBrew"},{"floor":7.0,"key":"Block Potion"},{"floor":16.0,"key":"DuplicationPotion"},{"floor":18.0,"key":"LiquidBronze"},{"floor":22.0,"key":"DistilledChaos"}],"is_trial":false,"path_per_floor":["M","?","?","M","T","R","M","R","T","M","E","R","?","M","R","B",null,"M","M","$","M","?","E","$","R","T","R","?","M","E","M","R","B",null,"M","?","M","$","M","R","?","E","T","$","M","E","M","$","R","B","B"],"character_chosen":"DEFECT","items_purchased":["Machine Learning+1","Ice Cream","Defragment+1","Static Discharge+1","Static Discharge+1"],"campfire_rested":6,"item_purchase_floors":[20,20,24,38,48],"current_hp_per_floor":[64,64,45,45,45,45,45,45,45,38,27,27,22,16,35,15,52,45,19,34,31,31,10,25,44,44,63,63,63,39,37,56,56,62,62,62,62,64,64,64,64,2,2,17,7,7,7,22,41,41,0,0],"gold":67,"neow_bonus":"THREE_ENEMY_KILL","is_daily":false,"chose_seed":false,"campfire_upgraded":3,"win_rate":0.0,"timestamp":1611051642,"path_taken":["M","?","?","?","?","R","?","R","T","M","E","R","?","M","R","BOSS","M","M","$","M","?","E","?","R","T","R","?","M","E","M","R","BOSS","M","?","M","$","?","R","?","E","T","$","?","E","M","?","R","BOSS","BOSS"],"items_purchased_type":["Card","Relic","Card","Card","Card"],"build_version":"2020-12-22","purchased_purges":2,"victory":false,"max_hp_per_floor":[71,64,64,64,64,64,64,64,64,64,64,64,64,64,64,64,64,64,64,64,64,64,64,64,64,64,64,64,64,64,64,64,64,64,64,64,64,64,64,64,64,64,64,64,64,64,64,64,64,64,64,64],"card_choices":[{"not_picked":["Beam Cell","Leap","Barrage"],"picked":"SKIP","floor":1.0},{"not_picked":["Conserve Battery","Hologram"],"picked":"Capacitor","floor":4.0},{"not_picked":["Barrage","Capacitor"],"picked":"Sunder","floor":7.0},{"not_picked":["FTL","Steam"],"picked":"Chill","floor":10.0},{"not_picked":["Darkness","Consume"],"picked":"Defragment+1","floor":11.0},{"not_picked":["FTL","Auto Shields"],"picked":"Loop+1","floor":14.0},{"not_picked":["Fission","Thunder Strike"],"picked":"Echo Form+1","floor":16.0},{"not_picked":["Beam Cell","Steam Power","Rebound"],"picked":"SKIP","floor":18.0},{"not_picked":["Conserve Battery+1","Rip and Tear"],"picked":"Glacier","floor":19.0},{"not_picked":["Rebound","Undo"],"picked":"Coolheaded","floor":21.0},{"not_picked":["FTL","Cold Snap"],"picked":"Reboot","floor":23.0},{"not_picked":["Cold Snap","Tempest"],"picked":"Conserve Battery","floor":27.0},{"not_picked":["Coolheaded","Beam Cell","Reprogram"],"picked":"SKIP","floor":29.0},{"not_picked":["Redo","Darkness"],"picked":"Blizzard","floor":30.0},{"not_picked":["Genetic Algorithm","Consume"],"picked":"Heatsinks+1","floor":31.0},{"not_picked":["All For One","Creative AI+1"],"picked":"Buffer+1","floor":33.0},{"not_picked":["Rebound","Cold Snap"],"picked":"Double Energy","floor":35.0},{"not_picked":["Stack","Reprogram+1"],"picked":"Compile Driver+1","floor":37.0},{"not_picked":["Barrage","Scrape+1","Conserve Battery"],"picked":"SKIP","floor":39.0},{"not_picked":["Stack","Steam"],"picked":"Coolheaded+1","floor":40.0},{"not_picked":["Hologram","Cold Snap+1","Rainbow"],"picked":"SKIP","floor":42},{"not_picked":["Beam Cell","Recycle"],"picked":"Barrage+1","floor":45},{"not_picked":["Redo","Streamline"],"picked":"Glacier","floor":46},{"not_picked":["Steam","Coolheaded","Rebound"],"picked":"SKIP","floor":47},{"not_picked":["Barrage","Redo"],"picked":"Heatsinks+1","floor":49}],"player_experience":694593,"relics_obtained":[{"floor":5.0,"key":"StrikeDummy"},{"floor":9.0,"key":"Frozen Egg 2"},{"floor":11.0,"key":"Oddly Smooth Stone"},{"floor":23.0,"key":"Unceasing Top"},{"floor":26.0,"key":"Dream Catcher"},{"floor":30.0,"key":"Art of War"},{"floor":42,"key":"Akabeko"},{"floor":43,"key":"Shuriken"},{"floor":46,"key":"Turnip"}],"event_choices":[{"damage_healed":0.0,"max_hp_gain":0.0,"max_hp_loss":7.0,"gold_gain":0.0,"event_name":"Golden Idol","player_choice":"Lose Max HP","floor":2.0,"gold_loss":0.0,"damage_taken":0.0,"relics_obtained":["Golden Idol"]},{"damage_healed":0.0,"max_hp_gain":0.0,"max_hp_loss":0.0,"gold_gain":0.0,"event_name":"Shining Light","player_choice":"Entered Light","floor":3.0,"gold_loss":0.0,"damage_taken":19.0,"cards_upgraded":["Strike_B","Strike_B"]},{"damage_healed":0.0,"max_hp_gain":0.0,"max_hp_loss":0.0,"gold_gain":0.0,"event_name":"Scrap Ooze","player_choice":"Success","floor":13.0,"gold_loss":0.0,"damage_taken":5.0,"relics_obtained":["MealTicket"]},{"damage_healed":0.0,"max_hp_gain":0.0,"max_hp_loss":0.0,"gold_gain":0.0,"event_name":"Lab","player_choice":"Got Potions","floor":22.0,"gold_loss":0.0,"damage_taken":0.0},{"damage_healed":0.0,"max_hp_gain":0.0,"max_hp_loss":0.0,"gold_gain":0.0,"event_name":"Ghosts","player_choice":"Ignored","floor":28.0,"gold_loss":0.0,"damage_taken":0.0},{"damage_healed":0.0,"max_hp_gain":0.0,"max_hp_loss":0.0,"gold_gain":0.0,"event_name":"Match and Keep!","player_choice":"2 cards matched","floor":36.0,"gold_loss":0.0,"damage_taken":0.0,"cards_obtained":["Capacitor","Sweeping Beam"]},{"damage_healed":0.0,"max_hp_gain":0.0,"max_hp_loss":0.0,"gold_gain":0.0,"event_name":"Duplicator","player_choice":"Copied","floor":41.0,"gold_loss":0.0,"damage_taken":0.0,"cards_obtained":["Buffer"]}],"is_beta":false,"boss_relics":[{"not_picked":["Calling Bell","Astrolabe"],"picked":"Fusion Hammer"},{"not_picked":["Busted Crown","Pandora\u0027s Box"],"picked":"Sozu"}],"items_purged_floors":[38,44],"is_endless":false,"potions_floor_spawned":[4,7,14,16,18,19,37,45,47],"killed_by":"Awakened One","ascension_level":20}}