{"host":"0009l0kk6tb2u2kt","time":1611079452,"event":{"mods":["AchievementEnabler","BaseMod","BetterRewards","Downfall","Hubris","Infinite Spire","Minty Spire (QoL Compilation)","StSLib"],"gold_per_floor":[0,10,30,30,30,30,56,56,69,69,8,39,39,39,54,159,159,159,172,172,172,172,172,243,254,274,286,300,0,0,12,27,125,125,25,44,44,54,54,72,95,59,266,281,181,214,114,127,141,141,141,166,86,86,86,86,86,86],"floor_reached":56,"language":"ENG","playtime":5996,"items_purged":["Slimebound:Strike_Slimebound","Slimebound:Strike_Slimebound","Slimebound:Strike_Slimebound","Slimebound:Split+1"],"score":706,"play_id":"520abc63-73c6-4dee-a593-71ec159d7ea5","local_time":"20210119190412","is_ascension_mode":false,"campfire_choices":[{"data":"Slimebound:Split","floor":1,"key":"SMITH"},{"data":"Slimebound:Prepare","floor":6,"key":"SMITH"},{"data":"Slimebound:CorrosiveSpit","floor":8,"key":"SMITH"},{"data":"Slimebound:TagTeam","floor":18,"key":"SMITH"},{"floor":30,"key":"RECALL"},{"data":"infinitespire:NeuralNetwork","floor":35,"key":"SMITH"},{"data":"Slimebound:SlimeBarrage","floor":45,"key":"SMITH"},{"data":"Slimebound:RallyTheTroops","floor":47,"key":"SMITH"},{"floor":54,"key":"REST"}],"circlet_count":0,"master_deck":["Slimebound:Tackle","Slimebound:Defend_Slimebound","Slimebound:Defend_Slimebound","Slimebound:Defend_Slimebound","Slimebound:CorrosiveSpit+1","Slimebound:Prepare+1","Slimebound:RollThrough","Slimebound:SamplingLick","Slimebound:GoopSpray","Slimebound:FormOfPuddle+1","Slimebound:ForwardTackle","Slimebound:TagTeam+1","Slimebound:Equalize","Slimebound:PrepareCrush+1","infinitespire:NeuralNetwork+1","Slimebound:LeechEnergy+1","Slimebound:SplitSpecialist+1","Slimebound:FlameTackle","Slimebound:FlameTackle+1","Slimebound:OozeBath+1","Slimebound:SlimeBarrage+1","Slimebound:RallyTheTroops+1","Slimebound:LeadByExample","Slimebound:BestDefense+1","Slimebound:Schlurp+1"],"relics":["Slimebound:AbsorbEndCombat","Ice Cream","infinitespire:Lucky Rock","Dream Catcher","Toxic Egg 2","hubris:Icosahedron","bronze:MakeshiftBattery","Lantern","downfall:RedIOU","The Courier","Strawberry","Sozu","downfall:HeartBlessingRed","hubris:PeanutButter","Nunchaku","downfall:HeartBlessingBlue","Shovel","downfall:HeartBlessingGreen","infinitespire:Bottled Soul"],"acts_visited":["Exordium","TheCity","TheBeyond","TheEnding"],"potions_floor_usage":[12,16,16,25,27,28,29,32,33,33,50],"damage_taken":[{"damage":1,"enemies":"Cultist","floor":2,"turns":4},{"damage":2,"enemies":"2 Louse","floor":3,"turns":3},{"damage":0,"enemies":"Small Slimes","floor":9,"turns":3},{"damage":1,"enemies":"downfall:FleeingMerchant","floor":11,"turns":4},{"damage":6,"enemies":"Gremlin Nob","floor":12,"turns":4},{"damage":0,"enemies":"Red Slaver","floor":15,"turns":4},{"damage":35,"enemies":"DF_ARCHETYPE_STREAMLINE","floor":16,"turns":9},{"damage":2,"enemies":"3 Byrds","floor":19,"turns":4},{"damage":0,"enemies":"Chosen","floor":20,"turns":1},{"damage":0,"enemies":"Shelled Parasite and Fungi","floor":25,"turns":4},{"damage":0,"enemies":"Snake Plant","floor":26,"turns":3},{"damage":5,"enemies":"Centurion and Healer","floor":27,"turns":4},{"damage":18,"enemies":"Shelled Parasite and Fungi","floor":28,"turns":5},{"damage":7,"enemies":"downfall:FleeingMerchant","floor":29,"turns":4},{"damage":6,"enemies":"3 Cultists","floor":31,"turns":4},{"damage":0,"enemies":"Chosen and Byrds","floor":32,"turns":3},{"damage":46,"enemies":"IC_MUSHROOM_ARCHETYPE","floor":33,"turns":5},{"damage":0,"enemies":"3 Shapes","floor":36,"turns":2},{"damage":0,"enemies":"3 Darklings","floor":38,"turns":4},{"damage":19,"enemies":"Writhing Mass","floor":40,"turns":4},{"damage":0,"enemies":"Maw","floor":42,"turns":5},{"damage":0,"enemies":"downfall:FleeingMerchant","floor":43,"turns":2},{"damage":0,"enemies":"Transient","floor":44,"turns":5},{"damage":27,"enemies":"Nemesis","floor":46,"turns":5},{"damage":0,"enemies":"Sphere and 2 Shapes","floor":48,"turns":4},{"damage":0,"enemies":"Maw","floor":49,"turns":5},{"damage":46,"enemies":"SI_POISON_ARCHETYPE","floor":50,"turns":4},{"damage":64,"enemies":"downfall:CharBossMerchant","floor":52,"turns":8},{"damage":46,"enemies":"downfall:NeowBoss","floor":55,"turns":13},{"damage":62,"enemies":"downfall:NeowBossFinal","floor":56,"turns":4}],"seed_played":"8971337370541088050","potions_obtained":[{"floor":9,"key":"Dexterity Potion"},{"floor":15,"key":"LiquidMemories"},{"floor":16,"key":"EssenceOfSteel"},{"floor":26,"key":"EntropicBrew"},{"floor":28,"key":"DuplicationPotion"},{"floor":31,"key":"EssenceOfSteel"},{"floor":32,"key":"DistilledChaos"},{"floor":33,"key":"PowerPotion"}],"is_trial":false,"path_per_floor":["R","M","M","?","?","R","T","R","M","?","$","E","?","T","M","B",null,"R","M","M","AVR","?","?","T","M","M","M","M","$","R","M","M","B",null,"R","M","AVR","M","?","M","T","M","$","M","R","E","R","M","M","B",null,"E","$","R","B","B"],"character_chosen":"SLIMEBOUND","items_purchased":["Slimebound:GoopSpray","Slimebound:OozeBath+1","Strawberry","Nunchaku"],"campfire_rested":1,"item_purchase_floors":[11,29,29,43],"current_hp_per_floor":[65,65,65,65,65,65,65,65,65,65,65,61,61,61,63,34,65,65,65,65,65,65,65,65,65,65,64,54,58,58,62,66,38,72,72,72,72,72,72,63,63,72,72,72,82,59,59,69,81,53,82,20,20,44,10,0,0,0],"gold":86,"neow_bonus":"ONE_RARE_RELIC","is_daily":false,"chose_seed":false,"campfire_upgraded":7,"win_rate":0.0,"timestamp":1611079452,"path_taken":["R","M","M","?","?","R","T","R","M","?","$","E","?","?","M","BOSS","R","M","M","AVR","?","?","T","M","M","M","?","$","R","M","M","BOSS","R","M","AVR","M","?","M","T","M","?","M","R","E","R","M","M","BOSS","E","$","R","BOSS","BOSS"],"items_purchased_type":["Card","Card","Relic","Relic"],"build_version":"2020-12-22","purchased_purges":4,"victory":false,"max_hp_per_floor":[65,65,65,65,65,65,65,65,65,65,65,65,65,65,65,65,65,65,65,65,65,65,65,65,65,65,65,65,72,72,72,72,72,72,72,72,72,72,72,72,72,72,72,72,82,82,82,82,82,82,82,82,82,82,82,82,82,82],"card_choices":[{"not_picked":["Slimebound:SplitAcid","Slimebound:Grow"],"picked":"Slimebound:Prepare","floor":2},{"not_picked":["Slimebound:SlimeBrawl","Slimebound:Dissolve"],"picked":"Slimebound:RollThrough","floor":3},{"not_picked":["Slimebound:Gluttony","Slimebound:ServeAndProtect"],"picked":"Slimebound:SamplingLick","floor":9},{"not_picked":["Slimebound:PressTheAttack","Slimebound:SamplingLick"],"picked":"Slimebound:GrowthPunch","floor":11},{"not_picked":["Slimebound:BestDefense","Slimebound:ServeAndProtect+1"],"picked":"Slimebound:FormOfPuddle+1","floor":12},{"not_picked":["Slimebound:GrowthPunch","Slimebound:BestDefense"],"picked":"Slimebound:ForwardTackle","floor":15},{"not_picked":["Slimebound:CheckThePlaybook+1","Slimebound:DuplicatedForm"],"picked":"Slimebound:TagTeam","floor":16},{"not_picked":["Slimebound:LivingWall+1","Slimebound:Chomp+1"],"picked":"Slimebound:Equalize","floor":19},{"not_picked":["Slimebound:ProtectTheBoss+1","Slimebound:SlimeSpikes+1"],"picked":"Slimebound:PrepareCrush+1","floor":20},{"not_picked":["Slimebound:Dissolve+1","Slimebound:SlimeBarrage"],"picked":"Slimebound:LeechEnergy+1","floor":25},{"not_picked":["Slimebound:SplitLeeching+1","Slimebound:Prepare+1"],"picked":"Slimebound:SplitSpecialist+1","floor":26},{"not_picked":["Slimebound:FormOfPuddle+1","Slimebound:Schlurp+1"],"picked":"Slimebound:FlameTackle","floor":27},{"not_picked":["Slimebound:Gluttony","Slimebound:Replication+1","Slimebound:SamplingLick+1"],"picked":"SKIP","floor":28},{"not_picked":["Slimebound:Schlurp+1","Slimebound:BestDefense"],"picked":"Slimebound:FlameTackle+1","floor":29},{"not_picked":["Slimebound:GrowthPunch+1","Slimebound:Overexert","Slimebound:ComboTackle"],"picked":"SKIP","floor":31},{"not_picked":["Slimebound:ViciousTackle","Slimebound:FinishingTackle+1"],"picked":"Slimebound:SlimeBarrage","floor":32},{"not_picked":["Slimebound:WasteNot+1","Slimebound:Darklings+1"],"picked":"Slimebound:RallyTheTroops","floor":33},{"not_picked":["Slimebound:RollThrough+1","Slimebound:LeechingTouch+1","Slimebound:ComboTackle"],"picked":"SKIP","floor":36},{"not_picked":["Slimebound:SlimeSpikes+1","Slimebound:SplitLeeching+1","Slimebound:SplitMire+1"],"picked":"SKIP","floor":38},{"not_picked":["Slimebound:DivideAndConquer","Slimebound:Overexert","Slimebound:GoopSpray+1"],"picked":"SKIP","floor":40},{"not_picked":["Slimebound:ProtectTheBoss","Slimebound:ItLooksTasty+1","Slimebound:RollThrough+1"],"picked":"SKIP","floor":42},{"not_picked":["Slimebound:Schlurp+1","Slimebound:Darklings+1","Slimebound:FormOfPuddle+1"],"picked":"SKIP","floor":43},{"not_picked":["Slimebound:ComboTackle+1","Slimebound:Equalize","Slimebound:SamplingLick+1"],"picked":"SKIP","floor":44},{"not_picked":["Slimebound:ProtectTheBoss","Slimebound:Schlurp+1","Slimebound:DivideAndConquer"],"picked":"SKIP","floor":46},{"not_picked":["Slimebound:BestDefense","Slimebound:SlimeSpikes+1"],"picked":"Slimebound:LeadByExample","floor":48},{"not_picked":["Slimebound:SplitBruiser+1","Slimebound:SlimeTap+1"],"picked":"Slimebound:BestDefense+1","floor":49},{"not_picked":["Slimebound:Dissolve+1","Slimebound:GoopTackle+1","Slimebound:SplitMire+1"],"picked":"SKIP","floor":52},{"not_picked":["Slimebound:SplitMire+1","Slimebound:GoopSpray+1"],"picked":"Slimebound:Schlurp+1","floor":54}],"player_experience":255824,"relics_obtained":[{"floor":7,"key":"infinitespire:Lucky Rock"},{"floor":10,"key":"Dream Catcher"},{"floor":12,"key":"Toxic Egg 2"},{"floor":14,"key":"Tiny Chest"},{"floor":24,"key":"The Courier"},{"floor":46,"key":"Shovel"},{"floor":52,"key":"infinitespire:Bottled Soul"}],"event_choices":[{"cards_removed":["Slimebound:GrowthPunch"],"damage_healed":5,"gold_gain":0,"player_choice":"Offered Common","damage_taken":0,"max_hp_gain":0,"max_hp_loss":0,"event_name":"Bonfire Elementals","floor":23,"gold_loss":0},{"cards_removed":["Slimebound:GrowthPunch"],"damage_healed":5,"gold_gain":0,"player_choice":"Offered Special","damage_taken":0,"max_hp_gain":0,"max_hp_loss":0,"event_name":"Bonfire Elementals","floor":23,"gold_loss":0}],"is_beta":false,"boss_relics":[{"not_picked":["hubris:Stopwatch","Astrolabe"],"picked":"bronze:MakeshiftBattery"},{"not_picked":["hubris:RunicObelisk","Tiny House"],"picked":"Sozu"}],"items_purged_floors":[21,29,37,53],"is_endless":false,"potions_floor_spawned":[9,15,16,26,28,31,32,33,36,38,42,44],"killed_by":"downfall:NeowBossFinal","ascension_level":0}}