{"host":"4rvakrj1idbgia3f","time":1611030844,"event":{"mods":["BaseMod","Colored Map","Colored Powertips","DeckTracker","Highlight Path","Minty Spire (QoL Compilation)","Random Character Button","StSLib","The Marked"],"gold_per_floor":[16,16,16,34,48,48,65,65,134,165,165,185,216,233,233,328,328,341,341,357,357,27,27,38,38,38,71,96,195,222,237,237,342,342,361,374,79,301,318,318,329,329,378,398,398,411,438,438,438,438,438,438,215,244,244,244],"floor_reached":55,"language":"JPN","playtime":3723,"items_purged":["theMarked:Strike","theMarked:Strike"],"score":809,"play_id":"1bd6d72a-2687-4c4f-8d50-eea55026d0b6","local_time":"20210119133404","is_ascension_mode":true,"campfire_choices":[{"data":"theMarked:HeritageOfTheMarked","floor":6.0,"key":"SMITH"},{"data":"theMarked:Static","floor":11.0,"key":"SMITH"},{"data":"theMarked:WardOff","floor":15.0,"key":"SMITH"},{"data":"theMarked:WardOff","floor":23,"key":"SMITH"},{"data":"theMarked:EnhanceMovement","floor":25,"key":"SMITH"},{"data":"theMarked:ThrowWeapon","floor":32,"key":"SMITH"},{"data":"theMarked:Snap","floor":40,"key":"SMITH"},{"data":"theMarked:FavorableWinds","floor":42,"key":"SMITH"},{"data":"theMarked:PowerFlow","floor":45,"key":"SMITH"},{"floor":49,"key":"RECALL"},{"data":"Master of Strategy","floor":52,"key":"SMITH"}],"circlet_count":0,"master_deck":["theMarked:Defend","theMarked:Defend","theMarked:SoldierOfQuellstein+1","theMarked:EnhanceMovement+1","theMarked:ElectricStrings","theMarked:HeritageOfTheMarked+1","theMarked:Static+1","theMarked:Aftermath+1","theMarked:WardOff+1","theMarked:FavorableWinds+1","theMarked:PowerFlow+1","theMarked:ThrowWeapon+1","theMarked:WardOff+1","theMarked:Snap+1","theMarked:CreepingChasm+1","theMarked:DeterminationOfTheMarked+1","Master of Strategy+1","theMarked:StartUp+1","theMarked:Generate+1","theMarked:Indomitable+1","theMarked:BindingBlade+1","theMarked:WastefulDefense+1","theMarked:BanishingStrike+1","theMarked:Vacuum+1","theMarked:TwofoldDefense+1","Decay","theMarked:BanishingStrike+1","theMarked:Aftermath+1"],"relics":["theMarked:ArtifactOfAir","Letter Opener","Lantern","Blood Vial","SlaversCollar","War Paint","Molten Egg 2","Toxic Egg 2","Red Mask","Tiny Chest","Coffee Dripper","Medical Kit","Juzu Bracelet","Happy Flower"],"acts_visited":["Exordium","TheCity","TheBeyond","TheEnding"],"potions_floor_usage":[55,55,55],"damage_taken":[{"damage":1.0,"enemies":"Jaw Worm","floor":1.0,"turns":3.0},{"damage":0.0,"enemies":"2 Louse","floor":4.0,"turns":2.0},{"damage":0.0,"enemies":"Cultist","floor":5.0,"turns":4.0},{"damage":7.0,"enemies":"Exordium Thugs","floor":7.0,"turns":6.0},{"damage":14.0,"enemies":"Gremlin Nob","floor":10.0,"turns":3.0},{"damage":7.0,"enemies":"Large Slime","floor":12.0,"turns":7.0},{"damage":0.0,"enemies":"Lagavulin","floor":13.0,"turns":4.0},{"damage":0.0,"enemies":"Exordium Wildlife","floor":14.0,"turns":3.0},{"damage":19.0,"enemies":"Hexaghost","floor":16.0,"turns":8.0},{"damage":5,"enemies":"Chosen","floor":18,"turns":4},{"damage":5,"enemies":"3 Byrds","floor":20,"turns":3},{"damage":2,"enemies":"Snake Plant","floor":24,"turns":4},{"damage":27,"enemies":"Slavers","floor":27,"turns":4},{"damage":0,"enemies":"Masked Bandits","floor":28,"turns":4},{"damage":6,"enemies":"Book of Stabbing","floor":30,"turns":4},{"damage":16,"enemies":"Snecko","floor":31,"turns":4},{"damage":17,"enemies":"Champ","floor":33,"turns":6},{"damage":0,"enemies":"3 Shapes","floor":35,"turns":5},{"damage":1,"enemies":"Orb Walker","floor":36,"turns":3},{"damage":15,"enemies":"3 Darklings","floor":39,"turns":4},{"damage":4,"enemies":"Jaw Worm Horde","floor":41,"turns":3},{"damage":1,"enemies":"Transient","floor":44,"turns":5},{"damage":6,"enemies":"4 Shapes","floor":46,"turns":4},{"damage":0,"enemies":"Giant Head","floor":47,"turns":7},{"damage":28,"enemies":"Time Eater","floor":50,"turns":9},{"damage":34,"enemies":"Shield and Spear","floor":54,"turns":4},{"damage":39,"enemies":"The Heart","floor":55,"turns":6}],"seed_played":"-7331928585914357719","potions_obtained":[{"floor":5.0,"key":"SkillPotion"},{"floor":7.0,"key":"PowerPotion"},{"floor":10.0,"key":"SkillPotion"},{"floor":14.0,"key":"SteroidPotion"},{"floor":21,"key":"EntropicBrew"},{"floor":21,"key":"DuplicationPotion"},{"floor":35,"key":"LiquidBronze"}],"is_trial":false,"path_per_floor":["M","?","?","M","M","R","M","$","T","E","R","M","E","M","R","B",null,"M","?","M","?","$","R","M","R","T","E","?","?","E","M","R","B",null,"M","M","$","?","M","R","M","R","T","M","R","M","E","?","R","B",null,"R","$","E","B"],"character_chosen":"THE_DEFAULT","items_purchased":["War Paint","Master of Strategy","theMarked:Vacuum+1","Medical Kit","DuplicationPotion","theMarked:BanishingStrike+1"],"campfire_rested":0,"item_purchase_floors":[22,22,37,37,53,53],"current_hp_per_floor":[69,69,69,69,69,69,62,62,62,48,48,41,41,43,43,26,70,65,65,62,62,62,62,62,62,62,37,39,39,35,21,21,6,70,70,69,69,69,55,55,53,53,53,54,54,50,52,52,52,26,70,70,70,36,0,0],"gold":244,"neow_bonus":"REMOVE_TWO","is_daily":false,"chose_seed":false,"campfire_upgraded":10,"win_rate":0.0,"timestamp":1611030844,"path_taken":["M","?","?","M","?","R","M","?","T","E","R","M","E","M","R","BOSS","M","?","M","?","$","R","?","R","T","E","?","?","E","M","R","BOSS","M","M","$","?","M","R","M","R","T","M","R","M","E","?","R","BOSS","R","$","E","BOSS"],"items_purchased_type":["Relic","Card","Card","Relic","Potion","Card"],"build_version":"2020-12-22","purchased_purges":2,"victory":false,"max_hp_per_floor":[70,70,70,70,70,70,70,70,70,70,70,70,70,70,70,70,70,70,70,70,70,70,70,70,70,70,70,70,70,70,70,70,70,70,70,70,70,70,70,70,70,70,70,70,70,70,70,70,70,70,70,70,70,70,70,70],"card_choices":[{"not_picked":["theMarked:BanishingStrike","theMarked:ElectricStrings"],"picked":"theMarked:EnhanceMovement","floor":1.0},{"not_picked":["theMarked:KeepCalmAndFightOn","theMarked:ResourceFulStrike"],"picked":"theMarked:ElectricStrings","floor":4.0},{"not_picked":["theMarked:HeightenedSenses","theMarked:WastefulAttack"],"picked":"theMarked:HeritageOfTheMarked","floor":5.0},{"not_picked":["theMarked:ResourceFulStrike","theMarked:EternalStudent"],"picked":"theMarked:Static","floor":7.0},{"not_picked":["theMarked:TwofoldDefense","theMarked:CreepingChasm"],"picked":"theMarked:Aftermath","floor":10.0},{"not_picked":["theMarked:SwordAndMagic","theMarked:Frustration"],"picked":"theMarked:WardOff","floor":12.0},{"not_picked":["theMarked:Electrify","theMarked:SwordAndMagic"],"picked":"theMarked:FavorableWinds","floor":13.0},{"not_picked":["theMarked:Overcharge","theMarked:ChainLightning"],"picked":"theMarked:PowerFlow","floor":14.0},{"not_picked":["theMarked:FavorableWinds","theMarked:Snap"],"picked":"theMarked:ThrowWeapon","floor":16.0},{"not_picked":["theMarked:KeepCalmAndFightOn+1","theMarked:Improvise"],"picked":"theMarked:WardOff","floor":18},{"not_picked":["theMarked:ContemptForTheProud","theMarked:RepellingDischarge"],"picked":"theMarked:DeterminationOfTheMarked+1","floor":20},{"not_picked":["theMarked:TakeCover","theMarked:BanishingStrike","theMarked:Static"],"picked":"SKIP","floor":24},{"not_picked":["theMarked:TwofoldDefense+1","theMarked:Parkour+1"],"picked":"theMarked:StartUp+1","floor":28},{"not_picked":["theMarked:Frustration+1","theMarked:PowerFlow+1"],"picked":"theMarked:Generate+1","floor":30},{"not_picked":["theMarked:BanishingStrike+1","theMarked:MaelstromOfLightning+1"],"picked":"theMarked:Indomitable+1","floor":31},{"not_picked":["theMarked:Challenge+1","theMarked:SoldierForm"],"picked":"theMarked:BindingBlade+1","floor":33},{"not_picked":["theMarked:Aftermath+1","theMarked:Panic+1"],"picked":"theMarked:WastefulDefense+1","floor":35},{"not_picked":["theMarked:ShockingTouch+1","theMarked:MysticalArsenal"],"picked":"theMarked:BanishingStrike+1","floor":36},{"not_picked":["theMarked:SwordAndMagic+1","theMarked:SelfDefenseTraining+1","theMarked:Overthink+1"],"picked":"SKIP","floor":39},{"not_picked":["theMarked:Indomitable+1","theMarked:ResourceFulStrike+1","theMarked:EmpowerWeapon+1"],"picked":"SKIP","floor":41},{"not_picked":["theMarked:TwofoldDefense+1","theMarked:Improvise+1","theMarked:Static+1"],"picked":"SKIP","floor":44},{"not_picked":["theMarked:Improvise+1","theMarked:Static+1"],"picked":"theMarked:TwofoldDefense+1","floor":44},{"not_picked":["theMarked:Aftermath+1","theMarked:KeepCalmAndFightOn+1","theMarked:Electrify+1"],"picked":"SKIP","floor":46},{"not_picked":["theMarked:Parkour+1","theMarked:Improvise+1"],"picked":"theMarked:Aftermath+1","floor":54}],"player_experience":2055312,"relics_obtained":[{"floor":9.0,"key":"Letter Opener"},{"floor":10.0,"key":"Lantern"},{"floor":13.0,"key":"Blood Vial"},{"floor":26,"key":"Molten Egg 2"},{"floor":27,"key":"Toxic Egg 2"},{"floor":28,"key":"Red Mask"},{"floor":30,"key":"Tiny Chest"},{"floor":47,"key":"Juzu Bracelet"},{"floor":54,"key":"Happy Flower"}],"event_choices":[{"damage_healed":0.0,"max_hp_gain":0.0,"max_hp_loss":0.0,"gold_gain":0.0,"event_name":"Living Wall","player_choice":"Grow","floor":2.0,"gold_loss":0.0,"damage_taken":0.0,"cards_upgraded":["theMarked:SoldierOfQuellstein"]},{"cards_removed":["theMarked:Strike"],"damage_healed":0.0,"max_hp_gain":0.0,"max_hp_loss":0.0,"gold_gain":0.0,"event_name":"Bonfire Elementals","player_choice":"Offered Basic","floor":3.0,"gold_loss":0.0,"damage_taken":0.0},{"damage_healed":0,"gold_gain":0,"cards_transformed":["theMarked:Strike","theMarked:Defend"],"player_choice":"Became Test Subject","damage_taken":0,"max_hp_gain":0,"max_hp_loss":0,"event_name":"Drug Dealer","floor":19,"gold_loss":0,"cards_obtained":["theMarked:Snap","theMarked:CreepingChasm"]},{"damage_healed":0,"gold_gain":0,"player_choice":"Got Potions","damage_taken":0,"max_hp_gain":0,"max_hp_loss":0,"event_name":"Lab","floor":21,"gold_loss":0},{"damage_healed":0,"gold_gain":0,"player_choice":"Fought Bandits","damage_taken":0,"max_hp_gain":0,"max_hp_loss":0,"event_name":"Masked Bandits","floor":28,"gold_loss":0},{"damage_healed":0,"gold_gain":99,"player_choice":"Stole From Cult","damage_taken":0,"max_hp_gain":0,"max_hp_loss":0,"event_name":"Nest","floor":29,"gold_loss":0},{"damage_healed":0,"gold_gain":222,"player_choice":"Wore Mask","damage_taken":0,"max_hp_gain":0,"max_hp_loss":0,"event_name":"Tomb of Lord Red Mask","floor":38,"gold_loss":0},{"damage_healed":0,"gold_gain":0,"player_choice":"Cursed","damage_taken":0,"max_hp_gain":0,"max_hp_loss":0,"event_name":"Wheel of Change","floor":48,"gold_loss":0,"cards_obtained":["Decay"]}],"is_beta":false,"boss_relics":[{"not_picked":["Empty Cage","Velvet Choker"],"picked":"SlaversCollar"},{"not_picked":["Cursed Key","SacredBark"],"picked":"Coffee Dripper"}],"items_purged_floors":[37,53],"is_endless":false,"potions_floor_spawned":[5,7,10,14,24,27,30,35,39,47],"killed_by":"The Heart","ascension_level":1}}