{"host":"s35zr3gblm7slh1q","time":1611016490,"event":{"mods":["BaseMod","Colored Powertips","Downfall","Hermit","Highlight Path","Marisa????????","Minty Spire (QoL Compilation)","Permanent Neow","StSLib","The Disciple"],"gold_per_floor":[99,113,113,130,130,149,149,249,249,266,19,19,33,33,44,143,143,143,155,155,155,155,155],"floor_reached":21,"language":"ENG","playtime":745,"items_purged":[],"score":169,"play_id":"77e8fc08-b2a0-4db6-b96b-3bc95ba479d8","local_time":"20210118193450","is_ascension_mode":false,"campfire_choices":[{"data":"Slimebound:Split","floor":1,"key":"SMITH"},{"data":"Slimebound:Chomp","floor":9,"key":"SMITH"},{"floor":12,"key":"REST"},{"data":"Slimebound:RollThrough","floor":18,"key":"SMITH"}],"circlet_count":0,"master_deck":["Slimebound:Strike_Slimebound","Slimebound:Strike_Slimebound","Slimebound:Strike_Slimebound","Slimebound:Tackle+1","Slimebound:Defend_Slimebound","Slimebound:Defend_Slimebound","Slimebound:Defend_Slimebound","Slimebound:Defend_Slimebound","Slimebound:Split+1","Slimebound:CorrosiveSpit","Slimebound:ComboTackle+1","Slimebound:Chomp+1","Slimebound:Schlurp","Slimebound:RollThrough+1","Slimebound:ViciousTackle","Slimebound:FinishingTackle","Slimebound:SplitMire","Slimebound:Gluttony","Slimebound:OozeBath","Slimebound:SplitMire"],"relics":["Slimebound:AbsorbEndCombat","Whetstone","Mummified Hand","downfall:RedIOU"],"acts_visited":["Exordium","TheCity"],"potions_floor_usage":[4,11,19],"damage_taken":[{"damage":1,"enemies":"Cultist","floor":2,"turns":3},{"damage":1,"enemies":"2 Louse","floor":4,"turns":1},{"damage":9,"enemies":"Jaw Worm","floor":6,"turns":2},{"damage":8,"enemies":"3 Louse","floor":10,"turns":2},{"damage":3,"enemies":"downfall:FleeingMerchant","floor":11,"turns":4},{"damage":4,"enemies":"Blue Slaver","floor":13,"turns":2},{"damage":20,"enemies":"3 Louse","floor":15,"turns":2},{"damage":43,"enemies":"WA_ARCHETYPE_RETAIN","floor":16,"turns":5},{"damage":44,"enemies":"3 Byrds","floor":19,"turns":5},{"damage":39,"enemies":"Centurion and Healer","floor":21,"turns":4}],"seed_played":"-4522754426208657846","potions_obtained":[{"floor":2,"key":"Explosive Potion"},{"floor":6,"key":"Fire Potion"},{"floor":10,"key":"Swift Potion"}],"is_trial":false,"path_per_floor":["R","M","T","M","?","M","T","?","R","M","$","R","M","?","M","B",null,"R","M","?","M"],"character_chosen":"SLIMEBOUND","items_purchased":["Slimebound:ViciousTackle","Slimebound:FinishingTackle","Slimebound:AggressiveSlimeRelic"],"campfire_rested":1,"item_purchase_floors":[11,11,11],"current_hp_per_floor":[71,70,70,69,71,63,63,63,63,56,58,71,67,67,48,12,71,71,30,30,0,0,0],"gold":155,"neow_bonus":"TEN_PERCENT_HP_BONUS","is_daily":false,"chose_seed":false,"campfire_upgraded":3,"win_rate":0.0,"timestamp":1611016490,"path_taken":["R","?","?","M","?","?","T","?","R","M","$","R","M","?","M","BOSS","R","M","?","M"],"items_purchased_type":["Card","Card","Relic"],"build_version":"2020-12-22","purchased_purges":0,"victory":false,"max_hp_per_floor":[71,71,71,71,71,71,71,71,71,71,71,71,71,71,71,71,71,71,71,71,71,71,71],"card_choices":[{"not_picked":["Slimebound:LeechingTouch","Slimebound:Dissolve"],"picked":"Slimebound:ComboTackle","floor":2},{"not_picked":["Slimebound:ItLooksTasty","Slimebound:GoopTackle"],"picked":"Slimebound:BestDefense","floor":4},{"not_picked":["Slimebound:Teamwork","Slimebound:GoopSpray"],"picked":"Slimebound:Chomp","floor":6},{"not_picked":["Slimebound:SplitLeeching","Slimebound:LeechEnergy"],"picked":"Slimebound:Schlurp","floor":10},{"not_picked":["Slimebound:Equalize","Slimebound:TongueLash"],"picked":"Slimebound:RollThrough","floor":11},{"not_picked":["Slimebound:ViciousTackle","Slimebound:SplitAcid"],"picked":"Slimebound:SplitMire","floor":13},{"not_picked":["Slimebound:SlimeTap","Slimebound:GrowthPunch"],"picked":"Slimebound:Gluttony","floor":15},{"not_picked":["Slimebound:MassRepurpose","Slimebound:RallyTheTroops"],"picked":"Slimebound:OozeBath","floor":16},{"not_picked":["Slimebound:FinishingTackle","Slimebound:ItLooksTasty+1"],"picked":"Slimebound:SplitMire","floor":19}],"player_experience":363942,"relics_obtained":[{"floor":3,"key":"Whetstone"},{"floor":7,"key":"Mummified Hand"}],"event_choices":[{"cards_removed":["Slimebound:BestDefense"],"damage_healed":2,"gold_gain":0,"player_choice":"Offered Uncommon","damage_taken":0,"max_hp_gain":0,"max_hp_loss":0,"event_name":"Bonfire Elementals","floor":5,"gold_loss":0}],"is_beta":false,"boss_relics":[{"not_picked":["Astrolabe","Philosopher\u0027s Stone","Pandora\u0027s Box"]}],"items_purged_floors":[],"is_endless":false,"potions_floor_spawned":[2,6,10],"killed_by":"Centurion and Healer","ascension_level":0}}