{"host":"0rxdudjy6rylha1k","time":1611035248,"event":{"mods":["Aspiration","BaseMod","Colored Map","Colored Powertips","Downfall","Highlight Path","Hubris","Minty Spire (QoL Compilation)","StSLib"],"gold_per_floor":[99,109,259,359,359,41,41,41,70,83,83,83,93,110,130,235,235,135,135,135,135,82,101,174,219,232,232,251,269,269,369,389,494,494,494,505,523,523,523,535,535,535,535,547,564,488,505,505,505],"floor_reached":48,"language":"ENG","playtime":12700,"items_purged":["downfall:Icky"],"score":457,"play_id":"c8677fbb-c378-42b6-b6d6-fa6687b7c34c","local_time":"20210118224728","is_ascension_mode":false,"campfire_choices":[{"floor":1.0,"key":"RECALL"},{"floor":12.0,"key":"REST"},{"data":"bronze:Hardcode","floor":18.0,"key":"SMITH"},{"data":"bronze:InfiniteBeams","floor":27,"key":"SMITH"},{"data":"bronze:InfiniteBeams","floor":30,"key":"SMITH"},{"data":"bronze:Flail","floor":35,"key":"SMITH"},{"data":"bronze:Repair","floor":42,"key":"SMITH"}],"circlet_count":0,"master_deck":["bronze:Strike","bronze:Strike","bronze:Strike","bronze:Strike","bronze:Defend","bronze:Defend","bronze:Defend","bronze:Defend","bronze:Replicate","bronze:Goto","bronze:WhirlingStrike","bronze:Constructor","bronze:Terminator","bronze:Repair+1","bronze:BitShift","bronze:InfiniteBeams+1","bronze:Shell","bronze:ItsAFeature","bronze:Optimize+1","bronze:InfiniteBeams+1","bronze:Flail+1","bronze:FunctionCard","bronze:DelayedSlice","bronze:Iterate","bronze:Shield+1","bronze:Assembly"],"relics":["bronze:BronzeCore","Blood Vial","Meat on the Bone","Membership Card","Ginger","hubris:BottledRain","Busted Crown","downfall:HeartBlessingRed","White Beast Statue","aspiration:Lifesprig","champ:DeflectingBracers","hubris:MysteriousPyramids","hubris:ScarierMask","Question Card"],"acts_visited":["Exordium","TheCity","TheBeyond"],"potions_floor_usage":[26,28,31,31,33,33,37,44,44,44,45,46,47,47,47],"damage_taken":[{"damage":15.0,"enemies":"Jaw Worm","floor":2.0,"turns":5.0},{"damage":0.0,"enemies":"downfall:FleeingMerchant","floor":6.0,"turns":4.0},{"damage":39.0,"enemies":"Lagavulin","floor":9.0,"turns":6.0},{"damage":1.0,"enemies":"Small Slimes","floor":10.0,"turns":3.0},{"damage":0.0,"enemies":"Cultist","floor":11.0,"turns":1.0},{"damage":2.0,"enemies":"Red Slaver","floor":13.0,"turns":4.0},{"damage":3.0,"enemies":"2 Fungi Beasts","floor":14.0,"turns":4.0},{"damage":7.0,"enemies":"Blue Slaver","floor":15.0,"turns":5.0},{"damage":26.0,"enemies":"DF_ARCHETYPE_STREAMLINE","floor":16.0,"turns":11.0},{"damage":0.0,"enemies":"downfall:FleeingMerchant","floor":22.0,"turns":4.0},{"damage":12.0,"enemies":"Shell Parasite","floor":23.0,"turns":6.0},{"damage":1,"enemies":"3 Byrds","floor":26,"turns":4},{"damage":21,"enemies":"3 Cultists","floor":28,"turns":5},{"damage":6,"enemies":"Chosen and Byrds","floor":29,"turns":4},{"damage":30,"enemies":"Colosseum Nobs","floor":31,"turns":4},{"damage":22,"enemies":"Snake Plant","floor":32,"turns":4},{"damage":42,"enemies":"SI_MIRROR_ARCHETYPE","floor":33,"turns":6},{"damage":12,"enemies":"3 Darklings","floor":36,"turns":4},{"damage":0,"enemies":"3 Shapes","floor":37,"turns":6},{"damage":8,"enemies":"Sphere and 2 Shapes","floor":40,"turns":12},{"damage":17,"enemies":"Maw","floor":44,"turns":8},{"damage":36,"enemies":"Transient","floor":45,"turns":5},{"damage":15,"enemies":"downfall:FleeingMerchant","floor":46,"turns":4},{"damage":53,"enemies":"4 Shapes","floor":47,"turns":8},{"damage":27,"enemies":"Maw","floor":48,"turns":5}],"seed_played":"-8374930909529700275","potions_obtained":[{"floor":10.0,"key":"Ancient Potion"},{"floor":14.0,"key":"LiquidBronze"},{"floor":16.0,"key":"sneckomod:MuddlingPotion"},{"floor":26,"key":"hexamod:SoulburnPotion"},{"floor":28,"key":"Dexterity Potion"},{"floor":29,"key":"BlessingOfTheForge"},{"floor":31,"key":"Fire Potion"},{"floor":32,"key":"AttackPotion"},{"floor":33,"key":"champ:CounterPotion"},{"floor":36,"key":"Guardian:BlockOnCardUsePotion"},{"floor":37,"key":"SpeedPotion"},{"floor":40,"key":"Dexterity Potion"},{"floor":44,"key":"Energy Potion"},{"floor":45,"key":"hexamod:SoulburnPotion"},{"floor":46,"key":"Block Potion"},{"floor":47,"key":"Explosive Potion"}],"is_trial":false,"path_per_floor":["R","M","?","?","T","$","T","?","E","M","M","R","M","M","M","B",null,"R","?","?","?","$","M","T","T","M","R","M","M","R","?","M","B",null,"R","M","M","NS","?","M","T","R","?","M","M","$","M","M"],"character_chosen":"THE_AUTOMATON","items_purchased":["Membership Card","hubris:OldNail","bronze:Terminator","bronze:Flail","Block Potion","DistilledChaos"],"campfire_rested":1,"item_purchase_floors":[6,6,6,22,46,46],"current_hp_per_floor":[70,55,55,55,55,57,57,57,32,40,42,63,68,70,70,44,70,70,70,70,70,70,65,65,65,70,70,56,59,59,38,37,16,70,70,58,67,67,67,62,62,62,62,57,45,42,13,0,0],"gold":505,"neow_bonus":"RANDOM_COMMON_RELIC","is_daily":false,"chose_seed":false,"campfire_upgraded":5,"win_rate":0.0,"timestamp":1611035248,"path_taken":["R","M","?","?","?","$","T","?","E","M","?","R","?","M","M","BOSS","R","?","?","?","?","M","T","?","M","R","?","M","R","?","M","BOSS","R","M","M","NS","?","M","T","R","?","?","M","$","M","M"],"items_purchased_type":["Relic","Relic","Card","Card","Potion","Potion"],"build_version":"2020-12-22","purchased_purges":1,"victory":false,"max_hp_per_floor":[70,70,70,70,70,70,70,70,70,70,70,70,70,70,70,70,70,70,70,70,70,70,70,70,70,70,70,70,70,70,70,70,70,70,70,70,70,70,70,70,70,70,70,70,70,70,70,70,70],"card_choices":[{"not_picked":["bronze:BugBarrage","bronze:Overheat"],"picked":"bronze:WhirlingStrike","floor":2.0},{"not_picked":["bronze:ForceShield","bronze:OilSpill"],"picked":"bronze:Constructor","floor":6.0},{"not_picked":["bronze:WhirlingStrike","bronze:WildBeam"],"picked":"bronze:Repair","floor":9.0},{"not_picked":["bronze:Safeguard","bronze:DigitalCarnage"],"picked":"bronze:BitShift","floor":10.0},{"not_picked":["bronze:CloningBeam","bronze:Safeguard"],"picked":"bronze:InfiniteBeams","floor":11.0},{"not_picked":["bronze:ChildClass","bronze:OilSpill"],"picked":"bronze:Shell","floor":13.0},{"not_picked":["bronze:Separator","bronze:Fortify"],"picked":"bronze:ItsAFeature","floor":14.0},{"not_picked":["bronze:Boost","bronze:Frontload"],"picked":"bronze:Optimize","floor":15.0},{"not_picked":["bronze:SpaghettiCode","bronze:ShipIt"],"picked":"bronze:Hardcode","floor":16.0},{"not_picked":[],"picked":"bronze:InfiniteBeams","floor":22.0},{"not_picked":["bronze:ItsAFeature"],"picked":"SKIP","floor":23.0},{"not_picked":["bronze:Deprecate+1"],"picked":"SKIP","floor":26},{"not_picked":["bronze:Shell"],"picked":"SKIP","floor":28},{"not_picked":["bronze:ForLoop"],"picked":"SKIP","floor":29},{"not_picked":[],"picked":"bronze:DelayedSlice","floor":31},{"not_picked":[],"picked":"bronze:Iterate","floor":32},{"not_picked":["bronze:BitShift"],"picked":"SKIP","floor":36},{"not_picked":["bronze:BronzeArmor+1"],"picked":"SKIP","floor":37},{"not_picked":[],"picked":"bronze:Shield+1","floor":40},{"not_picked":["bronze:BuggyMess","bronze:Deprecate+1"],"picked":"SKIP","floor":44},{"not_picked":["bronze:Optimize+1","bronze:Iterate"],"picked":"SKIP","floor":45},{"not_picked":["bronze:Deprecate","bronze:FollowUp+1"],"picked":"SKIP","floor":46},{"not_picked":["bronze:Branch+1","bronze:Invalidate"],"picked":"SKIP","floor":47}],"player_experience":2602212,"relics_obtained":[{"floor":5.0,"key":"Meat on the Bone"},{"floor":7.0,"key":"Ginger"},{"floor":9.0,"key":"hubris:BottledRain"},{"floor":24.0,"key":"White Beast Statue"},{"floor":25.0,"key":"aspiration:Lifesprig"},{"floor":31,"key":"champ:DeflectingBracers"},{"floor":31,"key":"hubris:MysteriousPyramids"},{"floor":41,"key":"Question Card"}],"event_choices":[{"damage_healed":0.0,"max_hp_gain":0.0,"max_hp_loss":0.0,"gold_gain":0.0,"event_name":"Ghosts","player_choice":"Ignored","floor":19.0,"gold_loss":0.0,"damage_taken":0.0}],"is_beta":false,"boss_relics":[{"not_picked":["Runic Dome","aspiration:RunicSpoon"],"picked":"Busted Crown"},{"not_picked":["aspiration:RitualDagger","sneckomod:SneckoTalon"],"picked":"hubris:ScarierMask"}],"items_purged_floors":[6],"is_endless":false,"potions_floor_spawned":[10,14,16,26,28,29,31,32,33,36,37,40,44,45,46,47],"killed_by":"Maw","ascension_level":0}}