{"host":"7s8u925wkovx3a22","time":1611023046,"event":{"mods":["BaseMod","Bestiary","Better Match","Better Third Choice","Colored Map","DeckTracker","Displayed Cursed Tome","Highlight Path","Minty Spire (QoL Compilation)","StSLib","The Animator","The Poker Player","The Servant 0.9.4","The Valiant"],"gold_per_floor":[112,127,145,145,159,159,8,46,46,11,11,32,50,68,68,188,188,206,206,206,206,217,217,251,268,268,268,284,297,320,367,367,367,367,367],"floor_reached":33,"language":"ENG","playtime":2911,"items_purged":[],"score":319,"play_id":"31bc0518-42d2-494d-ac57-4d52bc1b2a61","local_time":"20210118202406","is_ascension_mode":false,"metric_token":914,"campfire_choices":[{"data":"PokerPlayerMod:Sharpen","floor":6,"key":"SMITH"},{"data":"PokerPlayerMod:TrumpStrike","floor":15,"key":"SMITH"},{"data":"PokerPlayerMod:HotShotCut","floor":23,"key":"SMITH"},{"floor":27,"key":"REST"},{"data":"PokerPlayerMod:FillThePot","floor":32,"key":"SMITH"}],"circlet_count":0,"master_deck":["PokerPlayerMod:Diamond1","PokerPlayerMod:Diamond2","PokerPlayerMod:Diamond3","PokerPlayerMod:Diamond4","PokerPlayerMod:Diamond5","PokerPlayerMod:Spade1","PokerPlayerMod:Spade2","PokerPlayerMod:Spade3","PokerPlayerMod:Spade4","PokerPlayerMod:Club1","PokerPlayerMod:Club2","PokerPlayerMod:Heart2","PokerPlayerMod:TrumpStrike+1","PokerPlayerMod:BadJoker","PokerPlayerMod:Mulligan+1","PokerPlayerMod:Raise+1","PokerPlayerMod:Spade5","PokerPlayerMod:SpadeStrike","Injury","PokerPlayerMod:Sharpen+1","PokerPlayerMod:Diamond3","PokerPlayerMod:Fold","PokerPlayerMod:HiddenCard","PokerPlayerMod:Spade3","PokerPlayerMod:StackedDeck+1","CurseOfTheBell","PokerPlayerMod:SpadeStrike","PokerPlayerMod:Mulligan+1","PokerPlayerMod:HotShotCut+1","PokerPlayerMod:FillThePot+1","PokerPlayerMod:Diamond3","PokerPlayerMod:RiskyBet","PokerPlayerMod:SecondChance+1"],"relics":["PokerPlayerMod:DeckCase","Bloody Idol","TheAbacus","Bronze Scales","PokerPlayerMod:CoolBox","Calling Bell","Toy Ornithopter","Pear","Bird Faced Urn","PokerPlayerMod:StuffedPocket","CaptainsWheel","Potion Belt","MealTicket"],"acts_visited":["Exordium","TheCity"],"potions_floor_usage":[8,8,16,24,24,29],"damage_taken":[{"damage":7,"enemies":"Jaw Worm","floor":1,"turns":3},{"damage":0,"enemies":"2 Louse","floor":2,"turns":1},{"damage":3,"enemies":"Small Slimes","floor":3,"turns":4},{"damage":10,"enemies":"Red Slaver","floor":5,"turns":4},{"damage":3,"enemies":"Lagavulin","floor":8,"turns":5},{"damage":0,"enemies":"Lots of Slimes","floor":12,"turns":1},{"damage":0,"enemies":"Blue Slaver","floor":13,"turns":2},{"damage":0,"enemies":"Looter","floor":14,"turns":2},{"damage":0,"enemies":"Slime Boss","floor":16,"turns":5},{"damage":11,"enemies":"Chosen","floor":18,"turns":6},{"damage":6,"enemies":"Spheric Guardian","floor":22,"turns":4},{"damage":33,"enemies":"Slavers","floor":24,"turns":4},{"damage":20,"enemies":"Centurion and Healer","floor":25,"turns":4},{"damage":10,"enemies":"Snecko","floor":28,"turns":4},{"damage":0,"enemies":"Snake Plant","floor":29,"turns":3},{"damage":112,"enemies":"Champ","floor":33,"turns":13}],"seed_played":"-5545998476339490689","potions_obtained":[{"floor":2,"key":"FearPotion"},{"floor":3,"key":"Dexterity Potion"},{"floor":14,"key":"ColorlessPotion"},{"floor":16,"key":"Fire Potion"},{"floor":18,"key":"ColorlessPotion"},{"floor":22,"key":"Block Potion"},{"floor":29,"key":"FairyPotion"}],"is_trial":false,"path_per_floor":["M","M","M","?","M","R","$","E","T","?","?","M","M","M","R","B",null,"M","?","?","?","M","R","E","M","T","R","M","M","T","T","R","B"],"character_chosen":"THE_POKER_PLAYER","items_purchased":["TheAbacus"],"campfire_rested":1,"item_purchase_floors":[7],"current_hp_per_floor":[48,48,48,48,41,41,41,38,38,51,51,52,52,52,52,52,62,51,51,51,51,60,60,41,34,34,52,49,61,62,62,62,0,0,0],"gold":367,"neow_bonus":"UPGRADE_CARD","is_daily":false,"chose_seed":false,"campfire_upgraded":4,"win_rate":0.0,"timestamp":1611023046,"path_taken":["M","M","M","?","M","R","$","E","T","?","?","?","?","M","R","BOSS","M","?","?","?","M","R","E","M","T","R","?","M","?","?","R","BOSS"],"items_purchased_type":["Relic"],"build_version":"2020-12-22","purchased_purges":0,"victory":false,"max_hp_per_floor":[52,52,52,52,52,52,52,52,52,52,52,52,52,52,52,52,62,62,62,62,62,62,62,62,62,62,62,62,62,62,62,62,62,62,62],"card_choices":[{"not_picked":["PokerPlayerMod:Club2","PokerPlayerMod:MagicTrick"],"picked":"PokerPlayerMod:Raise","floor":1},{"not_picked":["PokerPlayerMod:MagicTrick","PokerPlayerMod:SpadeStrike"],"picked":"PokerPlayerMod:Spade5","floor":2},{"not_picked":["PokerPlayerMod:DartThrow","PokerPlayerMod:HeartStrike"],"picked":"PokerPlayerMod:SpadeStrike","floor":3},{"not_picked":["PokerPlayerMod:Heart5","PokerPlayerMod:Diamond5"],"picked":"PokerPlayerMod:Sharpen","floor":5},{"not_picked":["PokerPlayerMod:WildCard","PokerPlayerMod:Diamond2"],"picked":"PokerPlayerMod:Diamond3","floor":8},{"not_picked":["PokerPlayerMod:DartThrow","PokerPlayerMod:Heart3"],"picked":"PokerPlayerMod:Fold","floor":12},{"not_picked":["PokerPlayerMod:RiskyBet","PokerPlayerMod:Diamond1"],"picked":"PokerPlayerMod:HiddenCard","floor":13},{"not_picked":["PokerPlayerMod:Diamond1","PokerPlayerMod:Spade2"],"picked":"PokerPlayerMod:Spade3","floor":14},{"not_picked":["PokerPlayerMod:Club9","PokerPlayerMod:Diamond8"],"picked":"PokerPlayerMod:StackedDeck","floor":16},{"not_picked":["PokerPlayerMod:Heart1","PokerPlayerMod:Spade3"],"picked":"PokerPlayerMod:SpadeStrike","floor":18},{"not_picked":["PokerPlayerMod:Diamond1","PokerPlayerMod:Spade4"],"picked":"PokerPlayerMod:HotShotCut","floor":22},{"not_picked":["PokerPlayerMod:Heart2","PokerPlayerMod:Diamond1"],"picked":"PokerPlayerMod:FillThePot","floor":24},{"not_picked":["PokerPlayerMod:Heart1","PokerPlayerMod:HiddenCard"],"picked":"PokerPlayerMod:Diamond3","floor":25},{"not_picked":["PokerPlayerMod:Heart1","PokerPlayerMod:PoorCopy"],"picked":"PokerPlayerMod:RiskyBet","floor":28},{"not_picked":["PokerPlayerMod:CardBurn","PokerPlayerMod:Club4"],"picked":"PokerPlayerMod:SecondChance+1","floor":29}],"player_experience":244038,"relics_obtained":[{"floor":8,"key":"Bronze Scales"},{"floor":9,"key":"PokerPlayerMod:CoolBox"},{"floor":17,"key":"Toy Ornithopter"},{"floor":17,"key":"Pear"},{"floor":17,"key":"Bird Faced Urn"},{"floor":24,"key":"PokerPlayerMod:StuffedPocket"},{"floor":26,"key":"CaptainsWheel"},{"floor":30,"key":"Potion Belt"},{"floor":31,"key":"MealTicket"}],"event_choices":[{"damage_healed":0,"gold_gain":0,"player_choice":"Take Wound","damage_taken":0,"relics_obtained":["Golden Idol"],"max_hp_gain":0,"max_hp_loss":0,"event_name":"Golden Idol","floor":4,"gold_loss":0,"cards_obtained":["Injury"]},{"damage_healed":13,"gold_gain":0,"player_choice":"Healed","damage_taken":0,"max_hp_gain":0,"max_hp_loss":0,"event_name":"The Cleric","floor":10,"gold_loss":35},{"damage_healed":0,"gold_gain":0,"player_choice":"Upgraded","damage_taken":0,"max_hp_gain":0,"max_hp_loss":0,"event_name":"Upgrade Shrine","floor":11,"gold_loss":0,"cards_upgraded":["PokerPlayerMod:Raise"]},{"damage_healed":0,"gold_gain":0,"player_choice":"Copied","damage_taken":0,"max_hp_gain":0,"max_hp_loss":0,"event_name":"PokerPlayerMod:BackToBasicsPoker","floor":19,"gold_loss":0,"cards_obtained":["PokerPlayerMod:Mulligan"]},{"damage_healed":0,"gold_gain":0,"player_choice":"Gave Idol","damage_taken":0,"relics_obtained":["Bloody Idol"],"max_hp_gain":0,"max_hp_loss":0,"event_name":"Forgotten Altar","floor":20,"relics_lost":["Golden Idol"],"gold_loss":0},{"damage_healed":0,"gold_gain":0,"player_choice":"Upgraded","damage_taken":0,"max_hp_gain":0,"max_hp_loss":0,"event_name":"Upgrade Shrine","floor":21,"gold_loss":0,"cards_upgraded":["PokerPlayerMod:StackedDeck"]}],"is_beta":false,"boss_relics":[{"not_picked":["Cursed Key","Astrolabe"],"picked":"Calling Bell"}],"items_purged_floors":[],"is_endless":false,"potions_floor_spawned":[2,3,14,16,18,22,29],"killed_by":"Champ","ascension_level":0}}