{"host":"k85tjwrh7mjrrc9a","time":1611072819,"event":{"mods":["AchievementEnabler","BaseMod","Colored Powertips","Highlight Path","Minty Spire (QoL Compilation)","Rare Cards Sparkle","StSLib"],"gold_per_floor":[115,115,115,88,108,144,144,180,180,255,255,294,318,181,181,181,181],"floor_reached":16,"language":"ENG","playtime":456,"items_purged":["Strike_R"],"score":200,"play_id":"8f65cc61-b90d-472a-a12f-83e282bd6905","local_time":"20210119111339","is_ascension_mode":true,"campfire_choices":[{"data":"Feed","floor":7,"key":"SMITH"},{"data":"Armaments","floor":11,"key":"SMITH"},{"floor":15,"key":"REST"}],"circlet_count":0,"master_deck":["AscendersBane","Strike_R","Strike_R","Strike_R","Strike_R","Defend_R","Defend_R","Defend_R","Defend_R","Bash+1","Cleave","Armaments+1","Whirlwind","Feed+1","Pommel Strike","Barricade"],"relics":["Burning Blood","NeowsBlessing","Golden Idol","PreservedInsect","Odd Mushroom","Matryoshka","Nunchaku","Regal Pillow","MawBank"],"acts_visited":["Exordium"],"potions_floor_usage":[16],"damage_taken":[{"damage":0,"enemies":"Jaw Worm","floor":1,"turns":1},{"damage":0,"enemies":"Small Slimes","floor":5,"turns":1},{"damage":0,"enemies":"Gremlin Nob","floor":6,"turns":1},{"damage":26,"enemies":"The Mushroom Lair","floor":8,"turns":4},{"damage":35,"enemies":"3 Sentries","floor":12,"turns":6},{"damage":81,"enemies":"Hexaghost","floor":16,"turns":11}],"seed_played":"-4360777934808965483","potions_obtained":[{"floor":12,"key":"BloodPotion"}],"is_trial":false,"path_per_floor":["M","?","?","$","M","E","R","?","T","?","R","E","T","$","R","B"],"character_chosen":"IRONCLAD","items_purchased":["Armaments","Barricade"],"campfire_rested":1,"item_purchase_floors":[4,14],"current_hp_per_floor":[78,78,58,58,64,70,70,54,54,43,43,18,18,18,59,0,0],"gold":181,"neow_bonus":"THREE_ENEMY_KILL","is_daily":false,"chose_seed":false,"campfire_upgraded":2,"win_rate":0.0,"timestamp":1611072819,"path_taken":["M","?","?","?","M","E","R","?","T","?","R","E","?","$","R","BOSS"],"items_purchased_type":["Card","Card"],"build_version":"2020-12-22","purchased_purges":1,"victory":false,"max_hp_per_floor":[80,80,80,80,80,80,80,84,84,84,84,88,88,88,88,88,88],"card_choices":[{"not_picked":["Perfected Strike","Searing Blow"],"picked":"Cleave","floor":1},{"not_picked":["Anger","True Grit"],"picked":"Whirlwind","floor":5},{"not_picked":["Perfected Strike","True Grit"],"picked":"Feed","floor":6},{"not_picked":["Sword Boomerang","Dark Embrace"],"picked":"Pommel Strike","floor":8},{"not_picked":["Sentinel","Clothesline","Intimidate"],"picked":"SKIP","floor":12}],"player_experience":197028,"relics_obtained":[{"floor":6,"key":"PreservedInsect"},{"floor":8,"key":"Odd Mushroom"},{"floor":9,"key":"Matryoshka"},{"floor":12,"key":"Nunchaku"},{"floor":13,"key":"Regal Pillow"},{"floor":13,"key":"MawBank"}],"event_choices":[{"damage_healed":0,"gold_gain":0,"player_choice":"Grow","damage_taken":0,"max_hp_gain":0,"max_hp_loss":0,"event_name":"Living Wall","floor":2,"gold_loss":0,"cards_upgraded":["Bash"]},{"damage_healed":0,"gold_gain":0,"player_choice":"Take Damage","damage_taken":20,"relics_obtained":["Golden Idol"],"max_hp_gain":0,"max_hp_loss":0,"event_name":"Golden Idol","floor":3,"gold_loss":0},{"damage_healed":0,"gold_gain":0,"player_choice":"Fought Mushrooms","damage_taken":0,"max_hp_gain":0,"max_hp_loss":0,"event_name":"Mushrooms","floor":8,"gold_loss":0},{"damage_healed":0,"gold_gain":75,"player_choice":"Gather Gold","damage_taken":11,"max_hp_gain":0,"max_hp_loss":0,"event_name":"World of Goop","floor":10,"gold_loss":0}],"is_beta":false,"boss_relics":[],"items_purged_floors":[14],"is_endless":false,"potions_floor_spawned":[12],"killed_by":"Hexaghost","ascension_level":11}}