{"host":"jksa5rawk3m4gilz","time":1611082161,"event":{"mods":["BaseMod","Colored Map","Highlight Path","Minty Spire (QoL Compilation)","Quick Restart"],"gold_per_floor":[110,129,129,129,147,187,218,218,270,310,324,324,368,389,389,487,487,511,531,344,344,364,403,403,446,446,446,470,495,495,495,495,495,495],"floor_reached":33,"language":"ENG","playtime":1278,"items_purged":[],"score":519,"play_id":"2d86ff40-25b8-4938-9968-12f10da25b0f","local_time":"20210119194921","is_ascension_mode":true,"campfire_choices":[{"floor":8,"key":"REST"},{"floor":12,"key":"REST"},{"floor":15,"key":"REST"},{"data":"Inflame","floor":24,"key":"SMITH"},{"data":"Rage","floor":27,"key":"SMITH"},{"floor":32,"key":"REST"}],"circlet_count":0,"master_deck":["AscendersBane","Strike_R+1","Strike_R+1","Strike_R+1","Strike_R+1","Strike_R+1","Defend_R+1","Defend_R+1","Defend_R+1","Defend_R+1","Bash","Injury","Hemokinesis","Shockwave+1","Injury","Pummel","Rage+1","Thunderclap","Rage","Anger","Infernal Blade","Juggernaut","Inflame+1","Flame Barrier","Rage+1","Spot Weakness","Body Slam+1"],"relics":["Burning Blood","Turnip","Golden Idol","Blood Vial","Odd Mushroom","Nunchaku","Red Skull","Bottled Flame","SlaversCollar","Lee\u0027s Waffle","Potion Belt","The Courier","Strawberry"],"acts_visited":["Exordium","TheCity"],"potions_floor_usage":[10,13,16,33,33],"damage_taken":[{"damage":13,"enemies":"Jaw Worm","floor":1,"turns":4},{"damage":12,"enemies":"Small Slimes","floor":2,"turns":4},{"damage":6,"enemies":"Cultist","floor":5,"turns":3},{"damage":34,"enemies":"Lagavulin","floor":6,"turns":6},{"damage":27,"enemies":"The Mushroom Lair","floor":7,"turns":5},{"damage":33,"enemies":"Gremlin Nob","floor":10,"turns":4},{"damage":7,"enemies":"Large Slime","floor":11,"turns":4},{"damage":26,"enemies":"Lagavulin","floor":13,"turns":5},{"damage":9,"enemies":"2 Fungi Beasts","floor":14,"turns":3},{"damage":38,"enemies":"Slime Boss","floor":16,"turns":12},{"damage":41,"enemies":"Shell Parasite","floor":18,"turns":6},{"damage":14,"enemies":"Chosen","floor":19,"turns":3},{"damage":17,"enemies":"Snecko","floor":22,"turns":5},{"damage":6,"enemies":"Gremlin Leader","floor":23,"turns":7},{"damage":30,"enemies":"Book of Stabbing","floor":25,"turns":5},{"damage":53,"enemies":"Sentry and Sphere","floor":28,"turns":7},{"damage":19,"enemies":"Centurion and Healer","floor":29,"turns":5},{"damage":43,"enemies":"Champ","floor":33,"turns":8}],"seed_played":"9214917787787901111","potions_obtained":[{"floor":2,"key":"Fire Potion"},{"floor":6,"key":"BlessingOfTheForge"},{"floor":11,"key":"BlessingOfTheForge"},{"floor":14,"key":"Explosive Potion"},{"floor":16,"key":"Weak Potion"},{"floor":19,"key":"Strength Potion"},{"floor":23,"key":"LiquidMemories"},{"floor":28,"key":"Weak Potion"},{"floor":31,"key":"PowerPotion"},{"floor":31,"key":"Fire Potion"}],"is_trial":false,"path_per_floor":["M","M","?","?","M","E","?","R","T","E","M","R","E","M","R","B",null,"M","M","$","?","M","E","R","E","T","R","M","M","?","?","R","B"],"character_chosen":"IRONCLAD","items_purchased":["Flame Barrier","Lee\u0027s Waffle"],"campfire_rested":4,"item_purchase_floors":[20,20],"current_hp_per_floor":[61,55,60,60,60,32,13,37,37,12,13,37,19,18,42,12,63,30,24,87,87,76,78,78,56,63,63,18,7,7,7,35,0,0],"gold":495,"neow_bonus":"ONE_RARE_RELIC","is_daily":false,"chose_seed":false,"campfire_upgraded":2,"win_rate":0.0,"timestamp":1611082161,"path_taken":["M","M","?","?","M","E","?","R","T","E","?","R","E","M","R","BOSS","M","M","$","?","?","E","R","E","T","R","M","M","?","?","R","BOSS"],"items_purchased_type":["Card","Relic"],"build_version":"2020-12-22","purchased_purges":0,"victory":false,"max_hp_per_floor":[75,75,80,80,80,80,80,80,80,80,80,80,80,80,80,80,80,80,80,87,87,87,87,87,87,94,94,94,94,94,94,94,94,94],"card_choices":[{"not_picked":["Havoc","Sentinel"],"picked":"Hemokinesis","floor":1},{"not_picked":["Pommel Strike","Perfected Strike"],"picked":"Shockwave","floor":2},{"not_picked":["Body Slam","Entrench"],"picked":"Pummel","floor":5},{"not_picked":["Rampage","Metallicize"],"picked":"Rage","floor":6},{"not_picked":["Dark Embrace","Iron Wave"],"picked":"Thunderclap","floor":7},{"not_picked":["Pommel Strike","Power Through"],"picked":"Rage","floor":10},{"not_picked":["Flex","Sword Boomerang"],"picked":"Anger","floor":11},{"not_picked":["Pommel Strike","Twin Strike","Wild Strike"],"picked":"SKIP","floor":13},{"not_picked":["Wild Strike","Perfected Strike"],"picked":"Infernal Blade","floor":14},{"not_picked":["Impervious","Bludgeon"],"picked":"Juggernaut","floor":16},{"not_picked":["Havoc","Perfected Strike"],"picked":"Inflame","floor":18},{"not_picked":["Rampage","Sentinel","Dark Embrace+1"],"picked":"SKIP","floor":19},{"not_picked":["Sword Boomerang","Body Slam"],"picked":"Rage+1","floor":22},{"not_picked":["Clothesline","Pommel Strike","Clash"],"picked":"SKIP","floor":23},{"not_picked":["Reaper","Seeing Red","Feel No Pain"],"picked":"SKIP","floor":25},{"not_picked":["Flex","Uppercut"],"picked":"Spot Weakness","floor":28},{"not_picked":["Havoc","Sever Soul"],"picked":"Body Slam+1","floor":29}],"player_experience":1808083,"relics_obtained":[{"floor":6,"key":"Blood Vial"},{"floor":7,"key":"Odd Mushroom"},{"floor":9,"key":"Nunchaku"},{"floor":10,"key":"Red Skull"},{"floor":13,"key":"Bottled Flame"},{"floor":23,"key":"Potion Belt"},{"floor":25,"key":"The Courier"},{"floor":26,"key":"Strawberry"}],"event_choices":[{"damage_healed":0,"gold_gain":0,"player_choice":"Donut","damage_taken":0,"max_hp_gain":5,"max_hp_loss":0,"event_name":"Big Fish","floor":3,"gold_loss":0},{"damage_healed":0,"gold_gain":0,"player_choice":"Take Wound","damage_taken":0,"relics_obtained":["Golden Idol"],"max_hp_gain":0,"max_hp_loss":0,"event_name":"Golden Idol","floor":4,"gold_loss":0,"cards_obtained":["Injury"]},{"damage_healed":0,"gold_gain":0,"player_choice":"Fought Mushrooms","damage_taken":0,"max_hp_gain":0,"max_hp_loss":0,"event_name":"Mushrooms","floor":7,"gold_loss":0},{"damage_healed":0,"gold_gain":0,"player_choice":"Forge","damage_taken":0,"max_hp_gain":0,"max_hp_loss":0,"event_name":"Accursed Blacksmith","floor":21,"gold_loss":0,"cards_upgraded":["Shockwave"]},{"damage_healed":0,"gold_gain":0,"player_choice":"Simplicity","damage_taken":0,"max_hp_gain":0,"max_hp_loss":0,"event_name":"Back to Basics","floor":30,"gold_loss":0,"cards_upgraded":["Strike_R","Strike_R","Strike_R","Strike_R","Strike_R","Defend_R","Defend_R","Defend_R","Defend_R"]},{"damage_healed":0,"gold_gain":0,"player_choice":"Got Potions","damage_taken":0,"max_hp_gain":0,"max_hp_loss":0,"event_name":"Lab","floor":31,"gold_loss":0}],"is_beta":false,"boss_relics":[{"not_picked":["Tiny House","Black Blood"],"picked":"SlaversCollar"}],"items_purged_floors":[],"is_endless":false,"potions_floor_spawned":[2,6,11,14,16,19,23,28,29],"killed_by":"Champ","ascension_level":14}}