{"host":"g8sjq9ki9zl67elp","time":1611023402,"event":{"mods":["BaseMod","Colored Map","Downfall","Highlight Path","Hubris","Infinite Spire","Mimic Mod","Minty Spire (QoL Compilation)","StSLib","everything is the same but u backflip on backflip"],"gold_per_floor":[111,38,58,58,58,58,88,88,115,135,170,200,200,219,219,315,315,335,349,360,108,122,157,157,157,157],"floor_reached":25,"language":"ENG","playtime":1187,"items_purged":["Strike_B"],"score":307,"play_id":"6a535208-7425-47b1-97df-056a7ea6d14f","local_time":"20210118183002","is_ascension_mode":true,"campfire_choices":[{"data":"Zap","floor":6,"key":"SMITH"},{"floor":15,"key":"REST"},{"floor":24,"key":"REST"}],"circlet_count":0,"master_deck":["Strike_B","Strike_B","Strike_B","Defend_B","Defend_B","Defend_B","Defend_B+1","Zap+1","Dualcast+1","Redo","Defragment","Sweeping Beam+1","Turbo","hubris:Ukulele","Cold Snap","Electrodynamics","Glacier","Capacitor"],"relics":["Cracked Core","NeowsBlessing","Omamori","infinitespire:PuzzleCube","hubris:ToyBattleship","Potion Belt","Philosopher\u0027s Stone","hubris:BallOfYels"],"acts_visited":["Exordium","TheCity"],"potions_floor_usage":[12,16,21,22,22,22,22,23,23],"damage_taken":[{"damage":0,"enemies":"Small Slimes","floor":1,"turns":1},{"damage":0,"enemies":"Jaw Worm","floor":3,"turns":1},{"damage":0,"enemies":"Gremlin Nob","floor":7,"turns":1},{"damage":0,"enemies":"2 Louse","floor":10,"turns":2},{"damage":25,"enemies":"3 Sentries","floor":11,"turns":5},{"damage":1,"enemies":"Blue Slaver","floor":12,"turns":5},{"damage":11,"enemies":"Blue Slaver","floor":14,"turns":3},{"damage":24,"enemies":"Slime Boss","floor":16,"turns":7},{"damage":42,"enemies":"3 Byrds","floor":18,"turns":3},{"damage":5,"enemies":"Spheric Guardian","floor":19,"turns":3},{"damage":7,"enemies":"Snecko","floor":20,"turns":5},{"damage":2,"enemies":"Snake Plant","floor":22,"turns":5},{"damage":8,"enemies":"Book of Stabbing","floor":23,"turns":4},{"damage":41,"enemies":"Slavers","floor":25,"turns":4}],"seed_played":"3530512204414529237","potions_obtained":[{"floor":7,"key":"Swift Potion"},{"floor":14,"key":"champ:CounterPotion"},{"floor":16,"key":"Energy Potion"},{"floor":22,"key":"infinitespire:BlackPotion"}],"is_trial":false,"path_per_floor":["M","$","M","?","?","R","E","?","T","M","E","MIM","?","M","R","B",null,"M","M","M","$","M","E","R","E"],"character_chosen":"DEFECT","items_purchased":["Defragment","Capacitor","EntropicBrew"],"campfire_rested":2,"item_purchase_floors":[2,21,21],"current_hp_per_floor":[75,75,75,80,80,80,80,80,80,80,55,54,38,27,51,27,80,38,33,26,26,24,16,40,0,0],"gold":157,"neow_bonus":"THREE_ENEMY_KILL","is_daily":false,"chose_seed":false,"campfire_upgraded":1,"win_rate":0.0,"timestamp":1611023402,"path_taken":["M","$","M","?","?","R","E","?","T","M","E","?","?","M","R","BOSS","M","M","M","$","M","E","R","E"],"items_purchased_type":["Card","Card","Potion"],"build_version":"2020-12-22","purchased_purges":1,"victory":false,"max_hp_per_floor":[75,75,75,80,80,80,80,80,80,80,80,80,80,80,80,80,80,80,80,80,80,80,80,80,80,80],"card_choices":[{"not_picked":["Cold Snap","Stack"],"picked":"Redo","floor":1},{"not_picked":["Hello World","Stack"],"picked":"Sweeping Beam","floor":3},{"not_picked":["Recycle","Steam"],"picked":"Turbo","floor":7},{"not_picked":["Heatsinks","Hello World","FTL"],"picked":"SKIP","floor":10},{"not_picked":["Rip and Tear","Recycle"],"picked":"hubris:Ukulele","floor":11},{"not_picked":["Steam","Sweeping Beam"],"picked":"Cold Snap","floor":14},{"not_picked":["Seek","Rainbow"],"picked":"Electrodynamics","floor":16},{"not_picked":["Compile Driver","Hologram","White Noise+1"],"picked":"SKIP","floor":18},{"not_picked":["Lockon","Force Field+1"],"picked":"Glacier","floor":19},{"not_picked":["Leap","Sweeping Beam","FTL+1"],"picked":"SKIP","floor":20},{"not_picked":["Leap","Sweeping Beam","FTL+1"],"picked":"SKIP","floor":20},{"not_picked":["Static Discharge","Loop","Beam Cell"],"picked":"SKIP","floor":22},{"not_picked":["Skim","Scrape","Conserve Battery+1"],"picked":"SKIP","floor":23}],"player_experience":178525,"relics_obtained":[{"floor":7,"key":"Omamori"},{"floor":9,"key":"infinitespire:PuzzleCube"},{"floor":11,"key":"hubris:ToyBattleship"},{"floor":12,"key":"Potion Belt"},{"floor":23,"key":"hubris:BallOfYels"}],"event_choices":[{"damage_healed":0,"gold_gain":0,"player_choice":"Donut","damage_taken":0,"max_hp_gain":5,"max_hp_loss":0,"event_name":"Big Fish","floor":4,"gold_loss":0},{"damage_healed":0,"gold_gain":0,"player_choice":"Entered Light","damage_taken":16,"max_hp_gain":0,"max_hp_loss":0,"event_name":"Shining Light","floor":13,"gold_loss":0,"cards_upgraded":["Defend_B","Sweeping Beam"]}],"is_beta":false,"boss_relics":[{"not_picked":["Runic Pyramid","hubris:GrandSneckoEye"],"picked":"Philosopher\u0027s Stone"}],"items_purged_floors":[21],"is_endless":false,"potions_floor_spawned":[7,14,16,22],"killed_by":"Slavers","ascension_level":4}}