{"host":"c3lc60y5x60jlt1y","time":1611041715,"event":{"mods":["AchievementEnabler","BaseMod","Bestiary","Colored Map","Minty Spire (QoL Compilation)","Quick Restart","StSLib","ojb\u0027s Info Mod"],"gold_per_floor":[113,123,141,141,156,156,186,186,186,186,212,223,323,341,341,438,438,428,443,178,178,189,99,129,142,168,180,210,222,234,234],"floor_reached":30,"language":"ENG","playtime":4988,"items_purged":["Strike_B"],"score":498,"play_id":"d5e6389f-b6a5-4593-a716-27febb70d6de","local_time":"20210119093515","is_ascension_mode":true,"campfire_choices":[{"data":"Defragment","floor":6,"key":"SMITH"},{"data":"Glacier","floor":10,"key":"SMITH"},{"data":"Coolheaded","floor":15,"key":"SMITH"},{"data":"Buffer","floor":27,"key":"SMITH"},{"floor":29,"key":"REST"}],"circlet_count":0,"master_deck":["AscendersBane","Strike_B","Defend_B","Defend_B","Defend_B","Defend_B","Zap","Dualcast","Core Surge+1","Leap","Glacier+1","Coolheaded+1","Defragment+1","Compile Driver","Gash","Ball Lightning","Force Field","Hyperbeam","Fusion+1","Capacitor","Skim","Capacitor","Coolheaded","Buffer+1","Capacitor","Ball Lightning"],"relics":["Cracked Core","Spirit Poop","Lantern","Bottled Flame","Ginger","Inserter","Toy Ornithopter","Unceasing Top","MawBank"],"acts_visited":["Exordium","TheCity"],"potions_floor_usage":[11,16,24,28],"damage_taken":[{"damage":0,"enemies":"Cultist","floor":1,"turns":3},{"damage":3,"enemies":"2 Louse","floor":2,"turns":3},{"damage":1,"enemies":"Jaw Worm","floor":3,"turns":4},{"damage":18,"enemies":"Gremlin Gang","floor":5,"turns":12},{"damage":0,"enemies":"Lagavulin","floor":7,"turns":10},{"damage":0,"enemies":"Gremlin Nob","floor":11,"turns":5},{"damage":0,"enemies":"Blue Slaver","floor":12,"turns":3},{"damage":7,"enemies":"Lots of Slimes","floor":14,"turns":5},{"damage":36,"enemies":"Slime Boss","floor":16,"turns":11},{"damage":21,"enemies":"2 Thieves","floor":18,"turns":4},{"damage":5,"enemies":"Spheric Guardian","floor":19,"turns":4},{"damage":18,"enemies":"Snake Plant","floor":22,"turns":7},{"damage":26,"enemies":"Gremlin Leader","floor":24,"turns":9},{"damage":4,"enemies":"Centurion and Healer","floor":25,"turns":11},{"damage":19,"enemies":"Shelled Parasite and Fungi","floor":28,"turns":13},{"damage":32,"enemies":"Slavers","floor":30,"turns":2}],"seed_played":"-2333158423961409248","potions_obtained":[{"floor":3,"key":"Block Potion"},{"floor":7,"key":"Regen Potion"},{"floor":11,"key":"FairyPotion"},{"floor":24,"key":"Block Potion"},{"floor":28,"key":"Strength Potion"}],"is_trial":false,"path_per_floor":["M","M","M","?","M","R","E","?","T","R","E","M","?","M","R","B",null,"M","M","$","T","M","?","E","M","T","R","M","R","E"],"character_chosen":"DEFECT","items_purchased":["FocusPotion","Skim","Capacitor"],"campfire_rested":1,"item_purchase_floors":[20,20,20],"current_hp_per_floor":[68,65,64,64,46,46,46,46,46,46,46,46,46,39,39,18,61,40,35,35,35,17,17,27,23,23,23,9,31,0,0],"gold":234,"neow_bonus":"THREE_RARE_CARDS","is_daily":false,"chose_seed":false,"campfire_upgraded":4,"win_rate":0.0,"timestamp":1611041715,"path_taken":["M","M","?","?","?","R","E","?","T","R","E","?","?","M","R","BOSS","M","M","$","?","M","?","E","M","T","R","?","R","E"],"items_purchased_type":["Potion","Card","Card"],"build_version":"2020-12-22","purchased_purges":1,"victory":false,"max_hp_per_floor":[75,75,75,75,75,75,75,75,75,75,75,75,75,75,75,75,75,75,75,75,75,75,75,75,75,75,75,75,75,75,75],"card_choices":[{"not_picked":["Fission","Hyperbeam"],"picked":"Core Surge","floor":0},{"not_picked":["Go for the Eyes","Consume"],"picked":"Leap","floor":1},{"not_picked":["Reprogram","Loop"],"picked":"Glacier","floor":2},{"not_picked":["Stack","Go for the Eyes"],"picked":"Coolheaded","floor":3},{"not_picked":["Turbo","Redo"],"picked":"Defragment","floor":5},{"not_picked":["Conserve Battery","Rebound"],"picked":"Compile Driver","floor":7},{"not_picked":["Ball Lightning","Rainbow","Streamline"],"picked":"SKIP","floor":11},{"not_picked":["Rebound","Tempest"],"picked":"Ball Lightning","floor":12},{"not_picked":["Stack","Streamline"],"picked":"Force Field","floor":14},{"not_picked":["Core Surge","Buffer"],"picked":"Hyperbeam","floor":16},{"not_picked":["Stack","Streamline"],"picked":"Fusion+1","floor":18},{"not_picked":["Go for the Eyes","Redo"],"picked":"Capacitor","floor":19},{"not_picked":["Scrape","Redo"],"picked":"Coolheaded","floor":22},{"not_picked":["Turbo","Steam Power"],"picked":"Buffer","floor":24},{"not_picked":["Reprogram","Leap"],"picked":"Capacitor","floor":25},{"not_picked":["Aggregate","Cold Snap"],"picked":"Ball Lightning","floor":28}],"player_experience":8172124,"relics_obtained":[{"floor":7,"key":"Lantern"},{"floor":9,"key":"Bottled Flame"},{"floor":11,"key":"Ginger"},{"floor":21,"key":"Toy Ornithopter"},{"floor":24,"key":"Unceasing Top"},{"floor":26,"key":"MawBank"}],"event_choices":[{"cards_removed":["Writhe"],"damage_healed":0,"gold_gain":0,"player_choice":"Offered Curse","damage_taken":0,"relics_obtained":["Spirit Poop"],"max_hp_gain":0,"max_hp_loss":0,"event_name":"Bonfire Elementals","floor":4,"gold_loss":0},{"damage_healed":0,"gold_gain":0,"cards_transformed":["Strike_B"],"player_choice":"Transformed","damage_taken":0,"max_hp_gain":0,"max_hp_loss":0,"event_name":"Transmorgrifier","floor":8,"gold_loss":0,"cards_obtained":["Gash"]},{"damage_healed":0,"gold_gain":100,"player_choice":"Pray","damage_taken":0,"max_hp_gain":0,"max_hp_loss":0,"event_name":"Golden Shrine","floor":13,"gold_loss":0},{"cards_removed":["Strike_B"],"damage_healed":0,"gold_gain":0,"player_choice":"Upgrade and Remove","damage_taken":0,"max_hp_gain":0,"max_hp_loss":0,"event_name":"Designer","floor":23,"gold_loss":90,"cards_upgraded":["Core Surge"]}],"is_beta":false,"boss_relics":[{"not_picked":["Busted Crown","Calling Bell"],"picked":"Inserter"}],"items_purged_floors":[20],"is_endless":false,"potions_floor_spawned":[3,7,11,14,24,28],"killed_by":"Slavers","ascension_level":12}}