{"host":"daa8jqyg4gqfaysm","time":1611048975,"event":{"mods":["BaseMod","Colored Powertips","Minty Spire (QoL Compilation)","StSLib"],"gold_per_floor":[109,13,13,30,30,59,69,100,100,110,110,110,35,67,67,144,144,158,83,93,143,5,5,37,56,79,79,90,116,116,147,147,224,224,236,72,124,147,158,158,177,177,203,235,248,259,184,195,195,195,195],"floor_reached":50,"language":"ENG","playtime":1427,"items_purged":["Strike_G"],"score":1246,"play_id":"73977845-9e92-4eae-95cf-dea5767fd607","local_time":"20210119173615","is_ascension_mode":true,"campfire_choices":[{"data":"Crippling Poison","floor":12,"key":"SMITH"},{"data":"Dash","floor":15,"key":"SMITH"},{"data":"Catalyst","floor":23,"key":"SMITH"},{"data":"Footwork","floor":27,"key":"SMITH"},{"floor":32,"key":"REST"},{"floor":40,"key":"REST"},{"data":"Burst","floor":42,"key":"SMITH"},{"floor":49,"key":"REST"}],"circlet_count":0,"master_deck":["AscendersBane","Strike_G","Strike_G","Strike_G","Defend_G","Defend_G","Defend_G","Defend_G","Defend_G","Survivor","Neutralize","Dash+1","Bouncing Flask+1","Dagger Spray","Crippling Poison+1","Blur","Deadly Poison","Backflip+1","Glass Knife","Crippling Poison","Leg Sweep","Glass Knife","Backflip+1","Catalyst+1","Footwork+1","Dodge and Roll","PiercingWail","Calculated Gamble","Burst+1","Escape Plan","Well Laid Plans","Acrobatics"],"relics":["Ring of the Snake","NeowsBlessing","Orichalcum","Letter Opener","War Paint","PreservedInsect","Velvet Choker","Blood Vial","Du-Vu Doll","Regal Pillow","Busted Crown","Gambling Chip","MealTicket","StrikeDummy"],"acts_visited":["Exordium","TheCity","TheBeyond"],"potions_floor_usage":[8,11,14,16,33],"damage_taken":[{"damage":0.0,"enemies":"Cultist","floor":1.0,"turns":1.0},{"damage":0.0,"enemies":"2 Louse","floor":4.0,"turns":1.0},{"damage":0.0,"enemies":"Gremlin Nob","floor":6.0,"turns":1.0},{"damage":0,"enemies":"Small Slimes","floor":7,"turns":2},{"damage":6,"enemies":"3 Sentries","floor":8,"turns":6},{"damage":1,"enemies":"Looter","floor":10,"turns":3},{"damage":20,"enemies":"Gremlin Nob","floor":14,"turns":4},{"damage":4,"enemies":"The Guardian","floor":16,"turns":8},{"damage":3,"enemies":"Spheric Guardian","floor":18,"turns":3},{"damage":0,"enemies":"3 Byrds","floor":20,"turns":3},{"damage":12,"enemies":"Book of Stabbing","floor":24,"turns":5},{"damage":3,"enemies":"Snake Plant","floor":25,"turns":3},{"damage":28,"enemies":"Shelled Parasite and Fungi","floor":28,"turns":5},{"damage":29,"enemies":"Gremlin Leader","floor":29,"turns":6},{"damage":0,"enemies":"Book of Stabbing","floor":31,"turns":4},{"damage":35,"enemies":"Automaton","floor":33,"turns":9},{"damage":4,"enemies":"Orb Walker","floor":35,"turns":3},{"damage":39,"enemies":"2 Orb Walkers","floor":37,"turns":5},{"damage":1,"enemies":"3 Shapes","floor":39,"turns":6},{"damage":0,"enemies":"Transient","floor":41,"turns":6},{"damage":21,"enemies":"Giant Head","floor":44,"turns":7},{"damage":8,"enemies":"Writhing Mass","floor":45,"turns":7},{"damage":31,"enemies":"Spire Growth","floor":46,"turns":3},{"damage":3,"enemies":"3 Darklings","floor":48,"turns":5},{"damage":0,"enemies":"Awakened One","floor":50,"turns":1}],"seed_played":"4021668631184203077","potions_obtained":[{"floor":4.0,"key":"AttackPotion"},{"floor":6.0,"key":"FairyPotion"},{"floor":10,"key":"BlessingOfTheForge"},{"floor":11,"key":"Fruit Juice"},{"floor":11,"key":"Fire Potion"},{"floor":14,"key":"SkillPotion"},{"floor":16,"key":"Poison Potion"},{"floor":29,"key":"Energy Potion"},{"floor":35,"key":"Strength Potion"}],"is_trial":false,"path_per_floor":["M","$","$","M","?","E","M","E","T","M","?","R","$","E","R","B",null,"M","?","M","?","$","R","E","M","T","R","M","E","?","E","R","B",null,"M","$","?","T","M","R","M","R","T","E","M","M","$","M","R","B"],"character_chosen":"THE_SILENT","items_purchased":["Bouncing Flask","Dagger Spray","Leg Sweep","Footwork","Dodge and Roll","Escape Plan","Well Laid Plans"],"campfire_rested":3,"item_purchase_floors":[2,2,13,22,22,36,36],"current_hp_per_floor":[59,59,59,59,59,59,59,53,53,52,57,57,57,37,37,33,62,59,59,59,59,59,59,47,44,44,44,18,21,21,23,59,26,60,58,58,21,21,22,58,60,60,60,41,35,6,21,20,56,58,58],"gold":195,"neow_bonus":"THREE_ENEMY_KILL","is_daily":false,"chose_seed":false,"campfire_upgraded":5,"win_rate":0.0,"timestamp":1611048975,"path_taken":["M","?","$","M","?","E","M","E","T","?","?","R","?","E","R","BOSS","M","?","M","?","$","R","E","M","T","R","M","E","?","E","R","BOSS","M","?","?","?","M","R","M","R","T","E","M","M","$","M","R","BOSS"],"items_purchased_type":["Card","Card","Card","Card","Card","Card","Card"],"build_version":"2020-12-22","purchased_purges":1,"victory":false,"max_hp_per_floor":[66,66,66,66,66,66,66,66,66,66,71,71,71,71,71,71,71,71,71,71,71,71,71,71,71,71,71,71,71,71,71,71,71,71,71,71,71,71,71,71,71,71,71,71,71,71,71,71,71,71,71],"card_choices":[{"not_picked":["Deadly Poison","Crippling Poison"],"picked":"Dash","floor":1.0},{"not_picked":["Tactician","Flechettes"],"picked":"Crippling Poison","floor":4.0},{"not_picked":["Acrobatics","Dodge and Roll"],"picked":"Deadly Poison","floor":6.0},{"not_picked":["Terror","Escape Plan"],"picked":"Backflip","floor":7},{"not_picked":["Concentrate","Cloak And Dagger"],"picked":"Glass Knife","floor":8},{"not_picked":["Cloak And Dagger","All Out Attack"],"picked":"Crippling Poison","floor":10},{"not_picked":["All Out Attack","Prepared","Cloak And Dagger"],"picked":"SKIP","floor":14},{"not_picked":["Doppelganger","Envenom"],"picked":"Glass Knife","floor":16},{"not_picked":["Sucker Punch","Underhanded Strike"],"picked":"Backflip","floor":18},{"not_picked":["Prepared","Infinite Blades"],"picked":"Catalyst","floor":20},{"not_picked":["Terror","Dodge and Roll"],"picked":"PiercingWail","floor":24},{"not_picked":["Choke","Backflip"],"picked":"Calculated Gamble","floor":25},{"not_picked":["Deadly Poison","Doppelganger","Underhanded Strike"],"picked":"SKIP","floor":28},{"not_picked":["Dagger Throw","Endless Agony","Sucker Punch"],"picked":"SKIP","floor":29},{"not_picked":["Outmaneuver","Terror","Deadly Poison"],"picked":"SKIP","floor":31},{"not_picked":["Unload","Phantasmal Killer"],"picked":"Burst","floor":33},{"not_picked":["Outmaneuver+1"],"picked":"SKIP","floor":35},{"not_picked":["Predator"],"picked":"SKIP","floor":39},{"not_picked":[],"picked":"Acrobatics","floor":41},{"not_picked":["Predator"],"picked":"SKIP","floor":44},{"not_picked":["Outmaneuver"],"picked":"SKIP","floor":45},{"not_picked":["Calculated Gamble"],"picked":"SKIP","floor":46},{"not_picked":["Poisoned Stab"],"picked":"SKIP","floor":48}],"player_experience":841396,"relics_obtained":[{"floor":6.0,"key":"Orichalcum"},{"floor":8,"key":"Letter Opener"},{"floor":9,"key":"War Paint"},{"floor":14,"key":"PreservedInsect"},{"floor":26,"key":"Blood Vial"},{"floor":29,"key":"Du-Vu Doll"},{"floor":31,"key":"Regal Pillow"},{"floor":37,"key":"Gambling Chip"},{"floor":38,"key":"MealTicket"},{"floor":44,"key":"StrikeDummy"}],"event_choices":[{"damage_healed":0.0,"max_hp_gain":0.0,"max_hp_loss":0.0,"gold_gain":0.0,"event_name":"Match and Keep!","player_choice":"1 cards matched","floor":5.0,"gold_loss":0.0,"damage_taken":0.0,"cards_obtained":["Blur"]},{"damage_healed":0,"gold_gain":0,"player_choice":"Got Potions","damage_taken":0,"max_hp_gain":0,"max_hp_loss":0,"event_name":"Lab","floor":11,"gold_loss":0},{"cards_removed":["Strike_G"],"damage_healed":0,"gold_gain":0,"player_choice":"Gave Gold","damage_taken":0,"max_hp_gain":0,"max_hp_loss":0,"event_name":"Beggar","floor":19,"gold_loss":75},{"damage_healed":0,"gold_gain":50,"player_choice":"Stole From Cult","damage_taken":0,"max_hp_gain":0,"max_hp_loss":0,"event_name":"Nest","floor":21,"gold_loss":0},{"damage_healed":0,"gold_gain":0,"player_choice":"Forge","damage_taken":0,"max_hp_gain":0,"max_hp_loss":0,"event_name":"Accursed Blacksmith","floor":30,"gold_loss":0,"cards_upgraded":["Backflip"]},{"damage_healed":0,"gold_gain":0,"player_choice":"Fight","damage_taken":0,"max_hp_gain":0,"max_hp_loss":0,"event_name":"Mysterious Sphere","floor":37,"gold_loss":0}],"is_beta":false,"boss_relics":[{"not_picked":["Cursed Key","SlaversCollar"],"picked":"Velvet Choker"},{"not_picked":["Ring of the Serpent","Sozu"],"picked":"Busted Crown"}],"items_purged_floors":[47],"is_endless":false,"potions_floor_spawned":[4,6,10,14,16,18,25,29,35,48],"killed_by":"Awakened One","ascension_level":20}}