{"host":"rjfefv2ruvigm2gb","time":1611026704,"event":{"mods":["AchievementEnabler","AlwaysNeverKeys","Arknights The Spire","BaseMod","Card Forge","Curses Come First","Displayed Cursed Tome","Evolution","Fox Events","Gold Saver","Googly Eyes","HexUI Lib","Ironclad Rager","Mad Scientist","Minty Spire (QoL Compilation)","Permanent Neow","Poor People Problems","Quick Restart","Shop Mod","StS++","StSLib","SuperFastMode","The Sage","Thieving Mod","UnlockEverythingMod","Virulent Crown"],"gold_per_floor":[1061,1089,1118,1130,1188,1239,1251,1263,1302,1314,1350,1362,1374,1400,1412,1523,1535,1570,1095,1095,1095,1116,1150,1150,1150,1150,1175,1191,1191,1191,1212,1212,1310,1310,1329,1662,1712,1732,1732,1763,1763,1788,1788,1823,1823,1843,1863,1863,1863,1863,1863,1863,1863,1729,1754,1754,1754],"floor_reached":56,"language":"ENG","playtime":834,"items_purged":[],"score":2731,"play_id":"189ac0fb-def8-483d-9429-fc8e05dd778d","local_time":"20210118212504","is_ascension_mode":true,"campfire_choices":[{"floor":8.0,"key":"REST"},{"floor":10.0,"key":"REST"},{"floor":15.0,"key":"REST"},{"floor":24.0,"key":"REST"},{"floor":32.0,"key":"REST"},{"floor":41.0,"key":"REST"},{"floor":49.0,"key":"REST"},{"floor":53.0,"key":"REST"}],"circlet_count":0,"master_deck":["AscendersBane","Catalyst+1","Adrenaline+1","Corpse Explosion+1","Deadly Poison+1","Adrenaline+1","Catalyst+1","Corpse Explosion+1","Deadly Poison+1","Adrenaline+1","Catalyst+1","Catalyst+1","Adrenaline+1","Catalyst+1","Adrenaline+1","Catalyst+1","Adrenaline+1","Catalyst+1","Catalyst+1"],"relics":["Ring of the Snake","Hammer of Thor","Seething Fire","Anvil of the Gods","EVO:Axolotl","MawBank","Juzu Bracelet","Mummified Hand","Oddly Smooth Stone","StSpp:XCola","Philosopher\u0027s Stone","Incense Burner","Orichalcum","sagemod:Flying_Carpet","Bronze Scales","Bottled Lightning","War Paint","Happy Flower","sagemod:Falmels_Amulet","Omamori","CaptainsWheel","Peace Pipe","The Courier","StSpp:BrokenTotem","Centennial Puzzle"],"acts_visited":["Exordium","TheCity","TheBeyond","TheEnding"],"potions_floor_usage":[56,56],"damage_taken":[{"damage":0.0,"enemies":"Cultist","floor":1.0,"turns":1.0},{"damage":0.0,"enemies":"Small Slimes","floor":2.0,"turns":1.0},{"damage":0.0,"enemies":"Jaw Worm","floor":3.0,"turns":1.0},{"damage":0.0,"enemies":"3 Sentries","floor":6.0,"turns":1.0},{"damage":0.0,"enemies":"Large Slime","floor":11.0,"turns":1.0},{"damage":0.0,"enemies":"Exordium Thugs","floor":14.0,"turns":1.0},{"damage":0.0,"enemies":"Slime Boss","floor":16.0,"turns":1.0},{"damage":0.0,"enemies":"Chosen","floor":18.0,"turns":1.0},{"damage":0.0,"enemies":"Shell Parasite","floor":22.0,"turns":1.0},{"damage":0.0,"enemies":"Gremlin Leader","floor":23.0,"turns":1.0},{"damage":0.0,"enemies":"3 Cultists","floor":27.0,"turns":1.0},{"damage":0.0,"enemies":"Snecko","floor":28.0,"turns":1.0},{"damage":0.0,"enemies":"Centurion and Healer","floor":31.0,"turns":1.0},{"damage":0.0,"enemies":"Champ","floor":33.0,"turns":2.0},{"damage":0.0,"enemies":"3 Shapes","floor":35.0,"turns":1.0},{"damage":0.0,"enemies":"Orb Walker","floor":38.0,"turns":1.0},{"damage":0.0,"enemies":"Nemesis","floor":40.0,"turns":1.0},{"damage":0.0,"enemies":"Giant Head","floor":42.0,"turns":1.0},{"damage":0.0,"enemies":"Nemesis","floor":44.0,"turns":1.0},{"damage":0.0,"enemies":"Sphere and 2 Shapes","floor":46.0,"turns":1.0},{"damage":0.0,"enemies":"Maw","floor":47.0,"turns":1.0},{"damage":0.0,"enemies":"Donu and Deca","floor":50.0,"turns":1.0},{"damage":0.0,"enemies":"Awakened One","floor":51.0,"turns":2.0},{"damage":0.0,"enemies":"Shield and Spear","floor":55.0,"turns":1.0},{"damage":47,"enemies":"The Heart","floor":56,"turns":3}],"seed_played":"-13865750652399786","potions_obtained":[{"floor":22.0,"key":"Strength Potion"},{"floor":38.0,"key":"Block Potion"},{"floor":47.0,"key":"Ancient Potion"}],"is_trial":false,"path_per_floor":["M","M","M","?","T","E","?","R","T","R","M","?","?","M","R","B",null,"M","$","?","?","M","E","R","?","T","M","M","?","T","M","R","B",null,"M","?","?","M","$","E","R","E","T","E","?","M","M","$","R","B","B",null,"R","$","E","B"],"character_chosen":"THE_SILENT","items_purchased":["Incense Burner","Orichalcum","StSpp:BrokenTotem"],"campfire_rested":8,"item_purchase_floors":[19,19,54],"current_hp_per_floor":[59,59,59,36,36,36,41,60,60,66,66,66,48,48,66,66,66,66,66,66,46,46,46,46,46,46,46,46,46,46,46,46,46,46,46,46,46,46,46,46,46,46,46,46,46,46,46,46,46,46,46,46,46,46,46,0,0],"gold":1754,"neow_bonus":"RANDOM_COMMON_RELIC","is_daily":false,"chose_seed":false,"campfire_upgraded":0,"win_rate":0.0,"timestamp":1611026704,"path_taken":["M","M","?","?","?","E","?","R","T","R","M","?","?","M","R","BOSS","M","$","?","?","M","E","R","?","T","M","M","?","?","M","R","BOSS","M","?","?","M","$","E","R","E","T","E","?","M","M","$","R","BOSS","BOSS","R","$","E","BOSS"],"items_purchased_type":["Relic","Relic","Relic"],"build_version":"2020-12-22","purchased_purges":0,"victory":false,"max_hp_per_floor":[66,66,66,66,66,66,66,66,66,66,66,66,66,66,66,66,66,66,66,66,46,46,46,46,46,46,46,46,46,46,46,46,46,46,46,46,46,46,46,46,46,46,46,46,46,46,46,46,46,46,46,46,46,46,46,46,46],"card_choices":[{"not_picked":["StSpp:Dive","Acrobatics","Terror"],"picked":"SKIP","floor":1.0},{"not_picked":["StSpp:FiercePoison","Sucker Punch","Dagger Spray"],"picked":"SKIP","floor":2.0},{"not_picked":["Bouncing Flask","Backflip","Cloak And Dagger"],"picked":"SKIP","floor":3.0},{"not_picked":["Cloak And Dagger","Dodge and Roll","Infinite Blades"],"picked":"SKIP","floor":6.0},{"not_picked":["Bane","Slice","Glass Knife"],"picked":"SKIP","floor":11.0},{"not_picked":["StSpp:TimeParadox","Backflip","Dodge and Roll"],"picked":"SKIP","floor":14.0},{"not_picked":["Slice","Cloak And Dagger","Concentrate"],"picked":"SKIP","floor":18.0},{"not_picked":["Deflect","Outmaneuver","Sucker Punch"],"picked":"SKIP","floor":22.0},{"not_picked":["Deflect","Distraction+1","Blade Dance"],"picked":"SKIP","floor":23.0},{"not_picked":["Blur","Flechettes","Dodge and Roll"],"picked":"SKIP","floor":27.0},{"not_picked":["Dodge and Roll","Accuracy","Choke+1"],"picked":"SKIP","floor":28.0},{"not_picked":["StSpp:PoisonousPunch","StSpp:AbandonFlesh","StSpp:Anticipation"],"picked":"SKIP","floor":31.0},{"not_picked":["Deadly Poison","StSpp:PoisonousPunch","StSpp:ChainedTrap"],"picked":"SKIP","floor":35.0},{"not_picked":["Dagger Spray","StSpp:Dive","StSpp:Anticipation"],"picked":"SKIP","floor":38.0},{"not_picked":["After Image","Escape Plan","Outmaneuver"],"picked":"SKIP","floor":40.0},{"not_picked":["Backflip+1","Accuracy","Noxious Fumes+1"],"picked":"SKIP","floor":42.0},{"not_picked":["Caltrops","Backflip","Sucker Punch"],"picked":"SKIP","floor":44.0},{"not_picked":["StSpp:Lure","Dash+1","StSpp:PoisonousPunch"],"picked":"SKIP","floor":46.0},{"not_picked":["Malaise","Prepared+1","StSpp:ChainedTrap"],"picked":"SKIP","floor":47.0},{"not_picked":["Malaise","Prepared+1","StSpp:ChainedTrap"],"picked":"SKIP","floor":47.0},{"not_picked":["Terror+1","StSpp:Throw","Quick Slash"],"picked":"SKIP","floor":55.0}],"player_experience":999520,"relics_obtained":[{"floor":5.0,"key":"Juzu Bracelet"},{"floor":6.0,"key":"Mummified Hand"},{"floor":9.0,"key":"Oddly Smooth Stone"},{"floor":23.0,"key":"Bronze Scales"},{"floor":26.0,"key":"Bottled Lightning"},{"floor":30.0,"key":"Happy Flower"},{"floor":40.0,"key":"Omamori"},{"floor":42.0,"key":"CaptainsWheel"},{"floor":43.0,"key":"Peace Pipe"},{"floor":44.0,"key":"The Courier"},{"floor":55.0,"key":"Centennial Puzzle"}],"event_choices":[{"damage_healed":0.0,"max_hp_gain":0.0,"max_hp_loss":0.0,"gold_gain":0.0,"event_name":"Golden Idol","player_choice":"Take Damage","floor":4.0,"gold_loss":0.0,"damage_taken":23.0,"relics_obtained":["Golden Idol"]},{"cards_removed":["Deadly Poison"],"damage_healed":5.0,"max_hp_gain":0.0,"max_hp_loss":0.0,"gold_gain":0.0,"event_name":"Bonfire Elementals","player_choice":"Offered Common","floor":7.0,"gold_loss":0.0,"damage_taken":0.0},{"cards_removed":["Deadly Poison"],"damage_healed":5.0,"max_hp_gain":0.0,"max_hp_loss":0.0,"gold_gain":0.0,"event_name":"Bonfire Elementals","player_choice":"Offered Special","floor":7.0,"gold_loss":0.0,"damage_taken":0.0},{"damage_healed":0.0,"max_hp_gain":0.0,"max_hp_loss":0.0,"gold_gain":0.0,"event_name":"Accursed Blacksmith","player_choice":"Ignored","floor":12.0,"gold_loss":0.0,"damage_taken":0.0},{"damage_healed":0.0,"max_hp_gain":0.0,"max_hp_loss":0.0,"gold_gain":0.0,"event_name":"Scrap Ooze","player_choice":"Success","floor":13.0,"gold_loss":0.0,"damage_taken":18.0,"relics_obtained":["StSpp:XCola"]},{"damage_healed":0.0,"max_hp_gain":0.0,"max_hp_loss":0.0,"gold_gain":0.0,"event_name":"Back to Basics","player_choice":"Simplicity","floor":20.0,"gold_loss":0.0,"damage_taken":0.0,"cards_upgraded":[]},{"damage_healed":0.0,"max_hp_gain":0.0,"max_hp_loss":0.0,"gold_gain":0.0,"event_name":"Vampires","player_choice":"Ignored","floor":25.0,"gold_loss":0.0,"damage_taken":0.0},{"damage_healed":0.0,"max_hp_gain":0.0,"max_hp_loss":0.0,"gold_gain":0.0,"event_name":"The Mausoleum","player_choice":"Opened","floor":29.0,"gold_loss":0.0,"damage_taken":0.0,"relics_obtained":["War Paint"],"cards_obtained":["Writhe"]},{"damage_healed":0.0,"max_hp_gain":0.0,"max_hp_loss":0.0,"gold_gain":333.0,"event_name":"The Moai Head","player_choice":"Gave Idol","floor":36.0,"relics_lost":["Golden Idol"],"gold_loss":0.0,"damage_taken":0.0},{"damage_healed":0.0,"max_hp_gain":0.0,"max_hp_loss":0.0,"gold_gain":50.0,"event_name":"Golden Shrine","player_choice":"Pray","floor":37.0,"gold_loss":0.0,"damage_taken":0.0},{"damage_healed":0.0,"max_hp_gain":0.0,"max_hp_loss":0.0,"gold_gain":0.0,"event_name":"MindBloom","player_choice":"Heal","floor":45.0,"gold_loss":0.0,"damage_taken":0.0,"cards_obtained":["Doubt"]}],"is_beta":false,"boss_relics":[{"not_picked":["Astrolabe","Ectoplasm"],"picked":"Philosopher\u0027s Stone"},{"not_picked":["Calling Bell","Snecko Eye"],"picked":"sagemod:Falmels_Amulet"}],"items_purged_floors":[],"is_endless":false,"potions_floor_spawned":[2,6,16,22,23,28,38,40,44,47,55],"killed_by":"The Heart","ascension_level":20}}