{"host":"7fyy23rucerupe6i","time":1611036895,"event":{"mods":["AchievementEnabler","Act Like it!","BaseMod","BetterRewards","Colored Map","Colored Powertips","Conspire","Custom Start","Downfall","Marisa£®ÏF”Í°°ƒß¿Ì…≥£©","Minty Spire (QoL Compilation)","Quick Restart","Shop Mod","Spicy Shops","StSLib","SuperFastMode","The Factory","The Jungle","UnlockEverythingMod"],"gold_per_floor":[99,117,117,117,217,229,253,253,272,32,57,57,72,82,96,200,200,200,210,210,228,246,277,277,287,34,34,45,57,157,182,194,297,297,297,312,328,378,83,176,230,124,174,203,203,236,299,314,332,332,332],"floor_reached":50,"language":"ZHS","playtime":3470,"items_purged":["Regret"],"score":746,"play_id":"a0fff029-ca5b-45f2-b536-c3e6586d5db5","local_time":"20210119141455","is_ascension_mode":false,"campfire_choices":[{"data":"sneckomod:SnekBite","floor":1.0,"key":"SMITH"},{"data":"sneckomod:MorePower","floor":18.0,"key":"SMITH"},{"data":"sneckomod:Mudshield","floor":35.0,"key":"SMITH"},{"data":"sneckomod:Unknown3Cost","floor":45.0,"key":"SMITH"}],"circlet_count":0,"master_deck":["conspire:GhostlyStrike+1","conspire:GhostlyStrike","conspire:GhostlyDefend+1","conspire:GhostlyDefend","conspire:GhostlyDefend","sneckomod:TailWhip","sneckomod:SnekBite+1","sneckomod:Unknown","sneckomod:Unknown","sneckomod:QuickBite","sneckomod:Unknown3Cost+1","sneckomod:DiceCrush+1","sneckomod:UnknownX","sneckomod:UnknownRareAttack+1","sneckomod:MixItUp+1","sneckomod:MorePower+1","sneckomod:UnknownWeak+1","sneckomod:UnknownUncommonPower+1","sneckomod:UnknownUncommonAttack+1","sneckomod:UnknownBlock+1","sneckomod:UnknownStrength+1","sneckomod:QuickMove+1","sneckomod:Restock+1","sneckomod:Unknown3Cost+1","sneckomod:TrashToTreasure","sneckomod:SoulRoll+1","sneckomod:UnknownBlock+1","sneckomod:UnknownClassPURPLE+1","sneckomod:Mudshield+1","sneckomod:UnknownDraw","sneckomod:UnknownBoss+1","sneckomod:Mudshield","sneckomod:Unknown3Cost+1","sneckomod:SoulCleanse","sneckomod:UnknownStrength+1","sneckomod:QuickMove+1","sneckomod:UnknownRarePower+1","sneckomod:UnknownBlock+1","sneckomod:UnknownClassMARISA_COLOR+1","sneckomod:UnknownRarePower","sneckomod:UnknownDraw"],"relics":["conspire:SpecialSausage","sneckomod:BlankCard","Molten Egg 2","Bag of Preparation","champ:Barbells","Anchor","Coffee Dripper","Slimebound:StickyStick","hexamod:CandleOfCauterizing","HornCleat","Nilry\u0027s Codex","downfall:CloakOfManyFaces","CultistMask","FaceOfCleric","NlothsMask","GremlinMask","SsserpentHead","sneckomod:LoadedDie","Black Star","Ornamental Fan","MerchantsRug","conspire:Dentures","Incense Burner","Strawberry","Potion Belt","Ancient Tea Set","Letter Opener","Pen Nib","Smiling Mask"],"acts_visited":["Exordium","TheCity","TheBeyond"],"potions_floor_usage":[50],"damage_taken":[{"damage":3.0,"enemies":"Jaw Worm","floor":2.0,"turns":3.0},{"damage":7.0,"enemies":"2 Louse","floor":6.0,"turns":2.0},{"damage":6.0,"enemies":"Cultist","floor":9.0,"turns":3.0},{"damage":3.0,"enemies":"downfall:FleeingMerchant","floor":10.0,"turns":4.0},{"damage":13.0,"enemies":"Lagavulin","floor":11.0,"turns":5.0},{"damage":0.0,"enemies":"Exordium Wildlife","floor":13.0,"turns":1.0},{"damage":36.0,"enemies":"Gremlin Gang","floor":14.0,"turns":4.0},{"damage":0.0,"enemies":"2 Fungi Beasts","floor":15.0,"turns":2.0},{"damage":35.0,"enemies":"DF_ARCHETYPE_STREAMLINE","floor":16.0,"turns":5.0},{"damage":18.0,"enemies":"Shell Parasite","floor":19.0,"turns":3.0},{"damage":0.0,"enemies":"Chosen","floor":21.0,"turns":2.0},{"damage":21.0,"enemies":"Snake Plant","floor":22.0,"turns":3.0},{"damage":12.0,"enemies":"Book of Stabbing","floor":23.0,"turns":3.0},{"damage":0.0,"enemies":"Cultist and Chosen","floor":25.0,"turns":6.0},{"damage":0.0,"enemies":"downfall:FleeingMerchant","floor":26.0,"turns":4.0},{"damage":0.0,"enemies":"Snecko","floor":28.0,"turns":3.0},{"damage":0.0,"enemies":"Centurion and Healer","floor":29.0,"turns":4.0},{"damage":1.0,"enemies":"downfall:FaceTrader","floor":30.0,"turns":4.0},{"damage":0.0,"enemies":"Gremlin Leader","floor":31.0,"turns":4.0},{"damage":3.0,"enemies":"Shelled Parasite and Fungi","floor":32.0,"turns":3.0},{"damage":29.0,"enemies":"IC_MUSHROOM_ARCHETYPE","floor":33.0,"turns":6.0},{"damage":22.0,"enemies":"3 Darklings","floor":36.0,"turns":5.0},{"damage":0.0,"enemies":"3 Shapes","floor":37.0,"turns":3.0},{"damage":0.0,"enemies":"downfall:FleeingMerchant","floor":39.0,"turns":4.0},{"damage":21.0,"enemies":"conspire:MimicChest","floor":40.0,"turns":6.0},{"damage":3.0,"enemies":"Reptomancer","floor":44.0,"turns":6.0},{"damage":14.0,"enemies":"Giant Head","floor":46.0,"turns":6.0},{"damage":15.0,"enemies":"3 Darklings","floor":47.0,"turns":4.0},{"damage":7.0,"enemies":"Jaw Worm Horde","floor":48.0,"turns":2.0},{"damage":5.0,"enemies":"Writhing Mass","floor":49.0,"turns":3.0},{"damage":0,"enemies":"WA_ARCHETYPE_DIVINITY","floor":50,"turns":1}],"seed_played":"-6220374144130954594","potions_obtained":[{"floor":2.0,"key":"ColorlessPotion"},{"floor":11.0,"key":"GamblersBrew"},{"floor":13.0,"key":"LiquidMemories"},{"floor":19.0,"key":"Fire Potion"},{"floor":22.0,"key":"SneckoOil"},{"floor":23.0,"key":"BlessingOfTheForge"},{"floor":37.0,"key":"DuplicationPotion"},{"floor":40.0,"key":"bronze:BurnAndBuffPotion"},{"floor":47.0,"key":"PowerPotion"}],"is_trial":false,"path_per_floor":["R","M","?","?","?","M","T","T","M","$","E","?","M","M","M","B",null,"R","M","?","M","M","E","T","M","$","?","M","M","?","E","M","B",null,"R","M","M","T","$","?","T","$","?","E","R","E","M","M","M","B"],"character_chosen":"THE_SNECKO","items_purchased":["champ:Barbells","HornCleat","Ornamental Fan","MerchantsRug","conspire:Dentures","Potion Belt"],"campfire_rested":0,"item_purchase_floors":[10,26,39,39,39,42],"current_hp_per_floor":[90,87,87,75,75,68,68,68,62,59,46,46,46,30,30,9,90,90,72,72,76,55,43,43,43,43,27,27,27,33,34,32,4,93,93,86,95,95,96,76,83,83,83,81,81,68,54,64,60,60,60],"gold":332,"neow_bonus":"BOSS_RELIC","is_daily":false,"chose_seed":false,"campfire_upgraded":4,"win_rate":0.0,"timestamp":1611036895,"path_taken":["R","M","?","?","?","?","T","?","?","?","E","?","M","M","M","BOSS","R","M","?","?","M","E","T","M","$","?","M","M","?","E","M","BOSS","R","M","M","?","$","?","T","?","?","E","R","E","?","M","M","BOSS"],"items_purchased_type":["Relic","Relic","Relic","Relic","Relic","Relic"],"build_version":"2020-12-22","purchased_purges":1,"victory":false,"max_hp_per_floor":[90,90,90,90,90,90,90,90,90,90,90,90,90,90,90,90,90,90,90,90,90,90,90,90,90,90,90,90,90,90,91,92,93,93,93,94,95,95,96,97,104,104,104,105,105,106,107,108,109,109,109],"card_choices":[{"not_picked":["sneckomod:RainOfDice","sneckomod:Unknown1Cost"],"picked":"sneckomod:QuickBite","floor":2.0},{"not_picked":["sneckomod:SnekBeam+1","sneckomod:WideSting+1"],"picked":"sneckomod:Unknown3Cost","floor":6.0},{"not_picked":["sneckomod:UnknownBlock","sneckomod:DefensiveFlair"],"picked":"sneckomod:DiceCrush+1","floor":9.0},{"not_picked":["sneckomod:QuickMove","sneckomod:DiceBlock"],"picked":"sneckomod:UnknownX","floor":10.0},{"not_picked":["sneckomod:ImprovisedGuard","sneckomod:DiceCrush+1"],"picked":"sneckomod:UnknownRareAttack+1","floor":11.0},{"not_picked":["sneckomod:RainOfDice+1","sneckomod:UnknownX","sneckomod:SoulRoll"],"picked":"SKIP","floor":13.0},{"not_picked":["sneckomod:UnknownExhaust","sneckomod:WideSting+1"],"picked":"sneckomod:MixItUp+1","floor":14.0},{"not_picked":["sneckomod:UnendingSupply","sneckomod:DiceBlock","sneckomod:UnknownX"],"picked":"SKIP","floor":15.0},{"not_picked":["sneckomod:SoulExchange","sneckomod:UnknownRareSkill"],"picked":"sneckomod:MorePower","floor":16.0},{"not_picked":["sneckomod:UnknownClassSLIMEBOUND+1","sneckomod:UnknownBlock+1"],"picked":"sneckomod:UnknownWeak+1","floor":19.0},{"not_picked":["sneckomod:IronFang+1","sneckomod:QuickMove"],"picked":"sneckomod:UnknownUncommonPower","floor":19.0},{"not_picked":["sneckomod:RainOfDice+1","sneckomod:DefensiveFlair"],"picked":"sneckomod:UnknownUncommonAttack+1","floor":21.0},{"not_picked":["sneckomod:UnknownCommonAttack+1","sneckomod:UnknownDraw+1"],"picked":"sneckomod:UnknownBlock+1","floor":22.0},{"not_picked":["sneckomod:UnknownClassBLUE","sneckomod:QuickBite+1","sneckomod:UnknownDexterity"],"picked":"SKIP","floor":22.0},{"not_picked":["sneckomod:UnknownClassBLUE+1","sneckomod:UnknownVulnerable+1"],"picked":"sneckomod:UnknownStrength+1","floor":23.0},{"not_picked":["sneckomod:UnknownCommonSkill","sneckomod:Memorize"],"picked":"sneckomod:QuickMove+1","floor":23.0},{"not_picked":["sneckomod:UnknownX","sneckomod:Unknown1Cost"],"picked":"sneckomod:Restock","floor":25.0},{"not_picked":["sneckomod:Unknown1Cost+1","sneckomod:UnknownVulnerable+1","sneckomod:UnknownX+1"],"picked":"SKIP","floor":25.0},{"not_picked":["sneckomod:Unknown1Cost+1","sneckomod:UnknownColorless+1"],"picked":"sneckomod:Unknown3Cost+1","floor":26.0},{"not_picked":["sneckomod:UnknownClassBLUE+1","sneckomod:Nope"],"picked":"sneckomod:TrashToTreasure","floor":26.0},{"not_picked":["sneckomod:UnknownUncommonAttack+1","sneckomod:Unknown1Cost+1"],"picked":"sneckomod:SoulRoll+1","floor":28.0},{"not_picked":["sneckomod:UnknownExhaust+1","sneckomod:UnknownWeak+1"],"picked":"sneckomod:UnknownBlock+1","floor":29.0},{"not_picked":["sneckomod:Unknown1Cost","sneckomod:QuickMove","sneckomod:UnknownUncommonSkill+1"],"picked":"SKIP","floor":29.0},{"not_picked":["sneckomod:Unknown1Cost+1","sneckomod:UnknownStrike+1"],"picked":"sneckomod:UnknownClassPURPLE+1","floor":30.0},{"not_picked":["sneckomod:UnknownClassRED","sneckomod:UnknownCommonAttack+1"],"picked":"sneckomod:Mudshield","floor":30.0},{"not_picked":["sneckomod:Unknown1Cost","sneckomod:Rotation"],"picked":"sneckomod:UnknownDraw","floor":31.0},{"not_picked":["sneckomod:UnknownUncommonSkill","sneckomod:UnknownWeak","sneckomod:UnknownCommonAttack+1"],"picked":"SKIP","floor":32.0},{"not_picked":["sneckomod:UnknownExhaust+1","sneckomod:UnknownRarePower+1"],"picked":"sneckomod:UnknownBoss+1","floor":33.0},{"not_picked":["sneckomod:SerpentMind","sneckomod:Restock"],"picked":"sneckomod:Mudshield","floor":33.0},{"not_picked":["sneckomod:UnknownClassHEXA_GHOST_PURPLE+1","sneckomod:UnknownClassTHE_CHAMP_GRAY+1"],"picked":"sneckomod:Unknown3Cost+1","floor":36.0},{"not_picked":["sneckomod:UnknownStrength","sneckomod:QuickMove"],"picked":"sneckomod:SoulCleanse","floor":36.0},{"not_picked":["sneckomod:RainOfDice+1","sneckomod:SoulRoll+1","sneckomod:IronFang+1"],"picked":"SKIP","floor":37.0},{"not_picked":["sneckomod:UnknownClassBLUE+1","sneckomod:UnknownX+1"],"picked":"sneckomod:UnknownStrength+1","floor":39.0},{"not_picked":["sneckomod:UnknownCommonSkill","sneckomod:UnknownCommonAttack+1"],"picked":"sneckomod:QuickMove+1","floor":39.0},{"not_picked":["sneckomod:UnknownVulnerable+1","sneckomod:UnknownDexterity+1"],"picked":"sneckomod:UnknownRarePower+1","floor":44.0},{"not_picked":["sneckomod:SnekBeam+1","sneckomod:Nope"],"picked":"sneckomod:UnknownBlock+1","floor":44.0},{"not_picked":["sneckomod:UnknownCommonSkill","sneckomod:Unknown1Cost","sneckomod:Nope+1"],"picked":"SKIP","floor":46.0},{"not_picked":["sneckomod:UnknownCommonAttack+1","sneckomod:Unknown1Cost+1"],"picked":"sneckomod:UnknownClassMARISA_COLOR+1","floor":47.0},{"not_picked":["sneckomod:IronFang+1","sneckomod:Unknown0Cost+1","sneckomod:UnknownBlock"],"picked":"SKIP","floor":47.0},{"not_picked":["sneckomod:WideSting+1","sneckomod:UnknownBlock"],"picked":"sneckomod:UnknownRarePower","floor":48.0},{"not_picked":["sneckomod:UnknownColorless+1","sneckomod:UnknownStrike+1","sneckomod:UnknownClassPURPLE+1"],"picked":"SKIP","floor":48.0},{"not_picked":["sneckomod:IronFang+1","sneckomod:QuickMove"],"picked":"sneckomod:UnknownDraw","floor":49.0}],"player_experience":345734,"relics_obtained":[{"floor":7.0,"key":"Bag of Preparation"},{"floor":8.0,"key":"Dream Catcher"},{"floor":11.0,"key":"Anchor"},{"floor":23.0,"key":"Slimebound:StickyStick"},{"floor":24.0,"key":"hexamod:CandleOfCauterizing"},{"floor":27.0,"key":"Nilry\u0027s Codex"},{"floor":30.0,"key":"downfall:CloakOfManyFaces"},{"floor":31.0,"key":"sneckomod:LoadedDie"},{"floor":40.0,"key":"Incense Burner"},{"floor":41.0,"key":"Strawberry"},{"floor":44.0,"key":"Ancient Tea Set"},{"floor":44.0,"key":"Letter Opener"},{"floor":46.0,"key":"Pen Nib"},{"floor":46.0,"key":"Smiling Mask"}],"event_choices":[{"damage_healed":0.0,"max_hp_gain":0.0,"max_hp_loss":0.0,"gold_gain":0.0,"event_name":"Big Fish","player_choice":"Box","floor":3.0,"gold_loss":0.0,"damage_taken":0.0,"relics_obtained":["sneckomod:BlankCard"],"cards_obtained":["Regret"]},{"damage_healed":0.0,"max_hp_gain":0.0,"max_hp_loss":0.0,"gold_gain":0.0,"event_name":"Scrap Ooze","player_choice":"Success","floor":4.0,"gold_loss":0.0,"damage_taken":12.0,"relics_obtained":["Molten Egg 2"]},{"damage_healed":0.0,"max_hp_gain":0.0,"max_hp_loss":0.0,"gold_gain":0.0,"event_name":"conspire:LoneGhost","player_choice":"Agree","floor":12.0,"gold_loss":0.0,"damage_taken":0.0},{"damage_healed":0.0,"max_hp_gain":0.0,"max_hp_loss":0.0,"gold_gain":0.0,"event_name":"NoteForYourself","player_choice":"Ignored","floor":20.0,"gold_loss":0.0,"damage_taken":0.0},{"damage_healed":0.0,"max_hp_gain":0.0,"max_hp_loss":0.0,"gold_gain":0.0,"event_name":"Accursed Blacksmith","player_choice":"Forge","floor":43.0,"gold_loss":0.0,"damage_taken":0.0,"cards_upgraded":["sneckomod:Restock"]}],"is_beta":false,"boss_relics":[{"not_picked":["Busted Crown","Astrolabe"],"picked":"Coffee Dripper"},{"not_picked":["conspire:SeveredTorchhead","Philosopher\u0027s Stone"],"picked":"Black Star"}],"items_purged_floors":[10],"is_endless":false,"potions_floor_spawned":[2,11,13,19,22,23,28,30,37,40,47,48],"killed_by":"WA_ARCHETYPE_DIVINITY","ascension_level":0}}