{"host":"few9iyaxiywls251","time":1611097661,"event":{"mods":["BaseMod","Bestiary","Curses Come First","Highlight Path","Minty Spire (QoL Compilation)","Shop Mod","StSLib","The Marked"],"gold_per_floor":[109,109,10,21,21,32,47,47,100,131,145,172,172,172,172,273,273,283,106,119,479,354,374,405,405,405,405,405,405,405,405],"floor_reached":30,"language":"ENG","playtime":2278,"items_purged":["Defend_P","Wireheading+1","Defend_P"],"score":356,"play_id":"4eee2cf1-ad8a-4dd0-80b0-7889cacf9aba","local_time":"20210119170741","is_ascension_mode":false,"campfire_choices":[{"data":"CutThroughFate","floor":8,"key":"SMITH"},{"data":"InnerPeace","floor":13,"key":"SMITH"},{"data":"Wireheading","floor":15,"key":"SMITH"},{"data":"Ragnarok","floor":27,"key":"SMITH"},{"data":"SpiritShield","floor":29,"key":"SMITH"}],"circlet_count":0,"master_deck":["Strike_P","Strike_P","Strike_P","Strike_P","Defend_P","Eruption+1","Vigilance","BowlingBash+1","Evaluate+1","CutThroughFate+1","InnerPeace+1","Ragnarok+1","Wallop+1","BattleHymn","SpiritShield+1"],"relics":["PureWater","Bag of Preparation","Bottled Flame","Runic Pyramid","Tiny Chest","Pear","Nloth\u0027s Gift"],"acts_visited":["Exordium","TheCity"],"potions_floor_usage":[7,16,18,24],"damage_taken":[{"damage":0,"enemies":"Jaw Worm","floor":1,"turns":3},{"damage":0,"enemies":"Cultist","floor":4,"turns":4},{"damage":4,"enemies":"2 Louse","floor":6,"turns":3},{"damage":35,"enemies":"Exordium Thugs","floor":7,"turns":3},{"damage":0,"enemies":"Gremlin Nob","floor":10,"turns":2},{"damage":0,"enemies":"3 Louse","floor":11,"turns":1},{"damage":12,"enemies":"3 Sentries","floor":12,"turns":3},{"damage":0,"enemies":"Slime Boss","floor":16,"turns":5},{"damage":0,"enemies":"Shell Parasite","floor":18,"turns":4},{"damage":0,"enemies":"Spheric Guardian","floor":20,"turns":2},{"damage":0,"enemies":"Centurion and Healer","floor":23,"turns":3},{"damage":13,"enemies":"Gremlin Leader","floor":24,"turns":3},{"damage":29,"enemies":"Slavers","floor":30,"turns":6}],"seed_played":"2291990846832325974","potions_obtained":[{"floor":4,"key":"Fruit Juice"},{"floor":7,"key":"BottledMiracle"},{"floor":10,"key":"Block Potion"},{"floor":20,"key":"BottledMiracle"},{"floor":23,"key":"LiquidBronze"}],"is_trial":false,"path_per_floor":["M","?","$","M","?","M","M","R","T","E","M","E","R","?","R","B",null,"M","$","M","?","$","M","E","?","T","R","?","R","E"],"character_chosen":"WATCHER","items_purchased":["Evaluate","BattleHymn"],"campfire_rested":0,"item_purchase_floors":[3,19],"current_hp_per_floor":[72,72,72,72,72,68,38,38,38,45,45,33,33,26,26,26,84,84,84,84,48,48,48,35,19,29,29,29,29,0,0],"gold":405,"neow_bonus":"UPGRADE_CARD","is_daily":false,"chose_seed":false,"campfire_upgraded":5,"win_rate":0.0,"timestamp":1611097661,"path_taken":["M","?","?","M","?","M","M","R","T","E","M","E","R","?","R","BOSS","M","$","M","?","?","M","E","?","T","R","?","R","E"],"items_purchased_type":["Card","Card"],"build_version":"2020-12-22","purchased_purges":3,"victory":false,"max_hp_per_floor":[72,72,72,72,72,72,77,77,77,84,84,84,84,84,84,84,84,84,84,84,84,84,84,84,89,99,99,99,99,99,99],"card_choices":[{"not_picked":["Consecrate","SashWhip"],"picked":"BowlingBash","floor":1},{"not_picked":["Evaluate","Meditate"],"picked":"Wireheading","floor":4},{"not_picked":["EmptyFist","Nirvana","Wireheading"],"picked":"SKIP","floor":6},{"not_picked":["CrushJoints","Omniscience"],"picked":"CutThroughFate","floor":7},{"not_picked":["CarveReality","Prostrate"],"picked":"InnerPeace","floor":10},{"not_picked":["Halt","WaveOfTheHand","CutThroughFate"],"picked":"SKIP","floor":11},{"not_picked":["ThirdEye","SandsOfTime","FlyingSleeves"],"picked":"SKIP","floor":12},{"not_picked":["Establishment","Brilliance"],"picked":"Ragnarok","floor":16},{"not_picked":["CrushJoints","Evaluate"],"picked":"Wallop+1","floor":18},{"not_picked":["Consecrate","JustLucky","WheelKick+1"],"picked":"SKIP","floor":20},{"not_picked":["ForeignInfluence","FollowUp","ConjureBlade"],"picked":"SKIP","floor":23},{"not_picked":["PathToVictory","TalkToTheHand"],"picked":"SpiritShield","floor":24}],"player_experience":121902,"relics_obtained":[{"floor":9,"key":"Bag of Preparation"},{"floor":10,"key":"Strawberry"},{"floor":12,"key":"Bottled Flame"},{"floor":24,"key":"Tiny Chest"},{"floor":26,"key":"Pear"}],"event_choices":[{"damage_healed":0,"gold_gain":0,"player_choice":"Forge","damage_taken":0,"max_hp_gain":0,"max_hp_loss":0,"event_name":"Accursed Blacksmith","floor":2,"gold_loss":0,"cards_upgraded":["BowlingBash"]},{"damage_healed":0,"gold_gain":0,"player_choice":"Grow","damage_taken":0,"max_hp_gain":0,"max_hp_loss":0,"event_name":"Living Wall","floor":5,"gold_loss":0,"cards_upgraded":["Evaluate"]},{"cards_removed":["Defend_P"],"damage_healed":0,"gold_gain":0,"player_choice":"Card Removal","damage_taken":7,"max_hp_gain":0,"max_hp_loss":0,"event_name":"Golden Wing","floor":14,"gold_loss":0},{"damage_healed":0,"gold_gain":360,"player_choice":"GOLD GOLD GOLD GOLD ","damage_taken":36,"max_hp_gain":0,"max_hp_loss":0,"event_name":"Knowing Skull","floor":21,"potions_obtained":[],"gold_loss":0,"cards_obtained":[]},{"damage_healed":0,"gold_gain":0,"player_choice":"Shed Blood","damage_taken":21,"max_hp_gain":5,"max_hp_loss":0,"event_name":"Forgotten Altar","floor":25,"gold_loss":0},{"damage_healed":0,"gold_gain":0,"player_choice":"Traded Relic","damage_taken":0,"relics_obtained":["Nloth\u0027s Gift"],"max_hp_gain":0,"max_hp_loss":0,"event_name":"N\u0027loth","floor":28,"relics_lost":["Strawberry"],"gold_loss":0}],"is_beta":false,"boss_relics":[{"not_picked":["Calling Bell","Black Star"],"picked":"Runic Pyramid"}],"items_purged_floors":[3,19,22],"is_endless":false,"potions_floor_spawned":[4,7,10,20,23],"killed_by":"Slavers","ascension_level":0}}