{"host":"5tnmlfm2arf82kze","time":1611052189,"event":{"mods":["Act Like it!","Arknights The Spire","BaseMod","CapriCore","Colored Powertips","Gensokyo","Minty Spire (QoL Compilation)","MostiFishMod","Remilia（蕾米莉亚）","Replay The Spire","RumiaBox-露米娅的神秘盒子","Shop Mod","Spicy Shops","StSLib","Waifu the Spire","Yuyuko","【功能Mod】聪明的最终Boss"],"gold_per_floor":[116,116,136,2,22,54,54,74,74,74,88,118,118,118,118,118,118],"floor_reached":16,"language":"ZHS","playtime":1350,"items_purged":[],"score":135,"play_id":"51859e02-ce82-4c77-9cd1-aa77245906c7","local_time":"20210119182949","is_ascension_mode":false,"campfire_choices":[{"floor":7,"key":"RECALL"},{"data":"ats:Burning Ground","floor":15,"key":"SMITH"}],"circlet_count":0,"master_deck":["ats:Strike C+1","ats:Strike G+1","ats:Strike S","ats:Strike V+1","ats:Armor Crushing Shot","ats:Defend","ats:Defend+1","ats:Defend+1","ats:Defend+1","ats:Emotion Absorption","ats:Burning Ground+1","ats:Assault Order+1","Gensokyo:RustyChest","ats:Shell Defense","ats:Flexible Camouflage","ats:Ignite","ats:Support Order","ats:Steam Pump","Gensokyo:CrescentMoonSlash"],"relics":["ats:Sanity","DaveBox","DSteel32","Gensokyo:OccultBall","ats:Originium","Nunchaku","HornCleat","Mango","Bottled Tornado"],"acts_visited":["Gensokyo:Gensokyo"],"potions_floor_usage":[8],"damage_taken":[{"damage":6,"enemies":"Gensokyo:Gryphon","floor":1,"turns":4},{"damage":9,"enemies":"Gensokyo:Python","floor":3,"turns":4},{"damage":4,"enemies":"Gensokyo:3_Fairies","floor":5,"turns":4},{"damage":36,"enemies":"Gensokyo:Cirno","floor":6,"turns":8},{"damage":15,"enemies":"Gensokyo:LivingMonolith","floor":8,"turns":4},{"damage":11,"enemies":"Gensokyo:3_Kodama","floor":11,"turns":4},{"damage":44,"enemies":"Gensokyo:Aya","floor":12,"turns":10},{"damage":69,"enemies":"Gensokyo:Kokoro","floor":16,"turns":13}],"seed_played":"-3044245100523824428","potions_obtained":[{"floor":3,"key":"SpeedPotion"},{"floor":6,"key":"Block Potion"},{"floor":12,"key":"FearPotion"}],"is_trial":false,"path_per_floor":["M","?","M","COS","M","E","R","M","T","$","M","E","?","?","R","B"],"character_chosen":"DOCTOR_CLASS","items_purchased":[],"campfire_rested":0,"item_purchase_floors":[],"current_hp_per_floor":[66,66,57,57,53,20,20,8,22,22,11,52,60,46,46,0,0],"gold":118,"neow_bonus":"ONE_RANDOM_RARE_CARD","is_daily":false,"chose_seed":false,"campfire_upgraded":1,"win_rate":0.0,"timestamp":1611052189,"path_taken":["M","?","M","COS","M","E","R","M","T","$","M","E","?","?","R","BOSS"],"items_purchased_type":[],"build_version":"2020-12-22","purchased_purges":0,"victory":false,"max_hp_per_floor":[72,72,72,72,72,72,72,72,86,86,86,86,94,94,94,94,94],"card_choices":[{"not_picked":["ats:Childhood Dance","ats:Flexible Camouflage"],"picked":"ats:Burning Ground","floor":1},{"not_picked":["ats:Leaping Hammer","ats:Explosion Area Strengthen"],"picked":"ats:Assault Order","floor":3},{"not_picked":["ats:Leaping Hammer","ats:Cat Scratch"],"picked":"ats:Shell Defense","floor":5},{"not_picked":["ats:Hammer On","ats:Apocalypse"],"picked":"ats:Flexible Camouflage","floor":6},{"not_picked":["ats:Rapid Magazine","ats:Consecutive Shot Auto"],"picked":"ats:Ignite","floor":8},{"not_picked":["ats:Cat Scratch","ats:LN2 Cannon"],"picked":"ats:Support Order","floor":11},{"not_picked":["ats:Flexible Camouflage","ats:Ignite"],"picked":"ats:Steam Pump","floor":12}],"player_experience":222276,"relics_obtained":[{"floor":6,"key":"ats:Originium"},{"floor":6,"key":"Nunchaku"},{"floor":9,"key":"Mango"},{"floor":12,"key":"ats:Originium"},{"floor":12,"key":"Bottled Tornado"}],"event_choices":[],"is_beta":false,"boss_relics":[],"items_purged_floors":[],"is_endless":false,"potions_floor_spawned":[3,6,12],"killed_by":"Gensokyo:Kokoro","ascension_level":0}}