{"host":"hszimsrtxxc2k25w","time":1611093801,"event":{"mods":["AchievementEnabler","BaseMod","Colored Map","DeckTracker","Minty Spire (QoL Compilation)","Rare Cards Sparkle","SuperFastMode"],"gold_per_floor":[111,36,54,20,20,52,64,108,169,199,224,248,260,272,284,391,403,425,450,215,233,252,252,252,252],"floor_reached":24,"language":"KOR","playtime":579,"items_purged":["Strike_P","Defend_P"],"score":373,"play_id":"503ce180-f16a-4ccf-9ed5-ddb5fe9a3844","local_time":"20210120070321","is_ascension_mode":true,"campfire_choices":[{"data":"Eruption","floor":7,"key":"SMITH"},{"floor":13,"key":"REST"},{"floor":15,"key":"REST"},{"floor":23,"key":"REST"}],"circlet_count":0,"master_deck":["AscendersBane","Strike_P","Strike_P","Strike_P","Defend_P+1","Defend_P","Defend_P+1","Eruption+1","Vigilance","MentalFortress","Tantrum","FlurryOfBlows","LessonLearned","FlurryOfBlows","WheelKick","Halt","Ragnarok"],"relics":["PureWater","NeowsBlessing","PreservedInsect","MawBank","Blood Vial","Happy Flower","Ginger","Sozu","Regal Pillow"],"acts_visited":["Exordium","TheCity"],"potions_floor_usage":[16,21],"damage_taken":[{"damage":0,"enemies":"Cultist","floor":1,"turns":1},{"damage":0,"enemies":"Jaw Worm","floor":3,"turns":1},{"damage":0,"enemies":"Gremlin Nob","floor":6,"turns":1},{"damage":35,"enemies":"3 Sentries","floor":8,"turns":5},{"damage":4,"enemies":"Small Slimes","floor":10,"turns":2},{"damage":0,"enemies":"2 Fungi Beasts","floor":11,"turns":1},{"damage":13,"enemies":"Large Slime","floor":12,"turns":3},{"damage":42,"enemies":"The Guardian","floor":16,"turns":11},{"damage":9,"enemies":"Shell Parasite","floor":18,"turns":2},{"damage":20,"enemies":"2 Thieves","floor":19,"turns":3},{"damage":0,"enemies":"Centurion and Healer","floor":21,"turns":7},{"damage":22,"enemies":"Sentry and Sphere","floor":22,"turns":5},{"damage":64,"enemies":"Gremlin Leader","floor":24,"turns":4}],"seed_played":"8728731073950097861","potions_obtained":[{"floor":1,"key":"Fire Potion"},{"floor":8,"key":"FearPotion"}],"is_trial":false,"path_per_floor":["M","$","M","$","?","E","R","E","T","M","M","M","R","T","R","B",null,"M","M","$","M","M","R","E"],"character_chosen":"WATCHER","items_purchased":["Tantrum","Regal Pillow"],"campfire_rested":3,"item_purchase_floors":[4,20],"current_hp_per_floor":[65,65,65,65,62,62,62,27,27,25,27,16,37,37,58,18,59,52,34,34,36,16,52,0,0],"gold":252,"neow_bonus":"THREE_ENEMY_KILL","is_daily":false,"chose_seed":false,"campfire_upgraded":1,"win_rate":0.0,"timestamp":1611093801,"path_taken":["M","$","M","$","?","E","R","E","T","M","M","M","R","?","R","BOSS","M","M","$","?","M","R","E"],"items_purchased_type":["Card","Relic"],"build_version":"2020-12-22","purchased_purges":2,"victory":false,"max_hp_per_floor":[72,72,72,72,72,72,72,72,72,72,72,72,72,72,72,72,72,72,72,72,72,72,72,72,72],"card_choices":[{"not_picked":["Perseverance","FlyingSleeves","ThirdEye"],"picked":"SKIP","floor":1},{"not_picked":["CarveReality","FlurryOfBlows"],"picked":"MentalFortress","floor":3},{"not_picked":["ReachHeaven","ThirdEye"],"picked":"FlurryOfBlows","floor":6},{"not_picked":["Crescendo","SashWhip"],"picked":"LessonLearned","floor":8},{"not_picked":["PathToVictory","CarveReality"],"picked":"FlurryOfBlows","floor":10},{"not_picked":["Prostrate","FollowUp"],"picked":"WheelKick","floor":11},{"not_picked":["ClearTheMind","Pray"],"picked":"Halt","floor":12},{"not_picked":["Devotion","DevaForm"],"picked":"Ragnarok","floor":16},{"not_picked":["Consecrate","Collect","Swivel"],"picked":"SKIP","floor":18},{"not_picked":["Weave","Tantrum","PathToVictory+1"],"picked":"SKIP","floor":19},{"not_picked":["Worship","ThirdEye","Protect+1"],"picked":"SKIP","floor":21},{"not_picked":["Tantrum","BattleHymn","Halt+1"],"picked":"SKIP","floor":22}],"player_experience":626794,"relics_obtained":[{"floor":6,"key":"MawBank"},{"floor":8,"key":"Blood Vial"},{"floor":9,"key":"Happy Flower"},{"floor":14,"key":"Ginger"}],"event_choices":[{"damage_healed":0,"gold_gain":0,"player_choice":"Success","damage_taken":3,"relics_obtained":["PreservedInsect"],"max_hp_gain":0,"max_hp_loss":0,"event_name":"Scrap Ooze","floor":5,"gold_loss":0}],"is_beta":false,"boss_relics":[{"not_picked":["SacredBark","Astrolabe"],"picked":"Sozu"}],"items_purged_floors":[2,20],"is_endless":false,"potions_floor_spawned":[1,8,10,11,19],"killed_by":"Gremlin Leader","ascension_level":12}}