{"host":"0997y4wz57mwz0jp","time":1611039390,"event":{"mods":["2.2 Compatiblity","AchievementEnabler","BaseMod","CapriCore","Hermit","Koishi","Marisa£¨Ùöéë¡¡Øª×âÞÞ£©","Minty Spire (QoL Compilation)","StSLib","The Cursed","The Dragon Tamer","The Gatherer","The Hierophant","The Immortal"],"gold_per_floor":[115,131,49,49,54,54,54,79,79,79,92,92,105,136,136,86,86],"floor_reached":16,"language":"KOR","playtime":1533,"items_purged":[],"score":118,"play_id":"2c72f70d-536e-4400-94b8-6592753048c0","local_time":"20210119155630","is_ascension_mode":false,"campfire_choices":[{"data":"hierophant:RepressedViolence","floor":6,"key":"SMITH"},{"floor":10,"key":"REST"},{"floor":15,"key":"REST"}],"circlet_count":0,"master_deck":["hierophant:Strike_Hierophant+1","hierophant:Strike_Hierophant","hierophant:Strike_Hierophant","hierophant:Strike_Hierophant","hierophant:Punish","hierophant:Defend_Hierophant","hierophant:Defend_Hierophant+1","hierophant:Defend_Hierophant","hierophant:Defend_Hierophant","hierophant:ChurchCoffers","hierophant:Patience","hierophant:RepressedViolence+1","hierophant:Zeal","hierophant:MorningPrayer","hierophant:PassingBell","Normality","hierophant:Encroach","hierophant:Sermon"],"relics":["hierophant:PropheticMaskRelic","Juzu Bracelet","Shuriken","PreservedInsect","The Courier","Blue Candle"],"acts_visited":["Exordium"],"potions_floor_usage":[16,16,16],"damage_taken":[{"damage":4,"enemies":"Small Slimes","floor":1,"turns":3},{"damage":1,"enemies":"Cultist","floor":2,"turns":3},{"damage":0,"enemies":"Jaw Worm","floor":5,"turns":3},{"damage":22,"enemies":"3 Sentries","floor":8,"turns":9},{"damage":5,"enemies":"Lagavulin","floor":11,"turns":6},{"damage":8,"enemies":"Gremlin Gang","floor":13,"turns":3},{"damage":23,"enemies":"3 Sentries","floor":14,"turns":7},{"damage":42,"enemies":"Hexaghost","floor":16,"turns":14}],"seed_played":"3520465104820050944","potions_obtained":[{"floor":1,"key":"PowerPotion"},{"floor":8,"key":"BlessingOfTheForge"},{"floor":11,"key":"Ancient Potion"},{"floor":14,"key":"Block Potion"}],"is_trial":false,"path_per_floor":["M","M","$","?","M","R","?","E","T","R","E","?","M","E","R","B"],"character_chosen":"HIEROPHANT","items_purchased":["Good Instincts"],"campfire_rested":2,"item_purchase_floors":[3],"current_hp_per_floor":[71,70,70,70,70,70,55,33,33,55,50,50,42,19,41,0,0],"gold":86,"neow_bonus":"RANDOM_COMMON_RELIC","is_daily":false,"chose_seed":false,"campfire_upgraded":1,"win_rate":0.0,"timestamp":1611039390,"path_taken":["M","M","$","?","M","R","?","E","T","R","E","?","M","E","R","BOSS"],"items_purchased_type":["Card"],"build_version":"2020-12-22","purchased_purges":0,"victory":false,"max_hp_per_floor":[75,75,75,75,75,75,75,75,75,75,75,75,75,75,75,75,75],"card_choices":[{"not_picked":["hierophant:AuricShield","hierophant:DisplayOfPower"],"picked":"hierophant:Patience","floor":1},{"not_picked":["hierophant:Shelter","hierophant:HolyVerse"],"picked":"hierophant:RepressedViolence","floor":2},{"not_picked":["hierophant:Exaltation","hierophant:FaithHealing"],"picked":"hierophant:Zeal","floor":5},{"not_picked":["hierophant:Martyrdom","hierophant:Mercenaries"],"picked":"hierophant:MorningPrayer","floor":8},{"not_picked":["hierophant:OrnateJavelin","hierophant:AuricBeam"],"picked":"hierophant:PassingBell","floor":11},{"not_picked":["hierophant:DeathKnell","hierophant:PassingBell"],"picked":"hierophant:Encroach","floor":13},{"not_picked":["hierophant:Doubloon","hierophant:FaithHealing"],"picked":"hierophant:Sermon","floor":14}],"player_experience":119102,"relics_obtained":[{"floor":8,"key":"Shuriken"},{"floor":9,"key":"PreservedInsect"},{"floor":11,"key":"The Courier"},{"floor":14,"key":"Blue Candle"}],"event_choices":[{"damage_healed":0,"gold_gain":0,"player_choice":"Ignored","damage_taken":0,"max_hp_gain":0,"max_hp_loss":0,"event_name":"Golden Wing","floor":4,"gold_loss":0},{"damage_healed":0,"gold_gain":0,"player_choice":"Entered Light","damage_taken":15,"max_hp_gain":0,"max_hp_loss":0,"event_name":"Shining Light","floor":7,"gold_loss":0,"cards_upgraded":["hierophant:Strike_Hierophant","hierophant:Defend_Hierophant"]},{"cards_removed":["Good Instincts"],"damage_healed":0,"gold_gain":0,"player_choice":"Took Card","damage_taken":0,"max_hp_gain":0,"max_hp_loss":0,"event_name":"NoteForYourself","floor":12,"gold_loss":0,"cards_obtained":["Normality"]}],"is_beta":false,"boss_relics":[],"items_purged_floors":[],"is_endless":false,"potions_floor_spawned":[1,8,11,14],"killed_by":"Hexaghost","ascension_level":0}}