{"host":"vrsxkkch9ccrec7k","time":1611020257,"event":{"mods":["Act Like it!","BaseMod","Bestiary","Better Sensory Stone","Better Third Choice","Better Vampires","Downfall","Minty Spire (QoL Compilation)","Permanent Neow","Relic Stats","Spicy Shops","StSLib"],"gold_per_floor":[99,116,134,134,134,151,205,205,233,38,188,188,188,188,188],"floor_reached":14,"language":"ENG","playtime":713,"items_purged":[],"score":103,"play_id":"d1c3edc6-6d53-4396-8d40-8d9295bdd5a8","local_time":"20210118203737","is_ascension_mode":true,"campfire_choices":[{"data":"sneckomod:SnekBite","floor":1,"key":"SMITH"}],"circlet_count":0,"master_deck":["sneckomod:Strike","sneckomod:Strike","sneckomod:Strike","sneckomod:Defend","sneckomod:Defend","sneckomod:Defend+1","sneckomod:TailWhip","sneckomod:SnekBite+1","sneckomod:Unknown+1","sneckomod:Unknown","sneckomod:Mudshield","sneckomod:SnakeSap","sneckomod:UnknownDexterity","sneckomod:SoulDraw","sneckomod:SoulRoll","sneckomod:UnknownUncommonPower","downfall:Icky","Flame Barrier"],"relics":["sneckomod:SneckoSoul","Potion Belt","War Paint","Guardian:BottledAnomaly","Ornamental Fan"],"acts_visited":["Exordium"],"potions_floor_usage":[],"damage_taken":[{"damage":0,"enemies":"2 Louse","floor":2,"turns":3},{"damage":0,"enemies":"Small Slimes","floor":3,"turns":3},{"damage":6,"enemies":"Cultist","floor":6,"turns":4},{"damage":53,"enemies":"3 Sentries","floor":9,"turns":12},{"damage":0,"enemies":"downfall:FleeingMerchant","floor":10,"turns":4},{"damage":38,"enemies":"Gremlin Nob","floor":14,"turns":4}],"seed_played":"1957382951939867480","potions_obtained":[],"is_trial":false,"path_per_floor":["R","M","M","?","?","M","T","?","E","$","?","R","T","E"],"character_chosen":"THE_SNECKO","items_purchased":["Guardian:BottledAnomaly","sneckomod:UnknownUncommonPower"],"campfire_rested":0,"item_purchase_floors":[10,10],"current_hp_per_floor":[90,90,90,87,87,81,81,86,33,33,33,33,33,0,0],"gold":188,"neow_bonus":"ONE_RANDOM_RARE_CARD","is_daily":false,"chose_seed":false,"campfire_upgraded":1,"win_rate":0.0,"timestamp":1611020257,"path_taken":["R","M","M","?","?","M","T","?","E","$","?","R","?","E"],"items_purchased_type":["Relic","Card"],"build_version":"2020-12-22","purchased_purges":0,"victory":false,"max_hp_per_floor":[90,90,90,90,90,90,90,95,95,95,95,95,95,95,95],"relic_stats":{"counters":[6,30],"Ornamental Fan":[0],"War Paint":["sneckomod:Unknown","sneckomod:Defend"],"obtain_stats":[{"Potion Belt":4,"Ornamental Fan":13,"War Paint":7,"Guardian:BottledAnomaly":10,"sneckomod:SneckoSoul":0},{"Potion Belt":2,"Ornamental Fan":5,"War Paint":3,"Guardian:BottledAnomaly":5,"sneckomod:SneckoSoul":0},{"Potion Belt":6,"Ornamental Fan":26,"War Paint":10,"Guardian:BottledAnomaly":26,"sneckomod:SneckoSoul":0}]},"card_choices":[{"not_picked":["sneckomod:Unknown1Cost","sneckomod:IronFang"],"picked":"sneckomod:SnakeSap","floor":2},{"not_picked":["sneckomod:UnknownCommonAttack","sneckomod:UnknownCommonSkill"],"picked":"sneckomod:UnknownDexterity","floor":3},{"not_picked":["sneckomod:Unknown0Cost","sneckomod:UnknownCommonAttack"],"picked":"sneckomod:SoulDraw","floor":6},{"not_picked":["sneckomod:UnknownBlock","sneckomod:Unknown1Cost"],"picked":"sneckomod:Unknown2Cost","floor":9},{"not_picked":["sneckomod:UnknownCommonSkill","sneckomod:DiceBoulder"],"picked":"sneckomod:SoulRoll","floor":10}],"player_experience":1617526,"relics_obtained":[{"floor":7,"key":"War Paint"},{"floor":13,"key":"Ornamental Fan"}],"event_choices":[{"damage_healed":0,"gold_gain":0,"player_choice":"Relic ","damage_taken":3,"max_hp_gain":0,"max_hp_loss":0,"event_name":"betterThird:BetterScrap","floor":4,"gold_loss":0,"cards_obtained":["Doom and Gloom"]},{"damage_healed":0,"gold_gain":0,"player_choice":"Donut","damage_taken":0,"max_hp_gain":5,"max_hp_loss":0,"event_name":"Big Fish","floor":8,"gold_loss":0}],"is_beta":false,"boss_relics":[],"items_purged_floors":[],"is_endless":false,"potions_floor_spawned":[],"killed_by":"Gremlin Nob","ascension_level":4}}