{"host":"d4km6p8r92tm3vpl","time":1611059694,"event":{"mods":["AchievementEnabler","BaseMod","Colored Map","Colored Powertips","DeckTracker","Minty Spire (QoL Compilation)","Relic Stats","StSLib"],"gold_per_floor":[117,130,130,140,152,152,180,194,219,248,248,265,285,140,140,240,240,250,250,250,266,266,266,266],"floor_reached":23,"language":"ENG","playtime":716,"items_purged":["Strike_G"],"score":325,"play_id":"653ade2c-ccf7-4d56-a5c8-7503c8e059ba","local_time":"20210119073454","is_ascension_mode":true,"campfire_choices":[{"data":"Dagger Spray","floor":6,"key":"SMITH"},{"floor":15,"key":"REST"}],"circlet_count":0,"master_deck":["AscendersBane","Strike_G+1","Strike_G","Strike_G+1","Strike_G","Defend_G","Defend_G","Defend_G","Defend_G","Defend_G","Survivor","Neutralize+1","Dagger Spray+1","Dagger Spray","Cloak And Dagger","Dagger Throw","Crippling Poison","Bouncing Flask+1","Dash","Acrobatics","Bane","Noxious Fumes","A Thousand Cuts","Backflip","Writhe"],"relics":["HoveringKite","Akabeko","Whetstone","Art of War","Velvet Choker","Juzu Bracelet","Eternal Feather"],"acts_visited":["Exordium","TheCity"],"potions_floor_usage":[7,10],"damage_taken":[{"damage":4,"enemies":"Cultist","floor":1,"turns":6},{"damage":1,"enemies":"Jaw Worm","floor":2,"turns":5},{"damage":0,"enemies":"Small Slimes","floor":4,"turns":2},{"damage":13,"enemies":"Exordium Thugs","floor":5,"turns":5},{"damage":19,"enemies":"Lagavulin","floor":7,"turns":9},{"damage":0,"enemies":"Looter","floor":8,"turns":3},{"damage":14,"enemies":"3 Sentries","floor":10,"turns":3},{"damage":0,"enemies":"Blue Slaver","floor":12,"turns":3},{"damage":0,"enemies":"Red Slaver","floor":13,"turns":4},{"damage":19,"enemies":"The Guardian","floor":16,"turns":9},{"damage":7,"enemies":"Spheric Guardian","floor":18,"turns":4},{"damage":2,"enemies":"3 Byrds","floor":21,"turns":4},{"damage":48,"enemies":"Slavers","floor":23,"turns":5}],"seed_played":"6981710402083894986","potions_obtained":[{"floor":2,"key":"SkillPotion"},{"floor":4,"key":"LiquidBronze"},{"floor":8,"key":"Strength Potion"},{"floor":10,"key":"Strength Potion"}],"is_trial":false,"path_per_floor":["M","M","?","M","M","R","E","M","T","E","?","M","M","$","R","B",null,"M","?","?","M","?","E"],"character_chosen":"THE_SILENT","items_purchased":["Noxious Fumes"],"campfire_rested":1,"item_purchase_floors":[14],"current_hp_per_floor":[59,58,58,58,45,45,26,26,26,12,12,12,12,12,33,14,56,49,49,49,47,47,0,0],"gold":266,"neow_bonus":"BOSS_RELIC","is_daily":false,"chose_seed":false,"campfire_upgraded":1,"win_rate":0.0,"timestamp":1611059694,"path_taken":["M","?","?","M","M","R","E","M","T","E","?","M","?","$","R","BOSS","M","?","?","M","?","E"],"items_purchased_type":["Card"],"build_version":"2020-12-22","purchased_purges":1,"victory":false,"max_hp_per_floor":[70,70,70,70,70,70,70,70,70,70,70,70,70,70,70,70,70,70,70,70,70,70,70,70],"relic_stats":{"counters":[13,62],"HoveringKite":[26],"Eternal Feather":0,"Art of War":[4],"Juzu Bracelet":0,"Whetstone":["Strike_G","Strike_G"],"obtain_stats":[{"HoveringKite":0,"Velvet Choker":17,"Eternal Feather":22,"Art of War":10,"Juzu Bracelet":19,"Whetstone":9,"Akabeko":7,"Ring of the Snake":0},{"HoveringKite":0,"Velvet Choker":10,"Eternal Feather":12,"Art of War":7,"Juzu Bracelet":11,"Whetstone":6,"Akabeko":5,"Ring of the Snake":0},{"HoveringKite":0,"Velvet Choker":49,"Eternal Feather":57,"Art of War":33,"Juzu Bracelet":53,"Whetstone":30,"Akabeko":27,"Ring of the Snake":0}]},"card_choices":[{"not_picked":["Deflect","Underhanded Strike"],"picked":"Dagger Spray","floor":1},{"not_picked":["Outmaneuver","Deflect"],"picked":"Dagger Spray","floor":2},{"not_picked":["Underhanded Strike","Accuracy"],"picked":"Cloak And Dagger","floor":4},{"not_picked":["PiercingWail","Cloak And Dagger"],"picked":"Dagger Throw","floor":5},{"not_picked":["All Out Attack","Deadly Poison"],"picked":"Crippling Poison","floor":7},{"not_picked":["Bane","Slice"],"picked":"Bouncing Flask","floor":8},{"not_picked":["Deflect","Night Terror"],"picked":"Dash","floor":10},{"not_picked":["Sucker Punch","Tactician"],"picked":"Acrobatics","floor":12},{"not_picked":["Poisoned Stab","All Out Attack"],"picked":"Bane","floor":13},{"not_picked":["Storm of Steel","Night Terror"],"picked":"A Thousand Cuts","floor":16},{"not_picked":["Deadly Poison","Setup"],"picked":"Backflip","floor":18},{"not_picked":["Crippling Poison","Expertise","Bane"],"picked":"SKIP","floor":21}],"player_experience":821144,"relics_obtained":[{"floor":7,"key":"Akabeko"},{"floor":9,"key":"Whetstone"},{"floor":10,"key":"Art of War"}],"event_choices":[{"damage_healed":0,"gold_gain":0,"player_choice":"Grow","damage_taken":0,"max_hp_gain":0,"max_hp_loss":0,"event_name":"Living Wall","floor":3,"gold_loss":0,"cards_upgraded":["Neutralize"]},{"damage_healed":0,"gold_gain":0,"player_choice":"Upgraded","damage_taken":0,"max_hp_gain":0,"max_hp_loss":0,"event_name":"Upgrade Shrine","floor":11,"gold_loss":0,"cards_upgraded":["Bouncing Flask"]},{"damage_healed":0,"gold_gain":0,"player_choice":"Opened","damage_taken":0,"relics_obtained":["Juzu Bracelet"],"max_hp_gain":0,"max_hp_loss":0,"event_name":"The Mausoleum","floor":19,"gold_loss":0,"cards_obtained":["Writhe"]},{"damage_healed":0,"gold_gain":0,"player_choice":"Ignored","damage_taken":0,"max_hp_gain":0,"max_hp_loss":0,"event_name":"Cursed Tome","floor":20,"gold_loss":0},{"damage_healed":0,"gold_gain":0,"player_choice":"Gave Potion","damage_taken":0,"relics_obtained":["Eternal Feather"],"max_hp_gain":0,"max_hp_loss":0,"event_name":"WeMeetAgain","floor":22,"gold_loss":0}],"is_beta":false,"boss_relics":[{"not_picked":["Sozu","Runic Dome"],"picked":"Velvet Choker"}],"items_purged_floors":[14],"is_endless":false,"potions_floor_spawned":[2,4,8,10,16],"killed_by":"Slavers","ascension_level":12}}