{"host":"ecaj4hn004xnnrw9","time":1611057355,"event":{"mods":["AchievementEnabler","BaseMod","Better Third Choice","Card Forge","Hermit","Hubris","Infinite Spire","Jorbs\u0027s Wanderer Trilogy","Minty Spire (QoL Compilation)","Quick Restart","Relic Stats","Shop Mod","StSLib","The Construct","The Jungle","The Runesmith"],"gold_per_floor":[117,129,29,49,68,68,93,93,120,45,45,59,71,71,71,167,167,187,203,203,203,221,221,221,221,221,221,254,268,268,295,295,295,295],"floor_reached":33,"language":"ENG","playtime":1334,"items_purged":["Strike_G","Strike_G"],"score":356,"play_id":"f1770193-45a1-4e7b-8924-9be2bd76522a","local_time":"20210119115555","is_ascension_mode":true,"campfire_choices":[{"data":"Deadly Poison","floor":6,"key":"SMITH"},{"data":"Dagger Spray","floor":8,"key":"SMITH"},{"data":"Leg Sweep","floor":15,"key":"SMITH"},{"data":"Calculated Gamble","floor":23,"key":"SMITH"},{"data":"Malaise","floor":32,"key":"SMITH"}],"circlet_count":0,"master_deck":["Defend_G","Defend_G","Defend_G","Defend_G","Defend_G","Survivor","Neutralize","Dagger Spray+1","Flying Knee","Dagger Spray+1","Leg Sweep+1","Deadly Poison+1","Blur","Poisoned Stab+1","Malaise+1","Deadly Poison+1","Calculated Gamble+1","infinitespire:Collect","Prepared+1"],"relics":["Hammer of Thor","Seething Fire","Anvil of the Gods","Empty Cage","infinitespire:EmpoweringShard","Bag of Marbles","hubris:CrackedHourglass","hubris:SlimyHat","hubris:HerbalPaste","Matryoshka","infinitespire:Beetle Shell","StrikeDummy"],"acts_visited":["Exordium","TheCity"],"potions_floor_usage":[7,16,33],"damage_taken":[{"damage":6,"enemies":"2 Louse","floor":1,"turns":4},{"damage":0,"enemies":"Small Slimes","floor":2,"turns":3},{"damage":4,"enemies":"Cultist","floor":4,"turns":4},{"damage":5,"enemies":"Blue Slaver","floor":5,"turns":5},{"damage":7,"enemies":"3 Sentries","floor":7,"turns":6},{"damage":0,"enemies":"Gremlin Gang","floor":12,"turns":1},{"damage":0,"enemies":"Large Slime","floor":13,"turns":4},{"damage":22,"enemies":"Slime Boss","floor":16,"turns":9},{"damage":0,"enemies":"3 Byrds","floor":18,"turns":4},{"damage":5,"enemies":"Shell Parasite","floor":19,"turns":4},{"damage":0,"enemies":"Centurion and Healer","floor":22,"turns":6},{"damage":7,"enemies":"Slavers","floor":28,"turns":4},{"damage":9,"enemies":"Snake Plant","floor":29,"turns":3},{"damage":7,"enemies":"Nightmare","floor":31,"turns":6},{"damage":35,"enemies":"Champ","floor":33,"turns":15}],"seed_played":"7406213579642973200","potions_obtained":[{"floor":4,"key":"DistilledChaos"},{"floor":12,"key":"LiquidMemories"},{"floor":29,"key":"Swift Potion"},{"floor":31,"key":"Swift Potion"}],"is_trial":false,"path_per_floor":["M","M","$","M","M","R","E","R","T","$","?","M","M","?","R","B",null,"M","M","?","?","M","R","AVR","?","T","?","E","M","?","NM","R","B"],"character_chosen":"THE_SILENT","items_purchased":["Dagger Spray","Leg Sweep"],"campfire_rested":0,"item_purchase_floors":[3,3],"current_hp_per_floor":[64,64,64,60,55,55,48,48,48,48,48,48,48,48,48,26,59,59,54,54,54,54,54,54,54,54,54,53,50,50,49,49,0,0],"gold":295,"neow_bonus":"BOSS_RELIC","is_daily":false,"chose_seed":false,"campfire_upgraded":5,"win_rate":0.0,"timestamp":1611057355,"path_taken":["M","M","$","M","M","R","E","R","T","$","?","M","M","?","R","BOSS","M","?","?","?","?","R","AVR","?","T","?","E","?","?","NM","R","BOSS"],"items_purchased_type":["Card","Card"],"build_version":"2020-12-22","purchased_purges":2,"victory":false,"max_hp_per_floor":[70,70,70,70,70,70,70,70,70,70,70,70,70,70,70,70,70,70,70,70,70,70,70,70,70,70,70,70,70,70,70,70,70,70],"relic_stats":{"counters":[15,77],"obtain_stats":[{"Hammer of Thor":0,"infinitespire:Beetle Shell":28,"hubris:SlimyHat":20,"Seething Fire":0,"Empty Cage":0,"hubris:HerbalPaste":24,"Matryoshka":26,"Anvil of the Gods":0,"infinitespire:EmpoweringShard":7,"Bag of Marbles":9,"hubris:CrackedHourglass":17,"StrikeDummy":31,"Ring of the Snake":0},{"Hammer of Thor":0,"infinitespire:Beetle Shell":12,"hubris:SlimyHat":10,"Seething Fire":0,"Empty Cage":0,"hubris:HerbalPaste":11,"Matryoshka":11,"Anvil of the Gods":0,"infinitespire:EmpoweringShard":5,"Bag of Marbles":5,"hubris:CrackedHourglass":8,"StrikeDummy":14,"Ring of the Snake":0},{"Hammer of Thor":0,"infinitespire:Beetle Shell":54,"hubris:SlimyHat":44,"Seething Fire":0,"Empty Cage":0,"hubris:HerbalPaste":50,"Matryoshka":50,"Anvil of the Gods":0,"infinitespire:EmpoweringShard":22,"Bag of Marbles":22,"hubris:CrackedHourglass":36,"StrikeDummy":63,"Ring of the Snake":0}]},"card_choices":[{"not_picked":["PiercingWail","Concentrate"],"picked":"Dagger Spray","floor":1},{"not_picked":["hubris:Counter","Bane"],"picked":"Flying Knee","floor":2},{"not_picked":["Prepared","Acrobatics","hubris:SlightOfHand"],"picked":"SKIP","floor":4},{"not_picked":["Flying Knee","hubris:Counter"],"picked":"Deadly Poison","floor":5},{"not_picked":["hubris:Counter","Choke","Leg Sweep"],"picked":"SKIP","floor":7},{"not_picked":["Flying Knee","Heel Hook"],"picked":"Blur","floor":12},{"not_picked":["Deflect","Flying Knee"],"picked":"Poisoned Stab","floor":13},{"not_picked":["A Thousand Cuts","Bullet Time"],"picked":"Malaise","floor":16},{"not_picked":["Leg Sweep","Finisher","Dagger Throw"],"picked":"SKIP","floor":18},{"not_picked":["Backflip","Flying Knee+1"],"picked":"Deadly Poison+1","floor":19},{"not_picked":["Predator+1","Flechettes+1"],"picked":"Calculated Gamble","floor":22},{"not_picked":["Terror","Endless Agony","After Image"],"picked":"SKIP","floor":28},{"not_picked":["Deflect","Dagger Throw"],"picked":"Prepared+1","floor":29},{"not_picked":["Bane","Prepared+1","Die Die Die"],"picked":"SKIP","floor":31}],"player_experience":364317,"relics_obtained":[{"floor":7,"key":"infinitespire:EmpoweringShard"},{"floor":9,"key":"Bag of Marbles"},{"floor":26,"key":"Matryoshka"},{"floor":28,"key":"infinitespire:Beetle Shell"},{"floor":31,"key":"StrikeDummy"}],"event_choices":[{"damage_healed":0,"gold_gain":0,"player_choice":"Grow","damage_taken":0,"max_hp_gain":0,"max_hp_loss":0,"event_name":"Living Wall","floor":11,"gold_loss":0,"cards_upgraded":["Dagger Spray"]},{"damage_healed":0,"gold_gain":0,"player_choice":"Forge","damage_taken":0,"max_hp_gain":0,"max_hp_loss":0,"event_name":"Accursed Blacksmith","floor":14,"gold_loss":0,"cards_upgraded":["Poisoned Stab"]},{"damage_healed":0,"gold_gain":0,"player_choice":"Opened","damage_taken":0,"relics_obtained":["hubris:SlimyHat"],"max_hp_gain":0,"max_hp_loss":0,"event_name":"The Mausoleum","floor":20,"gold_loss":0,"cards_obtained":["Writhe"]},{"cards_removed":["Writhe"],"damage_healed":0,"gold_gain":0,"player_choice":"Removed Curses","damage_taken":0,"max_hp_gain":0,"max_hp_loss":0,"event_name":"Fountain of Cleansing","floor":21,"gold_loss":0},{"damage_healed":0,"gold_gain":0,"player_choice":"Ignored","damage_taken":0,"max_hp_gain":0,"max_hp_loss":0,"event_name":"Ghosts","floor":25,"gold_loss":0},{"damage_healed":0,"gold_gain":0,"player_choice":"0 cards matched","damage_taken":0,"max_hp_gain":0,"max_hp_loss":0,"event_name":"Match and Keep!","floor":27,"gold_loss":0,"cards_obtained":[]},{"cards_removed":["Strike_G"],"damage_healed":0,"gold_gain":0,"player_choice":"Purged","damage_taken":0,"max_hp_gain":0,"max_hp_loss":0,"event_name":"Purifier","floor":30,"gold_loss":0}],"is_beta":false,"boss_relics":[{"not_picked":["Snecko Eye","hubris:HollowSoul"],"picked":"hubris:CrackedHourglass"}],"items_purged_floors":[10,24],"is_endless":false,"potions_floor_spawned":[4,12,29,31],"killed_by":"Champ","ascension_level":5}}