{"host":"nzq3d31h1j2g5t95","time":1611020798,"event":{"mods":["BaseMod","Hubris","Minty Spire (QoL Compilation)","Replay The Spire","StSLib","[IsaacMod]ÒÔÈö¼âËþ"],"gold_per_floor":[116,3,3,4,18,53,53,93,168,181,225,240,280,295,295,419,419,433,36,36,61,82,113,113,153,177,217,236,252,296,317,317,438,438,459,459,474,474,489,532,551,585,663,704,210,235,235,279,279,279],"floor_reached":51,"language":"ZHS","playtime":2219,"items_purged":["hubris:Lust","Strike_R"],"score":2066,"play_id":"e1923126-d454-4122-b548-48dbfe0b18b2","local_time":"20210119094638","is_ascension_mode":true,"campfire_choices":[{"data":"Eclipse","floor":15.0,"key":"SMITH"},{"floor":32.0,"key":"REST"},{"floor":47,"key":"REST"},{"floor":49,"key":"REST"}],"circlet_count":0,"master_deck":["AscendersBane","Strike_R","Strike_R","Defend_R","Defend_R","Defend_R","Bash","Shockwave","Eclipse+1","Exhume","Inflame","ReplayTheSpireMod:Stacked","Spot Weakness","Replay:Undeath\u0027s Touch","Demon Form","Replay:Many Hands","RitualDagger","ReplayTheSpireMod:Limb From Limb+1","Decay","Inflame","Exhume","hubris:Lust","Offering","Shrug It Off+1","Burning Pact","Whirlwind+1","Heavy Blade+1","hubris:Despair","Whirlwind","ReplayTheSpireMod:Limb From Limb+1"],"relics":["HushsDoor","Velvet Choker","Gremlin Horn","PreservedInsect","Art of War","Golden Idol","PunchingBag","SatanicBible","hubris:64BitClover","Red Skull","Cursed Key","GuppysPaw","BloodBag","OrangePellets","hubris:SphereOfDissonance","TheBean","Darkstone Periapt","Smiling Mask","Happy Flower","Shuriken","Kintsugi","hubris:Icosahedron","Lantern","EdensBlessing","Replay:WaspNest","Pear","AnarchistCookbook","Replay:Accelerometer","Pen Nib","ReplayTheSpireMod:Lightbulb"],"acts_visited":["Exordium","TheCity","TheBeyond"],"potions_floor_usage":[46],"damage_taken":[{"damage":0.0,"enemies":"Cultist","floor":1.0,"turns":4.0},{"damage":7.0,"enemies":"Jaw Worm","floor":5.0,"turns":2.0},{"damage":0.0,"enemies":"Lagavulin","floor":6.0,"turns":5.0},{"damage":1.0,"enemies":"Gremlin Nob","floor":8.0,"turns":4.0},{"damage":1.0,"enemies":"Small Slimes","floor":10.0,"turns":3.0},{"damage":1.0,"enemies":"Lagavulin","floor":11.0,"turns":5.0},{"damage":1.0,"enemies":"Blue Slaver","floor":12.0,"turns":4.0},{"damage":1.0,"enemies":"Gremlin Nob","floor":13.0,"turns":3.0},{"damage":1.0,"enemies":"2 Fungi Beasts","floor":14.0,"turns":3.0},{"damage":0.0,"enemies":"The Guardian","floor":16.0,"turns":6.0},{"damage":0.0,"enemies":"Shell Parasite","floor":18.0,"turns":4.0},{"damage":23.0,"enemies":"Spheric Guardian","floor":21.0,"turns":6.0},{"damage":0.0,"enemies":"Snecko","floor":22.0,"turns":2.0},{"damage":0.0,"enemies":"Gremlin Leader","floor":23.0,"turns":2.0},{"damage":16.0,"enemies":"Slavers","floor":25.0,"turns":3.0},{"damage":0.0,"enemies":"Gremlin Leader","floor":27.0,"turns":3.0},{"damage":1.0,"enemies":"Cultist and Chosen","floor":28.0,"turns":3.0},{"damage":1.0,"enemies":"Shelled Parasite and Fungi","floor":29.0,"turns":3.0},{"damage":1.0,"enemies":"Book of Stabbing","floor":30.0,"turns":3.0},{"damage":7.0,"enemies":"3 Cultists","floor":31.0,"turns":3.0},{"damage":22.0,"enemies":"Champ","floor":33.0,"turns":7.0},{"damage":17.0,"enemies":"3 Shapes","floor":35.0,"turns":4.0},{"damage":11.0,"enemies":"3 Darklings","floor":37.0,"turns":5.0},{"damage":19.0,"enemies":"4 Shapes","floor":39.0,"turns":5.0},{"damage":0.0,"enemies":"Reptomancer","floor":40.0,"turns":2.0},{"damage":22.0,"enemies":"Spire Growth","floor":41.0,"turns":4.0},{"damage":14.0,"enemies":"R_Hoarder","floor":42.0,"turns":3.0},{"damage":13.0,"enemies":"Reptomancer","floor":44.0,"turns":2.0},{"damage":16,"enemies":"Jaw Worm Horde","floor":46,"turns":2},{"damage":20,"enemies":"R_Hoarder","floor":48,"turns":4},{"damage":10,"enemies":"Time Eater","floor":50,"turns":5}],"seed_played":"-4151759163568814568","potions_obtained":[{"floor":5.0,"key":"FairyPotion"},{"floor":6.0,"key":"Block Potion"},{"floor":10.0,"key":"AttackPotion"},{"floor":11.0,"key":"Venom Potion"},{"floor":14.0,"key":"SkillPotion"},{"floor":16.0,"key":"Death Potion"},{"floor":21.0,"key":"FearPotion"},{"floor":22.0,"key":"DistilledChaos"},{"floor":28.0,"key":"DistilledChaos"},{"floor":33.0,"key":"AttackPotion"},{"floor":41.0,"key":"Toxic Potion"},{"floor":44.0,"key":"BlessingOfTheForge"},{"floor":48,"key":"Explosive Potion"}],"is_trial":false,"path_per_floor":["M","$","?","$","M","E","?","E","T","M","E","M","E","M","R","B",null,"M","$","?","M","M","E","?","E","T","E","M","M","E","M","R","B",null,"M","?","M","?","M","E","M","E","T","E","$","M","R","E","R","B",null],"character_chosen":"IRONCLAD","items_purchased":["Gremlin Horn","PreservedInsect","GuppysPaw","OrangePellets","hubris:SphereOfDissonance","Offering","Whirlwind","Replay:Accelerometer","Pen Nib"],"campfire_rested":3,"item_purchase_floors":[2,4,17,19,19,34,45,45,45],"current_hp_per_floor":[72,48,48,27,20,20,20,19,19,18,17,16,15,14,14,14,52,52,58,52,29,29,29,29,13,19,19,18,17,16,9,32,10,66,49,49,38,38,59,59,37,23,39,26,26,10,38,18,46,36],"gold":279,"neow_bonus":"BOSS_RELIC","is_daily":false,"chose_seed":false,"campfire_upgraded":1,"win_rate":0.0,"timestamp":1611020798,"path_taken":["M","$","?","$","M","E","?","E","T","M","E","M","E","M","R","BOSS","M","$","?","M","M","E","?","E","T","E","M","M","E","M","R","BOSS","M","?","M","?","M","E","M","E","T","E","$","M","R","E","R","BOSS"],"items_purchased_type":["Relic","Relic","Relic","Relic","Relic","Card","Card","Relic","Relic"],"build_version":"2020-12-22","purchased_purges":2,"victory":true,"max_hp_per_floor":[80,80,80,80,80,80,74,74,74,74,74,74,74,74,74,74,64,64,71,71,71,71,71,71,71,77,77,77,77,77,77,77,77,80,80,80,80,80,80,80,80,80,96,96,96,96,96,96,96,96],"card_choices":[{"not_picked":["Shrug It Off","Thunderclap"],"picked":"Shockwave","floor":1.0},{"not_picked":["hubris:ReadiedAction","Flex"],"picked":"Exhume","floor":5.0},{"not_picked":["Headbutt","ReplayTheSpireMod:Corrosion Curse"],"picked":"Inflame","floor":6.0},{"not_picked":["Headbutt","Thunderclap","Rage"],"picked":"SKIP","floor":8.0},{"not_picked":["Headbutt","ReplayTheSpireMod:Strike From Hell"],"picked":"ReplayTheSpireMod:Stacked","floor":10.0},{"not_picked":["hubris:SharpeningStone","Thunderclap"],"picked":"Rupture","floor":11.0},{"not_picked":["Reckless Charge","Anger"],"picked":"Spot Weakness","floor":12.0},{"not_picked":["Ghostly Armor","Twin Strike"],"picked":"Replay:Undeath\u0027s Touch","floor":13.0},{"not_picked":["Run Through","Anger"],"picked":"Demon Form","floor":14.0},{"not_picked":["Offering","Double Tap"],"picked":"Replay:Many Hands","floor":16.0},{"not_picked":["Clothesline+1","Wild Strike"],"picked":"Seeing Red","floor":18.0},{"not_picked":["Replay:Undeath\u0027s Touch","Flame Barrier","Rampage"],"picked":"SKIP","floor":21.0},{"not_picked":["Anger","ReplayTheSpireMod:LeadingStrike"],"picked":"ReplayTheSpireMod:Limb From Limb+1","floor":22.0},{"not_picked":["Iron Wave","Metallicize","Sever Soul+1"],"picked":"SKIP","floor":23.0},{"not_picked":["Flex+1","hubris:ReadiedAction","hubris:SharpeningStone+1"],"picked":"SKIP","floor":25.0},{"not_picked":["Uppercut+1","ReplayTheSpireMod:Strike From Hell"],"picked":"Inflame","floor":27.0},{"not_picked":["Perfected Strike","Warcry","Abandon"],"picked":"SKIP","floor":28.0},{"not_picked":["Sword Boomerang","Havoc","Cleave"],"picked":"SKIP","floor":29.0},{"not_picked":["Replay:Many Hands","Havoc","Cleave"],"picked":"SKIP","floor":30.0},{"not_picked":["Sword Boomerang+1","Run Through","Entrench+1"],"picked":"SKIP","floor":31.0},{"not_picked":["Eclipse","Immolate"],"picked":"Exhume","floor":33.0},{"not_picked":["Battle Trance","ReplayTheSpireMod:Strike From Hell"],"picked":"Shrug It Off+1","floor":35.0},{"not_picked":["Perfected Strike+1","Dark Embrace+1","ReplayTheSpireMod:Strike From Hell+1"],"picked":"SKIP","floor":37.0},{"not_picked":["Warcry","Flex+1"],"picked":"Burning Pact","floor":39.0},{"not_picked":["Flex","Rampage+1","Immolate"],"picked":"SKIP","floor":40.0},{"not_picked":["Defy Death","Anger+1"],"picked":"Whirlwind+1","floor":41.0},{"not_picked":["Shrug It Off+1","Disarm+1"],"picked":"Heavy Blade+1","floor":42.0},{"not_picked":["Immolate","Power Through","Cleave"],"picked":"SKIP","floor":44.0},{"not_picked":["Clothesline","Life Link+1","Defy Death+1"],"picked":"SKIP","floor":46},{"not_picked":["Replay:Many Hands","hubris:ReadiedAction+1"],"picked":"ReplayTheSpireMod:Limb From Limb+1","floor":48}],"player_experience":155497,"relics_obtained":[{"floor":6.0,"key":"Art of War"},{"floor":8.0,"key":"PunchingBag"},{"floor":9.0,"key":"SatanicBible"},{"floor":11.0,"key":"hubris:64BitClover"},{"floor":13.0,"key":"Red Skull"},{"floor":23.0,"key":"TheBean"},{"floor":25.0,"key":"Darkstone Periapt"},{"floor":26.0,"key":"Smiling Mask"},{"floor":27.0,"key":"Happy Flower"},{"floor":30.0,"key":"Shuriken"},{"floor":40.0,"key":"Lantern"},{"floor":41.0,"key":"EdensBlessing"},{"floor":42.0,"key":"Replay:WaspNest"},{"floor":43.0,"key":"Pear"},{"floor":44.0,"key":"AnarchistCookbook"},{"floor":48,"key":"ReplayTheSpireMod:Lightbulb"}],"event_choices":[{"damage_healed":0.0,"max_hp_gain":0.0,"max_hp_loss":6.0,"gold_gain":0.0,"event_name":"Golden Idol","player_choice":"Lose Max HP","floor":7.0,"gold_loss":0.0,"damage_taken":0.0,"relics_obtained":["Golden Idol"]},{"damage_healed":0.0,"max_hp_gain":0.0,"max_hp_loss":0.0,"gold_gain":0.0,"event_name":"Nest","player_choice":"Joined the Cult","floor":20.0,"gold_loss":0.0,"damage_taken":6.0,"cards_obtained":["RitualDagger"]},{"damage_healed":0.0,"max_hp_gain":0.0,"max_hp_loss":0.0,"gold_gain":0.0,"event_name":"Tomb of Lord Red Mask","player_choice":"Ignored","floor":38.0,"gold_loss":0.0,"damage_taken":0.0}],"is_beta":false,"boss_relics":[{"not_picked":["hubris:BlackHole","hubris:CrackedHourglass"],"picked":"Cursed Key"},{"not_picked":[]},{"not_picked":["Honey Jar","hubris:ScarierMask"],"picked":"Kintsugi"},{"not_picked":[]}],"items_purged_floors":[34,45],"is_endless":false,"potions_floor_spawned":[5,6,10,11,14,16,21,22,28,31,33,35,41,42,44,48],"ascension_level":10}}