{"host":"55yei7x27djrlaep","time":1611071663,"event":{"mods":["Act Like it!","Aspiration","BaseMod","Better Altar","Better Match","Better Note","Better Sensory Stone","Better Skull","Better Third Choice","BetterRewards","Colored Map","Evolution","Friendly Minions","GifTheSpireLib","Hubris","Minty Spire (QoL Compilation)","Pale of the Ancients","Replay The Spire","StSLib","The Bladedancer","The Runesmith"],"gold_per_floor":[115,115,135,153,166,166,184,216,216,216,246,23,23,41,41,137,137,156,175,175,188,188,188,128,128,183,217,217,228,263,281,281,380,380,390,92,108,108,120,152,152,178,178,193,193,213,223,292,292,292,304,315,315,397,397,410,410,3,3,3],"floor_reached":61,"language":"ENG","playtime":3233,"items_purged":["Strike_R","Strike_R","Defend_R","Iron Wave"],"score":2621,"play_id":"3d352a19-757d-41a5-8c25-2199d0e22073","local_time":"20210119185423","is_ascension_mode":true,"campfire_choices":[{"data":"Pommel Strike","floor":6.0,"key":"SMITH"},{"data":"Limit Break","floor":10.0,"key":"SMITH"},{"data":"Pommel Strike","floor":15.0,"key":"SMITH"},{"data":"1","floor":23.0,"key":"LIFT"},{"data":"2","floor":25.0,"key":"LIFT"},{"data":"ReplayTheSpireMod:Strike From Hell","floor":32.0,"key":"SMITH"},{"data":"3","floor":41.0,"key":"LIFT"},{"floor":45.0,"key":"RECALL"},{"data":"Barricade","floor":49.0,"key":"SMITH"},{"data":"Seeing Red","floor":49.0,"key":"SMITH"},{"floor":55,"key":"REST"},{"data":"Demon Form","floor":57,"key":"SMITH"},{"data":"Feel No Pain","floor":57,"key":"SMITH"}],"circlet_count":0,"master_deck":["Sword Boomerang","Pommel Strike+1","Defend_R+1","Defend_R+1","Bash+1","Flex+1","Feel No Pain+1","Anger+1","Feel No Pain+1","Limit Break+1","Twin Strike","Sword Boomerang","Battle Trance","Pommel Strike+1","Shrug It Off+1","Headbutt+1","Feel No Pain","Demon Form+1","CurseOfTheBell","Headbutt","Seeing Red+1","Defy Death+1","Body Slam","ReplayTheSpireMod:Strike From Hell+1","True Grit+1","Barricade+1","Disarm+1","Heavy Blade+1","Dark Embrace+1","Entrench+1"],"relics":["Burning Blood","EVO:Axolotl","Pondfish Scales","ClockworkSouvenir","Bird Faced Urn","Mirror","CaptainsWheel","hubris:AstralHammer","hubris:64BitClover","Pet Ghost","Sundial","Torii","aspiration:Nostalgia","PureWater","FossilizedHelix","Calling Bell","Pen Nib","hubris:IronBody","Girya","hubris:Towel","hubris:CuriousFeather","Garlic","Replay:Towering Pillar of Hats","ReplayTheSpireMod:DimensionalGlitch","Gremlin Food","Replay:Arrowhead","Counterbalance","Replay:Accelerometer","TungstenRod","paleoftheancients:Timepiece","paleoftheancients:KeyRelic","Gremlin Horn","paleoftheancients:SoulOfTheCollector","War Paint","aspiration:Lifesprig","Centennial Puzzle","Bottled Tornado","Letter Opener"],"acts_visited":["Exordium","TheCity","TheBeyond","paleoftheancients:PaleOfTheAncients"],"potions_floor_usage":[60],"damage_taken":[{"damage":0.0,"enemies":"Jaw Worm","floor":1.0,"turns":2.0},{"damage":0.0,"enemies":"Cultist","floor":3.0,"turns":2.0},{"damage":0.0,"enemies":"Small Slimes","floor":4.0,"turns":3.0},{"damage":0.0,"enemies":"2 Fungi Beasts","floor":5.0,"turns":3.0},{"damage":8.0,"enemies":"Looter","floor":7.0,"turns":2.0},{"damage":14.0,"enemies":"3 Sentries","floor":8.0,"turns":4.0},{"damage":0.0,"enemies":"Gremlin Nob","floor":11.0,"turns":2.0},{"damage":0.0,"enemies":"Exordium Wildlife","floor":14.0,"turns":2.0},{"damage":25.0,"enemies":"Hexaghost","floor":16.0,"turns":4.0},{"damage":0.0,"enemies":"Spheric Guardian","floor":18.0,"turns":4.0},{"damage":1.0,"enemies":"3 Byrds","floor":19.0,"turns":4.0},{"damage":0.0,"enemies":"Centurion and Healer","floor":21.0,"turns":4.0},{"damage":0.0,"enemies":"Replay:Snechameleon","floor":27.0,"turns":2.0},{"damage":0.0,"enemies":"Cultist and Chosen","floor":29.0,"turns":3.0},{"damage":0.0,"enemies":"Book of Stabbing","floor":30.0,"turns":4.0},{"damage":0.0,"enemies":"Chosen and Byrds","floor":31.0,"turns":3.0},{"damage":0.0,"enemies":"Champ","floor":33.0,"turns":4.0},{"damage":0.0,"enemies":"Orb Walker","floor":35.0,"turns":3.0},{"damage":6.0,"enemies":"3 Shapes","floor":37.0,"turns":2.0},{"damage":0.0,"enemies":"Writhing Mass","floor":39.0,"turns":3.0},{"damage":0.0,"enemies":"Reptomancer","floor":40.0,"turns":5.0},{"damage":0.0,"enemies":"R_Hoarder","floor":42.0,"turns":2.0},{"damage":0.0,"enemies":"3 Darklings","floor":44.0,"turns":1.0},{"damage":0.0,"enemies":"Spire Growth","floor":46.0,"turns":2.0},{"damage":0.0,"enemies":"Jaw Worm Horde","floor":47.0,"turns":3.0},{"damage":0.0,"enemies":"Awakened One","floor":50.0,"turns":3.0},{"damage":0.0,"enemies":"Awakened One","floor":51.0,"turns":6.0},{"damage":0.0,"enemies":"Awakened One","floor":52.0,"turns":3.0},{"damage":0,"enemies":"","floor":56,"turns":3},{"damage":0,"enemies":"paleoftheancients:N","floor":60,"turns":5}],"seed_played":"7756482682285529566","potions_obtained":[{"floor":4.0,"key":"Milkshake"},{"floor":8.0,"key":"PowerPotion"},{"floor":11.0,"key":"CultistPotion"},{"floor":16.0,"key":"Block Potion"},{"floor":21.0,"key":"SkillPotion"},{"floor":29.0,"key":"Energy Potion"},{"floor":31.0,"key":"LifebloodPotion"},{"floor":42.0,"key":"FearPotion"},{"floor":44.0,"key":"Explosive Potion"},{"floor":48.0,"key":"Flashbang"}],"is_trial":false,"path_per_floor":["M","?","M","M","M","R","M","E","T","R","E","$","?","M","R","B",null,"M","M","?","M","?","R","?","R","T","E","T","M","E","M","R","B",null,"M","$","M","?","M","E","R","E","T","M","R","M","M","?","R","B","M","M","?","T","R","M","R","$","?","B",null],"character_chosen":"IRONCLAD","items_purchased":["Pondfish Scales","Flex+1","ClockworkSouvenir","Mirror","CaptainsWheel","Feel No Pain+1","hubris:64BitClover","Anger+1","Feel No Pain","aspiration:Nostalgia","Shrug It Off","Headbutt","Replay:Arrowhead","Letter Opener"],"campfire_rested":1,"item_purchase_floors":[0,0,0,0,0,0,0,0,0,12,12,12,36,58],"current_hp_per_floor":[34,34,42,52,62,62,64,58,58,58,68,68,52,62,62,49,72,80,80,80,80,80,80,80,80,80,80,80,80,80,80,80,80,80,80,80,78,78,80,80,80,80,80,80,80,80,80,61,61,76,80,80,26,26,50,60,60,60,60,70],"gold":3,"neow_bonus":"","is_daily":false,"chose_seed":false,"campfire_upgraded":8,"win_rate":0.0,"timestamp":1611071663,"path_taken":["M","?","?","M","M","R","M","E","T","R","E","$","?","M","R","BOSS","M","M","?","M","?","R","?","R","T","E","?","?","E","M","R","BOSS","M","$","M","?","M","E","R","E","T","M","R","M","M","?","R","BOSS","M","M","?","T","R","M","R","$","?","BOSS"],"items_purchased_type":["Relic","Card","Relic","Relic","Relic","Card","Relic","Card","Card","Relic","Card","Card","Relic","Relic"],"build_version":"2020-12-22","purchased_purges":4,"victory":true,"max_hp_per_floor":[80,80,80,80,80,80,80,80,80,80,80,80,80,80,80,80,80,80,80,80,80,80,80,80,80,80,80,80,80,80,80,80,80,80,80,80,80,80,80,80,80,80,80,80,80,80,80,80,80,80,80,80,80,80,80,80,80,80,80,80],"card_choices":[{"not_picked":["Fire Breathing","Iron Wave","Cleave"],"picked":"SKIP","floor":1.0},{"not_picked":["Sword Boomerang","Rupture"],"picked":"Limit Break","floor":3.0},{"not_picked":["Life Link","Seeing Red"],"picked":"Twin Strike","floor":4.0},{"not_picked":["Run Through","Iron Wave"],"picked":"Sword Boomerang","floor":5.0},{"not_picked":["Flex","Clothesline"],"picked":"Battle Trance","floor":7.0},{"not_picked":["Clash","Hemokinesis"],"picked":"Ghostly Armor","floor":8.0},{"not_picked":["Power Through","Bloodletting"],"picked":"Pommel Strike","floor":11.0},{"not_picked":["Clash","Demonic Infusion"],"picked":"Feel No Pain","floor":14.0},{"not_picked":["Brutality","Exhume"],"picked":"Demon Form","floor":16.0},{"not_picked":["Anger+1","Perfected Strike"],"picked":"Headbutt","floor":18.0},{"not_picked":["Second Wind","Intimidate"],"picked":"Seeing Red","floor":19.0},{"not_picked":["Searing Blow+1","Perfected Strike"],"picked":"Defy Death+1","floor":21.0},{"not_picked":["Twin Strike","Body Slam","Life Link+1"],"picked":"SKIP","floor":27.0},{"not_picked":["Twin Strike","Life Link+1"],"picked":"Body Slam","floor":27.0},{"not_picked":["Perfected Strike","Clothesline"],"picked":"ReplayTheSpireMod:Strike From Hell","floor":29.0},{"not_picked":["Dual Wield","Twin Strike+1","ReplayTheSpireMod:Strike From Hell"],"picked":"SKIP","floor":30.0},{"not_picked":["Anger","ReplayTheSpireMod:Stacked"],"picked":"True Grit+1","floor":31.0},{"not_picked":["Demon Form","Immolate"],"picked":"Barricade","floor":33.0},{"not_picked":["Clash+1","Body Slam+1"],"picked":"Disarm+1","floor":35.0},{"not_picked":["Dual Wield","Havoc"],"picked":"Heavy Blade+1","floor":37.0},{"not_picked":["hubris:ReadiedAction","Dual Wield+1","Metallicize"],"picked":"SKIP","floor":39.0},{"not_picked":["Sword Boomerang+1","Flex"],"picked":"Dark Embrace+1","floor":40.0},{"not_picked":["Perfected Strike+1","Rampage+1","Corruption"],"picked":"SKIP","floor":42.0},{"not_picked":["Intimidate","True Grit","Headbutt"],"picked":"SKIP","floor":44.0},{"not_picked":["Sentinel+1","Cleave+1","Uppercut"],"picked":"SKIP","floor":46.0},{"not_picked":["Evolve","hubris:ReadiedAction+1","Havoc"],"picked":"SKIP","floor":47.0},{"not_picked":["Pommel Strike+1","Dual Wield"],"picked":"Entrench+1","floor":51.0},{"not_picked":["Entrench+1","Seeing Red","Warcry"],"picked":"SKIP","floor":52.0},{"not_picked":["Body Slam+1","Flex","Cleave"],"picked":"SKIP","floor":56}],"player_experience":413634,"relics_obtained":[{"floor":8.0,"key":"Pet Ghost"},{"floor":9.0,"key":"Sundial"},{"floor":11.0,"key":"Torii"},{"floor":16.0,"key":"FossilizedHelix"},{"floor":17.0,"key":"Pen Nib"},{"floor":17.0,"key":"hubris:IronBody"},{"floor":17.0,"key":"Girya"},{"floor":27.0,"key":"hubris:CuriousFeather"},{"floor":28.0,"key":"Garlic"},{"floor":30.0,"key":"Replay:Towering Pillar of Hats"},{"floor":35.0,"key":"Gremlin Food"},{"floor":40.0,"key":"Counterbalance"},{"floor":42.0,"key":"Replay:Accelerometer"},{"floor":43.0,"key":"TungstenRod"},{"floor":51.0,"key":"paleoftheancients:SoulOfTheCollector"},{"floor":52.0,"key":"paleoftheancients:SoulOfTheWokeBloke"},{"floor":52.0,"key":"War Paint"},{"floor":54,"key":"Bottled Tornado"},{"floor":56,"key":"paleoftheancients:SoulOfTheHexaghost"}],"event_choices":[{"damage_healed":0.0,"max_hp_gain":0.0,"max_hp_loss":0.0,"gold_gain":0.0,"event_name":"The Woman in Blue","player_choice":"Bought 0 Potions","floor":2.0,"gold_loss":0.0,"damage_taken":0.0},{"damage_healed":68.0,"max_hp_gain":0.0,"max_hp_loss":80.0,"gold_gain":0.0,"event_name":"betterThird:BetterShining","player_choice":"Upgrade","floor":13.0,"gold_loss":0.0,"damage_taken":16.0,"cards_upgraded":["Headbutt","Defend_R"]},{"cards_removed":["Defend_R"],"damage_healed":0.0,"max_hp_gain":0.0,"max_hp_loss":0.0,"gold_gain":0.0,"event_name":"betterThird:BetterWriting","player_choice":"Elegance","floor":22.0,"gold_loss":0.0,"damage_taken":0.0},{"cards_removed":["Ghostly Armor"],"damage_healed":0.0,"max_hp_gain":0.0,"max_hp_loss":0.0,"gold_gain":0.0,"event_name":"Falling","player_choice":"Removed Skill","floor":38.0,"gold_loss":0.0,"damage_taken":0.0},{"damage_healed":0,"gold_gain":0,"player_choice":"RE RE ","damage_taken":41,"relics_obtained":["aspiration:Lifesprig","Centennial Puzzle"],"max_hp_gain":0,"max_hp_loss":0,"event_name":"betterSkull:BetterSkull","floor":53,"gold_loss":0,"cards_upgraded":[]}],"is_beta":false,"boss_relics":[{"not_picked":["SlaversCollar","Replay:Ancient Bell"],"picked":"Calling Bell"},{"not_picked":["Runic Cube","aspiration:FutureDiary"],"picked":"ReplayTheSpireMod:DimensionalGlitch"}],"items_purged_floors":[0,0,0,58],"is_endless":false,"potions_floor_spawned":[4,8,11,16,21,29,31,42,44,46,51,56],"ascension_level":8}}