{"host":"6pgtslebjnyv5xmi","time":1611048754,"event":{"mods":["AchievementEnabler","BaseMod","Colored Map","Minty Spire (QoL Compilation)","Rare Cards Sparkle","StSLib","SuperFastMode","The Cursed","everything is the same but u backflip on backflip"],"gold_per_floor":[116,66,66,80,92,92,14,27,27,27,38,38,91,126,126,226,226,242,261,277,295,145,179,179,179,179],"floor_reached":25,"language":"KOR","playtime":1833,"items_purged":["Strike_G"],"score":397,"play_id":"8ccc023e-1cb7-462f-86eb-1c47ddcf6f9b","local_time":"20210119183234","is_ascension_mode":true,"campfire_choices":[{"data":"Caltrops","floor":6.0,"key":"SMITH"},{"data":"Corpse Explosion","floor":15.0,"key":"SMITH"}],"circlet_count":0,"master_deck":["AscendersBane","Defend_G","Defend_G","Defend_G","Defend_G","Survivor","Neutralize","Adrenaline","Caltrops+1","Backflip","Footwork","Corpse Explosion+1","Venomology","Blur","Deadly Poison","Caltrops"],"relics":["Ring of the Snake","Eternal Feather","Anchor","Peace Pipe","Empty Cage","Lizard Tail","MutagenicStrength"],"acts_visited":["Exordium","TheCity"],"potions_floor_usage":[25],"damage_taken":[{"damage":0.0,"enemies":"2 Louse","floor":1.0,"turns":5.0},{"damage":7.0,"enemies":"Cultist","floor":4.0,"turns":6.0},{"damage":0.0,"enemies":"Small Slimes","floor":5.0,"turns":4.0},{"damage":1.0,"enemies":"3 Louse","floor":8.0,"turns":4.0},{"damage":0.0,"enemies":"Looter","floor":11.0,"turns":4.0},{"damage":6.0,"enemies":"3 Sentries","floor":14.0,"turns":11.0},{"damage":29.0,"enemies":"The Guardian","floor":16.0,"turns":11.0},{"damage":15.0,"enemies":"Spheric Guardian","floor":18.0,"turns":7.0},{"damage":4.0,"enemies":"3 Byrds","floor":19.0,"turns":3.0},{"damage":0.0,"enemies":"Shelled Parasite and Fungi","floor":20.0,"turns":6.0},{"damage":6.0,"enemies":"Snecko","floor":21.0,"turns":5.0},{"damage":4.0,"enemies":"Book of Stabbing","floor":23.0,"turns":8.0},{"damage":70,"enemies":"Slavers","floor":25,"turns":3}],"seed_played":"3944425781324301734","potions_obtained":[{"floor":4.0,"key":"CunningPotion"},{"floor":11.0,"key":"Poison Potion"},{"floor":14.0,"key":"SpeedPotion"},{"floor":19.0,"key":"EntropicBrew"},{"floor":21.0,"key":"Fire Potion"},{"floor":23.0,"key":"SneckoOil"}],"is_trial":false,"path_per_floor":["M","?","?","M","M","R","$","M","T","?","M","?","T","E","R","B",null,"M","M","M","M","$","E","?","E"],"character_chosen":"THE_SILENT","items_purchased":["Footwork","Caltrops"],"campfire_rested":0,"item_purchase_floors":[7,22],"current_hp_per_floor":[63,63,63,56,56,56,56,55,55,48,48,63,63,57,63,34,56,41,37,37,31,31,27,27,0,0],"gold":179,"neow_bonus":"THREE_RARE_CARDS","is_daily":false,"chose_seed":false,"campfire_upgraded":2,"win_rate":0.0,"timestamp":1611048754,"path_taken":["M","?","?","M","?","R","?","M","T","?","M","?","?","E","R","BOSS","M","M","?","M","$","E","?","E"],"items_purchased_type":["Card","Card"],"build_version":"2020-12-22","purchased_purges":1,"victory":false,"max_hp_per_floor":[63,63,63,63,63,63,63,63,63,63,63,63,63,63,63,63,63,63,63,63,63,63,63,63,63,63],"card_choices":[{"not_picked":["Glass Knife","Storm of Steel"],"picked":"Adrenaline","floor":0.0},{"not_picked":["Sucker Punch","Quick Slash","Concentrate"],"picked":"SKIP","floor":1.0},{"not_picked":["Blade Dance","Backstab"],"picked":"Caltrops","floor":4.0},{"not_picked":["Underhanded Strike","Prepared"],"picked":"Backflip","floor":5.0},{"not_picked":["Acrobatics","Leg Sweep","Cloak And Dagger"],"picked":"SKIP","floor":8.0},{"not_picked":["Acrobatics","Eviscerate","Quick Slash"],"picked":"SKIP","floor":11.0},{"not_picked":["Backflip","Outmaneuver"],"picked":"Corpse Explosion","floor":14.0},{"not_picked":["Die Die Die","Doppelganger"],"picked":"Venomology","floor":16.0},{"not_picked":["Prepared","Expertise+1","Dodge and Roll"],"picked":"SKIP","floor":18.0},{"not_picked":["Outmaneuver","Riddle With Holes"],"picked":"Blur","floor":19.0},{"not_picked":["Quick Slash+1","Backstab+1"],"picked":"Deadly Poison","floor":20.0},{"not_picked":["Poisoned Stab+1","Setup","Flying Knee"],"picked":"SKIP","floor":21.0},{"not_picked":["Dagger Throw","Choke","Terror"],"picked":"SKIP","floor":23.0}],"player_experience":987806,"relics_obtained":[{"floor":9.0,"key":"Eternal Feather"},{"floor":13.0,"key":"Anchor"},{"floor":14.0,"key":"Peace Pipe"},{"floor":23.0,"key":"Lizard Tail"}],"event_choices":[{"cards_removed":["Strike_G"],"damage_healed":0.0,"max_hp_gain":0.0,"max_hp_loss":0.0,"gold_gain":0.0,"event_name":"The Cleric","player_choice":"Card Removal","floor":2.0,"gold_loss":50.0,"damage_taken":0.0},{"cards_removed":["Strike_G"],"damage_healed":0.0,"max_hp_gain":0.0,"max_hp_loss":0.0,"gold_gain":0.0,"event_name":"Purifier","player_choice":"Purged","floor":3.0,"gold_loss":0.0,"damage_taken":0.0},{"cards_removed":["Strike_G"],"damage_healed":0.0,"max_hp_gain":0.0,"max_hp_loss":0.0,"gold_gain":0.0,"event_name":"Golden Wing","player_choice":"Card Removal","floor":10.0,"gold_loss":0.0,"damage_taken":7.0},{"damage_healed":21.0,"max_hp_gain":0.0,"max_hp_loss":0.0,"gold_gain":0.0,"event_name":"Big Fish","player_choice":"Banana","floor":12.0,"gold_loss":0.0,"damage_taken":0.0},{"damage_healed":0,"gold_gain":0,"player_choice":"Inject Mutagens","damage_taken":0,"relics_obtained":["MutagenicStrength"],"max_hp_gain":0,"max_hp_loss":0,"event_name":"Drug Dealer","floor":24,"gold_loss":0}],"is_beta":false,"boss_relics":[{"not_picked":["Runic Dome","Coffee Dripper"],"picked":"Empty Cage"}],"items_purged_floors":[22],"is_endless":false,"potions_floor_spawned":[4,11,14,19,21,23],"killed_by":"Slavers","ascension_level":12}}