{"host":"a0d98l75j0h1o085","time":1611077496,"event":{"mods":["AlwaysNeverKeys","BaseMod","Downfall","Highlight Path","Minty Spire (QoL Compilation)","StSLib"],"gold_per_floor":[111,61,61,61,84,84,84,125,125,165,165,165,186,111,111,237,237,255,330,346,346,11,47,47,47,47,71,71,71,71],"floor_reached":29,"language":"ENG","playtime":1803,"items_purged":["Decay"],"score":311,"play_id":"54f0b91d-35e6-4c5d-9392-c8e753fe206b","local_time":"20210119173136","is_ascension_mode":true,"campfire_choices":[{"data":"Blasphemy","floor":6,"key":"SMITH"},{"data":"Eruption","floor":11,"key":"SMITH"},{"data":"SandsOfTime","floor":15,"key":"SMITH"},{"data":"LikeWater","floor":25,"key":"SMITH"}],"circlet_count":0,"master_deck":["Strike_P","Strike_P","Strike_P","Defend_P","Defend_P","Defend_P","Defend_P","Eruption+1","Vigilance","CarveReality","Injury","Blasphemy+1","SandsOfTime+1","Protect","Adaptation","DevaForm","CutThroughFate","ThirdEye","LikeWater+1","CrushJoints+1","downfall:Aged","BattleHymn"],"relics":["Philosopher\u0027s Stone","Golden Idol","Blue Candle","Unceasing Top","InkBottle","Bottled Flame","Bag of Marbles","Cursed Key","Mummified Hand","Kunai","Pen Nib"],"acts_visited":["Exordium","TheCity"],"potions_floor_usage":[1,10,20,27,29],"damage_taken":[{"damage":0,"enemies":"Small Slimes","floor":1,"turns":3},{"damage":13,"enemies":"2 Louse","floor":5,"turns":3},{"damage":14,"enemies":"3 Sentries","floor":8,"turns":5},{"damage":1,"enemies":"Gremlin Nob","floor":10,"turns":2},{"damage":0,"enemies":"Cultist","floor":13,"turns":1},{"damage":22,"enemies":"The Guardian","floor":16,"turns":7},{"damage":0,"enemies":"Chosen","floor":18,"turns":4},{"damage":0,"enemies":"Spheric Guardian","floor":20,"turns":2},{"damage":5,"enemies":"Book of Stabbing","floor":23,"turns":3},{"damage":17,"enemies":"Snake Plant","floor":27,"turns":2},{"damage":38,"enemies":"Slavers","floor":29,"turns":2}],"seed_played":"-5729481258677230935","potions_obtained":[{"floor":1,"key":"Fruit Juice"},{"floor":5,"key":"Swift Potion"},{"floor":10,"key":"SkillPotion"},{"floor":20,"key":"Fruit Juice"},{"floor":27,"key":"Strength Potion"}],"is_trial":false,"path_per_floor":["M","?","?","?","M","R","T","E","T","E","R","?","M","$","R","B",null,"M","?","M","?","$","E","$","R","T","M","?","E"],"character_chosen":"WATCHER","items_purchased":["Mummified Hand","LikeWater"],"campfire_rested":0,"item_purchase_floors":[22,22],"current_hp_per_floor":[77,77,58,58,45,45,45,31,31,30,30,23,23,23,23,1,77,77,70,75,59,59,54,54,54,54,37,37,0,0],"gold":71,"neow_bonus":"BOSS_RELIC","is_daily":false,"chose_seed":false,"campfire_upgraded":4,"win_rate":0.0,"timestamp":1611077496,"path_taken":["M","?","?","?","M","R","?","E","T","E","R","?","M","$","R","BOSS","M","?","?","?","$","E","?","R","T","?","?","E"],"items_purchased_type":["Relic","Card"],"build_version":"2020-12-22","purchased_purges":1,"victory":false,"max_hp_per_floor":[77,77,77,77,77,77,77,77,77,77,77,77,77,77,77,77,77,77,77,82,87,87,87,87,87,87,87,87,87,87],"card_choices":[{"not_picked":["FlurryOfBlows","FlyingSleeves"],"picked":"CarveReality","floor":1},{"not_picked":["ClearTheMind","Halt"],"picked":"SandsOfTime","floor":5},{"not_picked":["Collect","Weave","Crescendo"],"picked":"SKIP","floor":8},{"not_picked":["Fasting2","CutThroughFate"],"picked":"Protect","floor":10},{"not_picked":["WreathOfFlame","Fasting2"],"picked":"Adaptation","floor":13},{"not_picked":["Ragnarok","MasterReality"],"picked":"DevaForm","floor":16},{"not_picked":["Perseverance","FlurryOfBlows"],"picked":"CutThroughFate","floor":18},{"not_picked":["Indignation","FearNoEvil"],"picked":"ThirdEye","floor":20},{"not_picked":["Halt","Evaluate"],"picked":"CrushJoints+1","floor":23},{"not_picked":["Vengeance","CarveReality"],"picked":"BattleHymn","floor":27}],"player_experience":741111,"relics_obtained":[{"floor":7,"key":"Unceasing Top"},{"floor":8,"key":"InkBottle"},{"floor":9,"key":"Bottled Flame"},{"floor":10,"key":"Bag of Marbles"},{"floor":23,"key":"Kunai"},{"floor":26,"key":"Pen Nib"}],"event_choices":[{"cards_removed":["Strike_P"],"damage_healed":0,"gold_gain":0,"player_choice":"Card Removal","damage_taken":0,"max_hp_gain":0,"max_hp_loss":0,"event_name":"The Cleric","floor":2,"gold_loss":50},{"damage_healed":0,"gold_gain":0,"player_choice":"Take Damage","damage_taken":19,"relics_obtained":["Golden Idol"],"max_hp_gain":0,"max_hp_loss":0,"event_name":"Golden Idol","floor":3,"gold_loss":0},{"damage_healed":0,"gold_gain":0,"player_choice":"Damaged","damage_taken":7,"max_hp_gain":0,"max_hp_loss":0,"event_name":"Wheel of Change","floor":12,"gold_loss":0},{"damage_healed":0,"gold_gain":75,"player_choice":"Touch","damage_taken":7,"max_hp_gain":0,"max_hp_loss":0,"event_name":"FaceTrader","floor":19,"gold_loss":0},{"damage_healed":0,"gold_gain":0,"player_choice":"Shed Blood","damage_taken":21,"max_hp_gain":5,"max_hp_loss":0,"event_name":"Forgotten Altar","floor":21,"gold_loss":0},{"damage_healed":0,"gold_gain":0,"player_choice":"Ignored","damage_taken":0,"max_hp_gain":0,"max_hp_loss":0,"event_name":"Vampires","floor":28,"gold_loss":0}],"is_beta":false,"boss_relics":[{"not_picked":["Ectoplasm","Snecko Eye"],"picked":"Cursed Key"}],"items_purged_floors":[14],"is_endless":false,"potions_floor_spawned":[1,5,10,20,27],"killed_by":"Slavers","ascension_level":1}}