{"host":"Jinnai","time":1611028766,"event":{"mods":["BaseMod","Bestiary","Block Reminder","Colored Map","Colored Powertips","Highlight Path","Minty Spire (QoL Compilation)","Quick Restart","Relic Stats","StSLib"],"gold_per_floor":[119,138,150,150,164,164,218,230,279,304,46,46,56,156,156,156,156],"floor_reached":16,"language":"ENG","playtime":479,"items_purged":["Defend_G"],"score":194,"play_id":"2d16d1f3-de4a-4e11-937e-306740fd8a2a","local_time":"20210118225926","is_ascension_mode":true,"campfire_choices":[{"data":"Dash","floor":6,"key":"SMITH"},{"data":"Wraith Form v2","floor":12,"key":"SMITH"},{"data":"Neutralize","floor":15,"key":"SMITH"}],"circlet_count":0,"master_deck":["AscendersBane","Strike_G","Strike_G","Strike_G","Strike_G","Strike_G","Defend_G","Defend_G","Defend_G","Defend_G","Survivor","Neutralize+1","Underhanded Strike","Dash+1","Dagger Spray+1","Blade Dance","Blade Dance","Burst","Wraith Form v2+1","Blade Dance"],"relics":["Philosopher\u0027s Stone","Smiling Mask","Snake Skull","Dream Catcher"],"acts_visited":["Exordium"],"potions_floor_usage":[10,10,13],"damage_taken":[{"damage":8,"enemies":"Jaw Worm","floor":1,"turns":6},{"damage":11,"enemies":"Cultist","floor":2,"turns":4},{"damage":4,"enemies":"Small Slimes","floor":3,"turns":4},{"damage":2,"enemies":"2 Fungi Beasts","floor":5,"turns":2},{"damage":0,"enemies":"Looter","floor":8,"turns":2},{"damage":8,"enemies":"Lagavulin","floor":10,"turns":4},{"damage":3,"enemies":"Gremlin Gang","floor":13,"turns":3},{"damage":25,"enemies":"Hexaghost","floor":16,"turns":11}],"seed_played":"-4154789104515896589","potions_obtained":[{"floor":2,"key":"AttackPotion"},{"floor":3,"key":"SkillPotion"}],"is_trial":false,"path_per_floor":["M","M","M","?","M","R","T","M","T","E","$","R","M","?","R","B"],"character_chosen":"THE_SILENT","items_purchased":["Wraith Form v2","Fire Potion"],"campfire_rested":0,"item_purchase_floors":[11,11],"current_hp_per_floor":[51,40,36,36,34,34,34,34,34,26,26,26,23,23,23,0,0],"gold":156,"neow_bonus":"BOSS_RELIC","is_daily":false,"chose_seed":false,"campfire_upgraded":3,"win_rate":0.0,"timestamp":1611028766,"path_taken":["M","M","M","?","?","R","?","M","T","E","$","R","M","?","R","BOSS"],"items_purchased_type":["Card","Potion"],"build_version":"2020-12-18","purchased_purges":1,"victory":false,"max_hp_per_floor":[66,66,66,66,66,66,66,66,66,66,66,66,66,66,66,66,66],"relic_stats":{"Dream Catcher":0,"counters":[8,36],"Snake Skull":[3],"Smiling Mask":25,"obtain_stats":[{"Dream Catcher":10,"Philosopher\u0027s Stone":0,"Snake Skull":9,"Smiling Mask":7,"Ring of the Snake":0},{"Dream Catcher":6,"Philosopher\u0027s Stone":0,"Snake Skull":5,"Smiling Mask":4,"Ring of the Snake":0},{"Dream Catcher":22,"Philosopher\u0027s Stone":0,"Snake Skull":18,"Smiling Mask":16,"Ring of the Snake":0}]},"card_choices":[{"not_picked":["Sucker Punch","Prepared"],"picked":"Underhanded Strike","floor":1},{"not_picked":["Heel Hook","Expertise"],"picked":"Dash","floor":2},{"not_picked":["Crippling Poison","Dodge and Roll"],"picked":"Dagger Spray","floor":3},{"not_picked":["Well Laid Plans","Skewer"],"picked":"Blade Dance","floor":5},{"not_picked":["Prepared","Reflex"],"picked":"Blade Dance","floor":8},{"not_picked":["Prepared","Cloak And Dagger"],"picked":"Burst","floor":10},{"not_picked":["Finisher","Bane"],"picked":"Blade Dance","floor":13}],"player_experience":1530457,"relics_obtained":[{"floor":7,"key":"Smiling Mask"},{"floor":9,"key":"Snake Skull"},{"floor":10,"key":"Dream Catcher"}],"event_choices":[{"damage_healed":0,"gold_gain":0,"player_choice":"Upgraded","damage_taken":0,"max_hp_gain":0,"max_hp_loss":0,"event_name":"Upgrade Shrine","floor":4,"gold_loss":0,"cards_upgraded":["Dagger Spray"]},{"damage_healed":0,"gold_gain":100,"player_choice":"Gold","damage_taken":0,"max_hp_gain":0,"max_hp_loss":0,"event_name":"Wheel of Change","floor":14,"gold_loss":0}],"is_beta":true,"boss_relics":[],"items_purged_floors":[11],"is_endless":false,"potions_floor_spawned":[2,3,8],"killed_by":"Hexaghost","ascension_level":18}}