{"host":"sdjng9zhqonqi3uc","time":1611081315,"event":{"mods":["2.2 Compatiblity","AchievementEnabler","BaseMod","Better Third Choice","BetterRewards","Colored Powertips","Downfall","Hero for Fun","Minty Spire (QoL Compilation)","Quick Restart","Shop Mod","Spicy Shops","StSLib","Td1madao Mod","The Animator","The Cursed","The Servant 0.9.4"],"gold_per_floor":[112,124,138,138,149,179,179,189,237,237,250,261,292,311,311,413,413,427,437,457,457,457,484,484,517,543,557,583,598,610,635,635,740,740,759,684,0,19,32,67,102,120,174,188,188,207,236,236,236,236],"floor_reached":51,"language":"ENG","playtime":428,"items_purged":["Defend_Y"],"score":1532,"play_id":"c28fa3f6-135f-4687-94c3-fe8eb1920aaf","local_time":"20210119193515","is_ascension_mode":true,"campfire_choices":[{"data":"Strike_Y","floor":7,"key":"SMITH"},{"data":"Strike_Y","floor":10,"key":"SMITH"},{"data":"Strike_Y","floor":15,"key":"SMITH"},{"data":"Serious_Punch","floor":32,"key":"SMITH"},{"data":"Serious_Punch","floor":45,"key":"SMITH"},{"data":"Slap","floor":49,"key":"SMITH"}],"circlet_count":0,"master_deck":["Strike_Y+1","Strike_Y+1","Strike_Y+1","Strike_Y","Strike_Y","Defend_Y","Defend_Y","Defend_Y","Slap+1","Serious_Punch+1","Slap","Serious_Punch+1","Consecutive_Normal_Punch+1","Pain"],"relics":["Cape","Eternal Feather","Centennial Puzzle","Pear","Coffee Dripper","Orichalcum","WingedGreaves","Anchor","Blood Vial","Bottled Flame","InkBottle","Busted Crown","Red Mask","Oddly Smooth Stone","Ancient Tea Set","Boot","Turnip","WarpedTongs"],"acts_visited":["Exordium","TheCity","TheBeyond"],"potions_floor_usage":[],"damage_taken":[{"damage":0,"enemies":"Small Slimes","floor":1,"turns":1},{"damage":0,"enemies":"Cultist","floor":2,"turns":1},{"damage":0,"enemies":"Jaw Worm","floor":3,"turns":1},{"damage":0,"enemies":"2 Fungi Beasts","floor":5,"turns":1},{"damage":0,"enemies":"Lagavulin","floor":6,"turns":1},{"damage":0,"enemies":"Blue Slaver","floor":8,"turns":1},{"damage":0,"enemies":"Exordium Wildlife","floor":11,"turns":1},{"damage":0,"enemies":"Red Slaver","floor":12,"turns":1},{"damage":0,"enemies":"3 Sentries","floor":13,"turns":2},{"damage":0,"enemies":"2 Fungi Beasts","floor":14,"turns":1},{"damage":0,"enemies":"The Guardian","floor":16,"turns":1},{"damage":0,"enemies":"Shell Parasite","floor":18,"turns":1},{"damage":0,"enemies":"2 Thieves","floor":19,"turns":1},{"damage":0,"enemies":"Centurion and Healer","floor":20,"turns":1},{"damage":0,"enemies":"Gremlin Leader","floor":23,"turns":1},{"damage":0,"enemies":"Slavers","floor":25,"turns":2},{"damage":0,"enemies":"Snecko","floor":27,"turns":1},{"damage":0,"enemies":"Gremlin Leader","floor":28,"turns":1},{"damage":0,"enemies":"Cultist and Chosen","floor":29,"turns":1},{"damage":0,"enemies":"Centurion and Healer","floor":30,"turns":1},{"damage":0,"enemies":"Slavers","floor":31,"turns":2},{"damage":0,"enemies":"Collector","floor":33,"turns":1},{"damage":0,"enemies":"Orb Walker","floor":35,"turns":1},{"damage":0,"enemies":"3 Shapes","floor":38,"turns":2},{"damage":0,"enemies":"Sphere and 2 Shapes","floor":39,"turns":1},{"damage":0,"enemies":"Reptomancer","floor":40,"turns":1},{"damage":0,"enemies":"Nemesis","floor":41,"turns":1},{"damage":0,"enemies":"Maw","floor":42,"turns":1},{"damage":0,"enemies":"4 Shapes","floor":44,"turns":1},{"damage":0,"enemies":"Transient","floor":46,"turns":1},{"damage":0,"enemies":"Reptomancer","floor":47,"turns":1},{"damage":0,"enemies":"Time Eater","floor":50,"turns":1}],"seed_played":"-5971412669023916243","potions_obtained":[{"floor":2,"key":"ColorlessPotion"},{"floor":5,"key":"ColorlessPotion"},{"floor":6,"key":"AttackPotion"}],"is_trial":false,"path_per_floor":["M","M","M","?","M","E","R","M","T","R","M","M","E","M","R","B",null,"M","M","M","?","?","E","T","E","T","M","E","M","M","E","R","B",null,"M","$","?","M","M","E","E","M","T","M","R","M","E","?","R","B",null],"character_chosen":"OPM","items_purchased":[],"campfire_rested":0,"item_purchase_floors":[],"current_hp_per_floor":[999,999,999,999,999,999,999,999,999,999,999,999,1009,1009,1009,1009,1009,1009,1009,1009,1009,1009,1009,1009,1009,1009,1009,1009,1009,1009,1009,1009,1009,1009,1009,1009,1009,1009,1009,1009,1009,1009,1009,1009,1009,1009,1009,1009,1009,1009],"gold":236,"neow_bonus":"HUNDRED_GOLD","is_daily":false,"chose_seed":false,"campfire_upgraded":6,"win_rate":0.0,"timestamp":1611081315,"path_taken":["M","M","M","?","M","E","R","M","T","R","M","M","E","M","R","BOSS","M","?","M","?","?","E","?","E","T","M","E","M","M","E","R","BOSS","M","$","?","M","M","E","E","M","T","M","R","M","E","?","R","BOSS"],"items_purchased_type":[],"build_version":"2020-12-22","purchased_purges":1,"victory":true,"max_hp_per_floor":[999,999,999,999,999,999,999,999,999,999,999,999,1009,1009,1009,1009,1009,1009,1009,1009,1009,1009,1009,1009,1009,1009,1009,1009,1009,1009,1009,1009,1009,1009,1009,1009,1009,1009,1009,1009,1009,1009,1009,1009,1009,1009,1009,1009,1009,1009],"card_choices":[{"not_picked":["Yawn","Consecutive_Normal_Punch","Normal_Punch"],"picked":"SKIP","floor":1},{"not_picked":["Slap","Do_Nothing","Yawn"],"picked":"SKIP","floor":2},{"not_picked":["Yawn","Toss_Stone","Normal_Punch"],"picked":"SKIP","floor":3},{"not_picked":["Slap","Hop","Side_Hop"],"picked":"SKIP","floor":5},{"not_picked":["Normal_Punch","Do_Nothing","Yawn"],"picked":"SKIP","floor":6},{"not_picked":["Yawn","Serious_Side_Hops","Consecutive_Normal_Punch"],"picked":"SKIP","floor":8},{"not_picked":["Wear_Disguise","Hop","Ignore"],"picked":"SKIP","floor":11},{"not_picked":["Yawn","Hop"],"picked":"Slap","floor":12},{"not_picked":["Toss_Stone","Do_Nothing","Yawn"],"picked":"SKIP","floor":13},{"not_picked":["Yawn","Normal_Punch","Side_Hop"],"picked":"SKIP","floor":14},{"not_picked":["Slap","Yawn+1","Normal_Punch"],"picked":"SKIP","floor":18},{"not_picked":["Ignore","Yawn","Side_Hop"],"picked":"SKIP","floor":19},{"not_picked":["Hop+1","Toss_Stone","Side_Hop+1"],"picked":"SKIP","floor":20},{"not_picked":["Hop","Normal_Punch"],"picked":"Serious_Punch","floor":23},{"not_picked":["Do_Nothing","Serious_Side_Hops","Hop"],"picked":"SKIP","floor":25},{"not_picked":["Ignore","Normal_Punch","Yawn"],"picked":"SKIP","floor":27},{"not_picked":["Side_Hop","Toss_Stone"],"picked":"Slap","floor":28},{"not_picked":["Hop","Wear_Disguise","Yawn"],"picked":"SKIP","floor":29},{"not_picked":["Wear_Disguise","Side_Hop+1"],"picked":"Serious_Punch","floor":30},{"not_picked":["Yawn","Normal_Punch"],"picked":"Consecutive_Normal_Punch+1","floor":31},{"not_picked":["Hop+1"],"picked":"SKIP","floor":35},{"not_picked":["Yawn"],"picked":"SKIP","floor":38},{"not_picked":["Yawn"],"picked":"SKIP","floor":39},{"not_picked":["Ignore+1"],"picked":"SKIP","floor":40},{"not_picked":["Do_Nothing"],"picked":"SKIP","floor":41},{"not_picked":["Yawn"],"picked":"SKIP","floor":42},{"not_picked":["Side_Hop"],"picked":"SKIP","floor":44},{"not_picked":["Consecutive_Normal_Punch"],"picked":"SKIP","floor":46},{"not_picked":["Consecutive_Normal_Punch"],"picked":"SKIP","floor":47}],"player_experience":342739,"relics_obtained":[{"floor":6,"key":"Eternal Feather"},{"floor":9,"key":"Centennial Puzzle"},{"floor":13,"key":"Pear"},{"floor":23,"key":"Orichalcum"},{"floor":24,"key":"WingedGreaves"},{"floor":25,"key":"Anchor"},{"floor":26,"key":"Blood Vial"},{"floor":28,"key":"Bottled Flame"},{"floor":31,"key":"InkBottle"},{"floor":40,"key":"Oddly Smooth Stone"},{"floor":41,"key":"Ancient Tea Set"},{"floor":43,"key":"Boot"},{"floor":47,"key":"Turnip"}],"event_choices":[{"cards_removed":["Defend_Y"],"damage_healed":0,"gold_gain":0,"player_choice":"Purged","damage_taken":0,"max_hp_gain":0,"max_hp_loss":0,"event_name":"Purifier","floor":4,"gold_loss":0},{"damage_healed":0,"gold_gain":0,"player_choice":"Ignored","damage_taken":0,"max_hp_gain":0,"max_hp_loss":0,"event_name":"Vampires","floor":22,"gold_loss":0},{"damage_healed":0,"gold_gain":0,"player_choice":"Paid","damage_taken":0,"relics_obtained":["Red Mask"],"max_hp_gain":0,"max_hp_loss":0,"event_name":"Tomb of Lord Red Mask","floor":37,"gold_loss":684},{"damage_healed":0,"gold_gain":0,"player_choice":"Rummage","damage_taken":0,"relics_obtained":["WarpedTongs"],"max_hp_gain":0,"max_hp_loss":0,"event_name":"Accursed Blacksmith","floor":48,"gold_loss":0,"cards_obtained":["Pain"]}],"is_beta":false,"boss_relics":[{"not_picked":["Runic Dome","Velvet Choker"],"picked":"Coffee Dripper"},{"not_picked":["Runic Pyramid","Calling Bell"],"picked":"Busted Crown"}],"items_purged_floors":[36],"is_endless":false,"potions_floor_spawned":[2,3,5,6,11,13,20,27,28,30,31,38,39,41,44],"ascension_level":4}}