{"host":"qxeepl7ydvsgmfdb","time":1611052083,"event":{"mods":["AchievementEnabler","BaseMod","Colored Powertips","Minty Spire (QoL Compilation)","Quick Restart","slay the spire mod where everything is the same but ironclad has a cowboy hat"],"gold_per_floor":[119,119,119,394,128,158,168,180,180,180,210,210,210,221,221,321,321,337,356,356,388,402,402,402,501,501,501,18,18,29,29,29,29,29],"floor_reached":33,"language":"ENG","playtime":746,"items_purged":["Regret","Strike_G+1"],"score":296,"play_id":"3c550086-9fe8-4c50-9de4-cc0ea5a11abe","local_time":"20210119052803","is_ascension_mode":false,"campfire_choices":[{"floor":13.0,"key":"REST"},{"floor":15.0,"key":"REST"},{"floor":29,"key":"REST"},{"floor":32,"key":"REST"}],"circlet_count":0,"master_deck":["Strike_G+1","Strike_G+1","Defend_G+1","Defend_G+1","Defend_G+1","Defend_G+1","Defend_G+1","Survivor","Neutralize+1","Blade Dance","Deflect","Slice","Poisoned Stab","Cloak And Dagger+1","Poisoned Stab","After Image","Dagger Spray","Poisoned Stab","Backflip+1","Quick Slash","Deflect+1"],"relics":["Ring of the Snake","NeowsBlessing","Orichalcum","Art of War","Toxic Egg 2","Bronze Scales","Black Star","Red Mask","Ornamental Fan","Bottled Lightning","TwistedFunnel"],"acts_visited":["Exordium","TheCity"],"potions_floor_usage":[33,33],"damage_taken":[{"damage":0.0,"enemies":"Cultist","floor":1.0,"turns":1.0},{"damage":0.0,"enemies":"Gremlin Nob","floor":6.0,"turns":1.0},{"damage":0.0,"enemies":"Small Slimes","floor":7.0,"turns":1.0},{"damage":2.0,"enemies":"2 Louse","floor":8.0,"turns":3.0},{"damage":21.0,"enemies":"3 Sentries","floor":11.0,"turns":7.0},{"damage":5.0,"enemies":"Large Slime","floor":14.0,"turns":4.0},{"damage":40.0,"enemies":"The Guardian","floor":16.0,"turns":11.0},{"damage":3.0,"enemies":"3 Byrds","floor":18.0,"turns":3.0},{"damage":4.0,"enemies":"Chosen","floor":19.0,"turns":4.0},{"damage":16.0,"enemies":"Masked Bandits","floor":21.0,"turns":5.0},{"damage":21.0,"enemies":"Sentry and Sphere","floor":22.0,"turns":7.0},{"damage":13.0,"enemies":"Slavers","floor":23.0,"turns":3.0},{"damage":8,"enemies":"Chosen and Byrds","floor":30,"turns":5},{"damage":57,"enemies":"Automaton","floor":33,"turns":12}],"seed_played":"-5901141028672364799","potions_obtained":[{"floor":6.0,"key":"Weak Potion"},{"floor":7.0,"key":"BlessingOfTheForge"},{"floor":11.0,"key":"SmokeBomb"},{"floor":14.0,"key":"BlessingOfTheForge"},{"floor":30,"key":"DistilledChaos"}],"is_trial":false,"path_per_floor":["M","?","?","?","$","E","M","M","T","$","E","?","R","M","R","B",null,"M","M","?","?","M","E","?","?","T","?","$","R","M","$","R","B"],"character_chosen":"THE_SILENT","items_purchased":["Orichalcum","Blade Dance","Bottled Lightning","TwistedFunnel"],"campfire_rested":4,"item_purchase_floors":[5,5,28,28],"current_hp_per_floor":[70,63,63,63,63,63,63,61,61,61,40,26,47,42,63,23,70,67,63,63,47,26,13,13,13,13,13,13,34,26,26,47,0,0],"gold":29,"neow_bonus":"THREE_ENEMY_KILL","is_daily":false,"chose_seed":false,"campfire_upgraded":0,"win_rate":0.0,"timestamp":1611052083,"path_taken":["M","?","?","?","$","E","M","?","T","$","E","?","R","M","R","BOSS","M","M","?","?","M","E","?","?","T","?","$","R","?","?","R","BOSS"],"items_purchased_type":["Relic","Card","Relic","Relic"],"build_version":"2020-12-22","purchased_purges":2,"victory":false,"max_hp_per_floor":[70,70,70,70,70,70,70,70,70,70,70,70,70,70,70,70,70,70,70,70,70,70,70,70,70,70,70,70,70,70,70,70,70,70],"card_choices":[{"not_picked":["Bane","Bouncing Flask","Deflect"],"picked":"SKIP","floor":1.0},{"not_picked":["Escape Plan","Underhanded Strike"],"picked":"Deflect","floor":6.0},{"not_picked":["Bane","Acrobatics"],"picked":"Slice","floor":7.0},{"not_picked":["Flying Knee","Night Terror"],"picked":"Poisoned Stab","floor":8.0},{"not_picked":["Reflex+1","Flechettes"],"picked":"Cloak And Dagger+1","floor":11.0},{"not_picked":["Sucker Punch","Outmaneuver+1"],"picked":"Poisoned Stab","floor":14.0},{"not_picked":["Venomology+1","Malaise+1"],"picked":"After Image","floor":16.0},{"not_picked":["Dodge and Roll+1","Leg Sweep+1"],"picked":"Dagger Spray","floor":18.0},{"not_picked":["Prepared+1","Dagger Spray"],"picked":"Poisoned Stab","floor":19.0},{"not_picked":["Blur+1","Sucker Punch"],"picked":"Backflip+1","floor":22.0},{"not_picked":["Backflip+1","PiercingWail+1"],"picked":"Deflect+1","floor":30}],"player_experience":184280,"relics_obtained":[{"floor":6.0,"key":"Art of War"},{"floor":9.0,"key":"Toxic Egg 2"},{"floor":11.0,"key":"Bronze Scales"},{"floor":21.0,"key":"Red Mask"},{"floor":26,"key":"Ornamental Fan"}],"event_choices":[{"cards_removed":["Strike_G"],"damage_healed":0.0,"max_hp_gain":0.0,"max_hp_loss":0.0,"gold_gain":0.0,"event_name":"Golden Wing","player_choice":"Card Removal","floor":2.0,"gold_loss":0.0,"damage_taken":7.0},{"damage_healed":0.0,"max_hp_gain":0.0,"max_hp_loss":0.0,"gold_gain":0.0,"event_name":"Living Wall","player_choice":"Grow","floor":3.0,"gold_loss":0.0,"damage_taken":0.0,"cards_upgraded":["Neutralize"]},{"damage_healed":0.0,"max_hp_gain":0.0,"max_hp_loss":0.0,"gold_gain":275.0,"event_name":"Golden Shrine","player_choice":"Desecrate","floor":4.0,"gold_loss":0.0,"damage_taken":0.0,"cards_obtained":["Regret"]},{"damage_healed":0.0,"max_hp_gain":0.0,"max_hp_loss":0.0,"gold_gain":0.0,"event_name":"Shining Light","player_choice":"Entered Light","floor":12.0,"gold_loss":0.0,"damage_taken":14.0,"cards_upgraded":["Strike_G","Defend_G"]},{"damage_healed":0.0,"max_hp_gain":0.0,"max_hp_loss":0.0,"gold_gain":0.0,"event_name":"Back to Basics","player_choice":"Simplicity","floor":20.0,"gold_loss":0.0,"damage_taken":0.0,"cards_upgraded":["Strike_G","Strike_G","Strike_G","Defend_G","Defend_G","Defend_G","Defend_G"]},{"damage_healed":0.0,"max_hp_gain":0.0,"max_hp_loss":0.0,"gold_gain":0.0,"event_name":"Masked Bandits","player_choice":"Fought Bandits","floor":21.0,"gold_loss":0.0,"damage_taken":0.0},{"damage_healed":0,"gold_gain":0,"player_choice":"Ignored","damage_taken":0,"max_hp_gain":0,"max_hp_loss":0,"event_name":"Cursed Tome","floor":24,"gold_loss":0},{"damage_healed":0,"gold_gain":99,"player_choice":"Stole From Cult","damage_taken":0,"max_hp_gain":0,"max_hp_loss":0,"event_name":"Nest","floor":25,"gold_loss":0},{"damage_healed":0,"gold_gain":0,"cards_transformed":["Strike_G"],"player_choice":"Transformed","damage_taken":0,"max_hp_gain":0,"max_hp_loss":0,"event_name":"Transmorgrifier","floor":27,"gold_loss":0,"cards_obtained":["Quick Slash"]}],"is_beta":false,"boss_relics":[{"not_picked":["Runic Pyramid","Pandora\u0027s Box"],"picked":"Black Star"}],"items_purged_floors":[5,28],"is_endless":false,"potions_floor_spawned":[6,7,11,14,19,22,30],"killed_by":"Automaton","ascension_level":0}}