{"host":"640uue19m79c7wbt","time":1611022913,"event":{"mods":["BaseMod","Colored Map","Googly Eyes","Highlight Path","Minty Spire (QoL Compilation)","Quick Restart","StSLib"],"gold_per_floor":[116,116,129,129,59,88,88,88,88,123,143,143,163,163,163,242,242,260,270,270,121,121,148,2,35,109,109,122,122,141,158,158,235,235,250,266,276,324,324,324,358,377,400,410,410,410,435,165,165,165],"floor_reached":51,"language":"ENG","playtime":1629,"items_purged":["Regret","Strike_G","Writhe"],"score":1619,"play_id":"d78425f4-f053-44d0-a166-5bab21f8358c","local_time":"20210118212153","is_ascension_mode":true,"campfire_choices":[{"data":"Glass Knife","floor":7,"key":"SMITH"},{"floor":12,"key":"REST"},{"floor":15,"key":"REST"},{"floor":27,"key":"REST"},{"floor":29,"key":"REST"},{"data":"Well Laid Plans","floor":32,"key":"SMITH"},{"data":"Neutralize","floor":40,"key":"SMITH"},{"floor":49,"key":"REST"}],"circlet_count":0,"master_deck":["AscendersBane","Strike_G+1","Strike_G+1","Defend_G","Defend_G","Defend_G+1","Defend_G","Survivor+1","Neutralize+1","Dagger Spray","Dagger Spray","Crippling Poison+1","Glass Knife+1","Backstab","Distraction+1","Catalyst+1","Burst+1","CurseOfTheBell","Well Laid Plans+1","Predator+1","Catalyst+1","Bullet Time+1","Poisoned Stab+1","Bouncing Flask+1","Distraction+1","Bullet Time+1","PiercingWail+1","Underhanded Strike+1"],"relics":["Ring of the Snake","NeowsBlessing","Toxic Egg 2","Whetstone","Snake Skull","Lizard Tail","Kunai","Calling Bell","Blood Vial","Molten Egg 2","Gambling Chip","Centennial Puzzle","Vajra","Ninja Scroll","Empty Cage","Torii","Bag of Marbles","Tough Bandages","War Paint"],"acts_visited":["Exordium","TheCity","TheBeyond"],"potions_floor_usage":[16,18,18,23,25,31,38,38],"damage_taken":[{"damage":0,"enemies":"Jaw Worm","floor":1,"turns":1},{"damage":0,"enemies":"Small Slimes","floor":3,"turns":1},{"damage":0,"enemies":"Lagavulin","floor":6,"turns":1},{"damage":22,"enemies":"Gremlin Nob","floor":10,"turns":4},{"damage":3,"enemies":"Cultist","floor":11,"turns":2},{"damage":2,"enemies":"Large Slime","floor":13,"turns":3},{"damage":2,"enemies":"Slime Boss","floor":16,"turns":5},{"damage":2,"enemies":"Shell Parasite","floor":18,"turns":3},{"damage":25,"enemies":"Spheric Guardian","floor":19,"turns":5},{"damage":16,"enemies":"Gremlin Leader","floor":23,"turns":3},{"damage":12,"enemies":"Slavers","floor":25,"turns":4},{"damage":9,"enemies":"Shelled Parasite and Fungi","floor":28,"turns":2},{"damage":0,"enemies":"Snake Plant","floor":30,"turns":1},{"damage":0,"enemies":"Cultist and Chosen","floor":31,"turns":1},{"damage":0,"enemies":"Collector","floor":33,"turns":1},{"damage":12,"enemies":"3 Shapes","floor":35,"turns":2},{"damage":0,"enemies":"3 Darklings","floor":36,"turns":2},{"damage":17,"enemies":"4 Shapes","floor":37,"turns":2},{"damage":8,"enemies":"2 Orb Walkers","floor":38,"turns":2},{"damage":14,"enemies":"Nemesis","floor":41,"turns":3},{"damage":6,"enemies":"Jaw Worm Horde","floor":42,"turns":2},{"damage":0,"enemies":"Maw","floor":44,"turns":1},{"damage":1,"enemies":"Mind Bloom Boss Battle","floor":47,"turns":3},{"damage":0,"enemies":"Time Eater","floor":50,"turns":3}],"seed_played":"8922454276823555294","potions_obtained":[{"floor":3,"key":"Explosive Potion"},{"floor":10,"key":"DistilledChaos"},{"floor":16,"key":"Swift Potion"},{"floor":19,"key":"Poison Potion"},{"floor":23,"key":"Poison Potion"},{"floor":30,"key":"DistilledChaos"},{"floor":33,"key":"PowerPotion"},{"floor":35,"key":"LiquidMemories"},{"floor":38,"key":"Fruit Juice"},{"floor":42,"key":"Explosive Potion"}],"is_trial":false,"path_per_floor":["M","?","M","?","$","E","R","?","T","E","M","R","M","?","R","B",null,"M","M","?","$","?","E","$","E","T","R","M","R","M","M","R","B",null,"M","M","M","?","?","R","E","M","T","M","?","?","?","$","R","B",null],"character_chosen":"THE_SILENT","items_purchased":["Crippling Poison+1","Catalyst+1","Poisoned Stab+1","War Paint"],"campfire_rested":5,"item_purchase_floors":[5,21,24,48],"current_hp_per_floor":[59,52,52,52,52,52,52,52,52,30,27,46,44,26,45,43,60,60,37,25,25,48,34,34,24,24,45,38,59,61,63,63,65,70,59,61,46,45,45,45,33,29,29,31,50,50,51,51,73,75],"gold":165,"neow_bonus":"THREE_ENEMY_KILL","is_daily":false,"chose_seed":false,"campfire_upgraded":3,"win_rate":0.0,"timestamp":1611022913,"path_taken":["M","?","M","?","$","E","R","?","T","E","?","R","M","?","R","BOSS","M","M","?","$","?","E","$","E","T","R","M","R","M","M","R","BOSS","M","M","M","?","?","R","E","M","T","M","?","?","?","$","R","BOSS"],"items_purchased_type":["Card","Card","Card","Relic"],"build_version":"2020-12-22","purchased_purges":3,"victory":true,"max_hp_per_floor":[66,66,66,66,66,66,66,66,66,66,66,66,66,66,66,66,66,66,66,71,71,71,71,71,71,71,71,71,71,71,71,71,71,71,71,71,71,76,76,76,76,76,76,76,76,76,76,76,76,76],"card_choices":[{"not_picked":["Underhanded Strike","Caltrops"],"picked":"Dagger Spray","floor":1},{"not_picked":["Setup","Poisoned Stab"],"picked":"Dagger Spray","floor":3},{"not_picked":["Dodge and Roll+1","Expertise+1"],"picked":"Glass Knife","floor":6},{"not_picked":["Sucker Punch","Prepared+1"],"picked":"Backstab","floor":10},{"not_picked":["Dash","Outmaneuver+1"],"picked":"Distraction+1","floor":11},{"not_picked":["Backflip+1","Outmaneuver+1"],"picked":"Catalyst+1","floor":13},{"not_picked":["Phantasmal Killer+1","Tools of the Trade"],"picked":"Burst+1","floor":16},{"not_picked":["Underhanded Strike+1","Prepared+1"],"picked":"Well Laid Plans","floor":18},{"not_picked":["Dodge and Roll+1","Endless Agony+1"],"picked":"Predator+1","floor":19},{"not_picked":["Slice+1","Heel Hook+1"],"picked":"Bullet Time+1","floor":23},{"not_picked":["Dodge and Roll+1","Underhanded Strike+1","Backflip+1"],"picked":"SKIP","floor":25},{"not_picked":["Deflect+1","Storm of Steel+1"],"picked":"Bouncing Flask+1","floor":28},{"not_picked":["Slice+1","Sucker Punch+1"],"picked":"Distraction+1","floor":30},{"not_picked":["Deadly Poison+1","Acrobatics+1","Riddle With Holes+1"],"picked":"SKIP","floor":31},{"not_picked":["Doppelganger+1","Venomology+1"],"picked":"Bullet Time+1","floor":33},{"not_picked":["Dagger Spray+1","Cloak And Dagger+1","Backflip+1"],"picked":"SKIP","floor":35},{"not_picked":["Finisher+1","Escape Plan+1","Sucker Punch+1"],"picked":"SKIP","floor":36},{"not_picked":["Masterful Stab+1","Escape Plan+1"],"picked":"PiercingWail+1","floor":37},{"not_picked":["Dodge and Roll+1","Choke+1","Skewer+1"],"picked":"SKIP","floor":41},{"not_picked":["Concentrate+1","Leg Sweep+1"],"picked":"Underhanded Strike+1","floor":42},{"not_picked":["Cloak And Dagger+1","Poisoned Stab+1","All Out Attack+1"],"picked":"SKIP","floor":44}],"player_experience":615174,"relics_obtained":[{"floor":6,"key":"Whetstone"},{"floor":9,"key":"Snake Skull"},{"floor":10,"key":"Lizard Tail"},{"floor":17,"key":"Blood Vial"},{"floor":17,"key":"Molten Egg 2"},{"floor":17,"key":"Gambling Chip"},{"floor":23,"key":"Centennial Puzzle"},{"floor":25,"key":"Vajra"},{"floor":26,"key":"Ninja Scroll"},{"floor":38,"key":"Torii"},{"floor":43,"key":"Bag of Marbles"},{"floor":47,"key":"Tough Bandages"}],"event_choices":[{"cards_removed":["Strike_G"],"damage_healed":0,"gold_gain":0,"player_choice":"Card Removal","damage_taken":7,"max_hp_gain":0,"max_hp_loss":0,"event_name":"Golden Wing","floor":2,"gold_loss":0},{"damage_healed":0,"gold_gain":0,"player_choice":"Box","damage_taken":0,"relics_obtained":["Toxic Egg 2"],"max_hp_gain":0,"max_hp_loss":0,"event_name":"Big Fish","floor":4,"gold_loss":0,"cards_obtained":["Regret"]},{"damage_healed":0,"gold_gain":0,"cards_transformed":["Strike_G"],"player_choice":"Transformed","damage_taken":0,"max_hp_gain":0,"max_hp_loss":0,"event_name":"Transmorgrifier","floor":8,"gold_loss":0,"cards_obtained":["Slice"]},{"damage_healed":0,"gold_gain":0,"player_choice":"Success","damage_taken":18,"relics_obtained":["Kunai"],"max_hp_gain":0,"max_hp_loss":0,"event_name":"Scrap Ooze","floor":14,"gold_loss":0},{"damage_healed":0,"gold_gain":0,"player_choice":"Shed Blood","damage_taken":17,"max_hp_gain":5,"max_hp_loss":0,"event_name":"Forgotten Altar","floor":20,"gold_loss":0},{"damage_healed":23,"gold_gain":0,"player_choice":"Heal","damage_taken":0,"max_hp_gain":0,"max_hp_loss":0,"event_name":"The Library","floor":22,"gold_loss":0},{"damage_healed":0,"gold_gain":0,"player_choice":"Fight","damage_taken":0,"max_hp_gain":0,"max_hp_loss":0,"event_name":"Mysterious Sphere","floor":38,"gold_loss":0},{"damage_healed":0,"gold_gain":0,"player_choice":"Ignored","damage_taken":0,"max_hp_gain":0,"max_hp_loss":0,"event_name":"Tomb of Lord Red Mask","floor":39,"gold_loss":0},{"damage_healed":19,"gold_gain":0,"player_choice":"Writhe","damage_taken":0,"max_hp_gain":0,"max_hp_loss":0,"event_name":"Winding Halls","floor":45,"gold_loss":0,"cards_obtained":["Writhe"]},{"damage_healed":0,"gold_gain":0,"player_choice":"Memory 1","damage_taken":0,"max_hp_gain":0,"max_hp_loss":0,"event_name":"SensoryStone","floor":46,"gold_loss":0},{"damage_healed":0,"gold_gain":0,"player_choice":"Fight","damage_taken":0,"max_hp_gain":0,"max_hp_loss":0,"event_name":"MindBloom","floor":47,"gold_loss":0}],"is_beta":false,"boss_relics":[{"not_picked":["HoveringKite","Ectoplasm"],"picked":"Calling Bell"},{"not_picked":["Busted Crown","SacredBark"],"picked":"Empty Cage"}],"items_purged_floors":[21,24,48],"is_endless":false,"potions_floor_spawned":[3,10,13,16,19,23,30,33,35,38,42,44,47],"ascension_level":14}}