{"host":"tch6k55kfxnw5l94","time":1611042942,"event":{"mods":["BaseMod","Downfall","Hermit","Luminous","Minty Spire (QoL Compilation)","StSLib","The Caster"],"gold_per_floor":[99,9999,10010,10020,10020,10045,10068,10068,10100,10110,8786,8686,8705,8720,8736,8841,8841,8841,7736,7736,7756,7756,7790,7790,7806,7818,7316,7333,7333,7333,7368,7379,7484,7484,7384,7399,7399,7418,6598,6698,6698,6732,6749,6649,6684,6696,6185,6204,6218,6218,6218,6251,5863,5863,5863,5863],"floor_reached":57,"language":"ENG","playtime":4313,"items_purged":["downfall:Icky","bronze:BitShift","bronze:Strike","bronze:WhirlingStrike","Parasite","bronze:OilSpill"],"score":1591,"play_id":"cf02ca73-3dce-4ef7-9279-f81ad82da1f7","local_time":"20210119025542","is_ascension_mode":false,"campfire_choices":[{"floor":1,"key":"RECALL"},{"data":"bronze:Boost","floor":12,"key":"SMITH"},{"data":"bronze:Return","floor":18,"key":"SMITH"},{"data":"bronze:MaxOutput","floor":30,"key":"SMITH"},{"data":"bronze:Goto","floor":35,"key":"SMITH"},{"data":"bronze:HardenedForm","floor":44,"key":"SMITH"},{"data":"bronze:RecursiveStrike","floor":54,"key":"SMITH"}],"circlet_count":0,"master_deck":["bronze:Defend+1","bronze:Defend","bronze:Defend","bronze:Replicate","bronze:Goto+1","bronze:Return+1","bronze:Iterate","bronze:Flail","bronze:Safeguard","bronze:Boost+1","bronze:CleanCode","bronze:ItsAFeature","bronze:Iterate","bronze:Shield","Jack Of All Trades","Secret Weapon","bronze:Iterate","bronze:DelayedGuard+1","bronze:RecursiveStrike+1","bronze:ChildClass","Master of Strategy+1","bronze:ClassDefault","bronze:FindAndReplace+1","bronze:DigitalCarnage","bronze:ClassDefault","bronze:MaxOutput+1","bronze:HardenedForm","bronze:FindAndReplace+1","bronze:Allocate+1","bronze:SpaghettiCode+1","bronze:ChildClass+1","bronze:HardenedForm+1","bronze:FineTuning+1","Secret Technique+1","bronze:Philosophize+1","bronze:Repulsor+1","bronze:Flail+1","bronze:CloningBeam+1","bronze:MaxOutput","expansioncontent:QuickStudy+1","bronze:FineTuning+1","bronze:Fortify+1","bronze:BronzeArmor+1","bronze:MaxOutput","expansioncontent:QuickStudy+1"],"relics":["bronze:BronzeCore","PreservedInsect","Ancient Tea Set","Unceasing Top","Meat on the Bone","Lee\u0027s Waffle","downfall:HeartBlessingRed","Sozu","Strange Spoon","Toxic Egg 2","Oddly Smooth Stone","downfall:RedIOU","Dream Catcher","Bottled Lightning","Sling","Centennial Puzzle","HornCleat","Smiling Mask","SlaversCollar","downfall:HeartBlessingGreen","Orichalcum","Bottled Flame","Pantograph","downfall:HeartBlessingBlue","Pen Nib","Membership Card","Omamori","InkBottle","sneckomod:BlankCard","HandDrill","War Paint","Blood Vial"],"acts_visited":["Exordium","TheCity","TheBeyond","TheEnding"],"potions_floor_usage":[6,9,16,19,36],"damage_taken":[{"damage":1,"enemies":"2 Louse","floor":2,"turns":3},{"damage":3,"enemies":"Jaw Worm","floor":3,"turns":4},{"damage":6,"enemies":"Cultist","floor":4,"turns":4},{"damage":22,"enemies":"Lagavulin","floor":6,"turns":4},{"damage":9,"enemies":"3 Sentries","floor":9,"turns":2},{"damage":0,"enemies":"Lots of Slimes","floor":10,"turns":1},{"damage":5,"enemies":"downfall:FleeingMerchant","floor":11,"turns":4},{"damage":0,"enemies":"Exordium Wildlife","floor":13,"turns":1},{"damage":1,"enemies":"3 Louse","floor":14,"turns":2},{"damage":0,"enemies":"Lots of Slimes","floor":15,"turns":1},{"damage":17,"enemies":"WA_ARCHETYPE_RETAIN","floor":16,"turns":6},{"damage":10,"enemies":"downfall:FleeingMerchant","floor":19,"turns":4},{"damage":14,"enemies":"3 Byrds","floor":21,"turns":4},{"damage":30,"enemies":"Book of Stabbing","floor":23,"turns":4},{"damage":15,"enemies":"Snecko","floor":25,"turns":4},{"damage":0,"enemies":"Centurion and Healer","floor":26,"turns":2},{"damage":0,"enemies":"downfall:FleeingMerchant","floor":27,"turns":2},{"damage":1,"enemies":"Snake Plant","floor":28,"turns":5},{"damage":14,"enemies":"Slavers","floor":31,"turns":3},{"damage":3,"enemies":"Cultist and Chosen","floor":32,"turns":5},{"damage":17,"enemies":"SI_MIRROR_ARCHETYPE","floor":33,"turns":6},{"damage":0,"enemies":"3 Darklings","floor":36,"turns":4},{"damage":9,"enemies":"3 Shapes","floor":38,"turns":5},{"damage":0,"enemies":"Giant Head","floor":42,"turns":3},{"damage":18,"enemies":"Jaw Worm Horde","floor":43,"turns":3},{"damage":12,"enemies":"Nemesis","floor":45,"turns":3},{"damage":16,"enemies":"Writhing Mass","floor":46,"turns":5},{"damage":1,"enemies":"Maw","floor":48,"turns":6},{"damage":21,"enemies":"4 Shapes","floor":49,"turns":5},{"damage":10,"enemies":"IC_BLOCK_ARCHETYPE","floor":50,"turns":7},{"damage":2,"enemies":"downfall:CharBossMerchant","floor":52,"turns":5},{"damage":0,"enemies":"downfall:NeowBoss","floor":55,"turns":10},{"damage":35,"enemies":"downfall:NeowBossFinal","floor":56,"turns":8}],"seed_played":"8366641543081348866","potions_obtained":[{"floor":2,"key":"GamblersBrew"},{"floor":3,"key":"Explosive Potion"},{"floor":4,"key":"bronze:BuildAFunctionPotion"},{"floor":14,"key":"bronze:FreeFunctionsPotion"}],"is_trial":false,"path_per_floor":["R","M","M","M","?","E","T","?","E","M","$","R","M","M","M","B",null,"R","$","?","M","?","E","T","M","M","$","M","?","R","E","M","B",null,"R","M","?","M","$","?","T","E","M","R","E","M","$","M","M","B",null,"E","$","R","B","B",null],"character_chosen":"THE_AUTOMATON","items_purchased":["Unceasing Top","Meat on the Bone","Lee\u0027s Waffle","bronze:ItsAFeature","bronze:Iterate","bronze:Shield","Energy Potion","Fire Potion","Jack Of All Trades","Secret Weapon","Strange Spoon","Toxic Egg 2","Oddly Smooth Stone","Master of Strategy+1","bronze:ClassDefault","bronze:FindAndReplace+1","bronze:DigitalCarnage","Sling","Centennial Puzzle","HornCleat","bronze:HardenedForm","bronze:HardenedForm","bronze:FineTuning+1","Orichalcum","Bottled Flame","Secret Technique+1","Membership Card","Omamori","InkBottle","bronze:MaxOutput","expansioncontent:QuickStudy","HandDrill","War Paint","Blood Vial","bronze:MaxOutput","expansioncontent:QuickStudy+1"],"campfire_rested":0,"item_purchase_floors":[11,11,11,11,11,11,11,11,11,11,19,19,19,19,19,19,19,27,27,27,27,39,39,39,39,39,47,47,47,47,47,53,53,53,53,53],"current_hp_per_floor":[77,76,73,67,67,45,45,45,36,36,84,84,84,83,83,66,84,84,74,74,60,60,84,84,69,69,69,68,68,68,54,51,46,84,84,84,84,75,75,75,75,75,57,67,55,51,51,50,41,56,91,89,89,89,91,56],"gold":5863,"neow_bonus":"TEN_PERCENT_HP_BONUS","is_daily":false,"chose_seed":false,"campfire_upgraded":6,"win_rate":0.0,"timestamp":1611042942,"path_taken":["R","M","M","M","?","E","T","?","E","?","$","R","M","?","M","BOSS","R","$","?","M","?","E","T","M","?","$","M","?","R","E","M","BOSS","R","M","?","M","$","?","T","E","M","R","E","?","$","M","M","BOSS","E","$","R","BOSS","BOSS"],"items_purchased_type":["Relic","Relic","Relic","Card","Card","Card","Potion","Potion","Card","Card","Relic","Relic","Relic","Card","Card","Card","Card","Relic","Relic","Relic","Card","Card","Card","Relic","Relic","Card","Relic","Relic","Relic","Card","Card","Relic","Relic","Relic","Card","Card"],"build_version":"2020-12-22","purchased_purges":6,"victory":true,"max_hp_per_floor":[77,77,77,77,77,77,77,77,77,77,84,84,84,84,84,84,84,84,84,84,84,84,84,84,84,84,84,84,84,84,84,84,84,84,84,84,84,84,84,84,84,84,84,94,94,94,91,91,91,91,91,91,91,91,91,91],"card_choices":[{"not_picked":["bronze:FineTuning","bronze:Allocate"],"picked":"bronze:Return","floor":2},{"not_picked":["bronze:Branch","bronze:NullPointer"],"picked":"bronze:Iterate","floor":3},{"not_picked":["bronze:Repulsor","bronze:ClassDefault"],"picked":"bronze:Flail","floor":4},{"not_picked":["bronze:BugBarrage","bronze:HyperBeam"],"picked":"bronze:DelayedGuard","floor":6},{"not_picked":["bronze:BugBarrage","bronze:Shield","bronze:Overheat"],"picked":"SKIP","floor":9},{"not_picked":["bronze:Turbo","bronze:ShipIt"],"picked":"bronze:Boost","floor":10},{"not_picked":["bronze:ItsAFeature","bronze:CutThrough"],"picked":"bronze:CleanCode","floor":11},{"not_picked":["bronze:Turbo","bronze:DelayedSlice"],"picked":"bronze:Iterate","floor":13},{"not_picked":["bronze:WhirlingStrike","bronze:BuggyMess"],"picked":"bronze:DelayedGuard","floor":14},{"not_picked":["bronze:Deprecate","bronze:Repair"],"picked":"bronze:OilSpill","floor":15},{"not_picked":["bronze:Virus","bronze:HyperBeam"],"picked":"bronze:RecursiveStrike","floor":16},{"not_picked":["bronze:BugBarrage","bronze:DarkDash+1"],"picked":"bronze:ChildClass","floor":19},{"not_picked":["bronze:BugBarrage","bronze:DarkDash"],"picked":"bronze:ClassDefault","floor":21},{"not_picked":["bronze:Shield+1","bronze:DelayedSlice"],"picked":"bronze:MaxOutput","floor":23},{"not_picked":["bronze:BugBarrage","bronze:Overload+1","bronze:ItsAFeature"],"picked":"SKIP","floor":25},{"not_picked":["bronze:BuggyMess+1","bronze:Overload+1","bronze:Invalidate+1"],"picked":"SKIP","floor":26},{"not_picked":["bronze:Shield+1","bronze:BuggyMess+1","bronze:DarkDash"],"picked":"SKIP","floor":27},{"not_picked":["bronze:Overheat+1","bronze:BronzeArmor+1","bronze:Frontload+1"],"picked":"SKIP","floor":28},{"not_picked":["bronze:WildBeam+1","bronze:ChosenStrike","bronze:FindAndReplace+1"],"picked":"SKIP","floor":31},{"not_picked":["bronze:WildBeam+1","bronze:ChosenStrike"],"picked":"bronze:FindAndReplace+1","floor":31},{"not_picked":["bronze:Frontload+1","bronze:CutThrough"],"picked":"bronze:Allocate+1","floor":32},{"not_picked":["bronze:ShipIt","bronze:AlphaBuild"],"picked":"bronze:SpaghettiCode+1","floor":33},{"not_picked":["bronze:WhirlingStrike","bronze:BugBarrage"],"picked":"bronze:ChildClass+1","floor":36},{"not_picked":["bronze:Branch","bronze:DelayedGuard+1","bronze:Allocate+1"],"picked":"SKIP","floor":38},{"not_picked":["bronze:Iterate","bronze:Frontload+1"],"picked":"bronze:Philosophize+1","floor":42},{"not_picked":["bronze:CutThrough","bronze:Fortify"],"picked":"bronze:Repulsor+1","floor":43},{"not_picked":["bronze:Branch+1","bronze:WhirlingStrike"],"picked":"bronze:Flail+1","floor":45},{"not_picked":["bronze:Frontload+1","bronze:Branch+1"],"picked":"bronze:CloningBeam+1","floor":46},{"not_picked":["bronze:HardenedForm","bronze:Iterate"],"picked":"bronze:FineTuning+1","floor":48},{"not_picked":["bronze:Repulsor","bronze:DelayedSlice"],"picked":"bronze:Fortify+1","floor":49},{"not_picked":["bronze:WhirlingStrike+1","bronze:Deprecate+1"],"picked":"bronze:BronzeArmor+1","floor":52}],"player_experience":260390,"relics_obtained":[{"floor":6,"key":"PreservedInsect"},{"floor":7,"key":"Ancient Tea Set"},{"floor":9,"key":"Vajra"},{"floor":23,"key":"Dream Catcher"},{"floor":24,"key":"Bottled Lightning"},{"floor":31,"key":"Smiling Mask"},{"floor":42,"key":"Pantograph"},{"floor":45,"key":"Pen Nib"},{"floor":52,"key":"sneckomod:BlankCard"}],"event_choices":[{"damage_healed":0,"gold_gain":0,"player_choice":"Leave","damage_taken":0,"max_hp_gain":0,"max_hp_loss":0,"event_name":"FaceTrader","floor":22,"gold_loss":0},{"cards_removed":["bronze:Strike"],"damage_healed":0,"gold_gain":0,"player_choice":"Removed Attack","damage_taken":0,"max_hp_gain":0,"max_hp_loss":0,"event_name":"Falling","floor":37,"gold_loss":0}],"is_beta":false,"boss_relics":[{"not_picked":["Black Star","Runic Dome"],"picked":"Sozu"},{"not_picked":["bronze:PlatinumCore","Tiny House"],"picked":"SlaversCollar"}],"items_purged_floors":[11,19,27,39,47,53],"is_endless":false,"potions_floor_spawned":[2,3,4,13,14,15,23,28,32,36,43,46,48],"ascension_level":0}}