{"host":"w7o06k3e8uel8euj","time":1611060522,"event":{"mods":["AchievementEnabler","BaseMod","Colored Powertips","Custom Start","DeckTracker","Keyboard Shortcuts","Minty Spire (QoL Compilation)","Quick Restart","Relic Stats","StSLib","SuperFastMode","everything is the same but u backflip on backflip"],"gold_per_floor":[117,134,134,134,59,90,90,103,155,169,169,192,213,226,226,226,226],"floor_reached":16,"language":"KOR","playtime":353,"items_purged":["Strike_G"],"score":172,"play_id":"97528356-0ed1-4a1f-a898-b50ff14ddbb8","local_time":"20210119214842","is_ascension_mode":true,"campfire_choices":[{"data":"Bouncing Flask","floor":7.0,"key":"SMITH"},{"floor":11.0,"key":"REST"},{"data":"Cloak And Dagger","floor":15,"key":"SMITH"}],"circlet_count":0,"master_deck":["AscendersBane","Strike_G","Strike_G","Strike_G","Strike_G","Defend_G","Defend_G","Defend_G","Defend_G","Defend_G","Survivor","Neutralize","Dagger Spray","Noxious Fumes","Bouncing Flask+1","Acrobatics","Dash","Backstab","Dagger Spray","Blade Dance","Blade Dance","Cloak And Dagger+1"],"relics":["Ring of the Snake","Prayer Wheel","Golden Idol","Dream Catcher","Regal Pillow"],"acts_visited":["Exordium"],"potions_floor_usage":[],"damage_taken":[{"damage":0.0,"enemies":"Small Slimes","floor":1.0,"turns":3.0},{"damage":2.0,"enemies":"Jaw Worm","floor":2.0,"turns":5.0},{"damage":39.0,"enemies":"3 Sentries","floor":6.0,"turns":9.0},{"damage":0.0,"enemies":"Cultist","floor":8.0,"turns":3.0},{"damage":5.0,"enemies":"Lots of Slimes","floor":10.0,"turns":3.0},{"damage":1.0,"enemies":"Blue Slaver","floor":12.0,"turns":3.0},{"damage":0.0,"enemies":"Large Slime","floor":13.0,"turns":5.0},{"damage":0,"enemies":"3 Louse","floor":14,"turns":2},{"damage":56,"enemies":"Slime Boss","floor":16,"turns":7}],"seed_played":"-8562728690531894528","potions_obtained":[{"floor":1.0,"key":"FearPotion"},{"floor":2.0,"key":"EssenceOfSteel"},{"floor":13.0,"key":"Energy Potion"}],"is_trial":false,"path_per_floor":["M","M","?","?","$","E","R","M","T","M","R","M","M","M","R","B"],"character_chosen":"THE_SILENT","items_purchased":[],"campfire_rested":1,"item_purchase_floors":[],"current_hp_per_floor":[63,61,46,63,63,24,24,24,24,19,52,51,51,51,51,0,0],"gold":226,"neow_bonus":"ONE_RARE_RELIC","is_daily":false,"chose_seed":false,"campfire_upgraded":2,"win_rate":0.0,"timestamp":1611060522,"path_taken":["M","M","?","?","?","E","R","M","T","M","R","M","M","M","R","BOSS"],"items_purchased_type":[],"build_version":"2020-12-22","purchased_purges":1,"victory":false,"max_hp_per_floor":[63,63,63,63,63,63,63,63,63,63,63,63,63,63,63,63,63],"relic_stats":{"Dream Catcher":1,"Regal Pillow":15,"counters":[9,40],"Golden Idol":24,"Prayer Wheel":7,"obtain_stats":[{"Dream Catcher":6,"Regal Pillow":9,"Golden Idol":3,"Prayer Wheel":0,"Ring of the Snake":0},{"Dream Catcher":3,"Regal Pillow":4,"Golden Idol":2,"Prayer Wheel":0,"Ring of the Snake":0},{"Dream Catcher":17,"Regal Pillow":20,"Golden Idol":8,"Prayer Wheel":0,"Ring of the Snake":0}],"Ring of the Snake":[18]},"card_choices":[{"not_picked":["Poisoned Stab","Sucker Punch"],"picked":"Dagger Spray","floor":1.0},{"not_picked":["Skewer","Deadly Poison"],"picked":"Noxious Fumes","floor":1.0},{"not_picked":["Footwork","Backflip"],"picked":"Bouncing Flask","floor":2.0},{"not_picked":["Distraction","Sucker Punch"],"picked":"Acrobatics","floor":2.0},{"not_picked":["Bullet Time","Outmaneuver"],"picked":"Dash","floor":6.0},{"not_picked":["Caltrops","Flying Knee"],"picked":"Backstab","floor":8.0},{"not_picked":["Backstab","Deflect","Bane"],"picked":"SKIP","floor":8.0},{"not_picked":["Night Terror","Poisoned Stab"],"picked":"Dagger Spray","floor":10.0},{"not_picked":["Bane","Predator","Outmaneuver"],"picked":"SKIP","floor":10.0},{"not_picked":["Dash","Bane","Slice"],"picked":"SKIP","floor":12.0},{"not_picked":["Infinite Blades","Outmaneuver","Flying Knee"],"picked":"SKIP","floor":12.0},{"not_picked":["Dagger Throw","Deadly Poison"],"picked":"Blade Dance","floor":13.0},{"not_picked":["Choke","Unload","Skewer"],"picked":"SKIP","floor":13.0},{"not_picked":["Quick Slash","Noxious Fumes"],"picked":"Blade Dance","floor":14},{"not_picked":["Flying Knee","Slice"],"picked":"Cloak And Dagger","floor":14}],"player_experience":584223,"relics_obtained":[{"floor":6.0,"key":"Dream Catcher"},{"floor":9.0,"key":"Regal Pillow"}],"event_choices":[{"damage_healed":0.0,"max_hp_gain":0.0,"max_hp_loss":0.0,"gold_gain":0.0,"event_name":"Golden Idol","player_choice":"Take Damage","floor":3.0,"gold_loss":0.0,"damage_taken":15.0,"relics_obtained":["Golden Idol"]},{"damage_healed":21.0,"max_hp_gain":0.0,"max_hp_loss":0.0,"gold_gain":0.0,"event_name":"Big Fish","player_choice":"Banana","floor":4.0,"gold_loss":0.0,"damage_taken":0.0}],"is_beta":false,"boss_relics":[],"items_purged_floors":[5],"is_endless":false,"potions_floor_spawned":[1,2,13,14],"killed_by":"Slime Boss","ascension_level":13}}