{"host":"8i58hvcssdezoe94","time":1611038605,"event":{"mods":["Act Like it!","BaseMod","Colored Map","Conspire","Downfall","Gensokyo","KinomotoSakuraMod(木之本樱)","Marisa（F雨　魔理沙）","Minty Spire (QoL Compilation)","Quick Restart","Remilia（蕾米莉亚）","StSLib","The Animator","The Bug Knight","The Construct","The Cursed","The Hierophant","The Jungle","The Servant 0.9.4"],"gold_per_floor":[114,6,6,39,51,51,51,51,106,106,133,153,364,382,382,382,382],"floor_reached":16,"language":"ZHS","playtime":602,"items_purged":[],"score":100,"play_id":"6bd0efb2-fb73-498a-96c9-77ae383593b0","local_time":"20210119144325","is_ascension_mode":false,"campfire_choices":[{"floor":7,"key":"RECALL"},{"data":"Hello World","floor":10,"key":"SMITH"},{"floor":15,"key":"REST"}],"circlet_count":0,"master_deck":["Strike_B","Strike_B","Strike_B","Strike_B","Defend_B","Defend_B","Defend_B","Defend_B","Zap","Dualcast","Streamline","Hello World+1","Streamline","Clumsy","Genetic Algorithm","Doom and Gloom","Rainbow","Cold Snap"],"relics":["Cracked Core","NeowsBlessing","Bag of Marbles","Gensokyo:OccultBall","Gensokyo:NagashiBinaDoll","Pen Nib","StoneCalendar","WingedGreaves"],"acts_visited":["Gensokyo:Gensokyo"],"potions_floor_usage":[],"damage_taken":[{"damage":0,"enemies":"Gensokyo:Gryphon","floor":1,"turns":1},{"damage":0,"enemies":"conspire:MimicChest","floor":4,"turns":1},{"damage":0,"enemies":"Gensokyo:Python","floor":5,"turns":1},{"damage":26,"enemies":"Gensokyo:Aya","floor":11,"turns":6},{"damage":5,"enemies":"Gensokyo:3_Fairies","floor":12,"turns":4},{"damage":10,"enemies":"Gensokyo:VengefulSpirit","floor":13,"turns":4},{"damage":8,"enemies":"Gensokyo:3_Kodama","floor":14,"turns":3},{"damage":64,"enemies":"Gensokyo:Reimu","floor":16,"turns":9}],"seed_played":"-4754656859878784634","potions_obtained":[{"floor":1,"key":"Regen Potion"},{"floor":5,"key":"Fire Potion"}],"is_trial":false,"path_per_floor":["M","COS","?","?","M","?","R","?","T","R","E","M","M","M","R","B"],"character_chosen":"DEFECT","items_purchased":[],"campfire_rested":1,"item_purchase_floors":[],"current_hp_per_floor":[75,75,75,75,75,75,75,75,75,75,49,44,34,26,48,0,0],"gold":382,"neow_bonus":"THREE_ENEMY_KILL","is_daily":false,"chose_seed":false,"campfire_upgraded":1,"win_rate":0.0,"timestamp":1611038605,"path_taken":["M","COS","?","?","M","?","R","?","T","R","E","?","M","M","R","BOSS"],"items_purchased_type":[],"build_version":"2020-12-22","purchased_purges":0,"victory":false,"max_hp_per_floor":[75,75,75,75,75,75,75,75,75,75,75,75,75,75,75,75,75],"card_choices":[{"not_picked":["White Noise","Rebound"],"picked":"Self Repair","floor":1},{"not_picked":["Beam Cell","Stack"],"picked":"Streamline","floor":3},{"not_picked":["Streamline","Consume"],"picked":"Hello World","floor":4},{"not_picked":["Go for the Eyes","Compile Driver"],"picked":"Streamline","floor":5},{"not_picked":["conspire:Rain","Lockon"],"picked":"Genetic Algorithm","floor":11},{"not_picked":["conspire:SharedLibrary","Loop"],"picked":"Doom and Gloom","floor":12},{"not_picked":["Compile Driver","Steam"],"picked":"Rainbow","floor":13},{"not_picked":["Steam","Coolheaded"],"picked":"Cold Snap","floor":14}],"player_experience":46770,"relics_obtained":[{"floor":4,"key":"Bag of Marbles"},{"floor":9,"key":"Pen Nib"},{"floor":11,"key":"Gensokyo:OccultBall"},{"floor":11,"key":"StoneCalendar"}],"event_choices":[],"is_beta":false,"boss_relics":[],"items_purged_floors":[],"is_endless":false,"potions_floor_spawned":[1,4,5],"killed_by":"Gensokyo:Reimu","ascension_level":0}}