{"host":"0mk07bycsqo1qk03","time":1611082297,"event":{"mods":["BaseMod","Downfall","Hermit","Hubris","Minty Spire (QoL Compilation)","StSLib","The Cursed"],"gold_per_floor":[99,99,99,99,99,128,128,157,157,192,267,267,167,179,197,292,292,292,310,324,336,356,356,410,422,422,452,552,584,584,614,629,726,726,726,740,765,29,52,52,52,52,52,52],"floor_reached":42,"language":"ENG","playtime":2993,"items_purged":[],"score":592,"play_id":"3b0bda4a-b5db-4819-81a1-6a11ef9cb3b1","local_time":"20210119195137","is_ascension_mode":true,"campfire_choices":[{"data":"Slimebound:Split","floor":1,"key":"SMITH"},{"data":"Slimebound:LeadByExample","floor":9,"key":"SMITH"},{"data":"Slimebound:CorrosiveSpit","floor":13,"key":"SMITH"},{"data":"Slimebound:Teamwork","floor":18,"key":"SMITH"},{"data":"Slimebound:SplitMire","floor":23,"key":"SMITH"},{"data":"Slimebound:SplitSpecialist","floor":26,"key":"SMITH"},{"data":"J.A.X.","floor":35,"key":"SMITH"},{"data":"expansioncontent:StudyTheSpire","floor":40,"key":"SMITH"}],"circlet_count":0,"master_deck":["Slimebound:Strike_Slimebound","Slimebound:Strike_Slimebound","Slimebound:Defend_Slimebound","Slimebound:Split+1","Slimebound:CorrosiveSpit+1","Slimebound:SlimeSpikes","Slimebound:LeadByExample+1","Slimebound:RainOfGoop","Slimebound:LeechLife","Slimebound:SplitMire+1","Slimebound:Schlurp","Slimebound:SplitSpecialist","Slimebound:Teamwork+1","CurseOfTheBell","Slimebound:SamplingLick+1","Slimebound:SplitSpecialist+1","Slimebound:FormOfPuddle+1","Slimebound:SlimeTap","Slimebound:Gluttony","J.A.X.+1","Slimebound:SamplingLick+1","Slimebound:MassRepurpose","Slimebound:Schlurp","Slimebound:AcidTongue+1","Slimebound:MassFeed","Slimebound:LevelUp+1","Slimebound:FirmFortitude","expansioncontent:StudyTheSpire+1","Finesse"],"relics":["Slimebound:AbsorbEndCombat","downfall:HeartsMalice","HornCleat","Strawberry","hubris:CrystalStatue","Eternal Feather","downfall:HeartBlessingGreen","Calling Bell","hubris:TenFootPole","Pear","CaptainsWheel","Tiny Chest","Sundial","MutagenicStrength","Potion Belt","hubris:Towel","Bag of Marbles","Empty Cage","Vajra","Bottled Lightning","Juzu Bracelet","Kunai"],"acts_visited":["Exordium","TheCity","TheBeyond"],"potions_floor_usage":[15,16,20,25,29,29,31,33,42,42,42],"damage_taken":[{"damage":0,"enemies":"Small Slimes","floor":2,"turns":1},{"damage":0,"enemies":"Cultist","floor":3,"turns":1},{"damage":0,"enemies":"2 Louse","floor":5,"turns":1},{"damage":44,"enemies":"Gremlin Nob","floor":6,"turns":4},{"damage":21,"enemies":"Lagavulin","floor":8,"turns":7},{"damage":19,"enemies":"3 Sentries","floor":10,"turns":9},{"damage":7,"enemies":"Blue Slaver","floor":14,"turns":3},{"damage":4,"enemies":"Exordium Wildlife","floor":15,"turns":3},{"damage":20,"enemies":"DF_ARCHETYPE_STREAMLINE","floor":16,"turns":8},{"damage":0,"enemies":"Chosen","floor":19,"turns":6},{"damage":11,"enemies":"Snake Plant","floor":20,"turns":4},{"damage":16,"enemies":"Sentry and Sphere","floor":21,"turns":6},{"damage":18,"enemies":"Centurion and Healer","floor":22,"turns":6},{"damage":33,"enemies":"Snake Plant","floor":25,"turns":5},{"damage":35,"enemies":"Book of Stabbing","floor":27,"turns":10},{"damage":33,"enemies":"downfall:Augmenter","floor":28,"turns":10},{"damage":39,"enemies":"Slavers","floor":29,"turns":6},{"damage":19,"enemies":"Book of Stabbing","floor":31,"turns":7},{"damage":3,"enemies":"3 Cultists","floor":32,"turns":5},{"damage":44,"enemies":"WA_ARCHETYPE_CALM","floor":33,"turns":9},{"damage":35,"enemies":"3 Shapes","floor":36,"turns":8},{"damage":0,"enemies":"downfall:FleeingMerchant","floor":38,"turns":4},{"damage":143,"enemies":"Giant Head","floor":42,"turns":8}],"seed_played":"-277394324122136527","potions_obtained":[{"floor":8,"key":"SneckoOil"},{"floor":10,"key":"Explosive Potion"},{"floor":14,"key":"Explosive Potion"},{"floor":15,"key":"Slimebound:SlimyTonguePotion"},{"floor":21,"key":"DuplicationPotion"},{"floor":25,"key":"Fruit Juice"},{"floor":27,"key":"Weak Potion"},{"floor":31,"key":"FearPotion"},{"floor":32,"key":"ColorlessPotion"},{"floor":36,"key":"hexamod:SoulburnPotion"}],"is_trial":false,"path_per_floor":["R","M","M","?","M","E","T","E","R","E","T","?","R","M","M","B",null,"R","M","M","M","M","R","T","M","R","E","?","E","?","E","M","B",null,"R","M","?","$","T","R","T","E"],"character_chosen":"SLIMEBOUND","items_purchased":["Slimebound:FirmFortitude","Bottled Lightning","expansioncontent:StudyTheSpire","AttackPotion","Finesse"],"campfire_rested":0,"item_purchase_floors":[38,38,38,38,38],"current_hp_per_floor":[65,65,65,65,65,27,27,37,37,45,45,45,51,46,42,52,82,82,82,82,66,79,82,82,87,87,87,59,24,24,57,72,87,87,87,73,73,90,90,90,90,0,0,0],"gold":52,"neow_bonus":"THREE_ENEMY_KILL","is_daily":false,"chose_seed":false,"campfire_upgraded":8,"win_rate":0.0,"timestamp":1611082297,"path_taken":["R","M","M","?","?","E","T","E","R","E","?","?","R","M","M","BOSS","R","M","M","M","M","R","T","M","R","E","?","E","?","E","M","BOSS","R","M","?","$","?","R","T","E"],"items_purchased_type":["Card","Relic","Card","Potion","Card"],"build_version":"2020-12-22","purchased_purges":0,"victory":false,"max_hp_per_floor":[65,65,65,65,65,65,65,72,72,72,72,72,72,72,72,72,82,82,82,82,82,82,82,82,87,87,87,87,87,87,87,87,87,87,87,90,90,90,90,90,90,90,90,90],"card_choices":[{"not_picked":["Slimebound:LeechingTouch","Slimebound:Chomp"],"picked":"Slimebound:SlimeSpikes","floor":2},{"not_picked":["Slimebound:BestDefense","Slimebound:GoopSpray"],"picked":"Slimebound:LeadByExample","floor":3},{"not_picked":["Slimebound:LeechEnergy","Slimebound:BestDefense"],"picked":"Slimebound:RainOfGoop","floor":5},{"not_picked":["Slimebound:ProtectTheBoss","Slimebound:RainOfGoop"],"picked":"Slimebound:LeechLife","floor":6},{"not_picked":["Slimebound:ForwardTackle","Slimebound:GoopSpray"],"picked":"Slimebound:SplitMire","floor":8},{"not_picked":["Slimebound:Replication","Slimebound:SplitAcid","Slimebound:GoopTackle"],"picked":"SKIP","floor":10},{"not_picked":["Slimebound:FinishingTackle","Slimebound:SplitLeeching"],"picked":"Slimebound:Schlurp","floor":14},{"not_picked":["Slimebound:Replication","Slimebound:Schlurp"],"picked":"Slimebound:SplitSpecialist","floor":15},{"not_picked":["Slimebound:Recycling","Slimebound:LeechLife"],"picked":"Slimebound:Teamwork","floor":16},{"not_picked":["Slimebound:LeadByExample","Slimebound:Nibble","Slimebound:SlimeTap+1"],"picked":"SKIP","floor":19},{"not_picked":["Slimebound:HauntingLick","Slimebound:BestDefense"],"picked":"Slimebound:SamplingLick+1","floor":20},{"not_picked":["Slimebound:SamplingLick","Slimebound:SplitBruiser"],"picked":"Slimebound:SplitSpecialist","floor":21},{"not_picked":["Slimebound:DivideAndConquer+1","Slimebound:Nibble","Slimebound:SplitAcid"],"picked":"SKIP","floor":22},{"not_picked":["Slimebound:SplitAcid+1","Slimebound:SplitBruiser+1"],"picked":"Slimebound:FormOfPuddle+1","floor":25},{"not_picked":["Slimebound:Gluttony","Slimebound:ItLooksTasty"],"picked":"Slimebound:Overexert","floor":27},{"not_picked":[],"picked":"J.A.X.","floor":28},{"not_picked":["Slimebound:AcidTongue","Slimebound:HauntingLick"],"picked":"Slimebound:SamplingLick+1","floor":28},{"not_picked":["Slimebound:ServeAndProtect","Slimebound:ItLooksTasty+1"],"picked":"Slimebound:MassRepurpose","floor":29},{"not_picked":["Slimebound:MassRepurpose","Slimebound:Gluttony"],"picked":"Slimebound:Schlurp","floor":31},{"not_picked":["Slimebound:GrowthPunch","Slimebound:PressTheAttack"],"picked":"Slimebound:AcidTongue+1","floor":32},{"not_picked":["Slimebound:DuplicatedForm","Slimebound:DouseInSlime"],"picked":"Slimebound:MassFeed","floor":33},{"not_picked":["Slimebound:SlimeBarrage","Slimebound:SplitMire","Slimebound:Gluttony+1"],"picked":"SKIP","floor":36},{"not_picked":["Slimebound:GrowthPunch","Slimebound:LeechingTouch+1"],"picked":"Slimebound:LevelUp+1","floor":38}],"player_experience":920023,"relics_obtained":[{"floor":7,"key":"HornCleat"},{"floor":8,"key":"Strawberry"},{"floor":10,"key":"hubris:CrystalStatue"},{"floor":11,"key":"Eternal Feather"},{"floor":17,"key":"hubris:TenFootPole"},{"floor":17,"key":"Pear"},{"floor":17,"key":"CaptainsWheel"},{"floor":24,"key":"Tiny Chest"},{"floor":27,"key":"Sundial"},{"floor":28,"key":"MutagenicStrength"},{"floor":29,"key":"Potion Belt"},{"floor":31,"key":"Bag of Marbles"},{"floor":37,"key":"Vajra"},{"floor":39,"key":"Juzu Bracelet"},{"floor":41,"key":"Kunai"}],"event_choices":[{"cards_removed":["Slimebound:Strike_Slimebound"],"damage_healed":0,"gold_gain":0,"player_choice":"Card Removal","damage_taken":0,"max_hp_gain":0,"max_hp_loss":0,"event_name":"The Cleric","floor":12,"gold_loss":0}],"is_beta":false,"boss_relics":[{"not_picked":["hubris:ScarierMask","Snecko Eye"],"picked":"Calling Bell"},{"not_picked":["Velvet Choker","Busted Crown"],"picked":"Empty Cage"}],"items_purged_floors":[],"is_endless":false,"potions_floor_spawned":[8,10,14,15,21,25,27,31,32,36],"killed_by":"Giant Head","ascension_level":3}}