{"host":"9n6i2vl93jt4o42q","time":1611054804,"event":{"mods":["BaseMod","Minty Spire (QoL Compilation)","Relic Stats"],"gold_per_floor":[117,130,130,130,130,130,145,145,145,145,170,170,201,201,201,279,279,289,305,305,305,305,338,338,373,397,397,397,4,15,49,49,123,123,135,146,157,157,47,80,98,113,160,194,194,222,240,272,272,272,272,272,272,64,93,93,93],"floor_reached":56,"language":"ENG","playtime":8435,"items_purged":["Strike_P","Strike_P+1"],"score":2283,"play_id":"1ea0d717-7660-46b7-9654-cd66449e7ba8","local_time":"20210119121324","is_ascension_mode":true,"campfire_choices":[{"data":"Eruption","floor":6.0,"key":"SMITH"},{"data":"EmptyFist","floor":8.0,"key":"SMITH"},{"data":"BowlingBash","floor":10.0,"key":"SMITH"},{"data":"Consecrate","floor":12.0,"key":"SMITH"},{"floor":15.0,"key":"REST"},{"floor":24.0,"key":"RECALL"},{"floor":28.0,"key":"REST"},{"floor":32.0,"key":"REST"},{"floor":45.0,"key":"REST"},{"floor":49.0,"key":"REST"},{"floor":53.0,"key":"REST"}],"circlet_count":0,"master_deck":["AscendersBane","Strike_P+1","Strike_P+1","Defend_P+1","Defend_P+1","Defend_P+1","Eruption+1","Vigilance+1","BowlingBash+1","Consecrate+1","FollowUp+1","EmptyFist+1","EmptyFist+1","Consecrate+1","LessonLearned+1","Protect+1","Meditate+1","Ghostly","Ghostly+1","Ghostly+1","CutThroughFate+1","Adaptation+1","Ghostly+1","WindmillStrike+1","WheelKick+1","Scrawl+1","FearNoEvil+1","Crescendo+1","CutThroughFate+1","Wireheading+1","Indignation","DevaForm"],"relics":["PureWater","Blood Vial","Molten Egg 2","Bottled Flame","Ornamental Fan","Fusion Hammer","Question Card","Orichalcum","Pen Nib","Nunchaku","Bag of Preparation","DollysMirror","Pocketwatch","Runic Pyramid","Singing Bowl","Bronze Scales","Akabeko","Toy Ornithopter","Smiling Mask","Boot"],"acts_visited":["Exordium","TheCity","TheBeyond","TheEnding"],"potions_floor_usage":[56],"damage_taken":[{"damage":0.0,"enemies":"2 Louse","floor":1.0,"turns":2.0},{"damage":4.0,"enemies":"Jaw Worm","floor":2.0,"turns":3.0},{"damage":0.0,"enemies":"Cultist","floor":7.0,"turns":2.0},{"damage":12.0,"enemies":"Lagavulin","floor":11.0,"turns":4.0},{"damage":3.0,"enemies":"Gremlin Nob","floor":13.0,"turns":3.0},{"damage":17.0,"enemies":"Slime Boss","floor":16.0,"turns":8.0},{"damage":9.0,"enemies":"2 Thieves","floor":18.0,"turns":3.0},{"damage":9.0,"enemies":"Spheric Guardian","floor":19.0,"turns":4.0},{"damage":7.0,"enemies":"Slavers","floor":23.0,"turns":4.0},{"damage":19.0,"enemies":"Book of Stabbing","floor":25.0,"turns":5.0},{"damage":0.0,"enemies":"Centurion and Healer","floor":30.0,"turns":5.0},{"damage":0.0,"enemies":"Slavers","floor":31.0,"turns":2.0},{"damage":28.0,"enemies":"Champ","floor":33.0,"turns":9.0},{"damage":1.0,"enemies":"3 Shapes","floor":35.0,"turns":5.0},{"damage":0.0,"enemies":"Orb Walker","floor":36.0,"turns":3.0},{"damage":1.0,"enemies":"Transient","floor":37.0,"turns":6.0},{"damage":1.0,"enemies":"Reptomancer","floor":40.0,"turns":7.0},{"damage":0.0,"enemies":"Maw","floor":41.0,"turns":5.0},{"damage":0.0,"enemies":"Writhing Mass","floor":42.0,"turns":5.0},{"damage":0.0,"enemies":"Nemesis","floor":44.0,"turns":5.0},{"damage":1.0,"enemies":"Giant Head","floor":46.0,"turns":5.0},{"damage":0.0,"enemies":"3 Darklings","floor":47.0,"turns":4.0},{"damage":0.0,"enemies":"Reptomancer","floor":48.0,"turns":1.0},{"damage":8.0,"enemies":"Donu and Deca","floor":50.0,"turns":7.0},{"damage":30.0,"enemies":"Time Eater","floor":51.0,"turns":5.0},{"damage":0.0,"enemies":"Shield and Spear","floor":55.0,"turns":4.0},{"damage":81,"enemies":"The Heart","floor":56,"turns":8}],"seed_played":"-4710543360847339706","potions_obtained":[{"floor":1.0,"key":"Fruit Juice"},{"floor":2.0,"key":"SneckoOil"},{"floor":23.0,"key":"Strength Potion"},{"floor":25.0,"key":"Ancient Potion"},{"floor":33.0,"key":"BlessingOfTheForge"},{"floor":35.0,"key":"Swift Potion"},{"floor":36.0,"key":"LiquidMemories"},{"floor":44.0,"key":"Dexterity Potion"}],"is_trial":false,"path_per_floor":["M","M","?","?","?","R","M","R","T","R","E","R","E","?","R","B",null,"M","M","?","?","T","E","R","E","T","?","R","$","M","E","R","B",null,"M","M","M","T","?","E","M","M","T","E","R","E","M","E","R","B","B",null,"R","$","E","B"],"character_chosen":"WATCHER","items_purchased":["Bag of Preparation","DollysMirror","DevaForm"],"campfire_rested":6,"item_purchase_floors":[29,29,54],"current_hp_per_floor":[61,57,52,57,47,47,49,49,49,49,39,39,38,38,59,44,66,59,52,52,36,36,29,29,17,17,17,29,29,31,33,41,13,34,35,37,38,38,38,41,45,47,47,47,47,46,47,49,49,41,18,41,49,49,51,0,0],"gold":93,"neow_bonus":"THREE_CARDS","is_daily":false,"chose_seed":false,"campfire_upgraded":4,"win_rate":0.0,"timestamp":1611054804,"path_taken":["M","M","?","?","?","R","?","R","T","R","E","R","E","?","R","BOSS","M","M","?","?","?","E","R","E","T","?","R","$","M","E","R","BOSS","M","?","M","?","?","E","M","M","T","E","R","E","M","E","R","BOSS","BOSS","R","$","E","BOSS"],"items_purchased_type":["Relic","Relic","Card"],"build_version":"2020-12-22","purchased_purges":2,"victory":false,"max_hp_per_floor":[68,68,68,73,73,73,73,73,73,73,73,73,73,73,73,73,73,73,73,73,36,36,36,36,41,41,41,41,41,41,41,41,41,41,41,41,41,41,41,43,45,47,47,47,47,47,47,49,49,49,49,49,49,49,51,51,51],"relic_stats":{"Singing Bowl":10,"counters":[27,124],"Pen Nib":[23],"Bag of Preparation":[34],"Orichalcum":[84],"Question Card":16,"Smiling Mask":50,"Boot":[0],"Blood Vial":31,"Nunchaku":[23],"Ornamental Fan":[244],"Bronze Scales":[225],"obtain_stats":[{"Singing Bowl":38,"Pen Nib":25,"Bag of Preparation":29,"Orichalcum":23,"Question Card":22,"Smiling Mask":48,"Boot":55,"Akabeko":44,"Blood Vial":3,"Bottled Flame":11,"Nunchaku":26,"Ornamental Fan":13,"DollysMirror":29,"Bronze Scales":40,"Molten Egg 2":9,"Fusion Hammer":17,"PureWater":0,"Toy Ornithopter":46,"Pocketwatch":31,"Runic Pyramid":34},{"Singing Bowl":16,"Pen Nib":10,"Bag of Preparation":10,"Orichalcum":9,"Question Card":8,"Smiling Mask":23,"Boot":26,"Akabeko":20,"Blood Vial":2,"Bottled Flame":4,"Nunchaku":10,"Ornamental Fan":5,"DollysMirror":10,"Bronze Scales":17,"Molten Egg 2":3,"Fusion Hammer":6,"PureWater":0,"Toy Ornithopter":21,"Pocketwatch":12,"Runic Pyramid":13},{"Singing Bowl":68,"Pen Nib":38,"Bag of Preparation":38,"Orichalcum":33,"Question Card":29,"Smiling Mask":100,"Boot":116,"Akabeko":90,"Blood Vial":5,"Bottled Flame":11,"Nunchaku":38,"Ornamental Fan":14,"DollysMirror":38,"Bronze Scales":75,"Molten Egg 2":7,"Fusion Hammer":22,"PureWater":0,"Toy Ornithopter":95,"Pocketwatch":45,"Runic Pyramid":54}],"Toy Ornithopter":5,"Pocketwatch":[8]},"card_choices":[{"not_picked":["Prostrate","Swivel"],"picked":"BowlingBash","floor":0.0},{"not_picked":["DeceiveReality","CutThroughFate"],"picked":"Consecrate","floor":1.0},{"not_picked":["Swivel","Weave"],"picked":"FollowUp","floor":2.0},{"not_picked":["ThirdEye","Prostrate"],"picked":"EmptyFist","floor":7.0},{"not_picked":["Study","DevaForm"],"picked":"EmptyFist+1","floor":11.0},{"not_picked":["Blasphemy","PathToVictory"],"picked":"Consecrate+1","floor":13.0},{"not_picked":["Blasphemy","Wish"],"picked":"LessonLearned+1","floor":16.0},{"not_picked":["PathToVictory","BowlingBash+1"],"picked":"Protect","floor":18.0},{"not_picked":["FollowUp+1","PathToVictory+1","BowlingBash+1"],"picked":"SKIP","floor":19.0},{"not_picked":["Prostrate","ThirdEye","Wish"],"picked":"CutThroughFate+1","floor":23.0},{"not_picked":["FlyingSleeves+1","JustLucky+1","Consecrate+1"],"picked":"Adaptation","floor":25.0},{"not_picked":["SignatureMove+1","BowlingBash+1","ThirdEye+1"],"picked":"WindmillStrike+1","floor":30.0},{"not_picked":["Protect","Evaluate","ClearTheMind"],"picked":"WheelKick+1","floor":31.0},{"not_picked":["Alpha","Blasphemy","Judgement"],"picked":"Scrawl","floor":33.0},{"not_picked":["JustLucky+1","Protect+1","CrushJoints+1"],"picked":"FearNoEvil+1","floor":35.0},{"not_picked":["MentalFortress","EmptyBody","WindmillStrike+1","DeceiveReality"],"picked":"SKIP","floor":36.0},{"not_picked":["FlyingSleeves+1","ClearTheMind","CarveReality+1"],"picked":"Crescendo","floor":37.0},{"not_picked":["BowlingBash+1","LessonLearned+1","Evaluate","CutThroughFate+1"],"picked":"Singing Bowl","floor":40.0},{"not_picked":["ClearTheMind","JustLucky+1","Conclude+1","Evaluate"],"picked":"Singing Bowl","floor":41.0},{"not_picked":["Nirvana","FlurryOfBlows+1","Consecrate+1","PathToVictory"],"picked":"Singing Bowl","floor":42.0},{"not_picked":["Protect","Adaptation+1","Conclude+1"],"picked":"CutThroughFate+1","floor":44.0},{"not_picked":["Halt","Collect","MentalFortress"],"picked":"Wireheading+1","floor":46.0},{"not_picked":["PathToVictory","EmptyBody+1","CarveReality+1"],"picked":"Indignation","floor":47.0},{"not_picked":["FlurryOfBlows+1","EmptyBody+1","JustLucky+1","Evaluate"],"picked":"Singing Bowl","floor":48.0},{"not_picked":["Protect+1","Blasphemy","BattleHymn","Prostrate"],"picked":"Singing Bowl","floor":55.0}],"player_experience":2138470,"relics_obtained":[{"floor":9.0,"key":"Molten Egg 2"},{"floor":11.0,"key":"Bottled Flame"},{"floor":13.0,"key":"Ornamental Fan"},{"floor":22.0,"key":"Question Card"},{"floor":23.0,"key":"Orichalcum"},{"floor":25.0,"key":"Pen Nib"},{"floor":26.0,"key":"Nunchaku"},{"floor":31.0,"key":"Pocketwatch"},{"floor":38.0,"key":"Singing Bowl"},{"floor":40.0,"key":"Bronze Scales"},{"floor":44.0,"key":"Akabeko"},{"floor":46.0,"key":"Toy Ornithopter"},{"floor":48.0,"key":"Smiling Mask"},{"floor":55.0,"key":"Boot"}],"event_choices":[{"damage_healed":0.0,"max_hp_gain":0.0,"max_hp_loss":0.0,"gold_gain":0.0,"event_name":"Scrap Ooze","player_choice":"Success","floor":3.0,"gold_loss":0.0,"damage_taken":5.0,"relics_obtained":["Blood Vial"]},{"damage_healed":0.0,"max_hp_gain":5.0,"max_hp_loss":0.0,"gold_gain":0.0,"event_name":"Big Fish","player_choice":"Donut","floor":4.0,"gold_loss":0.0,"damage_taken":0.0},{"damage_healed":0.0,"max_hp_gain":0.0,"max_hp_loss":0.0,"gold_gain":0.0,"event_name":"Wheel of Change","player_choice":"Damaged","floor":5.0,"gold_loss":0.0,"damage_taken":10.0},{"damage_healed":0.0,"max_hp_gain":0.0,"max_hp_loss":0.0,"gold_gain":0.0,"event_name":"Liars Game","player_choice":"Ignored","floor":14.0,"gold_loss":0.0,"damage_taken":0.0},{"damage_healed":0.0,"max_hp_gain":0.0,"max_hp_loss":0.0,"gold_gain":0.0,"event_name":"The Library","player_choice":"Read","floor":20.0,"gold_loss":0.0,"damage_taken":0.0,"cards_obtained":["Meditate"]},{"damage_healed":0.0,"max_hp_gain":0.0,"max_hp_loss":37.0,"gold_gain":0.0,"event_name":"Ghosts","player_choice":"Became a Ghost","floor":21.0,"gold_loss":0.0,"damage_taken":0.0,"cards_obtained":["Ghostly","Ghostly","Ghostly"]},{"damage_healed":0.0,"max_hp_gain":0.0,"max_hp_loss":0.0,"gold_gain":0.0,"event_name":"Upgrade Shrine","player_choice":"Upgraded","floor":27.0,"gold_loss":0.0,"damage_taken":0.0,"cards_upgraded":["Ghostly"]},{"cards_removed":["Defend_P"],"damage_healed":0.0,"max_hp_gain":0.0,"max_hp_loss":0.0,"gold_gain":0.0,"event_name":"Designer","player_choice":"Upgrade and Remove","floor":39.0,"gold_loss":110.0,"damage_taken":0.0,"cards_upgraded":["FollowUp"]}],"is_beta":false,"boss_relics":[{"not_picked":["HolyWater","Tiny House"],"picked":"Fusion Hammer"},{"not_picked":["Calling Bell","Pandora\u0027s Box"],"picked":"Runic Pyramid"}],"items_purged_floors":[29,54],"is_endless":false,"potions_floor_spawned":[1,2,23,25,33,35,36,42,44,46,48],"killed_by":"The Heart","ascension_level":20}}