{"host":"8efry9zhj4tjp5kw","time":1611082622,"event":{"mods":["Act Like it!","Aspiration","Bard","BaseMod","Beaked The Cultist","Colored Map","Colored Powertips","Conspire","Downfall","Glutton Mod","Halation","Hallownest","Hermit","Highlight Path","Hubris","Infinite Spire","Jedi Mod","Jorbs\u0027s Wanderer Trilogy","Koishi","Mad Scientist","Marisa????????","Mimic Mod","Minty Spire (QoL Compilation)","Reworked Bosses","Shop Mod","StSLib","The Administrix","The Construct","The Disciple","The Elementalist","The Factory","The Jungle","The Mystic","The Necromancer","The Runesmith","The Servant 0.9.4","Unceasing Turn Reminder"],"gold_per_floor":[99,112,123,138,138,149,176,208,208,226,239,255,255,117,132,237,237,237,255,255,255,255],"floor_reached":20,"language":"ENG","playtime":2000,"items_purged":["bronze:Overheat"],"score":196,"play_id":"0e7bb9ff-7759-4a68-8e01-c158db4bf25b","local_time":"20210119195702","is_ascension_mode":true,"campfire_choices":[{"floor":1,"key":"REST"},{"floor":9,"key":"REST"},{"data":"bronze:MaxOutput","floor":13,"key":"SMITH"},{"data":"bronze:Shell","floor":18,"key":"SMITH"}],"circlet_count":0,"master_deck":["bronze:Strike","bronze:Defend","bronze:Defend","bronze:Defend","bronze:Defend","bronze:Replicate","bronze:Goto","bronze:CleanCode","bronze:BugBarrage","bronze:Constructor","bronze:BugBarrage","bronze:MaxOutput+1","bronze:Shell+1","bronze:WildBeam","bronze:SpaghettiCode","bronze:MaxOutput+1","bronze:Boost+1","bronze:CloningBeam+1"],"relics":["bronze:BronzeCore","jedi:crownofsimplicity","Meat on the Bone","Astrolabe"],"acts_visited":["Exordium","TheCity"],"potions_floor_usage":[6,16,16,16],"damage_taken":[{"damage":7,"enemies":"2 Louse","floor":2,"turns":3},{"damage":4,"enemies":"Cultist","floor":3,"turns":3},{"damage":6,"enemies":"conspire:RoseBush","floor":4,"turns":4},{"damage":9,"enemies":"Exordium Thugs","floor":6,"turns":3},{"damage":35,"enemies":"Lagavulin","floor":8,"turns":9},{"damage":8,"enemies":"2 Fungi Beasts","floor":10,"turns":3},{"damage":9,"enemies":"3 Louse","floor":11,"turns":3},{"damage":11,"enemies":"Exordium Wildlife","floor":12,"turns":3},{"damage":4,"enemies":"downfall:FleeingMerchant","floor":14,"turns":4},{"damage":8,"enemies":"Blue Slaver","floor":15,"turns":3},{"damage":1,"enemies":"SI_SHIV_ARCHETYPE","floor":16,"turns":7},{"damage":31,"enemies":"Spheric Guardian","floor":19,"turns":6},{"damage":41,"enemies":"Shell Parasite","floor":20,"turns":7}],"seed_played":"1502872898181308746","potions_obtained":[{"floor":4,"key":"bronze:BuildAFunctionPotion"},{"floor":6,"key":"bronze:BurnAndBuffPotion"},{"floor":10,"key":"EssenceOfSteel"},{"floor":11,"key":"LiquidBronze"},{"floor":12,"key":"hexamod:SoulburnPotion"}],"is_trial":false,"path_per_floor":["R","M","M","M","?","M","T","E","R","M","M","M","R","$","M","B",null,"R","M","M"],"character_chosen":"THE_AUTOMATON","items_purchased":["bronze:WildBeam"],"campfire_rested":2,"item_purchase_floors":[14],"current_hp_per_floor":[70,63,59,53,53,44,44,9,30,34,37,38,38,46,38,37,70,70,39,0,0,0],"gold":255,"neow_bonus":"THREE_RARE_CARDS","is_daily":false,"chose_seed":false,"campfire_upgraded":2,"win_rate":0.0,"timestamp":1611082622,"path_taken":["R","M","M","M","?","?","T","E","R","M","M","M","R","$","M","BOSS","R","M","M"],"items_purchased_type":["Card"],"build_version":"2020-12-22","purchased_purges":1,"victory":false,"max_hp_per_floor":[70,70,70,70,70,70,70,70,70,70,70,70,70,70,70,70,70,70,70,70,70,70],"card_choices":[{"not_picked":["bronze:Assembly","bronze:Virus"],"picked":"bronze:CleanCode","floor":0},{"not_picked":["bronze:DelayedSlice","bronze:BuggyMess"],"picked":"bronze:Overheat","floor":2},{"not_picked":["bronze:Boost","bronze:BitShift","bronze:Deprecate"],"picked":"SKIP","floor":3},{"not_picked":["bronze:Turbo","bronze:FineTuning"],"picked":"bronze:BugBarrage","floor":4},{"not_picked":["bronze:CutThrough","bronze:Invalidate"],"picked":"bronze:Constructor","floor":6},{"not_picked":["bronze:Allocate","bronze:BuggyMess"],"picked":"bronze:BugBarrage","floor":8},{"not_picked":["bronze:Invalidate","bronze:OilSpill"],"picked":"bronze:MaxOutput","floor":10},{"not_picked":["bronze:Iterate","bronze:WildBeam","bronze:Invalidate"],"picked":"SKIP","floor":11},{"not_picked":["bronze:DigitalCarnage","bronze:Boost","bronze:Philosophize"],"picked":"SKIP","floor":12},{"not_picked":["bronze:ThunderWave","bronze:MaxOutput"],"picked":"bronze:Shell","floor":14},{"not_picked":["bronze:Iterate","bronze:Turbo","bronze:Deprecate"],"picked":"SKIP","floor":15},{"not_picked":["bronze:Hardcode","bronze:HyperBeam"],"picked":"bronze:SpaghettiCode","floor":16},{"not_picked":["bronze:MaxOutput+1","bronze:Iterate","bronze:BitShift"],"picked":"SKIP","floor":19}],"player_experience":1079228,"relics_obtained":[{"floor":7,"key":"jedi:crownofsimplicity"},{"floor":8,"key":"Meat on the Bone"}],"event_choices":[],"is_beta":false,"boss_relics":[{"not_picked":["construct:ClawGrip","Runesmith:UraniumAnvil"],"picked":"Astrolabe"}],"items_purged_floors":[14],"is_endless":false,"potions_floor_spawned":[4,6,10,11,12],"killed_by":"Shell Parasite","ascension_level":2}}