{"host":"cw25u8qal1h0d7ia","time":1611081276,"event":{"mods":["BaseMod","Downfall","Minty Spire (QoL Compilation)","StSLib"],"gold_per_floor":[99,109,109,109,121,121,145,145,171,181,192,192,223,223,241,241,241,241],"floor_reached":16,"language":"ENG","playtime":1258,"items_purged":[],"score":127,"play_id":"0389be4f-f707-4a91-bc28-81420b448942","local_time":"20210119193436","is_ascension_mode":true,"campfire_choices":[{"data":"Guardian:TwinSlam","floor":1,"key":"SMITH"},{"floor":12,"key":"REST"}],"circlet_count":0,"master_deck":["Guardian:Strike_Guardian","Guardian:Strike_Guardian+1","Guardian:Strike_Guardian+1","Guardian:Strike_Guardian","Guardian:Defend_Guardian","Guardian:Defend_Guardian+1","Guardian:Defend_Guardian","Guardian:Defend_Guardian","Guardian:CurlUp+1","Guardian:TwinSlam+1","downfall:Malfunctioning","Guardian:PrismaticBarrier+1","Guardian:DecasProtection+1","downfall:Haunted"],"relics":["Guardian:ModeShifter","Guardian:PickAxe","Nunchaku","bronze:DecasWashers","Thread and Needle"],"acts_visited":["Exordium"],"potions_floor_usage":[9,10,16],"damage_taken":[{"damage":7,"enemies":"Jaw Worm","floor":2,"turns":3},{"damage":5,"enemies":"Jaw Worm","floor":3,"turns":4},{"damage":0,"enemies":"Small Slimes","floor":5,"turns":4},{"damage":0,"enemies":"Cultist","floor":8,"turns":1},{"damage":26,"enemies":"Lagavulin","floor":9,"turns":8},{"damage":5,"enemies":"Gremlin Gang","floor":10,"turns":6},{"damage":8,"enemies":"Lots of Slimes","floor":11,"turns":6},{"damage":15,"enemies":"Gremlin Nob","floor":13,"turns":4},{"damage":0,"enemies":"2 Fungi Beasts","floor":15,"turns":4},{"damage":39,"enemies":"SI_SHIV_ARCHETYPE","floor":16,"turns":13}],"seed_played":"4496114306898494062","potions_obtained":[{"floor":5,"key":"ColorlessPotion"},{"floor":9,"key":"sneckomod:MuddlingPotion"},{"floor":10,"key":"DuplicationPotion"}],"is_trial":false,"path_per_floor":["R","M","?","?","M","?","T","M","E","M","M","R","E","?","M","B"],"character_chosen":"GUARDIAN","items_purchased":[],"campfire_rested":1,"item_purchase_floors":[],"current_hp_per_floor":[80,73,68,68,68,68,68,68,42,37,29,53,38,38,38,0,0,0],"gold":241,"neow_bonus":"UPGRADE_CARD","is_daily":false,"chose_seed":false,"campfire_upgraded":1,"win_rate":0.0,"timestamp":1611081276,"path_taken":["R","M","?","?","M","?","T","M","E","?","M","R","E","?","M","BOSS"],"items_purchased_type":[],"build_version":"2020-12-22","purchased_purges":0,"victory":false,"max_hp_per_floor":[80,80,80,80,80,80,80,80,80,80,80,80,80,80,80,80,80,80],"card_choices":[{"not_picked":["Guardian:PrimingBeam","Guardian:Harden","Guardian:VentSteam"],"picked":"SKIP","floor":2},{"not_picked":["Guardian:Harden","Guardian:PrimingBeam","Guardian:TemporalStrike"],"picked":"SKIP","floor":5},{"not_picked":["Guardian:Gem_Red","Guardian:TemporalStrike"],"picked":"Guardian:PrismaticBarrier","floor":8},{"not_picked":["Guardian:Orbwalk","Guardian:Harden"],"picked":"Guardian:DecasProtection","floor":9},{"not_picked":["Guardian:TemporalShield","Guardian:ShieldSpikes"],"picked":"Guardian:Gem_Red","floor":10},{"not_picked":["Guardian:ChargeCore","Guardian:Reroute"],"picked":"Guardian:Gem_Crimson","floor":11},{"not_picked":["Guardian:FastForward","Guardian:RollAttack","Guardian:TimeBomb"],"picked":"SKIP","floor":13},{"not_picked":["Guardian:ChargeCore","Guardian:Gem_Lightblue","Guardian:Gem_Red"],"picked":"SKIP","floor":15}],"player_experience":620999,"relics_obtained":[{"floor":7,"key":"Nunchaku"},{"floor":9,"key":"bronze:DecasWashers"},{"floor":13,"key":"Thread and Needle"}],"event_choices":[],"is_beta":false,"boss_relics":[],"items_purged_floors":[],"is_endless":false,"potions_floor_spawned":[5,9,10],"killed_by":"SI_SHIV_ARCHETYPE","ascension_level":3}}