{"host":"bw00wb7p5bw58om7","time":1611096767,"event":{"mods":["100% Spire Juice","Act Like it!","BaseMod","Better Third Choice","CapriCore","Chen","Downfall","Gensokyo","Koishi","KomeijiMod","Marisa????????","Minty Spire (QoL Compilation)","Onozuka Komachi Mod","Permanent Neow","Prisma Mod","Reimu??????","Remilia??????","StSLib","The Administrix","The Immortal","The Senshi","The Servant 0.9.4","Yakumo Yukari mod"],"gold_per_floor":[119,134,149,149,167,197,197,229,229,56,68,68,100,0,0,105,105,121,121,121,131,145,145,177,177,202,229,272,284,316,328,328],"floor_reached":31,"language":"ENG","playtime":1879,"items_purged":[],"score":358,"play_id":"0d7463cb-b4b8-4915-96af-9c8d7012b1d6","local_time":"20210119225247","is_ascension_mode":true,"campfire_choices":[{"floor":7,"key":"DIG"},{"floor":12,"key":"DIG"},{"floor":15,"key":"DIG"},{"floor":23,"key":"DIG"},{"floor":25,"key":"REST"},{"data":"Koishi:Ego","floor":29,"key":"SMITH"}],"circlet_count":0,"master_deck":["Koishi:BasicStrike","Koishi:BasicStrike","Koishi:BasicStrike","Koishi:BasicStrike","Koishi:BasicDefend","Koishi:BasicDefend","Koishi:BasicDefend","Koishi:BasicDefend","Koishi:Provoke","Koishi:HauntingSlash","Koishi:EmbryosDream","Koishi:SubconsciousSweep","Koishi:JumpScare","Koishi:MassHysteria","Koishi:ReleaseOfTheId","Koishi:FleetingPhantom","Koishi:SubterraneanRose","Koishi:RorschachInDanmaku","Koishi:SprinkleStarAndHeart","Koishi:Ego+1","Gensokyo:FourOfAKind","Gensokyo:FourOfAKind","Gensokyo:FourOfAKind","Gensokyo:FourOfAKind","Koishi:SilentAndRestless","Koishi:GhostParty","Koishi:HeartAttack","Koishi:PhantomBarrier","Koishi:SprinkleStarAndHeart","Koishi:UnseenTerror","Koishi:PhantomBarrier"],"relics":["Koishi:ImaginaryFriend","Bronze Scales","Strawberry","Shovel","Happy Flower","PureWhite:ReiMu","Tea:ReiMu","Vajra","Bottled Flame","WingedGreaves","Orichalcum","Black Star","Letter Opener","HoshigumaDish","Ancient Tea Set","MawBank","InkBottle","Eternal Feather"],"acts_visited":["Gensokyo:Gensokyo","Gensokyo:Gensokyoer"],"potions_floor_usage":[],"damage_taken":[{"damage":1,"enemies":"Gensokyo:3_Fairies","floor":1,"turns":4},{"damage":0,"enemies":"Gensokyo:Python","floor":2,"turns":3},{"damage":0,"enemies":"Gensokyo:2_Kodama","floor":3,"turns":3},{"damage":8,"enemies":"Gensokyo:VengefulSpirit","floor":5,"turns":5},{"damage":16,"enemies":"Gensokyo:Aya","floor":6,"turns":6},{"damage":10,"enemies":"Gensokyo:Mamizou","floor":8,"turns":10},{"damage":0,"enemies":"Gensokyo:Kitsune","floor":11,"turns":2},{"damage":18,"enemies":"Gensokyo:Aya","floor":13,"turns":5},{"damage":24,"enemies":"Gensokyo:Yukari","floor":16,"turns":18},{"damage":9,"enemies":"Gensokyo:AngelMirror","floor":18,"turns":2},{"damage":9,"enemies":"Gensokyo:3_Dogs","floor":21,"turns":4},{"damage":2,"enemies":"Gensokyo:Slime_Group","floor":22,"turns":9},{"damage":32,"enemies":"Gensokyo:Tenshi","floor":24,"turns":7},{"damage":10,"enemies":"Gensokyo:Monolith_and_Dog","floor":27,"turns":7},{"damage":0,"enemies":"Gensokyo:Koishi","floor":28,"turns":6},{"damage":15,"enemies":"Gensokyo:Wraith","floor":30,"turns":3},{"damage":30,"enemies":"Gensokyo:Slime_Group","floor":31,"turns":2}],"seed_played":"-2873013764350434089","potions_obtained":[{"floor":2,"key":"JyouchiReiPotion"},{"floor":3,"key":"Ancient Potion"},{"floor":6,"key":"ColorlessPotion"},{"floor":11,"key":"CalmPotion"},{"floor":21,"key":"GrandPatriotsElixir:ReiMu"}],"is_trial":false,"path_per_floor":["M","M","M","?","M","E","R","E","T","$","M","R","E","?","R","B",null,"M","?","?","M","M","R","E","R","T","M","E","R","M","M"],"character_chosen":"KOISHI","items_purchased":["Vajra","Koishi:SubterraneanRose"],"campfire_rested":1,"item_purchase_floors":[10,10],"current_hp_per_floor":[59,60,60,57,53,40,40,31,31,31,33,33,17,67,67,47,67,58,47,47,40,38,38,8,22,22,17,20,38,26,0,0],"gold":328,"neow_bonus":"RANDOM_COMMON_RELIC","is_daily":false,"chose_seed":false,"campfire_upgraded":1,"win_rate":0.0,"timestamp":1611096767,"path_taken":["M","M","M","?","M","E","R","E","T","$","M","R","E","?","R","BOSS","M","?","?","M","M","R","E","R","T","M","E","R","M","M"],"items_purchased_type":["Relic","Card"],"build_version":"2020-12-22","purchased_purges":0,"victory":false,"max_hp_per_floor":[60,60,60,67,67,67,67,67,67,67,67,67,67,67,67,67,67,67,47,47,47,47,47,47,47,47,47,47,47,47,47,47],"card_choices":[{"not_picked":["Koishi:CatchAndRose","Koishi:Whimsy"],"picked":"Koishi:EmbryosDream","floor":1},{"not_picked":["Koishi:CatchAndRose","Koishi:PhantomBarrier"],"picked":"Koishi:SubconsciousSweep","floor":2},{"not_picked":["Koishi:DanmakuParanoia","Koishi:PhantomStrike"],"picked":"Koishi:JumpScare","floor":3},{"not_picked":["Koishi:DanmakuParanoia","Koishi:JumpScare"],"picked":"Koishi:MassHysteria","floor":5},{"not_picked":["Koishi:Heartbroken","Koishi:SpiritedAway"],"picked":"Koishi:ReleaseOfTheId","floor":6},{"not_picked":["Koishi:Prune","Koishi:FidgetySnatcher"],"picked":"Koishi:FleetingPhantom","floor":8},{"not_picked":["Koishi:LastRemote","Koishi:CatchAndRose"],"picked":"Koishi:RorschachInDanmaku","floor":11},{"not_picked":["Koishi:BloodcurdlingScream","Koishi:YoukaiPolygraph"],"picked":"Koishi:SprinkleStarAndHeart","floor":13},{"not_picked":["Koishi:RuptureMind","Koishi:PerfectMindControl"],"picked":"Koishi:Ego","floor":16},{"not_picked":["Koishi:VengefulSpirit","Koishi:BloodcurdlingScream"],"picked":"Koishi:PhilosophyOfTheDespised","floor":18},{"not_picked":["Koishi:PhilosophyOfTheDespised","Koishi:ParalyzingFear"],"picked":"Koishi:GhostParty","floor":21},{"not_picked":["Koishi:Prune","Koishi:JumpScare"],"picked":"Koishi:HeartAttack","floor":22},{"not_picked":["Koishi:LastRemote+1","Koishi:TraumaticStroke"],"picked":"Koishi:PhantomBarrier","floor":24},{"not_picked":["Koishi:FourthEye","Koishi:UnansweredLove+1"],"picked":"Koishi:SprinkleStarAndHeart","floor":27},{"not_picked":["Koishi:Possession","Koishi:BloodcurdlingScream+1"],"picked":"Koishi:UnseenTerror","floor":28},{"not_picked":["Koishi:ParalyzingFear","Koishi:Possession"],"picked":"Koishi:PhantomBarrier","floor":30}],"player_experience":270771,"relics_obtained":[{"floor":6,"key":"Shovel"},{"floor":7,"key":"Happy Flower"},{"floor":8,"key":"PureWhite:ReiMu"},{"floor":9,"key":"Tea:ReiMu"},{"floor":12,"key":"Bottled Flame"},{"floor":13,"key":"WingedGreaves"},{"floor":15,"key":"Orichalcum"},{"floor":23,"key":"Letter Opener"},{"floor":24,"key":"HoshigumaDish"},{"floor":24,"key":"Ancient Tea Set"},{"floor":26,"key":"MawBank"},{"floor":28,"key":"InkBottle"},{"floor":28,"key":"Eternal Feather"}],"event_choices":[],"is_beta":false,"boss_relics":[{"not_picked":["Busted Crown","Tiny House"],"picked":"Black Star"}],"items_purged_floors":[],"is_endless":false,"potions_floor_spawned":[2,3,6,11,21,27,28],"killed_by":"Gensokyo:Slime_Group","ascension_level":1}}