{"host":"nptej036rrbiurf5","time":1611062267,"event":{"mods":["BaseMod","Colored Map","Colored Powertips","DeckTracker","Minty Spire (QoL Compilation)","StSLib","SuperFastMode"],"gold_per_floor":[17,17,67,82,7,7,7,38,65,79,79,98,98,123,123,200,200,211,231,23,23,23,23,58,58,58,58,71,71,152,184,184,261,261,276,276,301,86,86,115,141,141,141,141,141],"floor_reached":44,"language":"KOR","playtime":1146,"items_purged":["Strike_R"],"score":1152,"play_id":"aad2af11-a1ae-4eaf-a370-b65d285248c8","local_time":"20210119221747","is_ascension_mode":true,"campfire_choices":[{"data":"Bash","floor":6.0,"key":"SMITH"},{"data":"Battle Trance","floor":11.0,"key":"SMITH"},{"floor":13.0,"key":"RECALL"},{"data":"Feel No Pain","floor":15.0,"key":"SMITH"},{"data":"Barricade","floor":23,"key":"SMITH"},{"floor":25,"key":"REST"},{"floor":29,"key":"REST"},{"floor":32,"key":"REST"},{"floor":42,"key":"REST"}],"circlet_count":0,"master_deck":["AscendersBane","Strike_R","Strike_R","Defend_R","Defend_R","Defend_R","Defend_R","Metamorphosis+1","Battle Trance+1","Burning Pact+1","True Grit+1","Warcry+1","Feel No Pain+1","Barricade+1","Shrug It Off+1","Impervious+1","Armaments+1","Intimidate+1","Offering+1","True Grit+1","Second Wind+1","Warcry+1","Madness+1"],"relics":["Burning Blood","Red Skull","Toxic Egg 2","Bag of Preparation","Tiny Chest","Runic Pyramid","MutagenicStrength","Bronze Scales","Self Forming Clay","Thread and Needle","Busted Crown","StoneCalendar","Lantern","Omamori","Frozen Egg 2"],"acts_visited":["Exordium","TheCity","TheBeyond"],"potions_floor_usage":[33,33,44,44],"damage_taken":[{"damage":8.0,"enemies":"2 Louse","floor":1.0,"turns":2.0},{"damage":9.0,"enemies":"Jaw Worm","floor":4.0,"turns":3.0},{"damage":8.0,"enemies":"Gremlin Nob","floor":8.0,"turns":3.0},{"damage":0.0,"enemies":"Cultist","floor":10.0,"turns":2.0},{"damage":15.0,"enemies":"Blue Slaver","floor":12.0,"turns":2.0},{"damage":2.0,"enemies":"Lagavulin","floor":14.0,"turns":3.0},{"damage":23.0,"enemies":"The Guardian","floor":16.0,"turns":6.0},{"damage":17.0,"enemies":"2 Thieves","floor":18.0,"turns":2.0},{"damage":14.0,"enemies":"Chosen","floor":19.0,"turns":5.0},{"damage":22,"enemies":"Book of Stabbing","floor":24,"turns":5},{"damage":2,"enemies":"Sentry and Sphere","floor":28,"turns":6},{"damage":31,"enemies":"Slavers","floor":31,"turns":9},{"damage":0,"enemies":"Automaton","floor":33,"turns":10},{"damage":14,"enemies":"3 Shapes","floor":35,"turns":5},{"damage":12,"enemies":"Mind Bloom Boss Battle","floor":37,"turns":5},{"damage":6,"enemies":"Nemesis","floor":40,"turns":7},{"damage":113,"enemies":"Giant Head","floor":44,"turns":10}],"seed_played":"1736263000808915761","potions_obtained":[{"floor":1.0,"key":"AttackPotion"},{"floor":4.0,"key":"Dexterity Potion"},{"floor":10.0,"key":"LiquidBronze"},{"floor":12.0,"key":"PowerPotion"},{"floor":28,"key":"Regen Potion"},{"floor":31,"key":"AttackPotion"},{"floor":35,"key":"BloodPotion"},{"floor":40,"key":"BloodPotion"}],"is_trial":false,"path_per_floor":["M","?","?","M","?","R","?","E","T","M","R","M","R","E","R","B",null,"M","M","$","?","?","R","E","R","T","?","M","R","T","E","R","B",null,"M","?","?","$","?","E","T","R","T","E"],"character_chosen":"IRONCLAD","items_purchased":["Impervious+1","Armaments+1","Second Wind+1","Warcry+1"],"campfire_rested":4,"item_purchase_floors":[20,20,38,38],"current_hp_per_floor":[66,66,66,63,63,63,37,35,35,41,41,32,32,36,36,19,61,50,42,42,42,42,42,26,48,48,48,52,74,74,49,71,75,75,67,67,61,61,51,51,51,73,73,0,0],"gold":141,"neow_bonus":"RANDOM_COLORLESS_2","is_daily":false,"chose_seed":false,"campfire_upgraded":4,"win_rate":0.0,"timestamp":1611062267,"path_taken":["M","?","?","?","?","R","?","E","T","M","R","M","R","E","R","BOSS","M","M","$","?","?","R","E","R","T","?","M","R","?","E","R","BOSS","M","?","?","$","?","E","?","R","T","E"],"items_purchased_type":["Card","Card","Card","Card"],"build_version":"2020-12-22","purchased_purges":1,"victory":false,"max_hp_per_floor":[75,75,75,75,75,75,75,75,75,75,75,75,75,75,75,75,75,75,75,75,75,75,75,75,75,75,75,75,75,75,75,75,75,75,75,75,75,75,75,75,75,75,75,75,75],"card_choices":[{"not_picked":["The Bomb","Master of Strategy"],"picked":"Metamorphosis","floor":0.0},{"not_picked":["Twin Strike","Burning Pact"],"picked":"Battle Trance","floor":1.0},{"not_picked":["Havoc","Iron Wave","Twin Strike"],"picked":"SKIP","floor":4.0},{"not_picked":["Clothesline","Thunderclap"],"picked":"Burning Pact+1","floor":8.0},{"not_picked":["Thunderclap","Havoc+1"],"picked":"True Grit+1","floor":10.0},{"not_picked":["Hemokinesis","Uppercut"],"picked":"Warcry+1","floor":12.0},{"not_picked":["Carnage","Reckless Charge"],"picked":"Feel No Pain","floor":14.0},{"not_picked":["Brutality","Impervious+1"],"picked":"Barricade","floor":16.0},{"not_picked":["True Grit+1","Clothesline"],"picked":"Shrug It Off+1","floor":18.0},{"not_picked":["Evolve","Flex+1","Iron Wave"],"picked":"SKIP","floor":19.0},{"not_picked":["Double Tap+1","Perfected Strike","Inflame"],"picked":"SKIP","floor":24},{"not_picked":["Rupture","Pummel"],"picked":"Intimidate+1","floor":28},{"not_picked":["Blood for Blood","Flex+1","Dropkick"],"picked":"SKIP","floor":31},{"not_picked":["Impervious+1","Limit Break+1"],"picked":"Offering+1","floor":33},{"not_picked":["Pummel"],"picked":"SKIP","floor":35},{"not_picked":[],"picked":"True Grit+1","floor":37},{"not_picked":[],"picked":"Madness+1","floor":39},{"not_picked":["Iron Wave"],"picked":"SKIP","floor":40}],"player_experience":895575,"relics_obtained":[{"floor":8.0,"key":"Toxic Egg 2"},{"floor":9.0,"key":"Bag of Preparation"},{"floor":14.0,"key":"Tiny Chest"},{"floor":24,"key":"Bronze Scales"},{"floor":30,"key":"Self Forming Clay"},{"floor":31,"key":"Thread and Needle"},{"floor":37,"key":"StoneCalendar"},{"floor":40,"key":"Lantern"},{"floor":41,"key":"Omamori"},{"floor":43,"key":"Frozen Egg 2"}],"event_choices":[{"damage_healed":0.0,"max_hp_gain":0.0,"max_hp_loss":0.0,"gold_gain":0.0,"event_name":"Living Wall","player_choice":"Grow","floor":2.0,"gold_loss":0.0,"damage_taken":0.0,"cards_upgraded":["Metamorphosis"]},{"damage_healed":0.0,"max_hp_gain":0.0,"max_hp_loss":0.0,"gold_gain":50.0,"event_name":"Golden Shrine","player_choice":"Pray","floor":3.0,"gold_loss":0.0,"damage_taken":0.0},{"cards_removed":["Strike_R"],"damage_healed":0.0,"max_hp_gain":0.0,"max_hp_loss":0.0,"gold_gain":0.0,"event_name":"The Cleric","player_choice":"Card Removal","floor":5.0,"gold_loss":75.0,"damage_taken":0.0},{"damage_healed":0.0,"max_hp_gain":0.0,"max_hp_loss":0.0,"gold_gain":0.0,"event_name":"Scrap Ooze","player_choice":"Success","floor":7.0,"gold_loss":0.0,"damage_taken":26.0,"relics_obtained":["Red Skull"]},{"damage_healed":0.0,"max_hp_gain":0.0,"max_hp_loss":0.0,"gold_gain":0.0,"event_name":"The Mausoleum","player_choice":"Ignored","floor":21.0,"gold_loss":0.0,"damage_taken":0.0},{"damage_healed":0,"gold_gain":0,"player_choice":"Inject Mutagens","damage_taken":0,"relics_obtained":["MutagenicStrength"],"max_hp_gain":0,"max_hp_loss":0,"event_name":"Drug Dealer","floor":22,"gold_loss":0},{"cards_removed":["Strike_R"],"damage_healed":0,"gold_gain":0,"player_choice":"Offered Basic","damage_taken":0,"max_hp_gain":0,"max_hp_loss":0,"event_name":"Bonfire Elementals","floor":27,"gold_loss":0},{"cards_removed":["Bash"],"damage_healed":0,"gold_gain":0,"player_choice":"Removed Attack","damage_taken":0,"max_hp_gain":0,"max_hp_loss":0,"event_name":"Falling","floor":36,"gold_loss":0},{"damage_healed":0,"gold_gain":0,"player_choice":"Fight","damage_taken":0,"max_hp_gain":0,"max_hp_loss":0,"event_name":"MindBloom","floor":37,"gold_loss":0},{"damage_healed":0,"gold_gain":0,"player_choice":"Memory 3","damage_taken":10,"max_hp_gain":0,"max_hp_loss":0,"event_name":"SensoryStone","floor":39,"gold_loss":0}],"is_beta":false,"boss_relics":[{"not_picked":["Ectoplasm","Philosopher\u0027s Stone"],"picked":"Runic Pyramid"},{"not_picked":["Black Star","Black Blood"],"picked":"Busted Crown"}],"items_purged_floors":[38],"is_endless":false,"potions_floor_spawned":[1,4,10,12,28,31,35,40],"killed_by":"Giant Head","ascension_level":20}}