{"host":"xh3brefae6wm9kl8","time":1611043392,"event":{"mods":["AchievementEnabler","BaseMod","GifTheSpireLib","Keyboard Shortcuts","Minty Spire (QoL Compilation)","Permanent Neow","Relic Stats","StSLib","SuperFastMode"],"gold_per_floor":[116,127,127,139,157,184,184,211,263,290,290,319,319,204,204,281,281,296,315,328,55,66,101,151,26,26,37,52,52,82,96,96,173,173,193,43,68,80,98,98,110,143,143,143,178,188,188,203,203,203,203,203,46,81,81],"floor_reached":56,"language":"KOR","playtime":4164,"items_purged":["Strike_G","Defend_G","Defend_G","Blade Dance"],"score":2549,"play_id":"749e7368-4061-4c17-8d95-2d5182da09c3","local_time":"20210119170312","is_ascension_mode":true,"campfire_choices":[{"data":"Eviscerate","floor":7.0,"key":"SMITH"},{"data":"Strike_G","floor":15.0,"key":"PURGE"},{"data":"Footwork","floor":29.0,"key":"SMITH"},{"floor":32.0,"key":"REST"},{"data":"Acrobatics","floor":40.0,"key":"SMITH"},{"data":"Defend_G","floor":44,"key":"PURGE"},{"floor":47,"key":"RECALL"},{"data":"Defend_G","floor":49,"key":"PURGE"},{"data":"Defend_G","floor":52,"key":"PURGE"}],"circlet_count":0,"master_deck":["AscendersBane","Survivor","Neutralize","Dagger Throw","Masterful Stab","Dagger Throw","Eviscerate+1","Footwork","Acrobatics","Footwork+1","Adrenaline","Concentrate+1","Tools of the Trade+1","Deflect+1","Deflect","Acrobatics+1","Grand Finale","After Image","Backflip","Adrenaline","Escape Plan","Backflip","Backflip+1","Adrenaline","Eviscerate+1","Terror+1","Reflex","Well Laid Plans","Phantasmal Killer"],"relics":["Ring of the Snake","FossilizedHelix","Tingsha","Ninja Scroll","MealTicket","Bag of Preparation","Juzu Bracelet","Peace Pipe","Astrolabe","Pen Nib","Bottled Flame","Cursed Key","Du-Vu Doll","StrikeDummy","TungstenRod","The Specimen"],"acts_visited":["Exordium","TheCity","TheBeyond","TheEnding"],"potions_floor_usage":[46],"damage_taken":[{"damage":0.0,"enemies":"Small Slimes","floor":1.0,"turns":4.0},{"damage":0.0,"enemies":"Jaw Worm","floor":2.0,"turns":3.0},{"damage":0.0,"enemies":"Cultist","floor":4.0,"turns":3.0},{"damage":0.0,"enemies":"Blue Slaver","floor":5.0,"turns":3.0},{"damage":7.0,"enemies":"3 Sentries","floor":6.0,"turns":8.0},{"damage":0.0,"enemies":"Gremlin Nob","floor":8.0,"turns":3.0},{"damage":13.0,"enemies":"Lagavulin","floor":10.0,"turns":4.0},{"damage":0.0,"enemies":"Gremlin Nob","floor":12.0,"turns":3.0},{"damage":32.0,"enemies":"Hexaghost","floor":16.0,"turns":14.0},{"damage":1.0,"enemies":"2 Thieves","floor":18.0,"turns":4.0},{"damage":0.0,"enemies":"Shell Parasite","floor":19.0,"turns":3.0},{"damage":1.0,"enemies":"Snecko","floor":20.0,"turns":5.0},{"damage":0.0,"enemies":"Centurion and Healer","floor":22.0,"turns":3.0},{"damage":30.0,"enemies":"Book of Stabbing","floor":23.0,"turns":6.0},{"damage":0.0,"enemies":"3 Cultists","floor":27.0,"turns":4.0},{"damage":0.0,"enemies":"Snecko","floor":28.0,"turns":3.0},{"damage":25.0,"enemies":"Gremlin Leader","floor":30.0,"turns":7.0},{"damage":0.0,"enemies":"Chosen and Byrds","floor":31.0,"turns":5.0},{"damage":6.0,"enemies":"Collector","floor":33.0,"turns":7.0},{"damage":0.0,"enemies":"3 Shapes","floor":35.0,"turns":3.0},{"damage":0.0,"enemies":"Mind Bloom Boss Battle","floor":37.0,"turns":4.0},{"damage":0.0,"enemies":"3 Darklings","floor":38.0,"turns":4.0},{"damage":0.0,"enemies":"Jaw Worm Horde","floor":39.0,"turns":4.0},{"damage":0.0,"enemies":"Transient","floor":41.0,"turns":6.0},{"damage":0.0,"enemies":"Reptomancer","floor":42.0,"turns":5.0},{"damage":0,"enemies":"Giant Head","floor":45,"turns":4},{"damage":0,"enemies":"Spire Growth","floor":46,"turns":3},{"damage":0,"enemies":"Jaw Worm Horde","floor":48,"turns":2},{"damage":0,"enemies":"Awakened One","floor":50,"turns":6},{"damage":0,"enemies":"Shield and Spear","floor":54,"turns":3},{"damage":48,"enemies":"The Heart","floor":55,"turns":6}],"seed_played":"-3885084692344963146","potions_obtained":[{"floor":5.0,"key":"GhostInAJar"},{"floor":6.0,"key":"Strength Potion"},{"floor":10.0,"key":"Ancient Potion"},{"floor":16.0,"key":"Poison Potion"},{"floor":22.0,"key":"Dexterity Potion"},{"floor":28.0,"key":"GhostInAJar"},{"floor":33.0,"key":"CunningPotion"},{"floor":38.0,"key":"GamblersBrew"},{"floor":46,"key":"SneckoOil"},{"floor":48,"key":"Weak Potion"}],"is_trial":false,"path_per_floor":["M","M","?","M","M","E","R","E","T","E","?","E","?","$","R","B",null,"M","M","M","$","M","E","?","$","T","M","M","R","E","M","R","B",null,"M","$","?","M","M","R","M","E","T","R","E","M","R","M","R","B",null,"R","$","E","B",null],"character_chosen":"THE_SILENT","items_purchased":["Footwork","Grand Finale","Reflex","Well Laid Plans"],"campfire_rested":1,"item_purchase_floors":[14,21,53,53],"current_hp_per_floor":[59,59,41,41,41,34,34,34,34,21,21,21,18,33,33,1,45,44,44,43,58,58,28,28,43,43,43,43,43,18,18,36,30,53,53,60,60,60,60,60,60,60,60,60,60,60,60,60,60,60,60,60,60,60,12],"gold":81,"neow_bonus":"ONE_RARE_RELIC","is_daily":false,"chose_seed":false,"campfire_upgraded":3,"win_rate":0.0,"timestamp":1611043392,"path_taken":["M","M","?","M","M","E","R","E","T","E","?","E","?","$","R","BOSS","M","M","M","$","M","E","?","$","T","M","M","R","E","M","R","BOSS","M","$","?","M","M","R","M","E","T","R","E","M","R","M","R","BOSS","R","$","E","BOSS"],"items_purchased_type":["Card","Card","Card","Card"],"build_version":"2020-12-22","purchased_purges":4,"victory":true,"max_hp_per_floor":[60,60,60,60,60,60,60,60,60,60,60,60,60,60,60,60,60,60,60,60,60,60,60,60,60,60,60,60,60,60,60,60,60,60,60,60,60,60,60,60,60,60,60,60,60,60,60,60,60,60,60,60,60,60,60],"relic_stats":{"Peace Pipe":6,"counters":[31,142],"Astrolabe":["Concentrate","Tools of the Trade","Deflect"],"Tingsha":[873],"MealTicket":52,"Pen Nib":[25],"Bag of Preparation":[0],"Juzu Bracelet":1,"Cursed Key":0,"obtain_stats":[{"The Specimen":54,"Astrolabe":17,"Tingsha":3,"Pen Nib":23,"Bag of Preparation":9,"Juzu Bracelet":10,"Cursed Key":34,"Peace Pipe":12,"Du-Vu Doll":37,"Bottled Flame":30,"Ninja Scroll":6,"MealTicket":8,"StrikeDummy":42,"FossilizedHelix":0,"TungstenRod":45,"Ring of the Snake":0},{"The Specimen":30,"Astrolabe":9,"Tingsha":2,"Pen Nib":14,"Bag of Preparation":6,"Juzu Bracelet":7,"Cursed Key":19,"Peace Pipe":8,"Du-Vu Doll":21,"Bottled Flame":17,"Ninja Scroll":5,"MealTicket":6,"StrikeDummy":25,"FossilizedHelix":0,"TungstenRod":26,"Ring of the Snake":0},{"The Specimen":136,"Astrolabe":45,"Tingsha":7,"Pen Nib":66,"Bag of Preparation":24,"Juzu Bracelet":28,"Cursed Key":92,"Peace Pipe":31,"Du-Vu Doll":99,"Bottled Flame":80,"Ninja Scroll":21,"MealTicket":24,"StrikeDummy":118,"FossilizedHelix":0,"TungstenRod":122,"Ring of the Snake":0}],"TungstenRod":33,"Ring of the Snake":[62]},"card_choices":[{"not_picked":["Slice","Bane"],"picked":"Blade Dance","floor":1.0},{"not_picked":["Sucker Punch","Acrobatics"],"picked":"Dagger Throw","floor":2.0},{"not_picked":["Well Laid Plans","Outmaneuver"],"picked":"Masterful Stab","floor":4.0},{"not_picked":["Blade Dance","Deadly Poison"],"picked":"Dagger Throw","floor":5.0},{"not_picked":["Blur","Grand Finale"],"picked":"Eviscerate","floor":6.0},{"not_picked":["Outmaneuver","PiercingWail"],"picked":"Footwork","floor":8.0},{"not_picked":["Accuracy","Outmaneuver"],"picked":"Acrobatics","floor":10.0},{"not_picked":["Bouncing Flask","Tools of the Trade","Blade Dance"],"picked":"SKIP","floor":12.0},{"not_picked":["Glass Knife","Venomology"],"picked":"Adrenaline","floor":16.0},{"not_picked":["Setup","Deadly Poison"],"picked":"Deflect","floor":18.0},{"not_picked":["Cloak And Dagger","Deflect+1","Quick Slash"],"picked":"SKIP","floor":19.0},{"not_picked":["Outmaneuver","Blade Dance"],"picked":"Acrobatics","floor":20.0},{"not_picked":["Masterful Stab","Caltrops","Skewer+1"],"picked":"SKIP","floor":22.0},{"not_picked":["Skewer","Catalyst","Deadly Poison"],"picked":"SKIP","floor":23.0},{"not_picked":["Slice","Flying Knee"],"picked":"After Image","floor":27.0},{"not_picked":["Dagger Spray","Dash","Skewer"],"picked":"SKIP","floor":28.0},{"not_picked":["Blade Dance","Masterful Stab+1"],"picked":"Backflip","floor":30.0},{"not_picked":["Prepared","Flying Knee","Endless Agony"],"picked":"SKIP","floor":31.0},{"not_picked":["Night Terror","Storm of Steel"],"picked":"Adrenaline","floor":33.0},{"not_picked":["Dash","Cloak And Dagger"],"picked":"Escape Plan","floor":35.0},{"not_picked":["Underhanded Strike","Cloak And Dagger"],"picked":"Backflip","floor":37.0},{"not_picked":["Poisoned Stab+1","Backflip","Blade Dance"],"picked":"SKIP","floor":38.0},{"not_picked":["Dagger Spray","Sucker Punch"],"picked":"Backflip+1","floor":39.0},{"not_picked":["Outmaneuver","Deadly Poison+1"],"picked":"Adrenaline","floor":41.0},{"not_picked":["Unload","Predator"],"picked":"Eviscerate+1","floor":42.0},{"not_picked":["Flying Knee+1","Bane+1","Footwork"],"picked":"SKIP","floor":45},{"not_picked":["Noxious Fumes","Dodge and Roll"],"picked":"Terror+1","floor":46},{"not_picked":["Caltrops","Poisoned Stab","Bane"],"picked":"SKIP","floor":48},{"not_picked":["Setup","Slice"],"picked":"Phantasmal Killer","floor":54}],"player_experience":419403,"relics_obtained":[{"floor":6.0,"key":"Ninja Scroll"},{"floor":8.0,"key":"MealTicket"},{"floor":9.0,"key":"Bag of Preparation"},{"floor":10.0,"key":"Juzu Bracelet"},{"floor":12.0,"key":"Peace Pipe"},{"floor":23.0,"key":"Pen Nib"},{"floor":30.0,"key":"Bottled Flame"},{"floor":37.0,"key":"Du-Vu Doll"},{"floor":42.0,"key":"StrikeDummy"},{"floor":45,"key":"TungstenRod"},{"floor":54,"key":"The Specimen"}],"event_choices":[{"damage_healed":0.0,"max_hp_gain":0.0,"max_hp_loss":0.0,"gold_gain":0.0,"event_name":"Scrap Ooze","player_choice":"Success","floor":3.0,"gold_loss":0.0,"damage_taken":18.0,"relics_obtained":["Tingsha"]},{"damage_healed":0.0,"max_hp_gain":0.0,"max_hp_loss":0.0,"gold_gain":0.0,"event_name":"Liars Game","player_choice":"Ignored","floor":11.0,"gold_loss":0.0,"damage_taken":0.0},{"damage_healed":0.0,"max_hp_gain":0.0,"max_hp_loss":0.0,"gold_gain":0.0,"event_name":"The Woman in Blue","player_choice":"Bought 0 Potions","floor":13.0,"gold_loss":0.0,"damage_taken":0.0},{"damage_healed":0.0,"max_hp_gain":0.0,"max_hp_loss":0.0,"gold_gain":50.0,"event_name":"Nest","player_choice":"Stole From Cult","floor":24.0,"gold_loss":0.0,"damage_taken":0.0},{"damage_healed":0.0,"max_hp_gain":0.0,"max_hp_loss":0.0,"gold_gain":0.0,"event_name":"MindBloom","player_choice":"Fight","floor":37.0,"gold_loss":0.0,"damage_taken":0.0}],"is_beta":false,"boss_relics":[{"not_picked":["Runic Dome","Black Star"],"picked":"Astrolabe"},{"not_picked":["Sozu","Empty Cage"],"picked":"Cursed Key"}],"items_purged_floors":[14,21,25,36],"is_endless":false,"potions_floor_spawned":[5,6,10,16,22,23,27,28,30,33,35,38,41,46,48,54],"ascension_level":19}}