{"host":"1a3cjta80tad0aqj","time":1611057744,"event":{"mods":["2.2 Compatiblity","AchievementEnabler","BaseMod","Colored Map","DeckTracker","KOR Keyword Fix","Keyboard Shortcuts","Minty Spire (QoL Compilation)","Permanent Neow","Quick Restart","Random Character Button","StSLib","SuperFastMode","everything is the same but u backflip on backflip"],"gold_per_floor":[117,117,127,145,162,162,162,8,59,79,92,92,36,53,53,53,53],"floor_reached":16,"language":"KOR","playtime":573,"items_purged":["Decay"],"score":188,"play_id":"e3e39a13-25ac-481b-8736-de23779b8cd8","local_time":"20210119210224","is_ascension_mode":true,"campfire_choices":[{"data":"Eruption","floor":6.0,"key":"SMITH"},{"floor":12.0,"key":"REST"},{"floor":15.0,"key":"REST"}],"circlet_count":0,"master_deck":["AscendersBane","Strike_P","Strike_P","Strike_P","Strike_P","Defend_P","Defend_P","Defend_P","Eruption+1","Vigilance","Halt","FearNoEvil","FlurryOfBlows","FollowUp","MentalFortress","Wallop","BowlingBash"],"relics":["PureWater","Potion Belt","Ancient Tea Set"],"acts_visited":["Exordium"],"potions_floor_usage":[16,16,16],"damage_taken":[{"damage":4.0,"enemies":"Jaw Worm","floor":1.0,"turns":6.0},{"damage":6.0,"enemies":"Small Slimes","floor":3.0,"turns":4.0},{"damage":1.0,"enemies":"Cultist","floor":4.0,"turns":3.0},{"damage":18.0,"enemies":"Large Slime","floor":5.0,"turns":7.0},{"damage":14.0,"enemies":"Exordium Wildlife","floor":10.0,"turns":4.0},{"damage":0.0,"enemies":"2 Fungi Beasts","floor":11.0,"turns":2.0},{"damage":0.0,"enemies":"Looter","floor":14.0,"turns":3.0},{"damage":50,"enemies":"Hexaghost","floor":16,"turns":10}],"seed_played":"-1314471102870615619","potions_obtained":[{"floor":1.0,"key":"PowerPotion"},{"floor":3.0,"key":"BlessingOfTheForge"},{"floor":11.0,"key":"Weak Potion"}],"is_trial":false,"path_per_floor":["M","?","M","M","M","R","?","$","T","M","M","R","$","M","R","B"],"character_chosen":"WATCHER","items_purchased":["MentalFortress","Block Potion"],"campfire_rested":2,"item_purchase_floors":[8,13],"current_hp_per_floor":[57,50,44,43,25,25,25,25,25,11,11,31,31,31,51,1,1],"gold":53,"neow_bonus":"RANDOM_COMMON_RELIC","is_daily":false,"chose_seed":false,"campfire_upgraded":1,"win_rate":0.0,"timestamp":1611057744,"path_taken":["M","?","M","M","M","R","?","$","T","?","M","R","$","M","R","BOSS"],"items_purchased_type":["Card","Potion"],"build_version":"2020-12-22","purchased_purges":1,"victory":false,"max_hp_per_floor":[68,68,68,68,68,68,68,68,68,68,68,68,68,68,68,68,68],"card_choices":[{"not_picked":["Vengeance","CutThroughFate"],"picked":"Halt","floor":1.0},{"not_picked":["BattleHymn","Prostrate"],"picked":"FearNoEvil","floor":3.0},{"not_picked":["CrushJoints","Wireheading"],"picked":"FlurryOfBlows","floor":4.0},{"not_picked":["WheelKick","FlurryOfBlows"],"picked":"FollowUp","floor":5.0},{"not_picked":["ForeignInfluence","Evaluate"],"picked":"Wallop","floor":10.0},{"not_picked":["Consecrate","FollowUp"],"picked":"BowlingBash","floor":11.0},{"not_picked":["Crescendo","EmptyFist","WreathOfFlame"],"picked":"SKIP","floor":14.0}],"player_experience":784087,"relics_obtained":[{"floor":9.0,"key":"Ancient Tea Set"}],"event_choices":[{"cards_removed":["Defend_P"],"damage_healed":0.0,"max_hp_gain":0.0,"max_hp_loss":0.0,"gold_gain":0.0,"event_name":"Golden Wing","player_choice":"Card Removal","floor":2.0,"gold_loss":0.0,"damage_taken":7.0},{"damage_healed":0.0,"max_hp_gain":0.0,"max_hp_loss":0.0,"gold_gain":0.0,"event_name":"Wheel of Change","player_choice":"Cursed","floor":7.0,"gold_loss":0.0,"damage_taken":0.0,"cards_obtained":["Decay"]}],"is_beta":false,"boss_relics":[],"items_purged_floors":[8],"is_endless":false,"potions_floor_spawned":[1,3,11],"killed_by":"Hexaghost","ascension_level":20}}