{"host":"xzk9bt2l7avnb6n5","time":1611079196,"event":{"mods":["Aspiration","BaseMod","Conspire","Downfall","Highlight Path","Infinite Spire","Minty Spire (QoL Compilation)","Shop Mod","StSLib","The Wild Card"],"gold_per_floor":[99,99,99,99,119,19,46,46,77,77,22,54,154,181,191,191,191,191],"floor_reached":16,"language":"ENG","playtime":709,"items_purged":[],"score":114,"play_id":"370da5bd-9fe5-47b3-8828-29a22b0209b7","local_time":"20210119105956","is_ascension_mode":false,"campfire_choices":[{"floor":1,"key":"RECALL"},{"data":"bronze:Branch","floor":6,"key":"SMITH"},{"data":"bronze:Replicate","floor":8,"key":"SMITH"},{"floor":10,"key":"REST"}],"circlet_count":0,"master_deck":["bronze:Strike","bronze:Strike","bronze:Strike","bronze:Strike","bronze:Defend","bronze:Defend","bronze:Defend","bronze:Defend","bronze:Replicate+1","bronze:Goto","bronze:OilSpill","bronze:ForceShield","bronze:Branch+1","bronze:Constructor","bronze:Shield","bronze:Branch","bronze:Optimize","bronze:DelayedGuard","bronze:WildBeam"],"relics":["bronze:BronzeCore","downfall:HeartsMalice","downfall:HeartBlessingRed","PreservedInsect","infinitespire:BottledMercury"],"acts_visited":["Exordium"],"potions_floor_usage":[14,16],"damage_taken":[{"damage":0,"enemies":"conspire:RoseBush","floor":2,"turns":1},{"damage":0,"enemies":"Small Slimes","floor":3,"turns":1},{"damage":0,"enemies":"Cultist","floor":4,"turns":1},{"damage":2,"enemies":"2 Fungi Beasts","floor":5,"turns":3},{"damage":27,"enemies":"Lagavulin","floor":9,"turns":7},{"damage":0,"enemies":"downfall:FleeingMerchant","floor":11,"turns":4},{"damage":3,"enemies":"3 Sentries","floor":12,"turns":7},{"damage":16,"enemies":"Gremlin Nob","floor":14,"turns":4},{"damage":5,"enemies":"Lots of Slimes","floor":15,"turns":3},{"damage":60,"enemies":"DF_ARCHETYPE_STREAMLINE","floor":16,"turns":6}],"seed_played":"-5969442185773090431","potions_obtained":[{"floor":5,"key":"BlessingOfTheForge"},{"floor":12,"key":"Regen Potion"}],"is_trial":false,"path_per_floor":["R","M","M","M","M","R","T","R","E","R","$","E","?","E","M","B"],"character_chosen":"THE_AUTOMATON","items_purchased":["bronze:Optimize"],"campfire_rested":1,"item_purchase_floors":[11],"current_hp_per_floor":[70,70,70,70,68,68,68,68,41,62,62,59,59,56,51,0,0,0],"gold":191,"neow_bonus":"THREE_ENEMY_KILL","is_daily":false,"chose_seed":false,"campfire_upgraded":2,"win_rate":0.0,"timestamp":1611079196,"path_taken":["R","M","M","M","M","R","T","R","E","R","$","E","?","E","M","BOSS"],"items_purchased_type":["Card"],"build_version":"2020-12-22","purchased_purges":0,"victory":false,"max_hp_per_floor":[70,70,70,70,70,70,70,70,70,70,70,70,70,70,70,70,70,70],"card_choices":[{"not_picked":["bronze:Deprecate","bronze:Overheat"],"picked":"bronze:OilSpill","floor":2},{"not_picked":["bronze:BurnOut","bronze:Frontload"],"picked":"bronze:ForceShield","floor":3},{"not_picked":["bronze:ForLoop","bronze:ItsAFeature"],"picked":"bronze:Branch","floor":4},{"not_picked":["bronze:WildBeam","bronze:BugBarrage"],"picked":"bronze:Constructor","floor":5},{"not_picked":["bronze:Backtrace","bronze:NullPointer"],"picked":"bronze:Shield","floor":9},{"not_picked":["bronze:BuggyMess","bronze:Invalidate"],"picked":"bronze:Branch","floor":11},{"not_picked":["bronze:Break","bronze:ItsAFeature"],"picked":"bronze:DelayedGuard","floor":12},{"not_picked":["bronze:FindAndReplace","bronze:DelayedGuard","bronze:Invalidate"],"picked":"SKIP","floor":14},{"not_picked":["bronze:OilSpill","bronze:GetLatest"],"picked":"bronze:WildBeam","floor":15}],"player_experience":475690,"relics_obtained":[{"floor":12,"key":"PreservedInsect"},{"floor":14,"key":"infinitespire:BottledMercury"}],"event_choices":[],"is_beta":false,"boss_relics":[],"items_purged_floors":[],"is_endless":false,"potions_floor_spawned":[5,12,15],"killed_by":"DF_ARCHETYPE_STREAMLINE","ascension_level":0}}