{"host":"FirstDane","time":1611020975,"event":{"mods":["BaseMod","Bestiary","Highlight Path","Minty Spire (QoL Compilation)","Relic Stats","Slay the Relics Exporter"],"gold_per_floor":[118,118,43,56,56,90,90,124,149,193,21,36,50,93,93,192,192,215,215,235,235,46,82,82,113,113,113,132,175,175,100,100,100,100],"floor_reached":33,"language":"ENG","playtime":2938,"items_purged":["Strike_B"],"score":758,"play_id":"291d2403-9a3c-4206-8604-4b9bbc38cd2d","local_time":"20210118194935","is_ascension_mode":true,"campfire_choices":[{"data":"Sweeping Beam","floor":7,"key":"SMITH"},{"data":"Loop","floor":15,"key":"SMITH"},{"data":"Capacitor","floor":24,"key":"SMITH"},{"data":"Ghostly","floor":27,"key":"SMITH"},{"floor":30,"key":"REST"},{"floor":32,"key":"REST"}],"circlet_count":0,"master_deck":["AscendersBane","Strike_B","Strike_B","Defend_B","Defend_B","Zap","Dualcast","Glacier","Compile Driver","Sweeping Beam+1","Loop+1","Capacitor+1","Reinforced Body","Electrodynamics","Leap","Ghostly+1","Ghostly","Ghostly","Glacier","Ball Lightning"],"relics":["Cracked Core","NeowsBlessing","Golden Idol","Juzu Bracelet","Mummified Hand","Toy Ornithopter","Ancient Tea Set","Lee\u0027s Waffle","PreservedInsect","Velvet Choker","FossilizedHelix","Orichalcum","Symbiotic Virus"],"acts_visited":["Exordium","TheCity"],"potions_floor_usage":[8,14,16,25,33,33],"damage_taken":[{"damage":0,"enemies":"2 Louse","floor":1,"turns":1},{"damage":0,"enemies":"Jaw Worm","floor":4,"turns":1},{"damage":0,"enemies":"3 Sentries","floor":6,"turns":1},{"damage":11,"enemies":"Gremlin Nob","floor":8,"turns":3},{"damage":20,"enemies":"Lagavulin","floor":10,"turns":7},{"damage":8,"enemies":"Small Slimes","floor":12,"turns":3},{"damage":7,"enemies":"3 Louse","floor":13,"turns":3},{"damage":7,"enemies":"Gremlin Nob","floor":14,"turns":4},{"damage":40,"enemies":"Hexaghost","floor":16,"turns":12},{"damage":34,"enemies":"Shell Parasite","floor":18,"turns":5},{"damage":7,"enemies":"3 Byrds","floor":20,"turns":4},{"damage":0,"enemies":"Slavers","floor":23,"turns":4},{"damage":7,"enemies":"Book of Stabbing","floor":25,"turns":5},{"damage":0,"enemies":"Cultist and Chosen","floor":28,"turns":9},{"damage":13,"enemies":"Slavers","floor":29,"turns":6},{"damage":32,"enemies":"Collector","floor":33,"turns":9}],"seed_played":"-1791881752566039798","potions_obtained":[{"floor":6,"key":"AttackPotion"},{"floor":8,"key":"PotionOfCapacity"},{"floor":10,"key":"Explosive Potion"},{"floor":12,"key":"Fire Potion"},{"floor":23,"key":"Dexterity Potion"},{"floor":29,"key":"SkillPotion"}],"is_trial":false,"path_per_floor":["M","?","?","M","?","E","R","E","T","E","$","M","M","E","R","B",null,"M","?","M","?","$","E","R","E","T","R","M","E","R","?","R","B"],"character_chosen":"DEFECT","items_purchased":["Lee\u0027s Waffle","FocusPotion","Ball Lightning"],"campfire_rested":2,"item_purchase_floors":[11,22,22],"current_hp_per_floor":[64,64,64,64,57,57,57,46,46,26,71,63,56,54,54,19,58,24,24,17,17,17,17,17,15,15,15,15,2,12,12,22,0,0],"gold":100,"neow_bonus":"THREE_ENEMY_KILL","is_daily":false,"chose_seed":false,"campfire_upgraded":4,"win_rate":0.0,"timestamp":1611020975,"path_taken":["M","?","?","?","?","E","R","E","T","E","$","M","M","E","R","BOSS","M","?","M","?","$","E","R","E","T","R","M","E","R","?","R","BOSS"],"items_purchased_type":["Relic","Potion","Card"],"build_version":"2020-12-18","purchased_purges":1,"victory":false,"max_hp_per_floor":[71,64,64,64,64,64,64,64,64,64,71,71,71,71,71,71,71,71,35,35,35,35,35,35,35,35,35,35,35,35,35,35,35,35],"relic_stats":{"Lee\u0027s Waffle":45,"counters":[16,77],"Golden Idol":96,"Mummified Hand":[36],"PreservedInsect":125,"Juzu Bracelet":0,"Orichalcum":[18],"obtain_stats":[{"Lee\u0027s Waffle":11,"NeowsBlessing":0,"Golden Idol":2,"Velvet Choker":17,"PreservedInsect":14,"Juzu Bracelet":6,"Orichalcum":25,"Ancient Tea Set":10,"Mummified Hand":8,"Cracked Core":0,"Symbiotic Virus":29,"Toy Ornithopter":9,"FossilizedHelix":23},{"Lee\u0027s Waffle":5,"NeowsBlessing":0,"Golden Idol":1,"Velvet Choker":9,"PreservedInsect":8,"Juzu Bracelet":3,"Orichalcum":13,"Ancient Tea Set":5,"Mummified Hand":4,"Cracked Core":0,"Symbiotic Virus":15,"Toy Ornithopter":4,"FossilizedHelix":12},{"Lee\u0027s Waffle":13,"NeowsBlessing":0,"Golden Idol":1,"Velvet Choker":35,"PreservedInsect":23,"Juzu Bracelet":3,"Orichalcum":53,"Ancient Tea Set":13,"Mummified Hand":6,"Cracked Core":0,"Symbiotic Virus":68,"Toy Ornithopter":6,"FossilizedHelix":48}],"Toy Ornithopter":25},"card_choices":[{"not_picked":["Steam","Sweeping Beam"],"picked":"Glacier","floor":1},{"not_picked":["Leap","Hologram"],"picked":"Compile Driver","floor":4},{"not_picked":["Auto Shields","Static Discharge"],"picked":"Sweeping Beam","floor":6},{"not_picked":["Steam","Tempest"],"picked":"Loop","floor":8},{"not_picked":["Loop","Ball Lightning"],"picked":"Capacitor","floor":10},{"not_picked":["Sweeping Beam","Redo"],"picked":"Reinforced Body","floor":12},{"not_picked":["Skim","Turbo","Amplify"],"picked":"SKIP","floor":13},{"not_picked":["Compile Driver","Undo","Skim"],"picked":"SKIP","floor":14},{"not_picked":["Machine Learning","Buffer"],"picked":"Electrodynamics","floor":16},{"not_picked":["Blizzard","Barrage"],"picked":"Leap","floor":18},{"not_picked":["Stack+1","Gash"],"picked":"Glacier","floor":20},{"not_picked":["Go for the Eyes","Sweeping Beam","Conserve Battery"],"picked":"SKIP","floor":23},{"not_picked":["Go for the Eyes","Turbo","Beam Cell+1"],"picked":"SKIP","floor":25},{"not_picked":["Darkness","Go for the Eyes+1","Compile Driver"],"picked":"SKIP","floor":28},{"not_picked":["Redo","Ball Lightning","Go for the Eyes"],"picked":"SKIP","floor":29}],"player_experience":3934190,"relics_obtained":[{"floor":6,"key":"Juzu Bracelet"},{"floor":8,"key":"Mummified Hand"},{"floor":9,"key":"Toy Ornithopter"},{"floor":10,"key":"Ancient Tea Set"},{"floor":14,"key":"PreservedInsect"},{"floor":23,"key":"FossilizedHelix"},{"floor":25,"key":"Orichalcum"},{"floor":29,"key":"Symbiotic Virus"}],"event_choices":[{"damage_healed":0,"gold_gain":0,"player_choice":"Lose Max HP","damage_taken":0,"relics_obtained":["Golden Idol"],"max_hp_gain":0,"max_hp_loss":7,"event_name":"Golden Idol","floor":2,"gold_loss":0},{"cards_removed":["Defend_B"],"damage_healed":0,"gold_gain":0,"player_choice":"Card Removal","damage_taken":0,"max_hp_gain":0,"max_hp_loss":0,"event_name":"The Cleric","floor":3,"gold_loss":75},{"cards_removed":["Defend_B"],"damage_healed":0,"gold_gain":0,"player_choice":"Card Removal","damage_taken":7,"max_hp_gain":0,"max_hp_loss":0,"event_name":"Golden Wing","floor":5,"gold_loss":0},{"damage_healed":0,"gold_gain":0,"player_choice":"Became a Ghost","damage_taken":0,"max_hp_gain":0,"max_hp_loss":36,"event_name":"Ghosts","floor":19,"gold_loss":0,"cards_obtained":["Ghostly","Ghostly","Ghostly"]},{"damage_healed":0,"gold_gain":0,"player_choice":"Ignored","damage_taken":0,"max_hp_gain":0,"max_hp_loss":0,"event_name":"Vampires","floor":21,"gold_loss":0},{"cards_removed":["Strike_B"],"damage_healed":0,"gold_gain":0,"player_choice":"Gave Gold","damage_taken":0,"max_hp_gain":0,"max_hp_loss":0,"event_name":"Beggar","floor":31,"gold_loss":75}],"is_beta":true,"boss_relics":[{"not_picked":["Fusion Hammer","Sozu"],"picked":"Velvet Choker"}],"items_purged_floors":[22],"is_endless":false,"potions_floor_spawned":[6,8,10,12,23,29],"killed_by":"Collector","ascension_level":20}}