{"host":"w01zow3jg16g8jdh","time":1611073347,"event":{"mods":["AchievementEnabler","BaseMod","DeckTracker","Keyboard Shortcuts","Minty Spire (QoL Compilation)","Permanent Neow","StSLib","SuperFastMode"],"gold_per_floor":[115,115,125,138,213,248,248,248,248],"floor_reached":8,"language":"KOR","playtime":117,"items_purged":[],"score":112,"play_id":"720ac731-3c4f-40cf-99fa-194b0dc58599","local_time":"20210120012227","is_ascension_mode":true,"campfire_choices":[{"floor":7,"key":"REST"}],"circlet_count":0,"master_deck":["AscendersBane","Strike_G","Strike_G","Strike_G","Strike_G","Defend_G","Defend_G","Defend_G","Defend_G","Defend_G","Survivor","Neutralize","Unload","Dagger Spray","Deadly Poison"],"relics":["Ring of the Snake","Bronze Scales"],"acts_visited":["Exordium"],"potions_floor_usage":[6],"damage_taken":[{"damage":3,"enemies":"Jaw Worm","floor":1,"turns":3},{"damage":1,"enemies":"Cultist","floor":3,"turns":4},{"damage":1,"enemies":"Small Slimes","floor":4,"turns":4},{"damage":22,"enemies":"3 Sentries","floor":6,"turns":8},{"damage":29,"enemies":"Gremlin Nob","floor":8,"turns":3}],"seed_played":"1440049359515688129","potions_obtained":[{"floor":3,"key":"Fire Potion"}],"is_trial":false,"path_per_floor":["M","?","M","M","?","E","R","E"],"character_chosen":"THE_SILENT","items_purchased":[],"campfire_rested":1,"item_purchase_floors":[],"current_hp_per_floor":[41,41,40,39,28,6,25,0,0],"gold":248,"neow_bonus":"THREE_RARE_CARDS","is_daily":false,"chose_seed":false,"campfire_upgraded":0,"win_rate":0.0,"timestamp":1611073347,"path_taken":["M","?","?","M","?","E","R","E"],"items_purchased_type":[],"build_version":"2020-12-22","purchased_purges":0,"victory":false,"max_hp_per_floor":[66,66,66,66,66,66,66,66,66],"card_choices":[{"not_picked":["Tools of the Trade","Bullet Time"],"picked":"Unload","floor":0},{"not_picked":["Outmaneuver","Poisoned Stab"],"picked":"Dagger Spray","floor":1},{"not_picked":["Bane","Sucker Punch","Leg Sweep"],"picked":"SKIP","floor":3},{"not_picked":["Endless Agony","Sucker Punch","Poisoned Stab"],"picked":"SKIP","floor":4},{"not_picked":["Eviscerate","Dash"],"picked":"Deadly Poison","floor":6}],"player_experience":309392,"relics_obtained":[{"floor":6,"key":"Bronze Scales"}],"event_choices":[{"cards_removed":["Strike_G"],"damage_healed":0,"gold_gain":0,"player_choice":"Purged","damage_taken":0,"max_hp_gain":0,"max_hp_loss":0,"event_name":"Purifier","floor":2,"gold_loss":0},{"damage_healed":0,"gold_gain":75,"player_choice":"Gather Gold","damage_taken":11,"max_hp_gain":0,"max_hp_loss":0,"event_name":"World of Goop","floor":5,"gold_loss":0}],"is_beta":false,"boss_relics":[],"items_purged_floors":[],"is_endless":false,"potions_floor_spawned":[3],"killed_by":"Gremlin Nob","ascension_level":20}}