{"host":"oehe2dxjvdgux73m","time":1611067745,"event":{"mods":["AchievementEnabler","BaseMod","Colored Map","Colored Powertips","DeckTracker","Keyboard Shortcuts","Minty Spire (QoL Compilation)","Permanent Neow","Quick Restart","StSLib","SuperFastMode"],"gold_per_floor":[116,116,134,134,153,153,186,186,209,228,228,238,266,266,266,266,266],"floor_reached":16,"language":"KOR","playtime":494,"items_purged":[],"score":220,"play_id":"ee063eab-3ecf-475a-bb05-0449de165517","local_time":"20210119234905","is_ascension_mode":true,"campfire_choices":[{"data":"Envenom","floor":6.0,"key":"SMITH"},{"floor":8.0,"key":"REST"},{"data":"Neutralize","floor":11.0,"key":"SMITH"},{"floor":15.0,"key":"REST"}],"circlet_count":0,"master_deck":["AscendersBane","Strike_G","Strike_G","Strike_G","Strike_G","Defend_G","Defend_G","Defend_G+1","Defend_G+1","Defend_G","Survivor","Neutralize+1","Envenom+1","Acrobatics","Cloak And Dagger","Poisoned Stab","Slice","Bane","Leg Sweep","Grand Finale"],"relics":["Ring of the Snake","War Paint","Centennial Puzzle","Peace Pipe"],"acts_visited":["Exordium"],"potions_floor_usage":[16],"damage_taken":[{"damage":1.0,"enemies":"Small Slimes","floor":1.0,"turns":4.0},{"damage":7.0,"enemies":"Jaw Worm","floor":3.0,"turns":8.0},{"damage":7.0,"enemies":"Cultist","floor":5.0,"turns":5.0},{"damage":26.0,"enemies":"3 Sentries","floor":7.0,"turns":13.0},{"damage":0.0,"enemies":"2 Fungi Beasts","floor":10.0,"turns":4.0},{"damage":19.0,"enemies":"Gremlin Gang","floor":12.0,"turns":5.0},{"damage":5.0,"enemies":"Lagavulin","floor":13.0,"turns":7.0},{"damage":27,"enemies":"Slime Boss","floor":16,"turns":9}],"seed_played":"5958528412190229541","potions_obtained":[{"floor":1.0,"key":"Swift Potion"},{"floor":5.0,"key":"Poison Potion"},{"floor":13.0,"key":"SpeedPotion"}],"is_trial":false,"path_per_floor":["M","?","M","?","M","R","E","R","T","M","R","M","E","?","R","B"],"character_chosen":"THE_SILENT","items_purchased":[],"campfire_rested":2,"item_purchase_floors":[],"current_hp_per_floor":[58,51,44,44,37,37,11,30,30,30,30,11,6,6,25,0,0],"gold":266,"neow_bonus":"ONE_RANDOM_RARE_CARD","is_daily":false,"chose_seed":false,"campfire_upgraded":2,"win_rate":0.0,"timestamp":1611067745,"path_taken":["M","?","M","?","M","R","E","R","T","M","R","M","E","?","R","BOSS"],"items_purchased_type":[],"build_version":"2020-12-22","purchased_purges":0,"victory":false,"max_hp_per_floor":[66,66,66,66,66,66,66,66,66,66,66,66,66,66,66,66,66],"card_choices":[{"not_picked":["Setup","Reflex"],"picked":"Acrobatics","floor":1.0},{"not_picked":["Accuracy","Heel Hook"],"picked":"Cloak And Dagger","floor":3.0},{"not_picked":["Flying Knee","Expertise"],"picked":"Poisoned Stab","floor":5.0},{"not_picked":["Outmaneuver","Phantasmal Killer"],"picked":"Slice","floor":7.0},{"not_picked":["Setup","Deadly Poison"],"picked":"Bane","floor":10.0},{"not_picked":["Acrobatics","Terror"],"picked":"Leg Sweep","floor":12.0},{"not_picked":["Sucker Punch","Outmaneuver"],"picked":"Grand Finale","floor":13.0}],"player_experience":290032,"relics_obtained":[{"floor":7.0,"key":"War Paint"},{"floor":9.0,"key":"Centennial Puzzle"},{"floor":13.0,"key":"Peace Pipe"}],"event_choices":[{"cards_removed":["Strike_G"],"damage_healed":0.0,"max_hp_gain":0.0,"max_hp_loss":0.0,"gold_gain":0.0,"event_name":"Golden Wing","player_choice":"Card Removal","floor":2.0,"gold_loss":0.0,"damage_taken":7.0},{"damage_healed":0.0,"max_hp_gain":0.0,"max_hp_loss":0.0,"gold_gain":0.0,"event_name":"Shining Light","player_choice":"Ignored","floor":4.0,"gold_loss":0.0,"damage_taken":0.0},{"damage_healed":0.0,"max_hp_gain":0.0,"max_hp_loss":0.0,"gold_gain":0.0,"event_name":"Liars Game","player_choice":"Ignored","floor":14.0,"gold_loss":0.0,"damage_taken":0.0}],"is_beta":false,"boss_relics":[],"items_purged_floors":[],"is_endless":false,"potions_floor_spawned":[1,5,13],"killed_by":"Slime Boss","ascension_level":20}}