{"host":"xp5rvh2jwe2ejyfm","time":1611075223,"event":{"mods":["BaseMod","Hermit","Minty Spire (QoL Compilation)","Replay The Spire","StSLib","The Construct","The Cursed","The Disciple","The Hierophant","The Necromancer","The Runesmith"],"gold_per_floor":[144,144,144,189,39,39,84,39,64,10,55,100,145,49,49,49,49],"floor_reached":16,"language":"ENG","playtime":500,"items_purged":[],"score":92,"play_id":"a1cef80b-d403-4da6-b0f8-10e166e889fe","local_time":"20210119115343","daily_mods":["Allstar","Time Dilation","Midas"],"is_ascension_mode":false,"campfire_choices":[{"floor":6,"key":"REST"},{"floor":15,"key":"REST"}],"circlet_count":0,"master_deck":["Strike_B","Strike_B","Strike_B+1","Strike_B","Defend_B","Defend_B","Defend_B","Defend_B","Zap","Dualcast","Replay:Sssssssssshield","Secret Weapon","Mind Blast","Thinking Ahead","Replay:Parry","Storm","Regret","Sweeping Beam","Conserve Battery","Ball Lightning","Compile Driver","Static Discharge","ReplayGash","White Noise","Sunder","Panic Button","Barrage","Redo"],"relics":["Cracked Core","Toy Ornithopter","Runic Capacitor","ReplayTheSpireMod:Lightbulb","Prayer Wheel"],"acts_visited":["Exordium"],"potions_floor_usage":[4],"damage_taken":[{"damage":8,"enemies":"Small Slimes","floor":1,"turns":3},{"damage":8,"enemies":"Jaw Worm","floor":4,"turns":3},{"damage":5,"enemies":"2 Louse","floor":7,"turns":2},{"damage":20,"enemies":"2 Fungi Beasts","floor":11,"turns":4},{"damage":0,"enemies":"Blue Slaver","floor":12,"turns":3},{"damage":12,"enemies":"Red Slaver","floor":13,"turns":3},{"damage":62,"enemies":"The Guardian","floor":16,"turns":8}],"seed_played":"3706737729498028133","potions_obtained":[{"floor":1,"key":"SkillPotion"},{"floor":4,"key":"Swift Potion"},{"floor":11,"key":"construct:ShiftPotion"}],"is_trial":false,"path_per_floor":["M","?","?","M","$","R","M","$","T","$","M","M","M","$","R","B"],"character_chosen":"DEFECT","items_purchased":["Runic Capacitor","Conserve Battery","Ball Lightning","Barrage","Redo"],"campfire_rested":2,"item_purchase_floors":[5,8,10,14,14],"current_hp_per_floor":[67,67,67,64,64,75,70,70,70,70,50,50,38,38,60,0,0],"gold":49,"neow_bonus":"","is_daily":true,"chose_seed":false,"campfire_upgraded":0,"win_rate":0.0,"timestamp":1611075223,"path_taken":["M","?","?","M","$","R","M","$","T","?","M","M","M","$","R","BOSS"],"items_purchased_type":["Relic","Card","Card","Card","Card"],"build_version":"2020-12-22","purchased_purges":0,"victory":false,"max_hp_per_floor":[75,75,75,75,75,75,75,75,75,75,75,75,75,75,75,75,75],"card_choices":[{"not_picked":["Rebound","Conserve Battery"],"picked":"Storm","floor":1},{"not_picked":["Rebound","Tempest"],"picked":"ReplayTheSpireMod:Fabricate Wheel","floor":4},{"not_picked":["Double Energy","Stack"],"picked":"Sweeping Beam","floor":7},{"not_picked":["Steam","Beam Cell"],"picked":"Compile Driver","floor":11},{"not_picked":["Redo","Rebound"],"picked":"Static Discharge","floor":11},{"not_picked":["ReplaySort","Buffer"],"picked":"ReplayGash","floor":12},{"not_picked":["Crystallizer","Reinforced Body"],"picked":"White Noise","floor":12},{"not_picked":["Streamline","Hologram"],"picked":"Sunder","floor":13},{"not_picked":["Rebound","Coolheaded"],"picked":"Panic Button","floor":13}],"player_experience":255443,"relics_obtained":[{"floor":9,"key":"ReplayTheSpireMod:Lightbulb"}],"event_choices":[{"damage_healed":0,"gold_gain":0,"player_choice":"Box","damage_taken":0,"relics_obtained":["Toy Ornithopter"],"max_hp_gain":0,"max_hp_loss":0,"event_name":"Big Fish","floor":2,"gold_loss":0,"cards_obtained":["Regret"]}],"is_beta":false,"boss_relics":[],"items_purged_floors":[],"is_endless":false,"potions_floor_spawned":[1,4,11],"killed_by":"The Guardian","ascension_level":0}}