{"host":"ockkdcgl3b18tfz9","time":1611033097,"event":{"mods":["2.2 Compatiblity","BaseMod","Better Skull","Better Third Choice","BetterRewards","Hermit","Minty Spire (QoL Compilation)","Quick Restart","Replay The Spire","Spicy Shops","StSLib","SuperFastMode","The Jungle"],"gold_per_floor":[118,132,8,83,83,83,113,132,132,132,157,187,42,42,42,42,42,135,135,114,0,0,0,0,22,22],"floor_reached":25,"language":"ENG","playtime":573,"items_purged":[],"score":391,"play_id":"4132cb3b-db33-4b43-bac3-a39055f682f7","local_time":"20210119121137","is_ascension_mode":true,"campfire_choices":[{"data":"ReplayTheSpireMod:Scrap Shanks","floor":6.0,"key":"SMITH"},{"floor":14,"key":"REST"},{"floor":16,"key":"REST"},{"floor":17,"key":"REST"}],"circlet_count":0,"master_deck":["AscendersBane","Strike_G","Strike_G","Strike_G","Strike_G","Defend_G","Defend_G","Defend_G","Defend_G","Defend_G","Survivor","Neutralize","Caltrops","Dagger Throw","Backflip","ReplayTheSpireMod:Scrap Shanks+1","Deadly Poison","ReplayTheSpireMod:Shiv Toss","Blade Dance","PiercingWail","Cloak And Dagger+1","Shame"],"relics":["Ring of the Snake","NeowsBlessing","Kunai","Bottled Flame","Replay:Wax Seal","Replay:Bandana","Juzu Bracelet","SlaversCollar","Replay:Ringing Soul"],"acts_visited":["Exordium","TheCity"],"potions_floor_usage":[11,12],"damage_taken":[{"damage":0.0,"enemies":"2 Louse","floor":1.0,"turns":1.0},{"damage":0.0,"enemies":"Cultist","floor":2.0,"turns":1.0},{"damage":0.0,"enemies":"Lagavulin","floor":7.0,"turns":1.0},{"damage":6.0,"enemies":"Small Slimes","floor":8.0,"turns":5.0},{"damage":39,"enemies":"Gremlin Nob","floor":11,"turns":5},{"damage":0,"enemies":"Exordium Wildlife","floor":12,"turns":5},{"damage":37,"enemies":"The Guardian","floor":18,"turns":14},{"damage":48,"enemies":"2 Thieves","floor":20,"turns":5},{"damage":84,"enemies":"Book of Stabbing","floor":25,"turns":7}],"seed_played":"667782707549254269","potions_obtained":[{"floor":1.0,"key":"Poison Potion"},{"floor":2.0,"key":"Regen Potion"}],"is_trial":false,"path_per_floor":["M","M","$","?","?","R","E","M","T","T","E","M","$","R","?","R","R","B",null,"M","?","?","$","?","E"],"character_chosen":"THE_SILENT","items_purchased":["Backflip","ReplayTheSpireMod:Scrap Shanks","Juzu Bracelet"],"campfire_rested":3,"item_purchase_floors":[3,3,13],"current_hp_per_floor":[59,59,59,48,48,48,48,42,42,42,8,8,8,27,27,46,65,28,57,9,9,76,76,79,0,0],"gold":22,"neow_bonus":"THREE_ENEMY_KILL","is_daily":false,"chose_seed":false,"campfire_upgraded":1,"win_rate":0.0,"timestamp":1611033097,"path_taken":["M","M","$","?","?","R","E","M","T","T","E","M","$","R","?","R","R","BOSS","M","?","?","$","?","E"],"items_purchased_type":["Card","Card","Relic"],"build_version":"2020-12-22","purchased_purges":0,"victory":false,"max_hp_per_floor":[66,66,66,66,66,66,66,66,66,66,66,66,66,66,66,66,66,66,66,66,66,76,76,79,79,79],"card_choices":[{"not_picked":["Slice","Bane"],"picked":"Caltrops","floor":1.0},{"not_picked":["Bane","Dodge and Roll"],"picked":"Dagger Throw","floor":2.0},{"not_picked":["Slice","Dagger Throw"],"picked":"ReplayTheSpireMod:Shiv Toss","floor":7.0},{"not_picked":["Acrobatics","Dagger Throw"],"picked":"Blade Dance","floor":8.0},{"not_picked":["Concentrate","Dagger Throw"],"picked":"PiercingWail","floor":11},{"not_picked":["Deflect","Poisoned Stab","Prepared"],"picked":"SKIP","floor":12},{"not_picked":["Phantasmal Killer","Tools of the Trade"],"picked":"A Thousand Cuts","floor":18},{"not_picked":["Flying Knee","Setup"],"picked":"Cloak And Dagger+1","floor":20}],"player_experience":291170,"relics_obtained":[{"floor":7.0,"key":"Kunai"},{"floor":9.0,"key":"Bottled Flame"},{"floor":10.0,"key":"Replay:Wax Seal"},{"floor":11,"key":"Replay:Bandana"}],"event_choices":[{"damage_healed":0.0,"max_hp_gain":0.0,"max_hp_loss":0.0,"gold_gain":75.0,"event_name":"betterThird:BetterGoop","player_choice":"Gold","floor":4.0,"gold_loss":0.0,"damage_taken":11.0},{"damage_healed":0.0,"max_hp_gain":0.0,"max_hp_loss":0.0,"gold_gain":0.0,"cards_transformed":["Strike_G"],"event_name":"Transmorgrifier","player_choice":"Transformed","floor":5.0,"gold_loss":0.0,"damage_taken":0.0,"cards_obtained":["Deadly Poison"]},{"damage_healed":27,"gold_gain":0,"player_choice":"Leave","damage_taken":0,"max_hp_gain":0,"max_hp_loss":66,"event_name":"betterThird:BetterShining","floor":15,"gold_loss":0},{"damage_healed":0,"gold_gain":0,"player_choice":"Paid Fearfully","damage_taken":0,"max_hp_gain":0,"max_hp_loss":0,"event_name":"Masked Bandits","floor":21,"gold_loss":114},{"cards_removed":["A Thousand Cuts"],"damage_healed":57,"gold_gain":0,"player_choice":"Offered Rare","damage_taken":0,"max_hp_gain":10,"max_hp_loss":0,"event_name":"Bonfire Elementals","floor":22,"gold_loss":0},{"damage_healed":0,"gold_gain":0,"player_choice":"Stole Relic","damage_taken":0,"relics_obtained":["Replay:Ringing Soul"],"max_hp_gain":0,"max_hp_loss":0,"event_name":"Addict","floor":24,"gold_loss":0,"cards_obtained":["Shame"]}],"is_beta":false,"boss_relics":[{"not_picked":["Painkiller Herb","Snecko Eye"],"picked":"SlaversCollar"}],"items_purged_floors":[],"is_endless":false,"potions_floor_spawned":[1,2,8],"killed_by":"Book of Stabbing","ascension_level":14}}