{"host":"r6jigiblrojhp6xe","time":1611070343,"event":{"mods":["AchievementEnabler","BaseMod","DeckTracker","Minty Spire (QoL Compilation)","Quick Restart","Rare Cards Sparkle","Relic Stats","StSLib","SuperFastMode","The Cursed","everything is the same but u backflip on backflip"],"gold_per_floor":[361,372,132,143,156,156,81,81,104,123,123,163,163,203,203,203,203],"floor_reached":16,"language":"KOR","playtime":374,"items_purged":["Defend_G"],"score":220,"play_id":"f1829a24-f7e1-4806-be69-7b0151afeddc","local_time":"20210120003223","is_ascension_mode":true,"campfire_choices":[{"data":"Choke","floor":6.0,"key":"SMITH"},{"floor":13.0,"key":"REST"},{"data":"Footwork","floor":15.0,"key":"SMITH"}],"circlet_count":0,"master_deck":["AscendersBane","Strike_G","Strike_G","Strike_G","Defend_G","Defend_G","Defend_G","Defend_G","Survivor","Neutralize","Poisoned Stab","Blade Dance","Dagger Throw","Escape Plan","Choke+1","Dagger Spray","PiercingWail","Footwork+1","Blur"],"relics":["Ring of the Snake","Golden Idol","Akabeko","Anchor","Ornamental Fan"],"acts_visited":["Exordium"],"potions_floor_usage":[16,16],"damage_taken":[{"damage":9.0,"enemies":"Small Slimes","floor":1.0,"turns":4.0},{"damage":2.0,"enemies":"2 Louse","floor":2.0,"turns":3.0},{"damage":3.0,"enemies":"Jaw Worm","floor":4.0,"turns":3.0},{"damage":8.0,"enemies":"Blue Slaver","floor":5.0,"turns":3.0},{"damage":0.0,"enemies":"Exordium Wildlife","floor":10.0,"turns":2.0},{"damage":31.0,"enemies":"Lagavulin","floor":12.0,"turns":6.0},{"damage":8.0,"enemies":"Gremlin Nob","floor":14.0,"turns":3.0},{"damage":4,"enemies":"Slime Boss","floor":16,"turns":7}],"seed_played":"1181819233840639775","potions_obtained":[{"floor":1.0,"key":"DistilledChaos"},{"floor":5.0,"key":"Explosive Potion"}],"is_trial":false,"path_per_floor":["M","M","$","M","M","R","?","?","T","M","?","E","R","E","R","B"],"character_chosen":"THE_SILENT","items_purchased":["Blade Dance","Dagger Throw","Explosive Potion"],"campfire_rested":1,"item_purchase_floors":[3,3,3],"current_hp_per_floor":[50,48,48,45,37,37,37,37,37,37,37,6,22,14,14,10,10],"gold":203,"neow_bonus":"TWO_FIFTY_GOLD","is_daily":false,"chose_seed":false,"campfire_upgraded":2,"win_rate":0.0,"timestamp":1611070343,"path_taken":["M","M","$","M","M","R","?","?","T","M","?","E","R","E","R","BOSS"],"items_purchased_type":["Card","Card","Potion"],"build_version":"2020-12-22","purchased_purges":1,"victory":false,"max_hp_per_floor":[60,60,60,60,60,60,60,54,54,54,54,54,54,54,54,54,54],"relic_stats":{"counters":[8,31],"Golden Idol":20,"Ornamental Fan":[16],"obtain_stats":[{"Anchor":12,"Golden Idol":8,"Ornamental Fan":14,"Akabeko":9,"Ring of the Snake":0},{"Anchor":6,"Golden Idol":4,"Ornamental Fan":7,"Akabeko":4,"Ring of the Snake":0},{"Anchor":21,"Golden Idol":13,"Ornamental Fan":24,"Akabeko":13,"Ring of the Snake":0}],"Ring of the Snake":[16]},"card_choices":[{"not_picked":["Distraction","Bane","Slice"],"picked":"SKIP","floor":1.0},{"not_picked":["Acrobatics","Cloak And Dagger"],"picked":"Poisoned Stab","floor":2.0},{"not_picked":["Sucker Punch","Tactician"],"picked":"Escape Plan","floor":4.0},{"not_picked":["PiercingWail","Dagger Spray"],"picked":"Choke","floor":5.0},{"not_picked":["Calculated Gamble","Catalyst"],"picked":"Dagger Spray","floor":10.0},{"not_picked":["Expertise","Dagger Throw"],"picked":"Footwork","floor":12.0},{"not_picked":["Quick Slash","PiercingWail"],"picked":"Blur","floor":14.0}],"player_experience":584158,"relics_obtained":[{"floor":9.0,"key":"Akabeko"},{"floor":12.0,"key":"Anchor"},{"floor":14.0,"key":"Ornamental Fan"}],"event_choices":[{"cards_removed":["Strike_G"],"damage_healed":0.0,"max_hp_gain":0.0,"max_hp_loss":0.0,"gold_gain":0.0,"event_name":"The Cleric","player_choice":"Card Removal","floor":7.0,"gold_loss":75.0,"damage_taken":0.0},{"damage_healed":0.0,"max_hp_gain":0.0,"max_hp_loss":6.0,"gold_gain":0.0,"event_name":"Golden Idol","player_choice":"Lose Max HP","floor":8.0,"gold_loss":0.0,"damage_taken":0.0,"relics_obtained":["Golden Idol"]},{"damage_healed":0.0,"max_hp_gain":0.0,"max_hp_loss":0.0,"gold_gain":0.0,"cards_transformed":["Strike_G"],"event_name":"Living Wall","player_choice":"Change","floor":11.0,"gold_loss":0.0,"damage_taken":0.0,"cards_obtained":["PiercingWail"]}],"is_beta":false,"boss_relics":[],"items_purged_floors":[3],"is_endless":false,"potions_floor_spawned":[1,5,10],"killed_by":"Slime Boss","ascension_level":20}}