{"host":"1a3cjta80tad0aqj","time":1611054583,"event":{"mods":["2.2 Compatiblity","AchievementEnabler","BaseMod","Colored Map","DeckTracker","KOR Keyword Fix","Keyboard Shortcuts","Minty Spire (QoL Compilation)","Permanent Neow","Quick Restart","Random Character Button","StSLib","SuperFastMode","everything is the same but u backflip on backflip"],"gold_per_floor":[110,110,110,135,115,115,148,148,195,195,210,37,53,72,72,168,168,168],"floor_reached":17,"language":"KOR","playtime":682,"items_purged":[],"score":310,"play_id":"9fb5fb26-0d5a-436f-b9ef-ccc376d52946","local_time":"20210119200943","is_ascension_mode":true,"campfire_choices":[{"data":"Eruption","floor":6.0,"key":"SMITH"},{"floor":8,"key":"REST"},{"floor":10,"key":"REST"},{"floor":15,"key":"REST"}],"circlet_count":0,"master_deck":["AscendersBane","Eruption+1","Vigilance","Devotion","Injury","CrushJoints","EmptyBody","ClearTheMind","SashWhip","Weave","InnerPeace","ClearTheMind","Wallop","Omniscience","ThirdEye","PathToVictory"],"relics":["PureWater","Golden Idol","Gremlin Horn","Whetstone","TheAbacus","Pandora\u0027s Box"],"acts_visited":["Exordium","TheCity"],"potions_floor_usage":[7,7,16],"damage_taken":[{"damage":12.0,"enemies":"Small Slimes","floor":1.0,"turns":6.0},{"damage":3.0,"enemies":"Cultist","floor":4.0,"turns":4.0},{"damage":27,"enemies":"3 Sentries","floor":7,"turns":6},{"damage":7,"enemies":"2 Louse","floor":11,"turns":2},{"damage":9,"enemies":"2 Fungi Beasts","floor":13,"turns":3},{"damage":6,"enemies":"Looter","floor":14,"turns":3},{"damage":41,"enemies":"The Guardian","floor":16,"turns":14}],"seed_played":"4855865591030274203","potions_obtained":[{"floor":4.0,"key":"SkillPotion"},{"floor":5.0,"key":"Ambrosia"},{"floor":13,"key":"ColorlessPotion"}],"is_trial":false,"path_per_floor":["M","?","?","M","?","R","E","R","T","R","M","$","M","M","R","B",null],"character_chosen":"WATCHER","items_purchased":["TheAbacus"],"campfire_rested":3,"item_purchase_floors":[12],"current_hp_per_floor":[49,49,39,36,36,36,9,29,29,49,42,42,33,27,47,6,53,53],"gold":168,"neow_bonus":"TRANSFORM_CARD","is_daily":false,"chose_seed":false,"campfire_upgraded":1,"win_rate":0.0,"timestamp":1611054583,"path_taken":["M","?","?","?","?","R","E","R","T","R","?","$","M","M","R","BOSS"],"items_purchased_type":["Relic"],"build_version":"2020-12-22","purchased_purges":0,"victory":false,"max_hp_per_floor":[68,68,68,68,68,68,68,68,68,68,68,68,68,68,68,68,68,68],"card_choices":[{"not_picked":["Protect","FlyingSleeves","Study"],"picked":"SKIP","floor":1.0},{"not_picked":["PathToVictory","ThirdEye"],"picked":"CrushJoints","floor":4.0},{"not_picked":["PathToVictory","SandsOfTime"],"picked":"EmptyBody","floor":7},{"not_picked":["PathToVictory","Fasting2","CrushJoints"],"picked":"SKIP","floor":11},{"not_picked":["Collect","Evaluate"],"picked":"ClearTheMind","floor":13},{"not_picked":["Prostrate","Consecrate"],"picked":"SashWhip","floor":14}],"player_experience":780884,"relics_obtained":[{"floor":7,"key":"Gremlin Horn"},{"floor":9,"key":"Whetstone"}],"event_choices":[{"damage_healed":0.0,"max_hp_gain":0.0,"max_hp_loss":0.0,"gold_gain":0.0,"event_name":"Golden Idol","player_choice":"Take Wound","floor":2.0,"gold_loss":0.0,"damage_taken":0.0,"relics_obtained":["Golden Idol"],"cards_obtained":["Injury"]},{"damage_healed":0.0,"max_hp_gain":0.0,"max_hp_loss":0.0,"gold_gain":0.0,"event_name":"Wheel of Change","player_choice":"Damaged","floor":3.0,"gold_loss":0.0,"damage_taken":10.0},{"damage_healed":0.0,"max_hp_gain":0.0,"max_hp_loss":0.0,"gold_gain":0.0,"event_name":"The Woman in Blue","player_choice":"Bought 1 Potion","floor":5.0,"gold_loss":0.0,"damage_taken":0.0}],"is_beta":false,"boss_relics":[{"not_picked":["Runic Dome","Tiny House"],"picked":"Pandora\u0027s Box"}],"items_purged_floors":[],"is_endless":false,"potions_floor_spawned":[4,13],"ascension_level":20}}