{"host":"7l2t4psy44vpcd9q","time":1611032187,"event":{"mods":["AchievementEnabler","BaseMod","DeckTracker","Minty Spire (QoL Compilation)","SuperFastMode"],"gold_per_floor":[99,99,99,99,99,99,99,99,99,24,24,24,24,24,24,24,24,24,0,0,0,0,0,0,0,0,0,0,0,0,0,0,0,0,0,0,0,0,0,0,0,0,0,0,0,0,0,0,0,0,0],"floor_reached":52,"language":"KOR","playtime":3660,"items_purged":["Strike_B"],"score":1904,"play_id":"a4b92391-1d40-4cbb-ad15-305489b67d38","local_time":"20210119135627","is_ascension_mode":true,"campfire_choices":[{"data":"Rip and Tear","floor":6.0,"key":"SMITH"},{"data":"Genetic Algorithm","floor":8.0,"key":"SMITH"},{"data":"Electrodynamics","floor":12.0,"key":"SMITH"},{"data":"Dualcast","floor":15.0,"key":"SMITH"},{"data":"Steam Power","floor":25.0,"key":"SMITH"},{"floor":32.0,"key":"REST"},{"floor":44.0,"key":"REST"},{"floor":49.0,"key":"DIG"}],"circlet_count":0,"master_deck":["AscendersBane","Strike_B","Strike_B","Strike_B","Defend_B","Defend_B","Defend_B","Defend_B","Zap","Dualcast+1","Undo","Rip and Tear+1","Beam Cell","Doom and Gloom","Steam Power+1","Genetic Algorithm+1","Electrodynamics+1","Glacier","Multi-Cast","Recycle+1","Fusion","Aggregate+1","Stack","Hologram","Seek","Cold Snap","Hologram","Force Field","Defragment","Force Field","Echo Form","Turbo"],"relics":["Ectoplasm","Happy Flower","Dead Branch","Odd Mushroom","Ice Cream","Runic Pyramid","Shovel","Toy Ornithopter","Regal Pillow","Letter Opener","Snecko Eye","Ginger","Eternal Feather","Emotion Chip","Bag of Marbles","Red Mask","Orichalcum"],"acts_visited":["Exordium","TheCity","TheBeyond"],"potions_floor_usage":[],"damage_taken":[{"damage":2.0,"enemies":"Jaw Worm","floor":1.0,"turns":3.0},{"damage":4.0,"enemies":"Small Slimes","floor":2.0,"turns":3.0},{"damage":1.0,"enemies":"Cultist","floor":3.0,"turns":4.0},{"damage":5.0,"enemies":"Exordium Wildlife","floor":4.0,"turns":5.0},{"damage":2.0,"enemies":"2 Fungi Beasts","floor":5.0,"turns":2.0},{"damage":10.0,"enemies":"3 Sentries","floor":7.0,"turns":5.0},{"damage":7.0,"enemies":"The Mushroom Lair","floor":11.0,"turns":3.0},{"damage":7.0,"enemies":"Lagavulin","floor":13.0,"turns":7.0},{"damage":1.0,"enemies":"The Guardian","floor":16.0,"turns":6.0},{"damage":0.0,"enemies":"Spheric Guardian","floor":18.0,"turns":4.0},{"damage":9.0,"enemies":"2 Thieves","floor":19.0,"turns":2.0},{"damage":0.0,"enemies":"3 Cultists","floor":20.0,"turns":3.0},{"damage":20.0,"enemies":"Book of Stabbing","floor":23.0,"turns":4.0},{"damage":1.0,"enemies":"Gremlin Leader","floor":28.0,"turns":5.0},{"damage":0.0,"enemies":"Snake Plant","floor":29.0,"turns":4.0},{"damage":12.0,"enemies":"Book of Stabbing","floor":30.0,"turns":5.0},{"damage":0.0,"enemies":"Snecko","floor":31.0,"turns":4.0},{"damage":0.0,"enemies":"Collector","floor":33.0,"turns":8.0},{"damage":0.0,"enemies":"Orb Walker","floor":35.0,"turns":4.0},{"damage":0.0,"enemies":"3 Shapes","floor":36.0,"turns":3.0},{"damage":0.0,"enemies":"2 Orb Walkers","floor":38.0,"turns":1.0},{"damage":18.0,"enemies":"Spire Growth","floor":39.0,"turns":6.0},{"damage":35.0,"enemies":"Nemesis","floor":40.0,"turns":7.0},{"damage":0.0,"enemies":"Writhing Mass","floor":41.0,"turns":5.0},{"damage":0.0,"enemies":"Mind Bloom Boss Battle","floor":42.0,"turns":6.0},{"damage":3.0,"enemies":"Transient","floor":46.0,"turns":6.0},{"damage":28.0,"enemies":"Jaw Worm Horde","floor":47.0,"turns":4.0},{"damage":19.0,"enemies":"Time Eater","floor":50.0,"turns":6.0},{"damage":15,"enemies":"Awakened One","floor":51,"turns":14}],"seed_played":"4504626326396135745","potions_obtained":[{"floor":1.0,"key":"SmokeBomb"},{"floor":5.0,"key":"PotionOfCapacity"},{"floor":18.0,"key":"Energy Potion"},{"floor":23.0,"key":"FocusPotion"},{"floor":36.0,"key":"Fire Potion"},{"floor":40.0,"key":"SkillPotion"},{"floor":46.0,"key":"ColorlessPotion"},{"floor":47.0,"key":"FocusPotion"}],"is_trial":false,"path_per_floor":["M","M","M","M","M","R","E","R","T","$","?","R","E","?","R","B",null,"M","M","M","?","?","E","?","R","T","?","E","M","E","M","R","B",null,"M","M","T","?","M","E","M","?","T","R","?","M","M","$","R","B","B",null],"character_chosen":"DEFECT","items_purchased":[],"campfire_rested":2,"item_purchase_floors":[],"current_hp_per_floor":[62,58,57,52,50,50,40,40,40,40,33,33,26,49,49,48,65,65,56,56,56,56,36,36,36,36,36,35,35,23,23,59,64,69,69,69,69,71,53,23,23,23,23,71,71,68,43,43,61,47,32],"gold":0,"neow_bonus":"BOSS_RELIC","is_daily":false,"chose_seed":false,"campfire_upgraded":5,"win_rate":0.0,"timestamp":1611032187,"path_taken":["M","M","M","M","M","R","E","R","T","$","?","R","E","?","R","BOSS","M","M","M","?","?","E","?","R","T","?","E","?","E","M","R","BOSS","M","M","?","?","M","E","M","?","T","R","?","M","M","?","R","BOSS","BOSS"],"items_purchased_type":[],"build_version":"2020-12-22","purchased_purges":1,"victory":true,"max_hp_per_floor":[71,71,71,71,71,71,71,71,71,71,71,71,71,71,71,71,71,71,71,71,71,71,71,71,71,71,71,71,71,71,71,71,71,71,71,71,71,71,71,71,71,71,71,71,71,71,71,71,71,71,71],"card_choices":[{"not_picked":["Barrage","Storm"],"picked":"Undo","floor":1.0},{"not_picked":["Beam Cell","Chaos"],"picked":"Rip and Tear","floor":2.0},{"not_picked":["Undo","Conserve Battery"],"picked":"Beam Cell","floor":3.0},{"not_picked":["Stack","Conserve Battery"],"picked":"Doom and Gloom","floor":4.0},{"not_picked":["Ball Lightning","Darkness"],"picked":"Steam Power","floor":5.0},{"not_picked":["Doom and Gloom","Conserve Battery"],"picked":"Genetic Algorithm","floor":7.0},{"not_picked":["Streamline","Steam Power"],"picked":"Electrodynamics","floor":11.0},{"not_picked":["Redo","Gash"],"picked":"Glacier","floor":13.0},{"not_picked":["All For One","Core Surge"],"picked":"Multi-Cast","floor":16.0},{"not_picked":["Compile Driver","Blizzard"],"picked":"Recycle+1","floor":18.0},{"not_picked":["Melter","Sweeping Beam"],"picked":"Fusion","floor":19.0},{"not_picked":["Streamline","Sweeping Beam","Conserve Battery"],"picked":"SKIP","floor":20.0},{"not_picked":["Conserve Battery","Stack","Streamline"],"picked":"SKIP","floor":23.0},{"not_picked":["Stack","Steam"],"picked":"Aggregate+1","floor":28.0},{"not_picked":["Conserve Battery","Melter+1","Machine Learning"],"picked":"SKIP","floor":29.0},{"not_picked":["Double Energy","Rebound"],"picked":"Stack","floor":30.0},{"not_picked":["Blizzard","Chaos"],"picked":"Hologram","floor":31.0},{"not_picked":["Rainbow","Fission"],"picked":"Seek","floor":33.0},{"not_picked":["Ball Lightning+1","Reprogram"],"picked":"Cold Snap","floor":35.0},{"not_picked":["Go for the Eyes","Sweeping Beam"],"picked":"Hologram","floor":36.0},{"not_picked":["Hologram","Static Discharge","Steam"],"picked":"SKIP","floor":39.0},{"not_picked":["Hologram","Static Discharge","Steam"],"picked":"SKIP","floor":39.0},{"not_picked":["Conserve Battery","Rainbow"],"picked":"Force Field","floor":40.0},{"not_picked":["Coolheaded+1","Streamline"],"picked":"Defragment","floor":41.0},{"not_picked":["Rebound","Streamline+1"],"picked":"Force Field","floor":42.0},{"not_picked":["Undo","Double Energy"],"picked":"Echo Form","floor":46.0},{"not_picked":["Genetic Algorithm+1","Hologram"],"picked":"Turbo","floor":47.0}],"player_experience":1265192,"relics_obtained":[{"floor":7.0,"key":"Happy Flower"},{"floor":9.0,"key":"Dead Branch"},{"floor":11.0,"key":"Odd Mushroom"},{"floor":13.0,"key":"Ice Cream"},{"floor":23.0,"key":"Shovel"},{"floor":26.0,"key":"Toy Ornithopter"},{"floor":28.0,"key":"Regal Pillow"},{"floor":30.0,"key":"Letter Opener"},{"floor":37.0,"key":"Ginger"},{"floor":40.0,"key":"Eternal Feather"},{"floor":42.0,"key":"Emotion Chip"},{"floor":43.0,"key":"Bag of Marbles"},{"floor":49.0,"key":"Orichalcum"}],"event_choices":[{"damage_healed":0.0,"max_hp_gain":0.0,"max_hp_loss":0.0,"gold_gain":0.0,"event_name":"Mushrooms","player_choice":"Fought Mushrooms","floor":11.0,"gold_loss":0.0,"damage_taken":0.0},{"damage_healed":23.0,"max_hp_gain":0.0,"max_hp_loss":0.0,"gold_gain":0.0,"event_name":"Big Fish","player_choice":"Banana","floor":14.0,"gold_loss":0.0,"damage_taken":0.0},{"damage_healed":0.0,"max_hp_gain":0.0,"max_hp_loss":0.0,"gold_gain":0.0,"event_name":"The Mausoleum","player_choice":"Ignored","floor":21.0,"gold_loss":0.0,"damage_taken":0.0},{"damage_healed":0.0,"max_hp_gain":0.0,"max_hp_loss":0.0,"gold_gain":50.0,"event_name":"Nest","player_choice":"Stole From Cult","floor":22.0,"gold_loss":0.0,"damage_taken":0.0},{"damage_healed":0.0,"max_hp_gain":0.0,"max_hp_loss":0.0,"gold_gain":0.0,"event_name":"Vampires","player_choice":"Ignored","floor":27.0,"gold_loss":0.0,"damage_taken":0.0},{"damage_healed":0.0,"max_hp_gain":0.0,"max_hp_loss":0.0,"gold_gain":0.0,"event_name":"Mysterious Sphere","player_choice":"Fight","floor":38.0,"gold_loss":0.0,"damage_taken":0.0},{"damage_healed":0.0,"max_hp_gain":0.0,"max_hp_loss":0.0,"gold_gain":0.0,"event_name":"MindBloom","player_choice":"Fight","floor":42.0,"gold_loss":0.0,"damage_taken":0.0},{"damage_healed":0.0,"max_hp_gain":0.0,"max_hp_loss":0.0,"gold_gain":0.0,"event_name":"Tomb of Lord Red Mask","player_choice":"Paid","floor":45.0,"gold_loss":0.0,"damage_taken":0.0,"relics_obtained":["Red Mask"]}],"is_beta":false,"boss_relics":[{"not_picked":["Nuclear Battery","Cursed Key"],"picked":"Runic Pyramid"},{"not_picked":["Inserter","Black Star"],"picked":"Snecko Eye"}],"items_purged_floors":[10],"is_endless":false,"potions_floor_spawned":[1,5,11,18,23,28,31,36,38,40,46,47],"ascension_level":20}}