{"host":"8o45mh5p3pp1o2mi","time":1611015398,"event":{"mods":["BaseMod","Bestiary","Better Match","Better Third Choice","BetterRewards","Dark Map","Fox Events","Minty Spire (QoL Compilation)","Replay The Spire","Shop Mod","StSLib"],"gold_per_floor":[111,126,126,138,138,163,163,176,176,202,202,214,229,254,254,357,434,448,388,403,420,165,165,196,196,273,287,320,320,332,361,361,361,361],"floor_reached":33,"language":"ENG","playtime":2732,"items_purged":["Strike_P","Collect"],"score":500,"play_id":"7acc22a3-ad09-4dd1-88a6-59b02ee4dce7","local_time":"20210119001638","is_ascension_mode":true,"campfire_choices":[{"data":"WaveOfTheHand","floor":7,"key":"SMITH"},{"data":"Vault","floor":11,"key":"SMITH"},{"floor":23,"key":"REST"},{"floor":29,"key":"REST"},{"floor":32,"key":"REST"}],"circlet_count":0,"master_deck":["Strike_P","Strike_P","Defend_P","Defend_P","Defend_P","Eruption","Vigilance","Vault+1","FlurryOfBlows","EmptyBody","Vengeance","WaveOfTheHand+1","FlurryOfBlows","CutThroughFate","Indignation","Replay:Cycle","Weave","Alpha","DeusExMachina","CutThroughFate+1","Tantrum","DeusExMachina","Adaptation","Ragnarok","TalkToTheHand","Replay:BluntJabs"],"relics":["PureWater","Unceasing Top","Yang","ReplayTheSpireMod:Ninjato","Replay:Bottled Flurry","foxEvents:LuckyCharm","Incense Burner","Ring of Chaos","Replay:Accelerometer","FaceOfCleric","Frozen Egg 2","Calipers","Peace Pipe"],"acts_visited":["Exordium","TheCity"],"potions_floor_usage":[14,16,28,28,33],"damage_taken":[{"damage":1,"enemies":"2 Louse","floor":1,"turns":4},{"damage":0,"enemies":"Jaw Worm","floor":2,"turns":2},{"damage":0,"enemies":"Cultist","floor":4,"turns":3},{"damage":13,"enemies":"Replay:BlueRogue","floor":6,"turns":4},{"damage":0,"enemies":"2 Fungi Beasts","floor":8,"turns":2},{"damage":0,"enemies":"Colosseum Slavers","floor":10,"turns":3},{"damage":0,"enemies":"Gremlin Gang","floor":12,"turns":3},{"damage":0,"enemies":"Exordium Wildlife","floor":13,"turns":2},{"damage":4,"enemies":"Lagavulin","floor":14,"turns":6},{"damage":34,"enemies":"Hexaghost","floor":16,"turns":7},{"damage":12,"enemies":"Chosen","floor":18,"turns":5},{"damage":19,"enemies":"Spheric Guardian","floor":20,"turns":4},{"damage":7,"enemies":"Cultist and Chosen","floor":21,"turns":3},{"damage":7,"enemies":"Gremlin Leader","floor":24,"turns":4},{"damage":13,"enemies":"Centurion and Healer","floor":27,"turns":3},{"damage":29,"enemies":"Slavers","floor":28,"turns":4},{"damage":10,"enemies":"Snake Plant","floor":30,"turns":2},{"damage":6,"enemies":"Book of Stabbing","floor":31,"turns":4},{"damage":70,"enemies":"Collector","floor":33,"turns":8}],"seed_played":"-9147380123809711090","potions_obtained":[{"floor":1,"key":"BottledMiracle"},{"floor":4,"key":"Energy Potion"},{"floor":8,"key":"FairyPotion"},{"floor":12,"key":"Cursed Concoction"},{"floor":14,"key":"AttackPotion"},{"floor":16,"key":"CultistPotion"},{"floor":21,"key":"BottledMiracle"},{"floor":28,"key":"Strength Potion"},{"floor":31,"key":"FearPotion"}],"is_trial":false,"path_per_floor":["M","M","?","M","?","E","R","M","T","?","R","M","M","E","R","B",null,"M","?","M","M","$","R","E","?","T","M","E","R","M","E","R","B"],"character_chosen":"WATCHER","items_purchased":["Unceasing Top","Vault","FlurryOfBlows","EmptyBody","Yang","Adaptation","Ragnarok"],"campfire_rested":3,"item_purchase_floors":[0,0,0,0,0,22,22],"current_hp_per_floor":[71,71,71,71,71,58,58,58,58,58,58,58,58,54,54,20,72,60,60,41,34,34,55,48,48,48,36,8,30,21,16,38,0,0],"gold":361,"neow_bonus":"","is_daily":false,"chose_seed":false,"campfire_upgraded":2,"win_rate":0.0,"timestamp":1611015398,"path_taken":["M","M","?","M","?","E","R","?","T","?","R","M","M","E","R","BOSS","M","?","M","M","$","R","E","?","T","M","E","R","?","E","R","BOSS"],"items_purchased_type":["Relic","Card","Card","Card","Relic","Card","Card"],"build_version":"2020-12-22","purchased_purges":2,"victory":false,"max_hp_per_floor":[72,72,72,72,72,72,72,72,72,72,72,72,72,72,72,72,72,72,72,72,72,72,72,72,72,72,73,74,74,75,76,76,76,76],"card_choices":[{"not_picked":["Replay:AtTheReady","Halt"],"picked":"Vengeance","floor":1},{"not_picked":["Pray","FlyingSleeves"],"picked":"WaveOfTheHand","floor":2},{"not_picked":["FollowUp","Replay:AtTheReady"],"picked":"CutThroughFate","floor":4},{"not_picked":["Consecrate","CutThroughFate"],"picked":"Indignation","floor":6},{"not_picked":["WaveOfTheHand","Fasting2"],"picked":"Replay:Cycle","floor":8},{"not_picked":["FlyingSleeves","Prostrate","FollowUp"],"picked":"SKIP","floor":12},{"not_picked":["Swivel","Evaluate"],"picked":"Weave","floor":13},{"not_picked":["CutThroughFate","CrushJoints"],"picked":"Alpha","floor":14},{"not_picked":["Alpha","ConjureBlade"],"picked":"DeusExMachina","floor":16},{"not_picked":["Replay:ManipulateFuture+1","BowlingBash"],"picked":"CutThroughFate+1","floor":18},{"not_picked":["EmptyFist","FearNoEvil+1"],"picked":"Tantrum","floor":20},{"not_picked":["EmptyBody","FlyingSleeves+1"],"picked":"DeusExMachina","floor":21},{"not_picked":["Replay:AtTheReady","Wallop","Halt"],"picked":"SKIP","floor":24},{"not_picked":["PathToVictory","WaveOfTheHand","Halt"],"picked":"SKIP","floor":27},{"not_picked":["BowlingBash","Perseverance+1"],"picked":"TalkToTheHand","floor":28},{"not_picked":["BowlingBash","Replay:Battleflow"],"picked":"Replay:BluntJabs","floor":30},{"not_picked":["Replay:ManipulateFuture","Prostrate+1","EmptyBody"],"picked":"SKIP","floor":31}],"player_experience":84072,"relics_obtained":[{"floor":6,"key":"Replay:Bottled Flurry"},{"floor":10,"key":"foxEvents:LuckyCharm"},{"floor":14,"key":"Incense Burner"},{"floor":24,"key":"Replay:Accelerometer"},{"floor":26,"key":"Frozen Egg 2"},{"floor":28,"key":"Calipers"},{"floor":31,"key":"Peace Pipe"}],"event_choices":[{"damage_healed":0,"gold_gain":0,"cards_transformed":["Defend_P"],"player_choice":"Change","damage_taken":0,"max_hp_gain":0,"max_hp_loss":0,"event_name":"Living Wall","floor":3,"gold_loss":0,"cards_obtained":["FlurryOfBlows"]},{"damage_healed":0,"gold_gain":0,"player_choice":"Gave Potion","damage_taken":0,"relics_obtained":["ReplayTheSpireMod:Ninjato"],"max_hp_gain":0,"max_hp_loss":0,"event_name":"WeMeetAgain","floor":5,"gold_loss":0},{"damage_healed":0,"gold_gain":0,"player_choice":"Trade","damage_taken":0,"relics_obtained":["FaceOfCleric"],"max_hp_gain":0,"max_hp_loss":0,"event_name":"FaceTrader","floor":25,"gold_loss":0}],"is_beta":false,"boss_relics":[{"not_picked":["HolyWater","Replay:Wanted Poster"],"picked":"Ring of Chaos"}],"items_purged_floors":[0,22],"is_endless":false,"potions_floor_spawned":[1,4,8,12,14,16,21,24,28,31],"killed_by":"Collector","ascension_level":4}}