{"host":"sc0o2qwpf9j16a4i","time":1611057569,"event":{"mods":["AchievementEnabler","BaseMod","BetterRewards","Block Reminder","Colored Map","Colored Powertips","Custom Start","Highlight Path","Minty Spire (QoL Compilation)","Relic Stats"],"gold_per_floor":[114,114,129,41,59,59,91,110,110,110,128,128,192,218,218,297,297,315,315,315,315,327,327,356,369,442,453,453,464,64,64,64,141,141,152,171,184,198,1197,1228,1228,1228,1228,1228,1239,1239,1293,1312,1312,1312,1312,1312,1312,34,66,66,66],"floor_reached":56,"language":"ENG","playtime":2727,"items_purged":["Strike_R+1","Strike_R+1"],"score":2364,"play_id":"db5bd52d-4920-44ac-a00a-8adb65dd5390","local_time":"20210119135929","is_ascension_mode":true,"campfire_choices":[{"data":"Armaments","floor":6.0,"key":"SMITH"},{"floor":15.0,"key":"REST"},{"data":"Ghostly","floor":23.0,"key":"SMITH"},{"data":"Ghostly","floor":28.0,"key":"SMITH"},{"data":"Ghostly","floor":32.0,"key":"SMITH"},{"floor":41,"key":"DIG"},{"data":"True Grit","floor":44,"key":"SMITH"},{"floor":46,"key":"RECALL"},{"floor":49,"key":"DIG"},{"floor":53,"key":"DIG"}],"circlet_count":0,"master_deck":["AscendersBane","Strike_R+1","Strike_R+1","Strike_R+1","Defend_R+1","Defend_R+1","Defend_R+1","Defend_R+1","Bash","Carnage","Thunderclap+1","Armaments+1","Spot Weakness","Uppercut+1","Inflame","Wild Strike","Seeing Red","Fiend Fire","Ghostly+1","Ghostly+1","Ghostly+1","Seeing Red","True Grit+1","Shockwave","Flame Barrier","Corruption","Feed+1","Feed","Armaments+1","Exhume","True Grit+1","Juggernaut","Sentinel","Chrysalis","Demon Form"],"relics":["Burning Blood","Question Card","Frozen Eye","CultistMask","Sundial","Shovel","Charon\u0027s Ashes","Champion Belt","Runic Pyramid","Omamori","Nloth\u0027s Gift","Cursed Key","Bag of Preparation","Strawberry","Dead Branch","Whetstone","Bottled Tornado","Medical Kit","Bronze Scales","Unceasing Top","CaptainsWheel"],"acts_visited":["Exordium","TheCity","TheBeyond","TheEnding"],"potions_floor_usage":[35,51,54,55,56,56],"damage_taken":[{"damage":9.0,"enemies":"2 Louse","floor":1.0,"turns":3.0},{"damage":0.0,"enemies":"Cultist","floor":3.0,"turns":3.0},{"damage":2.0,"enemies":"Jaw Worm","floor":5.0,"turns":4.0},{"damage":22.0,"enemies":"Lagavulin","floor":7.0,"turns":7.0},{"damage":11.0,"enemies":"Looter","floor":8.0,"turns":2.0},{"damage":10.0,"enemies":"Large Slime","floor":11.0,"turns":4.0},{"damage":7.0,"enemies":"3 Sentries","floor":14.0,"turns":5.0},{"damage":23.0,"enemies":"Slime Boss","floor":16.0,"turns":6.0},{"damage":25.0,"enemies":"Shell Parasite","floor":18.0,"turns":3.0},{"damage":1.0,"enemies":"Chosen","floor":22.0,"turns":4.0},{"damage":0.0,"enemies":"Gremlin Leader","floor":24.0,"turns":6.0},{"damage":3.0,"enemies":"Snake Plant","floor":25.0,"turns":3.0},{"damage":4.0,"enemies":"3 Cultists","floor":27.0,"turns":5.0},{"damage":5.0,"enemies":"Sentry and Sphere","floor":29.0,"turns":7.0},{"damage":36,"enemies":"Automaton","floor":33,"turns":12},{"damage":21,"enemies":"3 Darklings","floor":35,"turns":6},{"damage":8,"enemies":"Orb Walker","floor":36,"turns":4},{"damage":5,"enemies":"Sphere and 2 Shapes","floor":37,"turns":4},{"damage":3,"enemies":"4 Shapes","floor":38,"turns":9},{"damage":3,"enemies":"Reptomancer","floor":40,"turns":11},{"damage":0,"enemies":"Spire Growth","floor":45,"turns":5},{"damage":2,"enemies":"2 Orb Walkers","floor":47,"turns":5},{"damage":0,"enemies":"Transient","floor":48,"turns":6},{"damage":31,"enemies":"Time Eater","floor":50,"turns":12},{"damage":24,"enemies":"Awakened One","floor":51,"turns":12},{"damage":53,"enemies":"Shield and Spear","floor":55,"turns":8},{"damage":46,"enemies":"The Heart","floor":56,"turns":8}],"seed_played":"-8135112338202080695","potions_obtained":[{"floor":1.0,"key":"ColorlessPotion"},{"floor":7.0,"key":"AttackPotion"},{"floor":24.0,"key":"DuplicationPotion"},{"floor":25.0,"key":"LiquidBronze"},{"floor":35,"key":"EssenceOfSteel"},{"floor":55,"key":"SkillPotion"}],"is_trial":false,"path_per_floor":["M","?","M","$","M","R","E","M","T","?","M","?","?","E","R","B",null,"M","?","?","?","M","R","E","M","T","M","R","M","$","?","R","B",null,"M","M","M","M","?","E","R","?","T","R","M","R","?","M","R","B","B",null,"R","$","E","B"],"character_chosen":"IRONCLAD","items_purchased":["Question Card","Carnage","Frozen Eye","Spot Weakness","Omamori","Corruption","Medical Kit","Bronze Scales","Juggernaut","Sentinel","Fruit Juice","BloodPotion","Unceasing Top","Chrysalis"],"campfire_rested":1,"item_purchase_floors":[0,0,0,4,30,30,54,54,54,54,54,54,54,54],"current_hp_per_floor":[43,43,49,49,53,53,37,32,32,21,17,17,17,16,38,21,62,43,37,37,29,34,34,40,42,42,42,42,42,42,42,42,12,35,23,21,29,39,39,42,49,49,49,49,59,59,63,69,69,48,34,67,67,72,45,0,0],"gold":66,"neow_bonus":"","is_daily":false,"chose_seed":false,"campfire_upgraded":5,"win_rate":0.0,"timestamp":1611057569,"path_taken":["M","?","M","$","?","R","E","M","T","?","M","?","?","E","R","BOSS","M","?","?","?","M","R","E","M","T","M","R","M","$","?","R","BOSS","M","M","M","?","?","E","R","?","T","R","M","R","?","M","R","BOSS","BOSS","R","$","E","BOSS"],"items_purchased_type":["Relic","Card","Relic","Card","Relic","Card","Relic","Relic","Card","Card","Potion","Potion","Relic","Card"],"build_version":"2020-12-22","purchased_purges":2,"victory":false,"max_hp_per_floor":[75,75,75,75,75,75,75,75,75,75,75,75,75,75,75,75,75,75,37,37,42,42,42,42,42,42,42,42,42,42,42,42,42,42,45,45,52,59,59,59,66,66,66,66,70,70,70,70,70,74,78,78,78,83,87,87,87],"relic_stats":{"counters":[103,574],"Dead Branch":[165],"Charon\u0027s Ashes":[1251],"Bag of Preparation":[92],"Whetstone":["Feed","Thunderclap"],"Question Card":36,"Cursed Key":0,"Medical Kit":[8],"Burning Blood":479,"Shovel":3,"Sundial":[6],"Bronze Scales":[132],"Nloth\u0027s Gift":6,"Champion Belt":[88],"obtain_stats":[{"Ice Cream":9,"Tiny House":0,"Gremlin Horn":0,"Nilry\u0027s Codex":19,"Whetstone":26,"Ginger":44,"Bottled Tornado":53,"Blood Vial":24,"Centennial Puzzle":8,"DollysMirror":20,"Sundial":7,"Strawberry":0,"MealTicket":40,"Fusion Hammer":17,"Blue Candle":0,"Dead Branch":47,"Velvet Choker":17,"Eternal Feather":12,"Charon\u0027s Ashes":10,"Letter Opener":0,"War Paint":30,"Question Card":0,"OrangePellets":0,"SlaversCollar":17,"Bottled Flame":24,"Bronze Scales":12,"Molten Egg 2":0,"Mark of Pain":34,"CultistMask":2,"Nloth\u0027s Gift":31,"Unceasing Top":54,"Lantern":32,"Singing Bowl":25,"Torii":30,"Magic Flower":7,"Bag of Preparation":0,"Cursed Key":17,"Ancient Tea Set":24,"Burning Blood":0,"ClockworkSouvenir":54,"Frozen Eye":0,"Nunchaku":7,"Shovel":3,"Tiny Chest":23,"Red Mask":19,"Chemical X":0,"Red Skull":7,"InkBottle":9,"Runic Pyramid":34,"Potion Belt":0,"Self Forming Clay":9,"Golden Idol":4,"Omamori":0,"Medical Kit":54,"Strange Spoon":30,"Anchor":6,"CaptainsWheel":28,"Bag of Marbles":14,"Art of War":3,"Membership Card":22,"Champion Belt":14},{"Ice Cream":15,"Tiny House":0,"Gremlin Horn":64,"Nilry\u0027s Codex":20,"Whetstone":47,"Ginger":57,"Bottled Tornado":101,"Blood Vial":47,"Centennial Puzzle":4,"DollysMirror":10,"Sundial":80,"Strawberry":64,"MealTicket":55,"Fusion Hammer":43,"Blue Candle":64,"Dead Branch":98,"Velvet Choker":8,"Eternal Feather":6,"Charon\u0027s Ashes":81,"Letter Opener":64,"War Paint":49,"Question Card":64,"OrangePellets":64,"SlaversCollar":72,"Bottled Flame":87,"Bronze Scales":16,"Molten Egg 2":32,"Mark of Pain":28,"CultistMask":77,"Nloth\u0027s Gift":90,"Unceasing Top":101,"Lantern":27,"Singing Bowl":23,"Torii":49,"Magic Flower":14,"Bag of Preparation":32,"Cursed Key":19,"Ancient Tea Set":22,"Burning Blood":0,"ClockworkSouvenir":63,"Frozen Eye":76,"Nunchaku":69,"Shovel":13,"Tiny Chest":22,"Red Mask":10,"Chemical X":11,"Red Skull":37,"InkBottle":38,"Runic Pyramid":51,"Potion Belt":64,"Self Forming Clay":4,"Golden Idol":13,"Omamori":32,"Medical Kit":101,"Strange Spoon":49,"Anchor":3,"CaptainsWheel":24,"Bag of Marbles":18,"Art of War":34,"Membership Card":21,"Champion Belt":83},{"Ice Cream":72,"Tiny House":0,"Gremlin Horn":344,"Nilry\u0027s Codex":93,"Whetstone":192,"Ginger":276,"Bottled Tornado":558,"Blood Vial":192,"Centennial Puzzle":12,"DollysMirror":54,"Sundial":427,"Strawberry":344,"MealTicket":258,"Fusion Hammer":179,"Blue Candle":344,"Dead Branch":528,"Velvet Choker":41,"Eternal Feather":21,"Charon\u0027s Ashes":429,"Letter Opener":344,"War Paint":201,"Question Card":344,"OrangePellets":344,"SlaversCollar":392,"Bottled Flame":457,"Bronze Scales":76,"Molten Egg 2":147,"Mark of Pain":125,"CultistMask":413,"Nloth\u0027s Gift":472,"Unceasing Top":558,"Lantern":116,"Singing Bowl":102,"Torii":201,"Magic Flower":69,"Bag of Preparation":147,"Cursed Key":89,"Ancient Tea Set":97,"Burning Blood":0,"ClockworkSouvenir":333,"Frozen Eye":410,"Nunchaku":363,"Shovel":63,"Tiny Chest":97,"Red Mask":54,"Chemical X":59,"Red Skull":162,"InkBottle":165,"Runic Pyramid":225,"Potion Belt":344,"Self Forming Clay":12,"Golden Idol":63,"Omamori":147,"Medical Kit":558,"Strange Spoon":201,"Anchor":9,"CaptainsWheel":107,"Bag of Marbles":84,"Art of War":153,"Membership Card":95,"Champion Belt":438}],"Unceasing Top":[0]},"card_choices":[{"not_picked":["Clothesline","Iron Wave","Clash"],"picked":"Thunderclap","floor":1.0},{"not_picked":["Perfected Strike","Sever Soul","Warcry"],"picked":"Armaments","floor":3.0},{"not_picked":["Sentinel","Metallicize","Perfected Strike"],"picked":"Uppercut","floor":5.0},{"not_picked":["Seeing Red","Clothesline","Pummel"],"picked":"Inflame","floor":7.0},{"not_picked":["Metallicize","Rupture","Power Through"],"picked":"Wild Strike","floor":8.0},{"not_picked":["Havoc","Sentinel","Entrench","Heavy Blade"],"picked":"SKIP","floor":11.0},{"not_picked":["Perfected Strike","Clothesline","Searing Blow"],"picked":"Seeing Red","floor":14.0},{"not_picked":["Bludgeon","Brutality","Limit Break"],"picked":"Fiend Fire","floor":16.0},{"not_picked":["Perfected Strike","Twin Strike+1","Wild Strike"],"picked":"Warcry","floor":18.0},{"not_picked":["Double Tap","Iron Wave","Metallicize"],"picked":"Seeing Red","floor":22.0},{"not_picked":["Anger","Whirlwind+1","Clash"],"picked":"True Grit","floor":24.0},{"not_picked":["Spot Weakness","Flex","Heavy Blade"],"picked":"Shockwave","floor":25.0},{"not_picked":["Cleave","Rampage","Clash","Clothesline"],"picked":"SKIP","floor":27.0},{"not_picked":["Reaper","Entrench","Havoc"],"picked":"Flame Barrier","floor":29.0},{"not_picked":["Juggernaut","Barricade","Demon Form"],"picked":"Feed","floor":33},{"not_picked":["Clash","Inflame","Rampage","Spot Weakness"],"picked":"SKIP","floor":35},{"not_picked":["Shrug It Off","Heavy Blade","Flame Barrier"],"picked":"Feed","floor":36},{"not_picked":["Warcry","Rupture+1","Thunderclap+1","Carnage"],"picked":"SKIP","floor":37},{"not_picked":["Flex","Wild Strike","Pummel"],"picked":"Armaments+1","floor":38},{"not_picked":["Limit Break","Hemokinesis","Pommel Strike"],"picked":"Exhume","floor":40},{"not_picked":["Bloodletting","Headbutt","Demon Form"],"picked":"True Grit+1","floor":45},{"not_picked":["Clash","Twin Strike","Armaments","Cleave+1"],"picked":"SKIP","floor":48},{"not_picked":["Hemokinesis","Ghostly Armor","Reaper"],"picked":"Demon Form","floor":55}],"player_experience":739640,"relics_obtained":[{"floor":7.0,"key":"Sundial"},{"floor":9.0,"key":"Shovel"},{"floor":14.0,"key":"Champion Belt"},{"floor":24.0,"key":"Bottled Flame"},{"floor":40,"key":"Bag of Preparation"},{"floor":41,"key":"Strawberry"},{"floor":47,"key":"Dead Branch"},{"floor":49,"key":"Whetstone"},{"floor":53,"key":"Bottled Tornado"},{"floor":55,"key":"CaptainsWheel"}],"event_choices":[{"damage_healed":0.0,"max_hp_gain":0.0,"max_hp_loss":0.0,"gold_gain":0.0,"event_name":"FaceTrader","player_choice":"Trade","floor":2.0,"gold_loss":0.0,"damage_taken":0.0,"relics_obtained":["CultistMask"]},{"damage_healed":0.0,"max_hp_gain":0.0,"max_hp_loss":0.0,"gold_gain":0.0,"event_name":"Scrap Ooze","player_choice":"Success","floor":10.0,"gold_loss":0.0,"damage_taken":11.0,"relics_obtained":["Charon\u0027s Ashes"]},{"damage_healed":0.0,"max_hp_gain":0.0,"max_hp_loss":0.0,"gold_gain":0.0,"event_name":"Living Wall","player_choice":"Grow","floor":12.0,"gold_loss":0.0,"damage_taken":0.0,"cards_upgraded":["Uppercut"]},{"damage_healed":0.0,"max_hp_gain":0.0,"max_hp_loss":0.0,"gold_gain":64.0,"event_name":"Golden Wing","player_choice":"Gained Gold","floor":13.0,"gold_loss":0.0,"damage_taken":0.0},{"damage_healed":0.0,"max_hp_gain":0.0,"max_hp_loss":38.0,"gold_gain":0.0,"event_name":"Ghosts","player_choice":"Became a Ghost","floor":19.0,"gold_loss":0.0,"damage_taken":0.0,"cards_obtained":["Ghostly","Ghostly","Ghostly"]},{"damage_healed":0.0,"max_hp_gain":0.0,"max_hp_loss":0.0,"gold_gain":0.0,"event_name":"Back to Basics","player_choice":"Simplicity","floor":20.0,"gold_loss":0.0,"damage_taken":0.0,"cards_upgraded":["Strike_R","Strike_R","Strike_R","Strike_R","Strike_R","Defend_R","Defend_R","Defend_R","Defend_R"]},{"damage_healed":0.0,"max_hp_gain":5.0,"max_hp_loss":0.0,"gold_gain":0.0,"event_name":"Forgotten Altar","player_choice":"Shed Blood","floor":21.0,"gold_loss":0.0,"damage_taken":13.0},{"damage_healed":0.0,"max_hp_gain":0.0,"max_hp_loss":0.0,"gold_gain":0.0,"event_name":"N\u0027loth","player_choice":"Traded Relic","floor":31.0,"relics_lost":["Bottled Flame"],"gold_loss":0.0,"damage_taken":0.0,"relics_obtained":["Nloth\u0027s Gift"]},{"damage_healed":0,"gold_gain":999,"player_choice":"Gold","damage_taken":0,"max_hp_gain":0,"max_hp_loss":0,"event_name":"MindBloom","floor":39,"gold_loss":0,"cards_obtained":["Normality","Normality"]},{"cards_removed":["Warcry"],"damage_healed":0,"gold_gain":0,"player_choice":"Removed Skill","damage_taken":0,"max_hp_gain":0,"max_hp_loss":0,"event_name":"Falling","floor":42,"gold_loss":0},{"damage_healed":0,"gold_gain":0,"player_choice":"Fight","damage_taken":0,"max_hp_gain":0,"max_hp_loss":0,"event_name":"Mysterious Sphere","floor":47,"gold_loss":0}],"is_beta":false,"boss_relics":[{"not_picked":["Astrolabe","Pandora\u0027s Box"],"picked":"Runic Pyramid"},{"not_picked":["Philosopher\u0027s Stone","Runic Cube"],"picked":"Cursed Key"}],"items_purged_floors":[30,54],"is_endless":false,"potions_floor_spawned":[1,7,24,25,27,33,35,38,40,48,55],"killed_by":"The Heart","ascension_level":20}}