{"host":"oc9z8cublggqyfxu","time":1611044356,"event":{"mods":["AchievementEnabler","Act Like it!","Aspiration","BaseMod","Colored Map","Colored Powertips","Dota2Spire","Friendly Minions","Gensokyo","GifTheSpireLib","Hallownest","Hermit","Highlight Path","KinomotoSakuraMod(木之本樱)","Koishi","Lobotomy","LobotomyExtend","Marisa（F雨　魔理沙）","Minty Spire (QoL Compilation)","Quick Restart","Rare Cards Sparkle","Relic Stats","Remilia（蕾米莉亚）","Replay The Spire","RumiaBox-露米娅的神秘盒子","Spicy Shops","StSLib","The Administrix","The Animator","The Blackbeard","The Bug Knight","The Cursed","The Hierophant","The Mystic","The Runesmith","The Servant 0.9.4","Yakumo Yukari mod","Youmu（魂魄妖梦）","Yuyuko","vexMod","【功能Mod】混沌之环修复补丁","【功能Mod】聪明的最终Boss"],"gold_per_floor":[115,127,207,223,237,262,362,390,435,310,323,323,323],"floor_reached":12,"language":"ZHS","playtime":550,"items_purged":["Strike_R"],"score":147,"play_id":"31e9f090-cbda-477e-a811-73f0cea795a9","local_time":"20210119161916","is_ascension_mode":true,"campfire_choices":[],"circlet_count":0,"master_deck":["Strike_R","Strike_R","Strike_R","Strike_R","Defend_R","Defend_R","Defend_R","Defend_R","Bash","ReplayTheSpireMod:Strike From Hell","ReplayTheSpireMod:Strike From Hell","Dropkick","Rage","Havoc"],"relics":["Burning Blood","RabbitCall","LetterFromLob","Dota2Spire:UrnOfShadows","Mango","vexMod:FocusSash"],"acts_visited":["Gensokyo:Gensokyo"],"potions_floor_usage":[6,8,12],"damage_taken":[{"damage":18,"enemies":"Gensokyo:2_Kodama","floor":1,"turns":4},{"damage":14,"enemies":"Gensokyo:Gryphon","floor":2,"turns":4},{"damage":0,"enemies":"Gensokyo:Python","floor":4,"turns":2},{"damage":0,"enemies":"Gensokyo:LivingMonolith","floor":5,"turns":3},{"damage":24,"enemies":"Gensokyo:Aya","floor":6,"turns":5},{"damage":35,"enemies":"Gensokyo:Mamizou","floor":8,"turns":10},{"damage":15,"enemies":"Gensokyo:CorruptedTreant","floor":11,"turns":3},{"damage":33,"enemies":"Gensokyo:Cirno","floor":12,"turns":6}],"seed_played":"3747385657510620308","potions_obtained":[{"floor":4,"key":"Fire Potion"},{"floor":5,"key":"Strength Potion"},{"floor":6,"key":"Fruit Juice"},{"floor":11,"key":"Adrenaline Potion"}],"is_trial":false,"path_per_floor":["M","M","?","M","M","E","?","E","T","$","M","E"],"character_chosen":"IRONCLAD","items_purchased":["Havoc"],"campfire_rested":0,"item_purchase_floors":[10],"current_hp_per_floor":[60,52,52,58,64,46,46,36,36,36,27,0,0],"gold":323,"neow_bonus":"","is_daily":false,"chose_seed":false,"campfire_upgraded":0,"win_rate":0.0,"timestamp":1611044356,"path_taken":["M","M","?","M","M","E","?","E","T","$","M","E"],"items_purchased_type":["Card"],"build_version":"2020-12-22","purchased_purges":1,"victory":false,"max_hp_per_floor":[80,80,80,80,80,80,80,99,99,99,99,99,99],"relic_stats":{"counters":[8,37],"obtain_stats":[{"RabbitCall":0,"CogitoBucket":0,"Dota2Spire:UrnOfShadows":6,"Mango":8,"LetterFromLob":1,"vexMod:FocusSash":9,"Burning Blood":0},{"RabbitCall":0,"CogitoBucket":0,"Dota2Spire:UrnOfShadows":5,"Mango":6,"LetterFromLob":1,"vexMod:FocusSash":6,"Burning Blood":0},{"RabbitCall":0,"CogitoBucket":0,"Dota2Spire:UrnOfShadows":18,"Mango":28,"LetterFromLob":4,"vexMod:FocusSash":28,"Burning Blood":0}],"Burning Blood":42},"card_choices":[{"not_picked":["Body Slam","ReplayTheSpireMod:LeadingStrike"],"picked":"ReplayTheSpireMod:Strike From Hell","floor":1},{"not_picked":["Twin Strike","Seeing Red"],"picked":"ReplayTheSpireMod:Strike From Hell","floor":2},{"not_picked":["Bloodletting","ReplayTheSpireMod:Corrosion Curse","Pummel"],"picked":"SKIP","floor":4},{"not_picked":["Cleave","Iron Wave"],"picked":"Dropkick","floor":5},{"not_picked":["Life Link","Twin Strike"],"picked":"Rage","floor":6},{"not_picked":["ReplayTheSpireMod:Stacked","ReplayTheSpireMod:Muscle Training","Body Slam"],"picked":"SKIP","floor":8},{"not_picked":["Pommel Strike","Pummel","Wild Strike"],"picked":"SKIP","floor":11}],"player_experience":310876,"relics_obtained":[{"floor":1,"key":"LetterFromLob"},{"floor":6,"key":"Dota2Spire:UrnOfShadows"},{"floor":8,"key":"Mango"},{"floor":9,"key":"vexMod:FocusSash"}],"event_choices":[],"is_beta":false,"boss_relics":[],"items_purged_floors":[10],"is_endless":false,"potions_floor_spawned":[4,5,6,11],"killed_by":"Gensokyo:Cirno","ascension_level":9}}