{"host":"l2dnabsh5e0fsksb","time":1611065694,"event":{"mods":["2.2 Compatiblity","BaseMod","Downfall","Minty Spire (QoL Compilation)","Quick Restart","StSLib"],"gold_per_floor":[99,99,99,12,12,12,12,12,43,63,89,89,89,120,137,242,242,42,54,73,90,0,20,73,388,388,488,502,402,402,427,444,546,546,546,570,237,85,85,101,101,101,101,118,168,200,200,234,262,262,262,293,4,4,4,4,4],"floor_reached":58,"language":"ENG","playtime":2233,"items_purged":["Writhe"],"score":1856,"play_id":"ff7c6b89-ee68-45f4-834a-26280f450904","local_time":"20210120004454","is_ascension_mode":true,"campfire_choices":[{"floor":1.0,"key":"RECALL"},{"data":"1","floor":8.0,"key":"LIFT"},{"data":"2","floor":13.0,"key":"LIFT"},{"data":"3","floor":18.0,"key":"LIFT"},{"data":"bronze:BronzeOrb","floor":29.0,"key":"SMITH"},{"data":"bronze:ChosenStrike","floor":35.0,"key":"SMITH"},{"data":"bronze:WhirlingStrike","floor":47.0,"key":"SMITH"},{"floor":54.0,"key":"REST"}],"circlet_count":0,"master_deck":["bronze:Strike","bronze:Strike","bronze:Strike","bronze:Defend","bronze:Defend","bronze:Defend","bronze:Defend","bronze:Replicate","bronze:Goto","bronze:Iterate+1","bronze:FollowUp","bronze:BronzeOrb+1","bronze:Iterate+1","bronze:Optimize","bronze:ChosenStrike+1","bronze:WhirlingStrike+1","bronze:Repair","bronze:FineTuning+1","bronze:Constructor+1","CurseOfTheBell","bronze:Shell+1","bronze:Iterate"],"relics":["bronze:BronzeCore","downfall:HeartsMalice","Singing Bowl","Girya","Tiny Chest","Bronze Scales","Shuriken","Black Star","downfall:HeartBlessingGreen","downfall:HeartBlessingRed","hexamod:CandleOfCauterizing","Toy Ornithopter","downfall:HeartBlessingBlue","Anchor","Calling Bell","CeramicFish","Sundial","TungstenRod","hexamod:BolsterEngine","Guardian:PocketSentry","Letter Opener","Kunai","Calipers","InkBottle","Centennial Puzzle","Bag of Marbles","Smiling Mask","Pantograph","Bottled Lightning","Oddly Smooth Stone","Medical Kit"],"acts_visited":["Exordium","TheCity","TheBeyond","TheEnding"],"potions_floor_usage":[],"damage_taken":[{"damage":0.0,"enemies":"2 Louse","floor":2.0,"turns":1.0},{"damage":0.0,"enemies":"downfall:FleeingMerchant","floor":4.0,"turns":1.0},{"damage":0.0,"enemies":"Cultist","floor":6.0,"turns":1.0},{"damage":16.0,"enemies":"Lagavulin","floor":9.0,"turns":5.0},{"damage":0.0,"enemies":"Small Slimes","floor":10.0,"turns":2.0},{"damage":8.0,"enemies":"Gremlin Nob","floor":11.0,"turns":3.0},{"damage":15.0,"enemies":"3 Sentries","floor":14.0,"turns":4.0},{"damage":1.0,"enemies":"Gremlin Gang","floor":15.0,"turns":2.0},{"damage":9.0,"enemies":"SI_SHIV_ARCHETYPE","floor":16.0,"turns":4.0},{"damage":0.0,"enemies":"Spheric Guardian","floor":19.0,"turns":2.0},{"damage":5.0,"enemies":"Chosen","floor":20.0,"turns":2.0},{"damage":7.0,"enemies":"Centurion and Healer","floor":21.0,"turns":3.0},{"damage":0.0,"enemies":"downfall:FleeingMerchant","floor":22.0,"turns":4.0},{"damage":0.0,"enemies":"Snecko","floor":23.0,"turns":4.0},{"damage":0.0,"enemies":"downfall:FleeingMerchant","floor":25.0,"turns":1.0},{"damage":0.0,"enemies":"downfall:LadyInBlue","floor":27.0,"turns":5.0},{"damage":12.0,"enemies":"Cultist and Chosen","floor":28.0,"turns":3.0},{"damage":0.0,"enemies":"Snake Plant","floor":32.0,"turns":2.0},{"damage":12.0,"enemies":"IC_MUSHROOM_ARCHETYPE","floor":33.0,"turns":3.0},{"damage":0.0,"enemies":"Orb Walker","floor":36.0,"turns":2.0},{"damage":0.0,"enemies":"3 Darklings","floor":40.0,"turns":5.0},{"damage":0.0,"enemies":"Transient","floor":44.0,"turns":5.0},{"damage":0.0,"enemies":"Transient","floor":45.0,"turns":2.0},{"damage":0.0,"enemies":"Reptomancer","floor":46.0,"turns":4.0},{"damage":36.0,"enemies":"Nemesis","floor":48.0,"turns":6.0},{"damage":0.0,"enemies":"Sphere and 2 Shapes","floor":49.0,"turns":2.0},{"damage":16.0,"enemies":"DF_ARCHETYPE_ORBS","floor":50.0,"turns":4.0},{"damage":62.0,"enemies":"downfall:CharBossMerchant","floor":52.0,"turns":8.0},{"damage":4.0,"enemies":"downfall:NeowBoss","floor":55.0,"turns":9.0},{"damage":63,"enemies":"downfall:NeowBossFinal","floor":56,"turns":9},{"damage":57,"enemies":"downfall:NeowBossFinal","floor":57,"turns":9}],"seed_played":"-4308730506924047265","potions_obtained":[{"floor":9.0,"key":"Guardian:BlockOnCardUsePotion"},{"floor":10.0,"key":"Regen Potion"},{"floor":14.0,"key":"BlessingOfTheForge"},{"floor":19.0,"key":"sneckomod:MuddlingPotion"},{"floor":21.0,"key":"bronze:BurnAndBuffPotion"},{"floor":23.0,"key":"CultistPotion"},{"floor":27.0,"key":"FairyPotion"},{"floor":27.0,"key":"DistilledChaos"}],"is_trial":false,"path_per_floor":["R","M","?","$","T","M","T","R","E","M","E","?","R","E","M","B",null,"R","M","M","M","$","M","T","$","T","?","M","R","?","T","M","B",null,"R","M","?","$","?","M","T","T","?","M","?","E","R","E","M","B",null,"E","$","R","B","B","B",null],"character_chosen":"THE_AUTOMATON","items_purchased":["bronze:Iterate","bronze:Optimize","hexamod:BolsterEngine","Oddly Smooth Stone","Medical Kit"],"campfire_rested":1,"item_purchase_floors":[4,4,38,53,53],"current_hp_per_floor":[70,70,70,70,70,72,72,72,56,56,59,59,59,46,45,48,78,78,78,73,76,78,84,84,86,86,88,78,88,88,88,90,90,104,104,104,117,117,117,119,119,119,119,121,123,125,125,91,91,75,127,67,67,105,129,66,44],"gold":4,"neow_bonus":"THREE_ENEMY_KILL","is_daily":false,"chose_seed":false,"campfire_upgraded":3,"win_rate":0.0,"timestamp":1611065694,"path_taken":["R","M","?","$","?","M","T","R","E","M","E","?","R","E","M","BOSS","R","M","?","M","$","M","T","?","?","?","?","R","?","?","M","BOSS","R","M","?","$","?","?","T","?","?","M","?","E","R","E","M","BOSS","E","$","R","BOSS","BOSS","BOSS"],"items_purchased_type":["Card","Card","Relic","Relic","Relic"],"build_version":"2020-12-22","purchased_purges":1,"victory":true,"max_hp_per_floor":[70,70,70,70,70,72,72,72,72,72,74,74,74,76,76,78,78,78,78,78,80,82,84,84,86,86,88,90,100,100,100,102,104,104,104,104,117,117,117,119,119,119,119,121,123,125,125,127,127,127,127,129,129,129,129,129,129],"card_choices":[{"not_picked":["bronze:Shield","bronze:Terminator"],"picked":"bronze:Iterate","floor":2.0},{"not_picked":["bronze:Repulsor","bronze:Shield"],"picked":"bronze:BronzeOrb","floor":4.0},{"not_picked":["bronze:Invalidate","bronze:Flail","bronze:Allocate"],"picked":"Singing Bowl","floor":6.0},{"not_picked":["bronze:AlphaBuild","bronze:Deprecate"],"picked":"bronze:ChosenStrike","floor":9.0},{"not_picked":["bronze:WildBeam","bronze:BitShift"],"picked":"bronze:WhirlingStrike","floor":10.0},{"not_picked":["bronze:WhirlingStrike","bronze:AlphaBuild","bronze:ForceShield"],"picked":"Singing Bowl","floor":11.0},{"not_picked":["bronze:NullPointer","bronze:Separator","bronze:BitShift"],"picked":"Singing Bowl","floor":14.0},{"not_picked":["bronze:BugBarrage","bronze:DelayedGuard"],"picked":"bronze:Repair","floor":15.0},{"not_picked":["bronze:Break","bronze:BurnOut","bronze:SpaghettiCode"],"picked":"Singing Bowl","floor":16.0},{"not_picked":["bronze:GetLatest","bronze:ChildClass"],"picked":"bronze:FineTuning+1","floor":19.0},{"not_picked":["bronze:CloningBeam","bronze:DelayedSlice+1"],"picked":"bronze:Constructor+1","floor":20.0},{"not_picked":["bronze:DelayedSlice","bronze:Overheat+1","bronze:Return"],"picked":"Singing Bowl","floor":21.0},{"not_picked":["bronze:FineTuning+1","bronze:DarkDash","bronze:Turbo"],"picked":"Singing Bowl","floor":22.0},{"not_picked":["bronze:Overheat","bronze:Deprecate","bronze:Separator+1"],"picked":"Singing Bowl","floor":23.0},{"not_picked":["bronze:Philosophize","bronze:CutThrough","bronze:MaxOutput+1"],"picked":"Singing Bowl","floor":25.0},{"not_picked":["bronze:Repulsor","bronze:Frontload+1","bronze:DelayedSlice"],"picked":"Singing Bowl","floor":27.0},{"not_picked":["bronze:Repair","bronze:Flail","bronze:Deprecate+1"],"picked":"Singing Bowl","floor":28.0},{"not_picked":["bronze:Iterate","bronze:ForceShield","bronze:Overheat"],"picked":"Singing Bowl","floor":32.0},{"not_picked":["bronze:Break","bronze:FindAndReplace","bronze:HardenedForm"],"picked":"Singing Bowl","floor":33.0},{"not_picked":["bronze:ForLoop+1","bronze:Flail+1"],"picked":"bronze:Shell+1","floor":36.0},{"not_picked":["bronze:Overload+1","bronze:Overheat+1","bronze:BuggyMess"],"picked":"Singing Bowl","floor":40.0},{"not_picked":["bronze:Overheat","bronze:BitShift+1","bronze:Separator"],"picked":"Singing Bowl","floor":44.0},{"not_picked":["bronze:Invalidate","bronze:Return+1","bronze:ForceShield"],"picked":"Singing Bowl","floor":45.0},{"not_picked":["bronze:Turbo+1","bronze:Separator+1","bronze:InfiniteBeams"],"picked":"Singing Bowl","floor":46.0},{"not_picked":["bronze:Safeguard+1","bronze:DarkDash+1","bronze:NullPointer"],"picked":"Singing Bowl","floor":48.0},{"not_picked":["bronze:Allocate","bronze:Invalidate"],"picked":"bronze:Iterate","floor":49.0},{"not_picked":["bronze:Invalidate","bronze:Terminator","bronze:HyperBeam"],"picked":"Singing Bowl","floor":52.0}],"player_experience":1808692,"relics_obtained":[{"floor":5.0,"key":"Singing Bowl"},{"floor":7.0,"key":"Girya"},{"floor":9.0,"key":"Tiny Chest"},{"floor":11.0,"key":"Bronze Scales"},{"floor":14.0,"key":"Shuriken"},{"floor":26.0,"key":"hexamod:CandleOfCauterizing"},{"floor":27.0,"key":"Toy Ornithopter"},{"floor":31.0,"key":"Anchor"},{"floor":34.0,"key":"CeramicFish"},{"floor":34.0,"key":"Sundial"},{"floor":34.0,"key":"TungstenRod"},{"floor":41.0,"key":"Guardian:PocketSentry"},{"floor":42.0,"key":"Letter Opener"},{"floor":43.0,"key":"Kunai"},{"floor":45.0,"key":"Calipers"},{"floor":46.0,"key":"InkBottle"},{"floor":46.0,"key":"Centennial Puzzle"},{"floor":48.0,"key":"Bag of Marbles"},{"floor":48.0,"key":"Smiling Mask"},{"floor":52.0,"key":"Pantograph"},{"floor":52.0,"key":"Bottled Lightning"}],"event_choices":[{"damage_healed":0.0,"max_hp_gain":0.0,"max_hp_loss":0.0,"gold_gain":0.0,"event_name":"Lab","player_choice":"Got Potions","floor":39.0,"gold_loss":0.0,"damage_taken":0.0}],"is_beta":false,"boss_relics":[{"not_picked":["SacredBark","Pandora\u0027s Box"],"picked":"Black Star"},{"not_picked":["Astrolabe","Snecko Eye"],"picked":"Calling Bell"}],"items_purged_floors":[22],"is_endless":false,"potions_floor_spawned":[9,10,14,19,21,23,33,48,52],"ascension_level":3}}