{"host":"37ccm3d17clopct7","time":1611049608,"event":{"mods":["BaseMod","Lobotomy","Minty Spire (QoL Compilation)","StSLib","The Bug Knight","The Cursed","The Hierophant","The Runesmith"],"gold_per_floor":[113,133,133,150,75,75,88,88,88,88,109,132,132,151,151,247,247,267,267,5,36,36,36,54,84,84,84,84],"floor_reached":27,"language":"KOR","playtime":1711,"items_purged":["hierophant:Defend_Hierophant"],"score":232,"play_id":"ed061c69-42d4-4337-993f-f802fad8424d","local_time":"20210119184648","is_ascension_mode":false,"campfire_choices":[{"data":"hierophant:ChurchCoffers","floor":6,"key":"SMITH"},{"floor":10,"key":"REST"},{"data":"hierophant:Punish","floor":13,"key":"SMITH"},{"floor":15,"key":"REST"},{"floor":23,"key":"REST"}],"circlet_count":0,"master_deck":["hierophant:Strike_Hierophant","hierophant:Strike_Hierophant","hierophant:Punish+1","hierophant:Defend_Hierophant","hierophant:ChurchCoffers+1","ShyLook","hierophant:MorningPrayer","BeautyBeast","hierophant:RepressedViolence","OSAHOGD","hierophant:FlamingChariot","Wellcheers","hierophant:OrnateBuckler","hierophant:RepressedViolence","Bloodbath","Variant","UniverseFragment","BigBird","hierophant:Doubloon","hierophant:ConvertCurrency","OldLady","hierophant:Exaltation","LittleHelper","hierophant:OrnateBuckler"],"relics":["hierophant:PropheticMaskRelic","CogitoBucket","Mummified Hand","LuminousBracelet","Empty Cage","Bottled Flame","ResearcherNote","Happy Flower"],"acts_visited":["Exordium","TheCity"],"potions_floor_usage":[16,16],"damage_taken":[{"damage":5,"enemies":"Small Slimes","floor":1,"turns":3},{"damage":6,"enemies":"Jaw Worm","floor":2,"turns":3},{"damage":10,"enemies":"Cultist","floor":4,"turns":4},{"damage":4,"enemies":"2 Fungi Beasts","floor":7,"turns":3},{"damage":6,"enemies":"Lots of Slimes","floor":11,"turns":3},{"damage":17,"enemies":"3 Louse","floor":12,"turns":4},{"damage":17,"enemies":"Exordium Thugs","floor":14,"turns":6},{"damage":153,"enemies":"Hexaghost","floor":16,"turns":18},{"damage":14,"enemies":"Spheric Guardian","floor":18,"turns":5},{"damage":30,"enemies":"Shell Parasite","floor":21,"turns":13},{"damage":79,"enemies":"Shelled Parasite and Fungi","floor":24,"turns":10},{"damage":17,"enemies":"Chosen and Byrds","floor":25,"turns":6},{"damage":59,"enemies":"Snake Plant","floor":27,"turns":6}],"seed_played":"-4372237723016384763","potions_obtained":[{"floor":4,"key":"DistilledChaos"},{"floor":14,"key":"PowerPotion"},{"floor":16,"key":"Explosive Potion"},{"floor":25,"key":"Fire Potion"}],"is_trial":false,"path_per_floor":["M","M","?","M","$","R","M","?","T","R","M","M","R","M","R","B",null,"M","?","$","M","?","R","M","M","T","M"],"character_chosen":"HIEROPHANT","items_purchased":["Bottled Flame"],"campfire_rested":3,"item_purchase_floors":[20],"current_hp_per_floor":[70,64,64,54,54,54,50,50,50,72,66,64,64,51,78,8,90,80,80,80,65,65,90,90,83,83,42,42],"gold":84,"neow_bonus":"","is_daily":false,"chose_seed":false,"campfire_upgraded":2,"win_rate":0.0,"timestamp":1611049608,"path_taken":["M","M","?","M","$","R","M","?","T","R","M","M","R","M","R","BOSS","M","?","$","?","?","R","M","M","T","M"],"items_purchased_type":["Relic"],"build_version":"2020-12-22","purchased_purges":1,"victory":false,"max_hp_per_floor":[75,75,75,75,75,75,75,75,75,75,75,90,90,90,90,90,90,90,90,90,90,90,90,90,90,90,90,90],"card_choices":[{"not_picked":["Wellcheers","WallGazer"],"picked":"ShyLook","floor":1},{"not_picked":["hierophant:DisplayOfPower","hierophant:PassingBell"],"picked":"hierophant:MorningPrayer","floor":1},{"not_picked":["MeatLantern","Scorched"],"picked":"BeautyBeast","floor":2},{"not_picked":["hierophant:Zeal","hierophant:Patience"],"picked":"hierophant:RepressedViolence","floor":2},{"not_picked":["CherryBlossoms","SpiderBud"],"picked":"OSAHOGD","floor":4},{"not_picked":["hierophant:AuricBeam","hierophant:Zeal"],"picked":"hierophant:FlamingChariot","floor":4},{"not_picked":["Mercenary","BigBird"],"picked":"Wellcheers","floor":7},{"not_picked":["hierophant:Sermon","hierophant:PassingBell"],"picked":"hierophant:OrnateBuckler","floor":7},{"not_picked":["hierophant:BulkyChest","hierophant:Prophecy"],"picked":"hierophant:RepressedViolence","floor":11},{"not_picked":["MHz","VoidDream"],"picked":"Bloodbath","floor":12},{"not_picked":["hierophant:PassingBell","hierophant:FaithHealing","hierophant:Blessing"],"picked":"SKIP","floor":12},{"not_picked":["LittleHelper","Rudolta"],"picked":"Variant","floor":14},{"not_picked":["hierophant:MirrorShield","hierophant:Purify","hierophant:RustyCrate"],"picked":"SKIP","floor":14},{"not_picked":["Scorched","SpiderBud"],"picked":"UniverseFragment","floor":16},{"not_picked":["Funeral","BigBadWolf"],"picked":"BigBird","floor":18},{"not_picked":["hierophant:FieryStrike","hierophant:Flagellation"],"picked":"hierophant:ConvertCurrency","floor":18},{"not_picked":["VoidDream","MeatLantern"],"picked":"OldLady","floor":21},{"not_picked":["hierophant:Encroach+1","hierophant:Blessing+1"],"picked":"hierophant:Exaltation","floor":21},{"not_picked":["Scarecrow","WhitesApple","MeatLantern"],"picked":"Singing Bowl","floor":24},{"not_picked":["hierophant:MorningPrayer","hierophant:Upheaval+1","hierophant:EyeForCoin"],"picked":"SKIP","floor":24},{"not_picked":["DespairKnight","BigBadWolf"],"picked":"LittleHelper","floor":25},{"not_picked":["hierophant:Mercenaries","hierophant:Rebuild"],"picked":"hierophant:OrnateBuckler","floor":25}],"player_experience":73041,"relics_obtained":[{"floor":9,"key":"Mummified Hand"},{"floor":26,"key":"Happy Flower"}],"event_choices":[{"cards_removed":["hierophant:Defend_Hierophant"],"damage_healed":0,"gold_gain":0,"player_choice":"Forget","damage_taken":0,"max_hp_gain":0,"max_hp_loss":0,"event_name":"Living Wall","floor":3,"gold_loss":0},{"cards_removed":["hierophant:Strike_Hierophant"],"damage_healed":0,"gold_gain":0,"player_choice":"Purged","damage_taken":0,"max_hp_gain":0,"max_hp_loss":0,"event_name":"Purifier","floor":8,"gold_loss":0},{"damage_healed":0,"gold_gain":0,"player_choice":"Leave","damage_taken":0,"max_hp_gain":0,"max_hp_loss":0,"event_name":"FaceTrader","floor":19,"gold_loss":0},{"damage_healed":0,"gold_gain":0,"player_choice":"Ignored","damage_taken":0,"max_hp_gain":0,"max_hp_loss":0,"event_name":"Vampires","floor":22,"gold_loss":0}],"is_beta":false,"boss_relics":[{"not_picked":["Busted Crown","Black Star"],"picked":"Empty Cage"}],"items_purged_floors":[5],"is_endless":false,"potions_floor_spawned":[4,14,16,25],"killed_by":"Snake Plant","ascension_level":0}}