{"host":"ifd7sfhtlbe34qll","time":1611035159,"event":{"mods":["2.2 Compatiblity","BaseMod","Block Reminder","Colored Map","Curses Come First","Highlight Path","Minty Spire (QoL Compilation)","Potion Indicator Mod","Quick Restart","Relic Stats","StSLib"],"gold_per_floor":[109,121,121,144,69,69,34,78,132,132,170,170,189,202,202,293,293,308,329,329,77,77,77,105,105,105,105,119,145,145,195,195,271,271,291,96,114,114,114,149,161,161,161,189,189,223,237,252,252,252,252,252],"floor_reached":51,"language":"ENG","playtime":2788,"items_purged":["Strike_R","Strike_R"],"score":1562,"play_id":"276cc3d2-6300-4eeb-bd93-8ba94cd57b5d","local_time":"20210118234559","is_ascension_mode":true,"campfire_choices":[{"data":"Carnage","floor":6.0,"key":"SMITH"},{"data":"Bash","floor":10.0,"key":"SMITH"},{"data":"Evolve","floor":15.0,"key":"SMITH"},{"floor":23.0,"key":"REST"},{"floor":25.0,"key":"REST"},{"data":"Corruption","floor":27.0,"key":"SMITH"},{"floor":32.0,"key":"REST"},{"floor":45,"key":"RECALL"},{"data":"Demon Form","floor":49,"key":"SMITH"}],"circlet_count":0,"master_deck":["AscendersBane","Defend_R+1","Defend_R","Defend_R","Defend_R+1","Bash+1","Carnage+1","Clothesline","Flame Barrier","Perfected Strike+1","Burning Pact","Corruption+1","Evolve+1","Demon Form+1","Combust","Thunderclap","Dropkick","Anger","True Grit","Shockwave","Power Through","Feel No Pain","Flame Barrier","Dual Wield","Power Through","Limit Break","Sword Boomerang","Reaper","Havoc","Havoc+1","Pain","Rupture","Dark Embrace","Barricade","Entrench+1"],"relics":["Burning Blood","Bloody Idol","War Paint","Vajra","Self Forming Clay","Sozu","Juzu Bracelet","Mango","Darkstone Periapt","Velvet Choker","WarpedTongs","Paper Frog","Regal Pillow","Magic Flower"],"acts_visited":["Exordium","TheCity","TheBeyond"],"potions_floor_usage":[],"damage_taken":[{"damage":3.0,"enemies":"Small Slimes","floor":1.0,"turns":5.0},{"damage":1.0,"enemies":"Cultist","floor":2.0,"turns":3.0},{"damage":8.0,"enemies":"2 Louse","floor":4.0,"turns":2.0},{"damage":8.0,"enemies":"Gremlin Nob","floor":8.0,"turns":3.0},{"damage":14.0,"enemies":"Lagavulin","floor":11.0,"turns":6.0},{"damage":4.0,"enemies":"Blue Slaver","floor":13.0,"turns":5.0},{"damage":1.0,"enemies":"3 Louse","floor":14.0,"turns":3.0},{"damage":46.0,"enemies":"Slime Boss","floor":16.0,"turns":12.0},{"damage":21.0,"enemies":"Shell Parasite","floor":18.0,"turns":3.0},{"damage":23.0,"enemies":"2 Thieves","floor":19.0,"turns":5.0},{"damage":42.0,"enemies":"Book of Stabbing","floor":24.0,"turns":6.0},{"damage":3.0,"enemies":"Chosen and Byrds","floor":28.0,"turns":4.0},{"damage":55.0,"enemies":"Slavers","floor":29.0,"turns":8.0},{"damage":33.0,"enemies":"Champ","floor":33.0,"turns":15.0},{"damage":19.0,"enemies":"Orb Walker","floor":35.0,"turns":5.0},{"damage":16.0,"enemies":"3 Shapes","floor":37.0,"turns":10.0},{"damage":46,"enemies":"Reptomancer","floor":40,"turns":6},{"damage":62,"enemies":"Sphere and 2 Shapes","floor":41,"turns":12},{"damage":44,"enemies":"Nemesis","floor":44,"turns":9},{"damage":107,"enemies":"Reptomancer","floor":46,"turns":7},{"damage":30,"enemies":"3 Darklings","floor":47,"turns":5},{"damage":58,"enemies":"Jaw Worm Horde","floor":48,"turns":6},{"damage":47,"enemies":"Time Eater","floor":50,"turns":11},{"damage":101,"enemies":"Awakened One","floor":51,"turns":9}],"seed_played":"4597703608859442443","potions_obtained":[{"floor":1.0,"key":"LiquidMemories"},{"floor":4.0,"key":"FearPotion"},{"floor":11.0,"key":"DistilledChaos"}],"is_trial":false,"path_per_floor":["M","M","?","M","$","R","?","E","T","R","E","?","M","M","R","B",null,"M","M","?","$","?","R","E","R","T","R","M","E","?","?","R","B",null,"M","$","M","?","?","E","M","?","T","E","R","E","M","M","R","B","B"],"character_chosen":"IRONCLAD","items_purchased":["Dropkick","Anger","True Grit","Reaper","Havoc"],"campfire_rested":3,"item_purchase_floors":[21,21,21,36,36],"current_hp_per_floor":[78,82,54,52,52,52,72,70,70,70,62,62,64,69,69,29,69,54,37,37,37,37,61,30,54,68,68,76,32,32,37,65,43,83,75,75,80,80,86,97,97,97,97,97,97,78,97,97,97,97,0,0],"gold":252,"neow_bonus":"TEN_PERCENT_HP_BONUS","is_daily":false,"chose_seed":false,"campfire_upgraded":5,"win_rate":0.0,"timestamp":1611035159,"path_taken":["M","M","?","M","$","R","?","E","T","R","E","?","M","M","R","BOSS","M","M","?","$","?","R","E","R","T","R","M","E","?","?","R","BOSS","M","$","M","?","?","E","M","?","T","E","R","E","M","M","R","BOSS","BOSS"],"items_purchased_type":["Card","Card","Card","Card","Card"],"build_version":"2020-12-22","purchased_purges":2,"victory":false,"max_hp_per_floor":[82,82,82,82,82,82,82,82,82,82,82,82,82,82,82,82,82,82,82,82,82,82,82,82,82,96,96,96,96,96,96,96,96,96,96,96,96,91,97,97,97,97,97,97,97,97,97,97,97,97,97,97],"relic_stats":{"Sozu":7,"Darkstone Periapt":6,"Regal Pillow":0,"counters":[24,160],"Self Forming Clay":[432],"Bloody Idol":40,"Magic Flower":[8],"Juzu Bracelet":1,"War Paint":["Defend_R","Defend_R"],"obtain_stats":[{"Darkstone Periapt":29,"Regal Pillow":44,"Golden Idol":3,"Self Forming Clay":11,"Vajra":9,"Velvet Choker":34,"Magic Flower":46,"Mango":26,"Juzu Bracelet":24,"War Paint":8,"Burning Blood":0,"WarpedTongs":39,"Sozu":17,"Bloody Idol":20,"Paper Frog":40},{"Darkstone Periapt":13,"Regal Pillow":19,"Golden Idol":2,"Self Forming Clay":5,"Vajra":4,"Velvet Choker":14,"Magic Flower":20,"Mango":11,"Juzu Bracelet":11,"War Paint":4,"Burning Blood":0,"WarpedTongs":16,"Sozu":8,"Bloody Idol":10,"Paper Frog":17},{"Darkstone Periapt":65,"Regal Pillow":122,"Golden Idol":8,"Self Forming Clay":19,"Vajra":13,"Velvet Choker":80,"Magic Flower":129,"Mango":53,"Juzu Bracelet":53,"War Paint":13,"Burning Blood":0,"WarpedTongs":95,"Sozu":39,"Bloody Idol":47,"Paper Frog":101}],"Burning Blood":108,"WarpedTongs":[63]},"card_choices":[{"not_picked":["Cleave","Thunderclap"],"picked":"Carnage","floor":1.0},{"not_picked":["True Grit","Havoc"],"picked":"Clothesline","floor":2.0},{"not_picked":["Shrug It Off","Searing Blow"],"picked":"Flame Barrier","floor":4.0},{"not_picked":["Havoc","Sword Boomerang"],"picked":"Perfected Strike","floor":8.0},{"not_picked":["Searing Blow","Rage"],"picked":"Burning Pact","floor":11.0},{"not_picked":["Twin Strike","Havoc"],"picked":"Corruption","floor":13.0},{"not_picked":["Armaments","Anger"],"picked":"Evolve","floor":14.0},{"not_picked":["Barricade","Impervious"],"picked":"Demon Form","floor":16.0},{"not_picked":["Clash","Pummel"],"picked":"Combust","floor":18.0},{"not_picked":["Clothesline","Clash+1"],"picked":"Thunderclap","floor":19.0},{"not_picked":["Wild Strike","Fire Breathing"],"picked":"Power Through","floor":24.0},{"not_picked":["True Grit","Clash"],"picked":"Feel No Pain","floor":28.0},{"not_picked":["Pummel","Bloodletting"],"picked":"Flame Barrier","floor":29.0},{"not_picked":["Double Tap","Demon Form"],"picked":"Limit Break","floor":33.0},{"not_picked":["Pummel","Rage"],"picked":"Sword Boomerang","floor":35.0},{"not_picked":["Fire Breathing","Iron Wave+1"],"picked":"Havoc+1","floor":37.0},{"not_picked":["Seeing Red","Reckless Charge","Uppercut+1"],"picked":"SKIP","floor":40},{"not_picked":["Twin Strike","Clothesline+1"],"picked":"Rupture","floor":41},{"not_picked":["Shockwave","Carnage"],"picked":"Dark Embrace","floor":44},{"not_picked":["Bloodletting","Heavy Blade"],"picked":"Barricade","floor":46},{"not_picked":["Heavy Blade","Second Wind","Wild Strike"],"picked":"SKIP","floor":47},{"not_picked":["Carnage","Headbutt"],"picked":"Entrench+1","floor":48}],"player_experience":1421329,"relics_obtained":[{"floor":8.0,"key":"War Paint"},{"floor":9.0,"key":"Vajra"},{"floor":11.0,"key":"Self Forming Clay"},{"floor":24.0,"key":"Juzu Bracelet"},{"floor":26.0,"key":"Mango"},{"floor":29.0,"key":"Darkstone Periapt"},{"floor":40,"key":"Paper Frog"},{"floor":44,"key":"Regal Pillow"},{"floor":46,"key":"Magic Flower"}],"event_choices":[{"damage_healed":0.0,"max_hp_gain":0.0,"max_hp_loss":0.0,"gold_gain":0.0,"event_name":"Golden Idol","player_choice":"Take Damage","floor":3.0,"gold_loss":0.0,"damage_taken":28.0,"relics_obtained":["Golden Idol"]},{"damage_healed":20.0,"max_hp_gain":0.0,"max_hp_loss":0.0,"gold_gain":0.0,"event_name":"The Cleric","player_choice":"Healed","floor":7.0,"gold_loss":35.0,"damage_taken":0.0},{"damage_healed":0.0,"max_hp_gain":0.0,"max_hp_loss":0.0,"gold_gain":0.0,"event_name":"Upgrade Shrine","player_choice":"Upgraded","floor":12.0,"gold_loss":0.0,"damage_taken":0.0,"cards_upgraded":["Perfected Strike"]},{"damage_healed":0.0,"max_hp_gain":0.0,"max_hp_loss":0.0,"gold_gain":0.0,"event_name":"Forgotten Altar","player_choice":"Gave Idol","floor":20.0,"relics_lost":["Golden Idol"],"gold_loss":0.0,"damage_taken":0.0,"relics_obtained":["Bloody Idol"]},{"damage_healed":0.0,"max_hp_gain":0.0,"max_hp_loss":0.0,"gold_gain":0.0,"event_name":"The Library","player_choice":"Read","floor":22.0,"gold_loss":0.0,"damage_taken":0.0,"cards_obtained":["Shockwave"]},{"damage_healed":0.0,"max_hp_gain":0.0,"max_hp_loss":0.0,"gold_gain":0.0,"cards_transformed":["Strike_R","Strike_R"],"event_name":"Drug Dealer","player_choice":"Became Test Subject","floor":30.0,"gold_loss":0.0,"damage_taken":0.0,"cards_obtained":["Dual Wield","Power Through"]},{"damage_healed":0.0,"max_hp_gain":0.0,"max_hp_loss":0.0,"gold_gain":50.0,"event_name":"Nest","player_choice":"Stole From Cult","floor":31.0,"gold_loss":0.0,"damage_taken":0.0},{"damage_healed":0.0,"max_hp_gain":0.0,"max_hp_loss":5.0,"gold_gain":0.0,"event_name":"Winding Halls","player_choice":"Max HP","floor":38.0,"gold_loss":0.0,"damage_taken":0.0},{"damage_healed":0.0,"max_hp_gain":0.0,"max_hp_loss":0.0,"gold_gain":0.0,"event_name":"Accursed Blacksmith","player_choice":"Rummage","floor":39.0,"gold_loss":0.0,"damage_taken":0.0,"relics_obtained":["WarpedTongs"],"cards_obtained":["Pain"]},{"cards_removed":["Strike_R"],"damage_healed":0,"gold_gain":0,"player_choice":"Offered Basic","damage_taken":0,"max_hp_gain":0,"max_hp_loss":0,"event_name":"Bonfire Elementals","floor":42,"gold_loss":0}],"is_beta":false,"boss_relics":[{"not_picked":["Fusion Hammer","Ectoplasm"],"picked":"Sozu"},{"not_picked":["Coffee Dripper","Mark of Pain"],"picked":"Velvet Choker"}],"items_purged_floors":[5,21],"is_endless":false,"potions_floor_spawned":[1,4,11,18,28,33,37,40,44,48],"killed_by":"Awakened One","ascension_level":20}}