{"host":"h4lp0eeso8a0ssq0","time":1611020537,"event":{"mods":["2.2 Compatiblity","AchievementEnabler","BaseMod","CapriCore","Colored Map","Minty Spire (QoL Compilation)","Replay The Spire","StSLib","SuperFastMode"],"gold_per_floor":[117,117,136,24,24,24,39,71,144,94,94,111,156,4,4,4,4],"floor_reached":16,"language":"KOR","playtime":442,"items_purged":[],"score":98,"play_id":"feb01ae0-4929-46bb-8a7f-f9eb5287d71a","local_time":"20210119104217","is_ascension_mode":false,"campfire_choices":[{"data":"Eruption","floor":6,"key":"SMITH"}],"circlet_count":0,"master_deck":["Strike_P","Strike_P","Strike_P","Defend_P+1","Defend_P","Defend_P","Eruption+1","Vigilance+1","Prostrate","Vengeance","Replay:Battleflow","Prostrate+1","InnerPeace","EmptyFist"],"relics":["PureWater","Gremlin Food","Shuriken","War Paint","Replay:Mystery Machine","Iron Hammer"],"acts_visited":["Exordium"],"potions_floor_usage":[],"damage_taken":[{"damage":5.0,"enemies":"Jaw Worm","floor":1.0,"turns":6.0},{"damage":3,"enemies":"Cultist","floor":3,"turns":4},{"damage":0,"enemies":"2 Louse","floor":7,"turns":3},{"damage":26,"enemies":"3 Sentries","floor":8,"turns":10},{"damage":8,"enemies":"Blue Slaver","floor":12,"turns":3},{"damage":34,"enemies":"Hexaghost","floor":16,"turns":10}],"seed_played":"2180831319565429200","potions_obtained":[{"floor":2.0,"key":"CultistPotion"},{"floor":2.0,"key":"Fruit Juice"},{"floor":2.0,"key":"FairyPotion"},{"floor":8,"key":"Fire Potion"}],"is_trial":false,"path_per_floor":["M","?","M","$","?","R","M","E","T","?","?","M","T","$","R_BF","B"],"character_chosen":"WATCHER","items_purchased":["Replay:Battleflow","Prostrate+1","Replay:Mystery Machine"],"campfire_rested":0,"item_purchase_floors":[4,4,14],"current_hp_per_floor":[74,79,76,76,69,69,69,43,43,43,43,35,35,35,35,1,1],"gold":4,"neow_bonus":"TEN_PERCENT_HP_BONUS","is_daily":false,"chose_seed":false,"campfire_upgraded":1,"win_rate":0.0,"timestamp":1611020537,"path_taken":["M","?","?","$","?","R","M","E","T","?","?","?","?","$","R_BF","BOSS"],"items_purchased_type":["Card","Card","Relic"],"build_version":"2020-12-22","purchased_purges":0,"victory":false,"max_hp_per_floor":[79,84,84,84,84,84,84,84,84,84,84,84,84,84,84,84,84],"card_choices":[{"not_picked":["Evaluate","EmptyFist"],"picked":"Prostrate","floor":1.0},{"not_picked":["SashWhip","Replay:BluntJabs"],"picked":"Vengeance","floor":3},{"not_picked":["WheelKick","FlurryOfBlows"],"picked":"InnerPeace","floor":7},{"not_picked":["ThirdEye","Protect"],"picked":"EmptyFist","floor":8},{"not_picked":["ThirdEye","SignatureMove","FollowUp"],"picked":"SKIP","floor":12}],"player_experience":174957,"relics_obtained":[{"floor":8,"key":"Gremlin Food"},{"floor":9,"key":"Shuriken"},{"floor":13,"key":"War Paint"}],"event_choices":[{"damage_healed":0.0,"max_hp_gain":0.0,"max_hp_loss":0.0,"gold_gain":0.0,"event_name":"Lab","player_choice":"Got Potions","floor":2.0,"gold_loss":0.0,"damage_taken":0.0},{"cards_removed":["Defend_P"],"damage_healed":0,"gold_gain":0,"player_choice":"Card Removal","damage_taken":7,"max_hp_gain":0,"max_hp_loss":0,"event_name":"Golden Wing","floor":5,"gold_loss":0},{"cards_removed":["Strike_P"],"damage_healed":0,"gold_gain":0,"player_choice":"Card Removal","damage_taken":0,"max_hp_gain":0,"max_hp_loss":0,"event_name":"The Cleric","floor":10,"gold_loss":50},{"damage_healed":0,"gold_gain":0,"player_choice":"Bought 0 Potions","damage_taken":0,"max_hp_gain":0,"max_hp_loss":0,"event_name":"The Woman in Blue","floor":11,"gold_loss":0},{"damage_healed":0,"gold_gain":0,"player_choice":"Gave Potion","damage_taken":0,"relics_obtained":["Iron Hammer"],"max_hp_gain":0,"max_hp_loss":0,"event_name":"WeMeetAgain","floor":15,"gold_loss":0}],"is_beta":false,"boss_relics":[],"items_purged_floors":[],"is_endless":false,"potions_floor_spawned":[8,12],"killed_by":"Hexaghost","ascension_level":0}}