{"host":"f0gpob8hq9vgebej","time":1611025430,"event":{"mods":["AchievementEnabler","BaseMod","Minty Spire (QoL Compilation)","Quick Restart","SuperFastMode"],"gold_per_floor":[113,130,55,55,66,66,97,97,97,110,110,136,168,42,42,144,144,159,179,199,216,43,43,56,56,56,72,107,118,118,161,161,265,274,309,321,40,49,66,66,97,97,122,137,173,200,200,211,211,211],"floor_reached":51,"language":"KOR","playtime":1354,"items_purged":["Strike_B","Strike_B","Strike_B"],"score":1008,"play_id":"853e49cb-eaed-4003-a157-97ef4a7b5b0a","local_time":"20210119120350","is_ascension_mode":true,"campfire_choices":[{"data":"Apotheosis","floor":6.0,"key":"SMITH"},{"floor":8.0,"key":"REST"},{"data":"Double Energy","floor":11.0,"key":"SMITH"},{"floor":15.0,"key":"REST"},{"floor":23.0,"key":"REST"},{"floor":25.0,"key":"REST"},{"floor":30.0,"key":"REST"},{"floor":32.0,"key":"RECALL"},{"floor":40.0,"key":"REST"},{"floor":42.0,"key":"REST"},{"floor":47.0,"key":"REST"},{"floor":49.0,"key":"REST"}],"circlet_count":0,"master_deck":["Defend_B","Defend_B","Defend_B","Defend_B","Zap","Dualcast","Apotheosis+1","Double Energy+1","FTL","Zap","Conserve Battery","White Noise+1","Chill+1","Creative AI","Defragment","Conserve Battery+1","Electrodynamics","Coolheaded+1","White Noise+1","Recycle+1","Storm","Skim+1","Thunder Strike","Conserve Battery+1","Amplify+1","CurseOfTheBell","Storm","Master of Strategy+1","Sweeping Beam","Defragment","Defragment"],"relics":["Cracked Core","WingedGreaves","Toxic Egg 2","Odd Mushroom","Singing Bowl","Fusion Hammer","Pantograph","Red Mask","CeramicFish","Calling Bell","MawBank","StrikeDummy","TungstenRod","DataDisk","Omamori","PreservedInsect"],"acts_visited":["Exordium","TheCity","TheBeyond"],"potions_floor_usage":[50],"damage_taken":[{"damage":0.0,"enemies":"Cultist","floor":1.0,"turns":3.0},{"damage":10.0,"enemies":"Jaw Worm","floor":2.0,"turns":4.0},{"damage":0.0,"enemies":"2 Louse","floor":5.0,"turns":3.0},{"damage":32.0,"enemies":"3 Sentries","floor":7.0,"turns":5.0},{"damage":0.0,"enemies":"Large Slime","floor":10.0,"turns":5.0},{"damage":21.0,"enemies":"The Mushroom Lair","floor":12.0,"turns":4.0},{"damage":12.0,"enemies":"Gremlin Nob","floor":13.0,"turns":4.0},{"damage":20.0,"enemies":"The Guardian","floor":16.0,"turns":9.0},{"damage":5.0,"enemies":"Shell Parasite","floor":18.0,"turns":5.0},{"damage":0.0,"enemies":"Chosen","floor":19.0,"turns":3.0},{"damage":7.0,"enemies":"Shelled Parasite and Fungi","floor":20.0,"turns":5.0},{"damage":26.0,"enemies":"Snake Plant","floor":21.0,"turns":5.0},{"damage":39.0,"enemies":"Snecko","floor":24.0,"turns":5.0},{"damage":3.0,"enemies":"Cultist and Chosen","floor":27.0,"turns":3.0},{"damage":0.0,"enemies":"Masked Bandits","floor":28.0,"turns":2.0},{"damage":1.0,"enemies":"Shelled Parasite and Fungi","floor":29.0,"turns":5.0},{"damage":0.0,"enemies":"Gremlin Leader","floor":31.0,"turns":4.0},{"damage":16.0,"enemies":"Automaton","floor":33.0,"turns":5.0},{"damage":19.0,"enemies":"3 Darklings","floor":35.0,"turns":3.0},{"damage":0.0,"enemies":"Orb Walker","floor":39.0,"turns":4.0},{"damage":10.0,"enemies":"Giant Head","floor":41.0,"turns":5.0},{"damage":8.0,"enemies":"Transient","floor":44.0,"turns":5.0},{"damage":51.0,"enemies":"Reptomancer","floor":45.0,"turns":6.0},{"damage":0.0,"enemies":"4 Shapes","floor":46.0,"turns":3.0},{"damage":15.0,"enemies":"Writhing Mass","floor":48.0,"turns":3.0},{"damage":37,"enemies":"Donu and Deca","floor":50,"turns":4}],"seed_played":"3396605653043691903","potions_obtained":[{"floor":1.0,"key":"LiquidBronze"},{"floor":13.0,"key":"SneckoOil"},{"floor":16.0,"key":"Regen Potion"},{"floor":21.0,"key":"Strength Potion"},{"floor":24.0,"key":"PotionOfCapacity"},{"floor":29.0,"key":"SneckoOil"},{"floor":31.0,"key":"LiquidBronze"},{"floor":45.0,"key":"Fire Potion"},{"floor":48.0,"key":"ColorlessPotion"}],"is_trial":false,"path_per_floor":["M","M","$","?","M","R","E","R","T","M","R","?","E","$","R","B",null,"M","M","M","M","$","R","M","R","T","M","?","M","R","E","R","B",null,"M","?","$","?","M","R","E","R","T","M","E","M","R","M","R","B",null],"character_chosen":"DEFECT","items_purchased":["Defragment","Conserve Battery+1","Storm","Master of Strategy+1"],"campfire_rested":9,"item_purchase_floors":[14,14,22,37],"current_hp_per_floor":[68,58,58,58,58,58,26,46,46,46,46,25,13,13,33,13,54,49,49,42,32,32,53,16,37,37,34,36,35,57,57,57,58,70,51,51,51,51,53,75,67,78,78,72,21,21,45,32,56,44],"gold":211,"neow_bonus":"RANDOM_COLORLESS_2","is_daily":false,"chose_seed":false,"campfire_upgraded":2,"win_rate":0.0,"timestamp":1611025430,"path_taken":["M","M","$","?","?","R","E","R","T","M","R","?","E","$","R","BOSS","M","M","M","M","$","R","M","R","T","M","?","M","R","E","R","BOSS","M","?","$","?","?","R","E","R","T","M","E","M","R","?","R","BOSS"],"items_purchased_type":["Card","Card","Card","Card"],"build_version":"2020-12-22","purchased_purges":3,"victory":true,"max_hp_per_floor":[68,68,68,68,68,68,68,68,68,68,68,68,68,68,68,68,68,68,68,68,70,70,70,72,72,72,72,74,74,74,74,74,74,74,74,74,74,74,76,76,78,78,78,80,80,80,80,82,82,82],"card_choices":[{"not_picked":["Secret Technique","Master of Strategy"],"picked":"Apotheosis","floor":0.0},{"not_picked":["Sweeping Beam","Stack"],"picked":"Double Energy","floor":1.0},{"not_picked":["Go for the Eyes","Streamline","Doom and Gloom"],"picked":"SKIP","floor":2.0},{"not_picked":["Redo","Compile Driver"],"picked":"Barrage","floor":5.0},{"not_picked":["Sunder","Steam"],"picked":"Conserve Battery","floor":7.0},{"not_picked":["Genetic Algorithm+1","Cold Snap"],"picked":"White Noise+1","floor":10.0},{"not_picked":["Cold Snap","Gash"],"picked":"Chill+1","floor":12.0},{"not_picked":["Storm","Cold Snap"],"picked":"Creative AI","floor":13.0},{"not_picked":["Meteor Strike","Echo Form"],"picked":"Electrodynamics","floor":16.0},{"not_picked":["Gash+1","Go for the Eyes"],"picked":"Coolheaded+1","floor":18.0},{"not_picked":["Rebound","Beam Cell"],"picked":"White Noise+1","floor":19.0},{"not_picked":["Sweeping Beam+1","Turbo+1"],"picked":"Recycle+1","floor":20.0},{"not_picked":["Turbo+1","Sweeping Beam","Go for the Eyes"],"picked":"Singing Bowl","floor":21.0},{"not_picked":["Undo+1","Compile Driver+1","Turbo+1"],"picked":"Singing Bowl","floor":24.0},{"not_picked":["Darkness+1","Streamline"],"picked":"Skim+1","floor":27.0},{"not_picked":["Sweeping Beam","Turbo+1","Cold Snap"],"picked":"Singing Bowl","floor":28.0},{"not_picked":["Go for the Eyes","Hologram+1"],"picked":"Thunder Strike","floor":29.0},{"not_picked":["Streamline","Multi-Cast+1"],"picked":"Conserve Battery+1","floor":31.0},{"not_picked":["Echo Form","Rainbow+1"],"picked":"Amplify+1","floor":33.0},{"not_picked":["Streamline","Sweeping Beam"],"picked":"Storm","floor":35.0},{"not_picked":["Reinforced Body+1","Steam+1","Compile Driver"],"picked":"Singing Bowl","floor":39.0},{"not_picked":["Multi-Cast+1","Gash+1","Loop"],"picked":"Singing Bowl","floor":41.0},{"not_picked":["Reprogram+1","Recycle+1","Stack+1"],"picked":"Singing Bowl","floor":44.0},{"not_picked":["Chill+1","Streamline"],"picked":"Defragment","floor":45.0},{"not_picked":["Go for the Eyes+1","Leap+1"],"picked":"Defragment","floor":46.0},{"not_picked":["Rebound","Sweeping Beam+1","Steam+1"],"picked":"Singing Bowl","floor":48.0}],"player_experience":170627,"relics_obtained":[{"floor":7.0,"key":"WingedGreaves"},{"floor":9.0,"key":"Toxic Egg 2"},{"floor":12.0,"key":"Odd Mushroom"},{"floor":13.0,"key":"Singing Bowl"},{"floor":26.0,"key":"Pantograph"},{"floor":28.0,"key":"Red Mask"},{"floor":31.0,"key":"CeramicFish"},{"floor":34.0,"key":"MawBank"},{"floor":34.0,"key":"StrikeDummy"},{"floor":34.0,"key":"TungstenRod"},{"floor":41.0,"key":"DataDisk"},{"floor":43.0,"key":"Omamori"},{"floor":45.0,"key":"PreservedInsect"}],"event_choices":[{"damage_healed":0.0,"max_hp_gain":0.0,"max_hp_loss":0.0,"gold_gain":0.0,"event_name":"Match and Keep!","player_choice":"2 cards matched","floor":4.0,"gold_loss":0.0,"damage_taken":0.0,"cards_obtained":["FTL","Zap"]},{"damage_healed":0.0,"max_hp_gain":0.0,"max_hp_loss":0.0,"gold_gain":0.0,"event_name":"Mushrooms","player_choice":"Fought Mushrooms","floor":12.0,"gold_loss":0.0,"damage_taken":0.0},{"damage_healed":0.0,"max_hp_gain":0.0,"max_hp_loss":0.0,"gold_gain":0.0,"event_name":"Masked Bandits","player_choice":"Fought Bandits","floor":28.0,"gold_loss":0.0,"damage_taken":0.0},{"cards_removed":["Barrage"],"damage_healed":0.0,"max_hp_gain":0.0,"max_hp_loss":0.0,"gold_gain":0.0,"event_name":"Falling","player_choice":"Removed Attack","floor":36.0,"gold_loss":0.0,"damage_taken":0.0},{"damage_healed":0.0,"max_hp_gain":0.0,"max_hp_loss":0.0,"gold_gain":0.0,"cards_transformed":["Strike_B"],"event_name":"Transmorgrifier","player_choice":"Transformed","floor":38.0,"gold_loss":0.0,"damage_taken":0.0,"cards_obtained":["Sweeping Beam"]}],"is_beta":false,"boss_relics":[{"not_picked":["Philosopher\u0027s Stone","Sozu"],"picked":"Fusion Hammer"},{"not_picked":["SlaversCollar","Cursed Key"],"picked":"Calling Bell"}],"items_purged_floors":[3,22,37],"is_endless":false,"potions_floor_spawned":[1,13,16,21,24,29,31,45,48],"ascension_level":6}}