{"host":"yqw1zpryoutrnocq","time":1611032308,"event":{"mods":["BaseMod","Colored Map","DeckTracker","Minty Spire (QoL Compilation)","Replay The Spire","StSLib","The Cursed"],"gold_per_floor":[118,118,46,66,86,86,105,134,134,134,145,173,192,226,226,321,321,333,333,349,369,389,389,402,402,426,452,377,377,377,393,493,519,519,615,615,625,625,640,657,707,707,737,772,772,871,871,913,913,945,945,971,971,971,28,88,106,106],"floor_reached":57,"language":"KOR","playtime":3896,"items_purged":[],"score":751,"play_id":"4f95cec4-2eea-4271-bcea-beb375b1d9a2","local_time":"20210118225828","is_ascension_mode":false,"campfire_choices":[{"data":"TheCursedMod:CursedBlade","floor":6,"key":"SMITH"},{"data":"TheCursedMod:Strike_TheCursed","floor":15,"key":"PURGE"},{"data":"TheCursedMod:VoidForm","floor":23,"key":"SMITH"},{"data":"Pot Of Greed","floor":25,"key":"SMITH"},{"floor":34,"key":"REST"},{"data":"Pot Of Greed","floor":42,"key":"SMITH"},{"data":"Pot Of Greed","floor":42,"key":"SMITH"},{"floor":47,"key":"REST"},{"floor":51,"key":"RECALL"}],"circlet_count":0,"master_deck":["TheCursedMod:Strike_TheCursed","TheCursedMod:Strike_TheCursed","TheCursedMod:Strike_TheCursed","TheCursedMod:Defend_TheCursed","TheCursedMod:CursedWand","TheCursedMod:CleanUpWorkshop","TheCursedMod:Dregs","TheCursedMod:Torture+1","TheCursedMod:DemonSword","TheCursedMod:CursedBlade+1","TheCursedMod:CursedAmulet","TheCursedMod:WearCloak","TheCursedMod:FuryStrike","TheCursedMod:CircleOfBlood","Pot Of Greed+1","Pot Of Greed+1","TheCursedMod:CursedAmulet","TheCursedMod:CursedStaff","TheCursedMod:VoidForm+1","TheCursedMod:ShockAndAwe","TheCursedMod:CircleOfFlame+1","TheCursedMod:SpitefulPray+1","Pot Of Greed+1","TheCursedMod:RavingStaff","TheCursedMod:CursedShiv","TheCursedMod:SpreadPlague+1","TheCursedMod:TacticalStrike+1","TheCursedMod:RapidMovement+1","TheCursedMod:CollectTribute","TheCursedMod:Hemoplague+1","TheCursedMod:CursedRelics","TheCursedMod:SpitefulPlan","Panacea","TheCursedMod:CursedBlade+1","TheCursedMod:CursedBoomerang","Pot Of Greed+1","TheCursedMod:CircleOfCorruption+1","TheCursedMod:SoulReap","TheCursedMod:Neurasthenia","TheCursedMod:Torture+1","TheCursedMod:SpitefulPray+1","TheCursedMod:CursedSpellbook","ReplayTheSpireMod:Necrogeddon","TheCursedMod:SpitefulStrike","TheCursedMod:CursedBlade","TheCursedMod:LuckyCharm"],"relics":["TheCursedMod:BlackMagicAdvanced","NeowsBlessing","Bird Faced Urn","Sundial","ReplayTheSpireMod:Ring of Addiction","Chameleon Ring","White Beast Statue","ReplayTheSpireMod:Ring of Collecting","Grinning Jar","Thread and Needle","Empty Cage","Ring of Panic","Vajra","Regal Pillow","Gambling Chip","Matryoshka","Turnip","Replay:Arrowhead","Replay:Bandana","ReplayTheSpireMod:Ring of Challenge","Replay:Bottled Eggs","ReplayTheSpireMod:TigerMarble","TheCursedMod:CrystalBall","TheCursedMod:PinkPellets","Bottled Flame","Blue Doll"],"acts_visited":["Exordium","TheCity","TheBeyond","TheEnding"],"potions_floor_usage":[8,11,12,12,12,13,16,16,21,22,24,27,27,32,33,35,37,39,41,43,44,46,46,50,52,52,52,56,56],"damage_taken":[{"damage":0,"enemies":"Jaw Worm","floor":1,"turns":1},{"damage":0,"enemies":"2 Louse","floor":4,"turns":1},{"damage":0,"enemies":"Small Slimes","floor":5,"turns":1},{"damage":4,"enemies":"Exordium Wildlife","floor":7,"turns":3},{"damage":5,"enemies":"Gremlin Nob","floor":8,"turns":4},{"damage":0,"enemies":"2 Fungi Beasts","floor":11,"turns":1},{"damage":12,"enemies":"3 Sentries","floor":12,"turns":5},{"damage":0,"enemies":"3 Louse","floor":13,"turns":1},{"damage":9,"enemies":"Lagavulin","floor":14,"turns":5},{"damage":26,"enemies":"The Guardian","floor":16,"turns":7},{"damage":7,"enemies":"Chosen","floor":18,"turns":4},{"damage":8,"enemies":"Shell Parasite","floor":20,"turns":3},{"damage":2,"enemies":"Snake Plant","floor":21,"turns":3},{"damage":0,"enemies":"Snecko","floor":22,"turns":5},{"damage":5,"enemies":"Centurion and Healer","floor":24,"turns":4},{"damage":0,"enemies":"Book of Stabbing","floor":27,"turns":5},{"damage":19,"enemies":"Shelled Parasite and Fungi","floor":31,"turns":3},{"damage":11,"enemies":"Colosseum Slavers","floor":32,"turns":2},{"damage":0,"enemies":"Colosseum Nobs","floor":32,"turns":3},{"damage":14,"enemies":"Replay:Snechameleon","floor":33,"turns":7},{"damage":30,"enemies":"Champ","floor":35,"turns":6},{"damage":9,"enemies":"3 Darklings","floor":37,"turns":5},{"damage":5,"enemies":"3 Shapes","floor":39,"turns":4},{"damage":13,"enemies":"Maw","floor":40,"turns":5},{"damage":18,"enemies":"Mind Bloom Boss Battle","floor":41,"turns":4},{"damage":15,"enemies":"Nemesis","floor":43,"turns":5},{"damage":7,"enemies":"Transient","floor":44,"turns":5},{"damage":44,"enemies":"Giant Head","floor":46,"turns":7},{"damage":1,"enemies":"Spire Growth","floor":48,"turns":3},{"damage":0,"enemies":"Jaw Worm Horde","floor":50,"turns":2},{"damage":72,"enemies":"Replay:Hell Engine","floor":52,"turns":6},{"damage":30,"enemies":"Shield and Spear","floor":56,"turns":4},{"damage":74,"enemies":"The Heart","floor":57,"turns":6}],"seed_played":"-4954680090623963291","potions_obtained":[{"floor":5,"key":"ColorlessPotion"},{"floor":7,"key":"Languid Potion"},{"floor":8,"key":"Fire Potion"},{"floor":10,"key":"DistilledChaos"},{"floor":11,"key":"SkillPotion"},{"floor":12,"key":"DuplicationPotion"},{"floor":13,"key":"Block Potion"},{"floor":14,"key":"DistilledChaos"},{"floor":16,"key":"Strength Potion"},{"floor":18,"key":"PowerPotion"},{"floor":20,"key":"Block Potion"},{"floor":21,"key":"LifebloodPotion"},{"floor":22,"key":"Venom Potion"},{"floor":24,"key":"BlessingOfTheForge"},{"floor":27,"key":"Fire Potion"},{"floor":31,"key":"TheCursedMod:DregsPotion"},{"floor":32,"key":"Block Potion"},{"floor":33,"key":"Strength Potion"},{"floor":35,"key":"Adrenaline Potion"},{"floor":37,"key":"Reflective Coating"},{"floor":39,"key":"Weak Potion"},{"floor":40,"key":"Explosive Potion"},{"floor":41,"key":"Weak Potion"},{"floor":43,"key":"AttackPotion"},{"floor":44,"key":"Languid Potion"},{"floor":46,"key":"Venom Potion"},{"floor":48,"key":"Adrenaline Potion"},{"floor":50,"key":"Dexterity Potion"},{"floor":54,"key":"AttackPotion"},{"floor":54,"key":"AttackPotion"},{"floor":56,"key":"Fire Potion"}],"is_trial":false,"path_per_floor":["M","?","$","M","M","R","M","E","T","?","M","E","M","E","R_BF","B",null,"M","?","M","M","M","R","M","R","T","E","?","PTL","PTL","M","?","E","R","B",null,"M","?","M","M","?","R","E","M","T","E","R","M","?","M","R","B",null,"R","$","E","B"],"character_chosen":"THE_CURSED","items_purchased":["TheCursedMod:DemonSword","TheCursedMod:CrystalBall","TheCursedMod:PinkPellets","ReplayTheSpireMod:Necrogeddon","TheCursedMod:SpitefulStrike","TheCursedMod:CursedBlade","Bottled Flame"],"campfire_rested":2,"item_purchase_floors":[3,55,55,55,55,55,55],"current_hp_per_floor":[75,75,75,75,75,75,71,66,66,66,66,58,62,57,57,33,75,68,68,64,66,72,72,68,68,68,72,72,72,72,60,57,53,71,47,71,64,64,67,62,54,54,51,60,60,29,65,71,67,65,65,5,65,65,65,33,0,0],"gold":106,"neow_bonus":"THREE_ENEMY_KILL","is_daily":false,"chose_seed":false,"campfire_upgraded":5,"win_rate":0.0,"timestamp":1611032308,"path_taken":["M","?","$","M","M","R","M","E","T","?","M","E","M","E","R_BF","BOSS","M","?","M","M","M","R","M","R","T","E","?","PTL","PTL","M","?","E","R","BOSS","M","?","M","M","?","R","E","M","T","E","R","M","?","M","R","BOSS","R","$","E","BOSS"],"items_purchased_type":["Card","Relic","Relic","Card","Card","Card","Relic"],"build_version":"2020-12-22","purchased_purges":0,"victory":false,"max_hp_per_floor":[75,75,75,75,75,75,75,75,75,75,75,75,75,75,75,75,75,75,75,73,73,73,73,73,73,73,73,73,73,73,71,71,71,71,71,71,71,71,71,71,71,71,71,71,71,71,71,71,67,65,65,65,65,65,65,63,63,63],"card_choices":[{"not_picked":["TheCursedMod:TacticalStrike","TheCursedMod:CircleOfAmplification"],"picked":"TheCursedMod:Torture","floor":1},{"not_picked":["TheCursedMod:Stigma","TheCursedMod:SpitefulStrike"],"picked":"TheCursedMod:CursedBlade","floor":4},{"not_picked":["TheCursedMod:ForbiddenAlchemy","TheCursedMod:SpitefulStrike"],"picked":"TheCursedMod:CursedAmulet","floor":5},{"not_picked":["TheCursedMod:TacticalStrike","TheCursedMod:CursedShiv"],"picked":"TheCursedMod:WearCloak","floor":7},{"not_picked":["TheCursedMod:VitalStrike","TheCursedMod:Grudge"],"picked":"TheCursedMod:FuryStrike","floor":8},{"not_picked":["TheCursedMod:CircleOfCorruption","TheCursedMod:VitalStrike"],"picked":"TheCursedMod:CircleOfBlood","floor":11},{"not_picked":["TheCursedMod:Obscuration","TheCursedMod:CursedBoomerang"],"picked":"TheCursedMod:CursedAmulet","floor":12},{"not_picked":["TheCursedMod:SurpriseAttack","TheCursedMod:Torture"],"picked":"TheCursedMod:CursedStaff","floor":13},{"not_picked":["TheCursedMod:CursedMace","TheCursedMod:Hemoplague"],"picked":"TheCursedMod:VoidForm","floor":14},{"not_picked":["TheCursedMod:VoidForm","TheCursedMod:OutForBlood"],"picked":"TheCursedMod:ShockAndAwe","floor":16},{"not_picked":["TheCursedMod:Grudge+1","TheCursedMod:Hemoplague+1"],"picked":"TheCursedMod:CircleOfFlame+1","floor":18},{"not_picked":["TheCursedMod:CircleOfFlame+1","TheCursedMod:CursedBlade+1"],"picked":"TheCursedMod:SpitefulPray+1","floor":20},{"not_picked":["TheCursedMod:FuryStrike","TheCursedMod:CircleOfAmplification"],"picked":"TheCursedMod:RavingStaff","floor":21},{"not_picked":["TheCursedMod:RavingStaff","TheCursedMod:SmokeScreen"],"picked":"TheCursedMod:CursedShiv","floor":22},{"not_picked":["TheCursedMod:SmokeScreen","TheCursedMod:CursedShiv"],"picked":"TheCursedMod:SpreadPlague+1","floor":24},{"not_picked":["TheCursedMod:CursedShiv","TheCursedMod:CircleOfCorruption"],"picked":"TheCursedMod:TacticalStrike+1","floor":27},{"not_picked":["TheCursedMod:RavingStaff","TheCursedMod:WearCloak"],"picked":"TheCursedMod:RapidMovement+1","floor":31},{"not_picked":["TheCursedMod:FuryStrike","TheCursedMod:CircleOfCorruption"],"picked":"TheCursedMod:CollectTribute","floor":32},{"not_picked":["TheCursedMod:CircleOfFlame","TheCursedMod:CursedBoomerang+1"],"picked":"TheCursedMod:Hemoplague+1","floor":33},{"not_picked":["TheCursedMod:ForbiddenAlchemy","TheCursedMod:DarkBarrier"],"picked":"TheCursedMod:CursedRelics","floor":35},{"not_picked":["TheCursedMod:FleshFromBone","TheCursedMod:Stigma+1"],"picked":"TheCursedMod:SpitefulPlan","floor":37},{"not_picked":["Replay:BasicMightCard","Discovery"],"picked":"Panacea","floor":38},{"not_picked":["TheCursedMod:CircleOfWindfury","TheCursedMod:SoulCrush+1"],"picked":"TheCursedMod:CursedBlade+1","floor":39},{"not_picked":["TheCursedMod:RavingStaff+1","TheCursedMod:Mangle"],"picked":"TheCursedMod:CursedBoomerang","floor":40},{"not_picked":["TheCursedMod:Stretching","TheCursedMod:VitalStrike"],"picked":"TheCursedMod:CircleOfCorruption+1","floor":41},{"not_picked":["TheCursedMod:SaltUponWound+1","TheCursedMod:CursedBoomerang"],"picked":"TheCursedMod:SoulReap","floor":43},{"not_picked":["TheCursedMod:SpreadPlague+1","TheCursedMod:VitalStrike"],"picked":"TheCursedMod:Neurasthenia","floor":44},{"not_picked":["TheCursedMod:FuryStrike","TheCursedMod:CursedShiv"],"picked":"TheCursedMod:Torture+1","floor":46},{"not_picked":["TheCursedMod:CircleOfBlood+1","TheCursedMod:SpitefulStrike+1"],"picked":"TheCursedMod:SpitefulPray+1","floor":48},{"not_picked":["TheCursedMod:SpitefulStrike","TheCursedMod:AshesToAshes+1"],"picked":"TheCursedMod:CursedSpellbook","floor":50},{"not_picked":["TheCursedMod:CircleOfBlood+1","TheCursedMod:CollectTribute"],"picked":"TheCursedMod:LuckyCharm","floor":56}],"player_experience":202042,"relics_obtained":[{"floor":8,"key":"Bird Faced Urn"},{"floor":9,"key":"Sundial"},{"floor":10,"key":"ReplayTheSpireMod:Ring of Addiction"},{"floor":10,"key":"Chameleon Ring"},{"floor":10,"key":"White Beast Statue"},{"floor":10,"key":"ReplayTheSpireMod:Ring of Collecting"},{"floor":12,"key":"Grinning Jar"},{"floor":14,"key":"Thread and Needle"},{"floor":26,"key":"Ring of Panic"},{"floor":26,"key":"Vajra"},{"floor":27,"key":"Regal Pillow"},{"floor":32,"key":"Gambling Chip"},{"floor":32,"key":"Matryoshka"},{"floor":33,"key":"Turnip"},{"floor":41,"key":"Replay:Arrowhead"},{"floor":43,"key":"Replay:Bandana"},{"floor":45,"key":"ReplayTheSpireMod:Ring of Challenge"},{"floor":45,"key":"Replay:Bottled Eggs"},{"floor":46,"key":"ReplayTheSpireMod:TigerMarble"},{"floor":56,"key":"Blue Doll"}],"event_choices":[{"damage_healed":0,"gold_gain":0,"player_choice":"Grow","damage_taken":0,"max_hp_gain":0,"max_hp_loss":0,"event_name":"Living Wall","floor":2,"gold_loss":0,"cards_upgraded":["TheCursedMod:Torture"]},{"damage_healed":0,"gold_gain":0,"player_choice":"Ignored","damage_taken":0,"max_hp_gain":0,"max_hp_loss":0,"event_name":"Vampires","floor":19,"gold_loss":0},{"cards_removed":["TheCursedMod:Defend_TheCursed"],"damage_healed":0,"gold_gain":0,"player_choice":"Gave Gold","damage_taken":0,"max_hp_gain":0,"max_hp_loss":0,"event_name":"Beggar","floor":28,"gold_loss":75},{"damage_healed":0,"gold_gain":0,"player_choice":"Fight","damage_taken":0,"max_hp_gain":0,"max_hp_loss":0,"event_name":"Colosseum","floor":32,"gold_loss":0},{"damage_healed":0,"gold_gain":0,"player_choice":"Fought Nobs","damage_taken":0,"max_hp_gain":0,"max_hp_loss":0,"event_name":"Colosseum","floor":32,"gold_loss":0},{"damage_healed":0,"gold_gain":0,"player_choice":"Memory 1","damage_taken":0,"max_hp_gain":0,"max_hp_loss":0,"event_name":"SensoryStone","floor":38,"gold_loss":0},{"damage_healed":0,"gold_gain":0,"player_choice":"Fight","damage_taken":0,"max_hp_gain":0,"max_hp_loss":0,"event_name":"MindBloom","floor":41,"gold_loss":0},{"damage_healed":0,"gold_gain":0,"player_choice":"Max HP","damage_taken":0,"max_hp_gain":0,"max_hp_loss":4,"event_name":"Winding Halls","floor":49,"gold_loss":0}],"is_beta":false,"boss_relics":[{"not_picked":["Coffee Dripper","Philosopher\u0027s Stone"],"picked":"Empty Cage"},{"not_picked":["Busted Crown","Replay:Bronze Core"],"picked":"TheCursedMod:BlackMagicAdvanced"}],"items_purged_floors":[],"is_endless":false,"potions_floor_spawned":[5,7,8,11,12,13,14,16,18,20,21,22,24,27,31,32,32,33,35,37,39,40,41,43,44,46,48,50,56],"killed_by":"The Heart","ascension_level":0}}