{"host":"831feogxosh327gf","time":1611032520,"event":{"mods":["Act Like it!","BaseMod","Chen","Colored Powertips","Gensokyo","Hallownest","Koishi","Marisa£®ÏF”Í°°ƒß¿Ì…≥£©","Minty Spire (QoL Compilation)","Onozuka Komachi Mod","Quick Restart","READ ME - Guardian Mod","Reimu£®≤©¿ˆ¡È√Œ£©","Remilia£®¿Ÿ√◊¿Ú—«£©","Robot Space Explorer","SIMod","Say the Spire","StSLib","The Administrix","The Bug Knight","The Gatherer","The Servant 0.9.4","Youmu£®ªÍ∆«—˝√Œ£©"],"gold_per_floor":[113,113,75,75,91,126,126,126,153,153,83,83,83,94,94,192,192,210,210,224,242,492,521,536,563,643,653,494,494,505,536,536,635,635,647,358,358,358,298,323,323,857,880,900,748,542,568,602,602,602,602,602,35,67,67],"floor_reached":56,"language":"ZHS","playtime":5667,"items_purged":[],"score":1712,"play_id":"30122a7b-2352-4456-8992-c22350e53ecb","local_time":"20210119130200","is_ascension_mode":false,"campfire_choices":[{"floor":10.0,"key":"REST"},{"data":"PreachingAvici","floor":12.0,"key":"SMITH"},{"floor":15.0,"key":"REST"},{"data":"WickedSoul","floor":29.0,"key":"SMITH"},{"data":"LightFlashOfTheNetherworld","floor":32.0,"key":"SMITH"},{"data":"HeavenGodSword","floor":41,"key":"SMITH"},{"floor":49,"key":"RECALL"},{"data":"Gensokyo:TekeTeke","floor":52,"key":"SMITH"}],"circlet_count":0,"master_deck":["Defend_YM","Defend_YM+1","Defend_YM","Defend_YM","SlashOfPresentWorld","WheelOfPainOfLivingAndDead","LightFlashOfTheNetherworld+1","HumanGodSword","PreachingAvici+1","Clumsy","SuddenPhantomFormationSlashOfKarmicWind","SwordOfBindingDesires","HeavenSword","PhosphoricSlash+1","SlashOfDepartureFromHesitation+1","SanzenSekai+1","LowerRealmReflectionSlash","PhosphoricSlash+1","HiganSword+1","ObsessionSword+1","WickedSoul+1","DispleasureOfTheSevenHakus+1","HellFireSword+1","HeavenGodSword+1","EchoesOfTheInclemencyOfAllBeings+1","HeavenSword","Gensokyo:PrivateSquare+1","Gensokyo:CustomPotion","TwoHundredYojanaInOneSlash+1","SpiritCuttingSword+1","TwoHundredYojanaInOneSlash+1","DoubleWheelOfPain","GreatEnlightenmentAppearingAndDisappearing","Gensokyo:TekeTeke+1","SwordExtraction","SpiderLilyBurial","HumanGodSword"],"relics":["HalfPhantom","NeowsBlessing","PureWhite:ReiMu","Strawberry","Bag of Marbles","Gensokyo:NagashiBinaDoll","Nunchaku","Gensokyo:OccultBall","Coffee Dripper","Gensokyo:ConquerorOfFear","Toy Ornithopter","Ancient Tea Set","Hakurouken","StrikeDummy","Black Star","Bird Faced Urn","Mummified Hand","RuthlessExorcism:ReiMu","War Paint","Prayer Wheel","Centennial Puzzle","HornCleat","Torii","Calipers","Oddly Smooth Stone","Happy Flower","Art of War"],"acts_visited":["Gensokyo:Gensokyo","Gensokyo:Gensokyoer","Gensokyo:Gensokyoest","TheEnding"],"potions_floor_usage":[],"damage_taken":[{"damage":0.0,"enemies":"Gensokyo:3_Fairies","floor":1.0,"turns":2.0},{"damage":0.0,"enemies":"Gensokyo:Python","floor":5.0,"turns":1.0},{"damage":0.0,"enemies":"Gensokyo:Cirno","floor":6.0,"turns":2.0},{"damage":7.0,"enemies":"Gensokyo:2_Kodama","floor":14.0,"turns":5.0},{"damage":3.0,"enemies":"Gensokyo:Kokoro","floor":16.0,"turns":15.0},{"damage":15.0,"enemies":"Gensokyo:3_Dogs","floor":18.0,"turns":10.0},{"damage":5.0,"enemies":"Gensokyo:AngelMirror","floor":20.0,"turns":7.0},{"damage":0.0,"enemies":"Gensokyo:Swordslinger","floor":21.0,"turns":4.0},{"damage":14.0,"enemies":"Gensokyo:Koishi","floor":23.0,"turns":5.0},{"damage":16.0,"enemies":"Gensokyo:Slime_Group","floor":24.0,"turns":6.0},{"damage":18.0,"enemies":"Gensokyo:Tenshi","floor":25.0,"turns":2.0},{"damage":0.0,"enemies":"Gensokyo:Wraith","floor":27.0,"turns":3.0},{"damage":0.0,"enemies":"Gensokyo:Monolith_and_Dog","floor":30.0,"turns":3.0},{"damage":0.0,"enemies":"Gensokyo:Koishi","floor":31.0,"turns":4.0},{"damage":0.0,"enemies":"Gensokyo:Eiki","floor":33.0,"turns":7.0},{"damage":2.0,"enemies":"Gensokyo:3_Bats","floor":35.0,"turns":4.0},{"damage":0,"enemies":"Gensokyo:Doremy","floor":40,"turns":8},{"damage":41,"enemies":"Gensokyo:Marisa","floor":42,"turns":5},{"damage":0,"enemies":"Gensokyo:Marisa","floor":44,"turns":4},{"damage":0,"enemies":"Gensokyo:Doremy","floor":48,"turns":5},{"damage":0,"enemies":"Gensokyo:Scarlet_Devils","floor":50,"turns":3},{"damage":0,"enemies":"Shield and Spear","floor":54,"turns":4},{"damage":0,"enemies":"The Heart","floor":55,"turns":9}],"seed_played":"2645432078347644791","potions_obtained":[{"floor":5.0,"key":"Strength Potion"},{"floor":16.0,"key":"Swift Potion"},{"floor":20.0,"key":"BlessingOfTheForge"},{"floor":24.0,"key":"FearPotion"},{"floor":30.0,"key":"LiquidMemories"},{"floor":31.0,"key":"EssenceOfSteel"},{"floor":33.0,"key":"Regen Potion"},{"floor":42,"key":"ColorlessPotion"},{"floor":44,"key":"SpeedPotion"}],"is_trial":false,"path_per_floor":["M","?","$","?","M","E","?","?","T","R","$","R","?","M","R","B",null,"M","?","M","M","?","E","M","E","T","M","$","R","M","E","R","B",null,"M","$","?","?","?","E","R","E","T","R","$","COS","T","E","R","B",null,"R","$","E","B",null],"character_chosen":"YOUMU","items_purchased":["LightFlashOfTheNetherworld","SuddenPhantomFormationSlashOfKarmicWind","WickedSoul","Bird Faced Urn","GreatEnlightenmentAppearingAndDisappearing","Calipers","Oddly Smooth Stone","SpiderLilyBurial","HumanGodSword"],"campfire_rested":2,"item_purchase_floors":[3,11,28,36,45,53,53,53,53],"current_hp_per_floor":[75,60,60,57,57,57,57,25,25,49,49,49,49,42,66,63,82,67,67,62,62,62,48,37,29,29,29,29,29,29,39,39,44,78,76,76,76,76,76,78,78,43,43,59,59,59,59,77,77,78,78,78,78,78,78],"gold":67,"neow_bonus":"THREE_ENEMY_KILL","is_daily":false,"chose_seed":false,"campfire_upgraded":5,"win_rate":0.0,"timestamp":1611032520,"path_taken":["M","?","$","?","?","E","?","?","T","R","?","R","?","?","R","BOSS","M","?","?","?","?","E","M","E","T","M","$","R","M","E","R","BOSS","M","$","?","?","?","E","R","E","T","R","?","COS","?","E","R","BOSS","R","$","E","BOSS"],"items_purchased_type":["Card","Card","Card","Relic","Card","Relic","Relic","Card","Card"],"build_version":"2020-12-22","purchased_purges":0,"victory":true,"max_hp_per_floor":[75,75,75,82,82,82,82,82,82,82,82,82,82,82,82,82,82,82,82,82,82,78,78,78,78,78,78,78,78,78,78,78,78,78,78,78,78,78,78,78,78,78,78,78,78,78,78,78,78,78,78,78,78,78,78],"card_choices":[{"not_picked":["CrescentMoonSlash","SpiritCuttingSword"],"picked":"SpiritMediumsBind","floor":1.0},{"not_picked":["DispleasureOfTheSevenHakus","HesitationCuttingSword"],"picked":"HumanGodSword","floor":5.0},{"not_picked":["SwordExtraction","SpiritMediumsBind"],"picked":"PreachingAvici","floor":6.0},{"not_picked":["EchoesOfTheInclemencyOfAllBeings","DispleasureOfTheSevenHakus"],"picked":"SwordOfBindingDesires","floor":14.0},{"not_picked":["VoidnessSword","DeadlyForm"],"picked":"HeavenSword","floor":16.0},{"not_picked":["CherryBlossomFlashing+1","SwordExtraction"],"picked":"PhosphoricSlash+1","floor":18.0},{"not_picked":["EchoesOfTheInclemencyOfAllBeings","LifeCuttingSword"],"picked":"SlashOfDepartureFromHesitation+1","floor":20.0},{"not_picked":["PreachingAvici","LifeCuttingSword+1"],"picked":"SanzenSekai+1","floor":21.0},{"not_picked":["ConstancyOfTheConventionalTruth","VoidnessSword"],"picked":"LowerRealmReflectionSlash","floor":23.0},{"not_picked":["SlashOfMeditation","LowerRealmReflectionSlash+1"],"picked":"PhosphoricSlash+1","floor":24.0},{"not_picked":["LifeCuttingSword","HellGodSword"],"picked":"HiganSword+1","floor":25.0},{"not_picked":["SwordOfBindingDesires","SlashOfMeditation+1"],"picked":"ObsessionSword+1","floor":27.0},{"not_picked":["CherryBlossomFlashing","SanzenSekai"],"picked":"DispleasureOfTheSevenHakus+1","floor":30.0},{"not_picked":["SpiritMediumsBind+1","ConstancyOfTheConventionalTruth"],"picked":"HellFireSword+1","floor":31.0},{"not_picked":["CherryBlossomSword","ReincarnationSword"],"picked":"HeavenGodSword","floor":33.0},{"not_picked":["ObsessionWithThePresentWorld","LowerRealmReflectionSlash"],"picked":"EchoesOfTheInclemencyOfAllBeings+1","floor":35.0},{"not_picked":["DispleasureOfTheSevenHakus","ThreeKonsSevenHakus"],"picked":"TwoHundredYojanaInOneSlash+1","floor":40},{"not_picked":["VoidnessSword","HeavenlyHaloSlash"],"picked":"SpiritCuttingSword+1","floor":42},{"not_picked":["HumanKnowledgeSword","LightFlashOfTheNetherworld+1"],"picked":"TwoHundredYojanaInOneSlash+1","floor":44},{"not_picked":["SlashOfMeditation+1","DispleasureOfTheSevenHakus"],"picked":"DoubleWheelOfPain","floor":44},{"not_picked":["SpiderLilyBurial","LotusPostureSlash+1"],"picked":"SwordExtraction","floor":48},{"not_picked":["CrescentMoonSlash+1","SanzenSekai+1","BloodOfAsura+1"],"picked":"SKIP","floor":54}],"player_experience":126901,"relics_obtained":[{"floor":6.0,"key":"Bag of Marbles"},{"floor":9.0,"key":"Nunchaku"},{"floor":16.0,"key":"Gensokyo:OccultBall"},{"floor":18.0,"key":"Gensokyo:OccultBall"},{"floor":20.0,"key":"Gensokyo:ConquerorOfFear"},{"floor":23.0,"key":"Toy Ornithopter"},{"floor":25.0,"key":"Ancient Tea Set"},{"floor":26.0,"key":"Hakurouken"},{"floor":27.0,"key":"Gensokyo:OccultBall"},{"floor":31.0,"key":"StrikeDummy"},{"floor":33.0,"key":"Gensokyo:OccultBall"},{"floor":35.0,"key":"Gensokyo:OccultBall"},{"floor":40,"key":"Mummified Hand"},{"floor":40,"key":"RuthlessExorcism:ReiMu"},{"floor":42,"key":"Gensokyo:OccultBall"},{"floor":42,"key":"War Paint"},{"floor":42,"key":"Prayer Wheel"},{"floor":43,"key":"Centennial Puzzle"},{"floor":44,"key":"Gensokyo:OccultBall"},{"floor":48,"key":"HornCleat"},{"floor":48,"key":"Torii"},{"floor":54,"key":"Happy Flower"},{"floor":54,"key":"Art of War"}],"event_choices":[],"is_beta":false,"boss_relics":[{"not_picked":["SlaversCollar","Runic Dome"],"picked":"Coffee Dripper"},{"not_picked":["Pandora\u0027s Box","Fusion Hammer"],"picked":"Black Star"}],"items_purged_floors":[],"is_endless":false,"potions_floor_spawned":[5,16,20,23,24,30,31,33,42,44,48],"ascension_level":0}}