{"host":"a03nuch2hxtfs9ti","time":1611025222,"event":{"mods":["BaseMod","Custom Start","Marisa£®ÏF”Í°°ƒß¿Ì…≥£©","Minty Spire (QoL Compilation)","Replay The Spire","StSLib","Td1madao Mod","The Servant 0.9.4"],"gold_per_floor":[109,129,129,140,155,185,216,243,323,323,323,273,38,65,65,163,163,177,194,194,293,293,293,303,313,338,338,368,418,434,467,467,467,467],"floor_reached":33,"language":"ZHS","playtime":1802,"items_purged":[],"score":310,"play_id":"9929e452-b2cf-494d-ae3e-6d8525540f50","local_time":"20210119110022","is_ascension_mode":true,"campfire_choices":[{"data":"Body Slam","floor":10.0,"key":"SMITH"},{"data":"ReplayReversal","floor":15.0,"key":"SMITH"},{"data":"Fiend Fire","floor":23.0,"key":"SMITH"},{"data":"Evolve","floor":32.0,"key":"SMITH"}],"circlet_count":0,"master_deck":["Strike_R","Strike_R","Strike_R","Defend_R","Defend_R","Defend_R","Bash","Warcry","Thunderclap","Evolve+1","Body Slam+1","ReplayReversal+1","Power Through","Fiend Fire+1","ReplayTheSpireMod:Stacked","Disarm","Bloodletting","Sever Soul","Flame Barrier","Dual Wield+1","Wild Strike+1"],"relics":["Burning Blood","Bronze Scales","Blood Vial","Garlic","Happy Flower","Replay:Baseball","Philosopher\u0027s Stone","Another Sword","Regal Pillow","Lantern","PreservedInsect"],"acts_visited":["Exordium","TheCity"],"potions_floor_usage":[33,33,33],"damage_taken":[{"damage":1.0,"enemies":"Jaw Worm","floor":1.0,"turns":3.0},{"damage":11.0,"enemies":"2 Louse","floor":2.0,"turns":4.0},{"damage":4.0,"enemies":"Small Slimes","floor":4.0,"turns":3.0},{"damage":4.0,"enemies":"2 Fungi Beasts","floor":5.0,"turns":4.0},{"damage":20.0,"enemies":"3 Sentries","floor":6.0,"turns":9.0},{"damage":0.0,"enemies":"Gremlin Gang","floor":7.0,"turns":3.0},{"damage":39.0,"enemies":"Gremlin Nob","floor":8.0,"turns":5.0},{"damage":4.0,"enemies":"Hexaghost","floor":16.0,"turns":9.0},{"damage":0.0,"enemies":"Chosen","floor":18.0,"turns":3.0},{"damage":0.0,"enemies":"Spheric Guardian","floor":19.0,"turns":3.0},{"damage":10.0,"enemies":"3 Cultists","floor":24.0,"turns":5.0},{"damage":0.0,"enemies":"Snecko","floor":25.0,"turns":3.0},{"damage":34.0,"enemies":"Gremlin Leader","floor":28.0,"turns":9.0},{"damage":16.0,"enemies":"Sentry and Sphere","floor":30.0,"turns":7.0},{"damage":9.0,"enemies":"Replay:Snechameleon","floor":31.0,"turns":5.0},{"damage":62,"enemies":"Collector","floor":33,"turns":7}],"seed_played":"-6380862435482650740","potions_obtained":[{"floor":2.0,"key":"Explosive Potion"},{"floor":5.0,"key":"Dexterity Potion"},{"floor":6.0,"key":"ColorlessPotion"},{"floor":8.0,"key":"BloodPotion"},{"floor":16.0,"key":"Flashbang"},{"floor":25.0,"key":"ColorlessPotion"},{"floor":28.0,"key":"Adrenaline Potion"},{"floor":31.0,"key":"DuplicationPotion"}],"is_trial":false,"path_per_floor":["M","M","?","M","M","E","M","E","T","R","?","?","$","T","R","B",null,"M","M","?","?","?","R","M","M","T","?","E","?","M","E","R","B"],"character_chosen":"IRONCLAD","items_purchased":["Power Through","Happy Flower"],"campfire_rested":0,"item_purchase_floors":[13,13],"current_hp_per_floor":[80,75,75,77,79,65,71,38,38,38,31,31,31,31,31,35,80,80,80,80,80,80,80,76,80,80,80,52,52,44,43,43,0,0],"gold":467,"neow_bonus":"REMOVE_CARD","is_daily":false,"chose_seed":false,"campfire_upgraded":4,"win_rate":0.0,"timestamp":1611025222,"path_taken":["M","M","?","M","M","E","M","E","T","R","?","?","$","?","R","BOSS","M","M","?","?","?","R","M","?","T","?","E","?","M","E","R","BOSS"],"items_purchased_type":["Card","Relic"],"build_version":"2020-12-22","purchased_purges":0,"victory":false,"max_hp_per_floor":[80,80,80,80,80,80,80,80,80,80,80,80,80,80,80,80,80,80,80,80,80,80,80,80,80,80,80,80,80,80,80,80,80,80],"card_choices":[{"not_picked":["Sword Boomerang","Rampage"],"picked":"Warcry","floor":1.0},{"not_picked":["Massacre","ReplayTheSpireMod:Corrosion Curse"],"picked":"Thunderclap","floor":2.0},{"not_picked":["Clash","Carnage"],"picked":"Evolve","floor":4.0},{"not_picked":["Armaments","Havoc","ReplayTheSpireMod:Limb From Limb"],"picked":"SKIP","floor":5.0},{"not_picked":["Armaments","Havoc","ReplayTheSpireMod:Limb From Limb"],"picked":"SKIP","floor":5.0},{"not_picked":["Replay:Undeath\u0027s Touch","Infernal Blade"],"picked":"Body Slam","floor":6.0},{"not_picked":["ReplayTheSpireMod:LeadingStrike","Pommel Strike"],"picked":"ReplayReversal","floor":7.0},{"not_picked":["Anger","Hemokinesis","Demon Form"],"picked":"SKIP","floor":8.0},{"not_picked":["Berserk","Immolate"],"picked":"Fiend Fire","floor":16.0},{"not_picked":["Havoc","Shockwave","Warcry"],"picked":"SKIP","floor":18.0},{"not_picked":["Reckless Charge","Whirlwind"],"picked":"ReplayTheSpireMod:Stacked","floor":19.0},{"not_picked":["Inflame","ReplayTheSpireMod:Limb From Limb"],"picked":"Disarm","floor":24.0},{"not_picked":["Intimidate","Pommel Strike"],"picked":"Bloodletting","floor":25.0},{"not_picked":["Replay:Undeath\u0027s Touch+1","Uppercut"],"picked":"Flame Barrier","floor":28.0},{"not_picked":["Reckless Charge","Heavy Blade"],"picked":"Dual Wield+1","floor":30.0},{"not_picked":["ReplayTheSpireMod:Strike From Hell","Heavy Blade"],"picked":"Wild Strike+1","floor":31.0}],"player_experience":279039,"relics_obtained":[{"floor":6.0,"key":"Bronze Scales"},{"floor":8.0,"key":"Blood Vial"},{"floor":9.0,"key":"Garlic"},{"floor":14.0,"key":"Replay:Baseball"},{"floor":26.0,"key":"Regal Pillow"},{"floor":28.0,"key":"Lantern"},{"floor":31.0,"key":"PreservedInsect"}],"event_choices":[{"damage_healed":0.0,"max_hp_gain":0.0,"max_hp_loss":0.0,"gold_gain":0.0,"event_name":"Liars Game","player_choice":"Ignored","floor":3.0,"gold_loss":0.0,"damage_taken":0.0},{"cards_removed":["Strike_R"],"damage_healed":0.0,"max_hp_gain":0.0,"max_hp_loss":0.0,"gold_gain":0.0,"event_name":"Golden Wing","player_choice":"Card Removal","floor":11.0,"gold_loss":0.0,"damage_taken":7.0},{"cards_removed":["Defend_R"],"damage_healed":0.0,"max_hp_gain":0.0,"max_hp_loss":0.0,"gold_gain":0.0,"event_name":"The Cleric","player_choice":"Card Removal","floor":12.0,"gold_loss":50.0,"damage_taken":0.0},{"damage_healed":0.0,"max_hp_gain":0.0,"max_hp_loss":0.0,"gold_gain":0.0,"event_name":"Ghosts","player_choice":"Ignored","floor":20.0,"gold_loss":0.0,"damage_taken":0.0},{"damage_healed":0.0,"max_hp_gain":0.0,"max_hp_loss":0.0,"gold_gain":99.0,"event_name":"Nest","player_choice":"Stole From Cult","floor":21.0,"gold_loss":0.0,"damage_taken":0.0},{"damage_healed":0.0,"max_hp_gain":0.0,"max_hp_loss":0.0,"gold_gain":0.0,"event_name":"WeMeetAgain","player_choice":"Gave Potion","floor":22.0,"gold_loss":0.0,"damage_taken":0.0,"relics_obtained":["Another Sword"]},{"damage_healed":0.0,"max_hp_gain":0.0,"max_hp_loss":0.0,"gold_gain":0.0,"event_name":"The Library","player_choice":"Read","floor":27.0,"gold_loss":0.0,"damage_taken":0.0,"cards_obtained":["Sever Soul"]},{"damage_healed":0.0,"max_hp_gain":0.0,"max_hp_loss":0.0,"gold_gain":100.0,"event_name":"The Joust","player_choice":"Bet on Murderer","floor":29.0,"gold_loss":50.0,"damage_taken":0.0}],"is_beta":false,"boss_relics":[{"not_picked":["Empty Cage","Replay:Grab Bag"],"picked":"Philosopher\u0027s Stone"}],"items_purged_floors":[],"is_endless":false,"potions_floor_spawned":[2,5,6,8,16,25,28,31],"killed_by":"Collector","ascension_level":1}}