{"host":"f5gffvlv6a66yqkd","time":1611073644,"event":{"mods":["2.2 Compatiblity","BaseMod","Colored Map","Custom Start","Dark Map","DeckTracker","Keyboard Shortcuts","Minty Spire (QoL Compilation)","Permanent Neow","Quick Restart","Relic Stats","StSLib","SuperFastMode"],"gold_per_floor":[216,1,14,27,27,43,43,43],"floor_reached":7,"language":"KOR","playtime":181,"items_purged":[],"score":86,"play_id":"06eab8d6-4532-4fe8-b553-0264c6bd8d8a","local_time":"20210120012724","is_ascension_mode":true,"campfire_choices":[],"circlet_count":0,"master_deck":["AscendersBane","Strike_G","Strike_G","Strike_G","Strike_G","Defend_G","Defend_G","Defend_G","Defend_G","Defend_G","Survivor","Neutralize","Well Laid Plans","Skewer","Flying Knee","Concentrate","Outmaneuver"],"relics":["Ring of the Snake","Oddly Smooth Stone"],"acts_visited":["Exordium"],"potions_floor_usage":[],"damage_taken":[{"damage":1,"enemies":"Small Slimes","floor":1,"turns":3},{"damage":4,"enemies":"Cultist","floor":3,"turns":3},{"damage":0,"enemies":"Jaw Worm","floor":4,"turns":5},{"damage":18,"enemies":"Exordium Wildlife","floor":6,"turns":7},{"damage":32,"enemies":"Gremlin Nob","floor":7,"turns":4}],"seed_played":"-4316478572080412196","potions_obtained":[{"floor":3,"key":"FearPotion"}],"is_trial":false,"path_per_floor":["M","$","M","M","?","M","E"],"character_chosen":"THE_SILENT","items_purchased":["Oddly Smooth Stone","Skewer"],"campfire_rested":0,"item_purchase_floors":[2,2],"current_hp_per_floor":[58,58,54,54,54,36,4,4],"gold":43,"neow_bonus":"HUNDRED_GOLD","is_daily":false,"chose_seed":false,"campfire_upgraded":0,"win_rate":0.0,"timestamp":1611073644,"path_taken":["M","$","M","M","?","M","E"],"items_purchased_type":["Relic","Card"],"build_version":"2020-12-22","purchased_purges":0,"victory":false,"max_hp_per_floor":[66,66,66,66,66,66,66,66],"relic_stats":{"counters":[5,22],"obtain_stats":[{"Oddly Smooth Stone":2,"Ring of the Snake":0},{"Oddly Smooth Stone":1,"Ring of the Snake":0},{"Oddly Smooth Stone":3,"Ring of the Snake":0}],"Ring of the Snake":[10]},"card_choices":[{"not_picked":["Poisoned Stab","Caltrops"],"picked":"Well Laid Plans","floor":1},{"not_picked":["Acrobatics","Skewer"],"picked":"Flying Knee","floor":3},{"not_picked":["Leg Sweep","Quick Slash"],"picked":"Concentrate","floor":4},{"not_picked":["Dash","Dodge and Roll"],"picked":"Outmaneuver","floor":6}],"player_experience":1603358,"relics_obtained":[],"event_choices":[{"cards_removed":["Strike_G"],"damage_healed":0,"gold_gain":0,"player_choice":"Purged","damage_taken":0,"max_hp_gain":0,"max_hp_loss":0,"event_name":"Purifier","floor":5,"gold_loss":0}],"is_beta":false,"boss_relics":[],"items_purged_floors":[],"is_endless":false,"potions_floor_spawned":[3],"killed_by":"Gremlin Nob","ascension_level":20}}