{"host":"yttw759xqm3gosmj","time":1611085717,"event":{"mods":["AchievementEnabler","Aspiration","Bartender","BaseMod","Bestiary","Better Note","Better Third Choice","BetterRewards","Clockwork Mod","Colored Map","Colorless Booster Pack","Conspire","Custom Start","Dark Map","Dio Mod","Energized Spire","Fiend Mod","GifTheSpireLib","Glutton Mod","Googly Eyes","Hermit","Hubris","Infinite Spire","Ironclad Rager","Mimic Mod","Minty Spire (QoL Compilation)","MostiFishMod","Rare Cards Sparkle","RatMod","Replay The Spire","Retaliation","Shade Mod","Shop Mod","Somnambulant","Spicy Shops","Spikes Relics","Spire Birthday Party","StSLib","Stuff the Spire","The Alterego","The Animator","The Bladedancer","The Cursed","The Edgeheg","The Forsaken","The Hierophant","The Judge","The Jungle","The Marked","The Necromancer","The Poker Player","The Servant 0.9.4","The Trickster","TheSwordswoman","TheVacant","Trackpad","Unceasing Turn Reminder","Useless Jewels Mod","Waifu the Spire","WarShipGirlsR/????R mod","egg","slay the spire mod where everything is the same but ironclad has a cowboy hat","thorton","vexMod","??????REMEMod"],"gold_per_floor":[113,128,128,144,144,178,178,191,215,215,229,246,246,28,28,128,128,146,146,146,146,146,161,161,161,171,181,218,228,228,241,273,285,285,285,285],"floor_reached":35,"language":"ENG","playtime":2691,"items_purged":[],"score":381,"play_id":"e8974381-9062-49b1-8d31-124f6b808297","local_time":"20210119144837","is_ascension_mode":false,"campfire_choices":[{"floor":7.0,"key":"REST"},{"floor":10.0,"key":"REST"},{"floor":13.0,"key":"REST"},{"floor":15.0,"key":"REST"},{"floor":25.0,"key":"REST"},{"floor":30,"key":"REST"},{"floor":34,"key":"REST"}],"circlet_count":0,"master_deck":["Strike_S","Strike_S","Strike_S","Strike_S","Defend_S","Defend_S","Defend_S","Defend_S","KidneyShot","Exchange","Infinite Blades","SilverBlades+1","Comet","Rearm","GearUp","RealityMarble","Moonlight","Starlight","BestPractice","RealityMarble","MostiFishMod:PerfectForm","FlawlessForm","Rewind+1","theMarked:HeritageOfTheMarked+1","Foresight","Pain","Potential+1","MurderousAura","Moonlight+1","DoubleEdge","Unruled","DoubleEdge","ShatteredReality+1"],"relics":["Uniform","REME_ComplimentaryCards","DaveBox","Membership Card","Ancient Tea Set","Protect_Vest","MerchantsRug","StuffTheSpire:Wildfire","SynthV:TestCard","Replay:WaspNest","trackpad:CultistFigurine","Replay:Wax Seal","conspire:Flyswatter","Sling","Ring of Chaos","WarpedTongs","trackpad:ToughGloves","Smiling Mask"],"acts_visited":["Exordium","TheCity"],"potions_floor_usage":[33,33,35],"damage_taken":[{"damage":0.0,"enemies":"conspire:RoseBush","floor":1.0,"turns":4.0},{"damage":0.0,"enemies":"Cultist","floor":2.0,"turns":4.0},{"damage":0.0,"enemies":"Jaw Worm","floor":4.0,"turns":4.0},{"damage":13.0,"enemies":"3 Sentries","floor":6.0,"turns":7.0},{"damage":10.0,"enemies":"conspire:2 RoseBushes","floor":8.0,"turns":4.0},{"damage":3.0,"enemies":"3 Louse","floor":11.0,"turns":2.0},{"damage":13.0,"enemies":"Exordium Thugs","floor":12.0,"turns":5.0},{"damage":31.0,"enemies":"Hexaghost","floor":16.0,"turns":4.0},{"damage":22.0,"enemies":"conspire:FuzzyDice","floor":18.0,"turns":4.0},{"damage":20.0,"enemies":"Spheric Guardian","floor":23.0,"turns":5.0},{"damage":24.0,"enemies":"Chosen and Byrds","floor":26.0,"turns":6.0},{"damage":2.0,"enemies":"Snecko","floor":27.0,"turns":5.0},{"damage":6.0,"enemies":"conspire:HollyBat","floor":28.0,"turns":7.0},{"damage":0.0,"enemies":"conspire:HollyBat","floor":29.0,"turns":5.0},{"damage":7,"enemies":"Centurion and Healer","floor":31,"turns":6},{"damage":9,"enemies":"conspire:SneckoGhost","floor":32,"turns":6},{"damage":3,"enemies":"Shelled Parasite and Fungi","floor":33,"turns":6},{"damage":49,"enemies":"Automaton","floor":35,"turns":6}],"seed_played":"-1548802372684248472","potions_obtained":[{"floor":1.0,"key":"Weak Potion"},{"floor":4.0,"key":"Fire Potion"},{"floor":6.0,"key":"BlessingOfTheForge"},{"floor":18.0,"key":"Adrenaline Potion"},{"floor":19.0,"key":"PowerPotion"},{"floor":19.0,"key":"LiquidMemories"},{"floor":27.0,"key":"Elixir"},{"floor":31,"key":"Languid Potion"}],"is_trial":false,"path_per_floor":["M","M","?","M","?","E","R","M","T","R","M","M","R","$","R","B",null,"M","?","?","PTL","PTL","M","?","R","M","M","MIM","M","R","M","E","M","R","B"],"character_chosen":"THE_SERVANT","items_purchased":["Ancient Tea Set","Protect_Vest","SilverBlades","MerchantsRug","Comet","MostiFishMod:PerfectForm","conspire:Flyswatter","Sling"],"campfire_rested":7,"item_purchase_floors":[0,0,0,0,0,14,14,14],"current_hp_per_floor":[34,34,34,34,34,21,39,29,29,47,44,31,49,49,60,29,60,38,38,38,38,38,18,18,36,12,10,4,4,22,15,6,3,21,0,0],"gold":285,"neow_bonus":"","is_daily":false,"chose_seed":false,"campfire_upgraded":0,"win_rate":0.0,"timestamp":1611085717,"path_taken":["M","M","?","?","?","E","R","M","T","R","?","M","R","$","R","BOSS","M","?","?","PTL","PTL","M","?","R","M","M","MIM","M","R","M","E","M","R","BOSS"],"items_purchased_type":["Relic","Relic","Card","Relic","Card","Card","Relic","Relic"],"build_version":"2020-12-22","purchased_purges":0,"victory":false,"max_hp_per_floor":[60,60,60,60,60,60,60,60,60,60,60,60,60,60,60,60,60,60,60,60,60,60,60,60,60,60,60,60,60,60,60,60,60,60,60,60],"card_choices":[{"not_picked":["Unruled","DoubleEdge"],"picked":"Rearm","floor":1.0},{"not_picked":["Rearm","Replace","Spin","Unruled"],"picked":"GearUp","floor":2.0},{"not_picked":["Rearm","Read","TimeWarp","BottledTime"],"picked":"RealityMarble","floor":4.0},{"not_picked":["ShatteredReality","Desolation","SilverBlades","Alleviate"],"picked":"Moonlight","floor":6.0},{"not_picked":["Unruled","Defy","Deadline","Manipulate"],"picked":"Starlight","floor":8.0},{"not_picked":["Spin","Rewind","ShatteredReality","Shuttle"],"picked":"BestPractice","floor":11.0},{"not_picked":["Advance","Alleviate","Comet","Revamp"],"picked":"RealityMarble","floor":12.0},{"not_picked":["Solidify","Embodiment","Dilation","KillingDoll"],"picked":"FlawlessForm","floor":16.0},{"not_picked":["Manipulate","Revamp","Potential+1","Ricochet"],"picked":"Rewind+1","floor":18.0},{"not_picked":["Replace","Contraction","Moonlight+1","Shuttle"],"picked":"Foresight","floor":23.0},{"not_picked":["Read","Unruled","Comet","Contraction"],"picked":"Potential+1","floor":26.0},{"not_picked":["Starlight","Snipe","Revamp+1","Unruled"],"picked":"MurderousAura","floor":27.0},{"not_picked":["Shuttle","Revamp","Replace","Starlight+1"],"picked":"Moonlight+1","floor":28.0},{"not_picked":["Rearm","Rewind","Ricochet+1","TimeWarp"],"picked":"DoubleEdge","floor":29.0},{"not_picked":["TimeTheft","Rewind+1","BestPractice","ShatteredReality"],"picked":"Unruled","floor":31},{"not_picked":["BestPractice","Starlight","TimeWarp","Revamp"],"picked":"DoubleEdge","floor":32},{"not_picked":["TimeWarp","Replace+1","FastForward+1","Unruled+1"],"picked":"ShatteredReality+1","floor":33}],"player_experience":121945,"relics_obtained":[{"floor":1.0,"key":"SynthV:TestCard"},{"floor":6.0,"key":"trackpad:CultistFigurine"},{"floor":9.0,"key":"Replay:Wax Seal"},{"floor":28.0,"key":"trackpad:ToughGloves"},{"floor":32,"key":"Smiling Mask"}],"event_choices":[{"damage_healed":0.0,"max_hp_gain":0.0,"max_hp_loss":0.0,"gold_gain":0.0,"event_name":"WeMeetAgain","player_choice":"Gave Potion","floor":3.0,"gold_loss":0.0,"damage_taken":0.0,"relics_obtained":["Replay:WaspNest"]},{"damage_healed":0.0,"max_hp_gain":0.0,"max_hp_loss":0.0,"gold_gain":0.0,"event_name":"Upgrade Shrine","player_choice":"Upgraded","floor":5.0,"gold_loss":0.0,"damage_taken":0.0,"cards_upgraded":["SilverBlades"]},{"damage_healed":0.0,"max_hp_gain":0.0,"max_hp_loss":0.0,"gold_gain":0.0,"event_name":"Lab","player_choice":"Got Potions","floor":19.0,"gold_loss":0.0,"damage_taken":0.0},{"cards_removed":["MostiFishMod:PerfectForm"],"damage_healed":0.0,"max_hp_gain":0.0,"max_hp_loss":0.0,"gold_gain":0.0,"event_name":"betterNote:BetterNote","player_choice":"Take \u0026 Give","floor":20.0,"gold_loss":0.0,"damage_taken":0.0,"cards_obtained":["theMarked:HeritageOfTheMarked"]},{"damage_healed":0.0,"max_hp_gain":0.0,"max_hp_loss":0.0,"gold_gain":0.0,"event_name":"Accursed Blacksmith","player_choice":"Rummage","floor":24.0,"gold_loss":0.0,"damage_taken":0.0,"relics_obtained":["WarpedTongs"],"cards_obtained":["Pain"]}],"is_beta":false,"boss_relics":[{"not_picked":["conspire:SlowCooker","TakeMeEscape"],"picked":"Ring of Chaos"}],"items_purged_floors":[],"is_endless":false,"potions_floor_spawned":[1,4,6,18,23,27,31],"killed_by":"Automaton","ascension_level":0}}