{"host":"opg65mucj6ra7dr1","time":1611066013,"event":{"mods":["BaseMod","DeckTracker","Keyboard Shortcuts","Minty Spire (QoL Compilation)","Permanent Neow","Quick Restart","everything is the same but u backflip on backflip"],"gold_per_floor":[369,389,68,85,35,69,69,97,97,114,114,114],"floor_reached":11,"language":"KOR","playtime":224,"items_purged":["Clumsy"],"score":95,"play_id":"e09cf108-d6cb-4de4-9394-44ce9f02541e","local_time":"20210119232013","is_ascension_mode":true,"campfire_choices":[],"circlet_count":0,"master_deck":["Strike_B","Strike_B","Strike_B","Defend_B","Defend_B","Defend_B","Defend_B","Dualcast","Ball Lightning","Doom and Gloom","Hologram","Stack","Conserve Battery","Fusion"],"relics":["Cracked Core","MealTicket","Meat on the Bone","Kunai","Letter Opener"],"acts_visited":["Exordium"],"potions_floor_usage":[10],"damage_taken":[{"damage":9.0,"enemies":"Small Slimes","floor":1.0,"turns":3.0},{"damage":0.0,"enemies":"Jaw Worm","floor":2.0,"turns":1.0},{"damage":0.0,"enemies":"Cultist","floor":4.0,"turns":2.0},{"damage":40.0,"enemies":"Gremlin Nob","floor":6.0,"turns":4.0},{"damage":18.0,"enemies":"Lagavulin","floor":8.0,"turns":4.0},{"damage":10,"enemies":"Gremlin Gang","floor":10,"turns":3},{"damage":8,"enemies":"Gremlin Nob","floor":11,"turns":3}],"seed_played":"-3570771764319659017","potions_obtained":[{"floor":1.0,"key":"Fire Potion"},{"floor":8.0,"key":"BlessingOfTheForge"}],"is_trial":false,"path_per_floor":["M","M","$","M","?","E","?","E","T","M","E"],"character_chosen":"DEFECT","items_purchased":["Hologram","Stack","MealTicket"],"campfire_rested":0,"item_purchase_floors":[3,3,3],"current_hp_per_floor":[66,66,66,66,66,26,26,20,20,22,14,14],"gold":114,"neow_bonus":"TWO_FIFTY_GOLD","is_daily":false,"chose_seed":false,"campfire_upgraded":0,"win_rate":0.0,"timestamp":1611066013,"path_taken":["M","M","$","M","?","E","?","E","T","?","E"],"items_purchased_type":["Card","Card","Relic"],"build_version":"2020-12-22","purchased_purges":1,"victory":false,"max_hp_per_floor":[75,75,75,75,75,75,75,75,75,75,75,75],"card_choices":[{"not_picked":["Chaos","Turbo"],"picked":"Ball Lightning","floor":1.0},{"not_picked":["Loop","Beam Cell"],"picked":"Doom and Gloom","floor":2.0},{"not_picked":["Glacier","Chaos"],"picked":"Conserve Battery","floor":4.0},{"not_picked":["Beam Cell","Scrape","Glacier"],"picked":"SKIP","floor":6.0},{"not_picked":["Chill","Reinforced Body","Rebound"],"picked":"SKIP","floor":8.0},{"not_picked":["Stack","Sweeping Beam"],"picked":"Fusion","floor":10}],"player_experience":144138,"relics_obtained":[{"floor":6.0,"key":"Meat on the Bone"},{"floor":8.0,"key":"Kunai"},{"floor":9.0,"key":"Letter Opener"}],"event_choices":[{"cards_removed":["Strike_B"],"damage_healed":0.0,"max_hp_gain":0.0,"max_hp_loss":0.0,"gold_gain":0.0,"event_name":"The Cleric","player_choice":"Card Removal","floor":5.0,"gold_loss":50.0,"damage_taken":0.0},{"cards_removed":["Zap"],"damage_healed":0.0,"max_hp_gain":0.0,"max_hp_loss":0.0,"gold_gain":0.0,"event_name":"Purifier","player_choice":"Purged","floor":7.0,"gold_loss":0.0,"damage_taken":0.0}],"is_beta":false,"boss_relics":[],"items_purged_floors":[3],"is_endless":false,"potions_floor_spawned":[1,8],"killed_by":"Gremlin Nob","ascension_level":3}}