{"host":"j9l1rwahbyzerpwa","time":1611040800,"event":{"mods":["100% Spire Juice","ATMod(°¢èªMod)","Arknights The Spire","BaseMod","Downfall","Energized Spire","KomeijiMod","Minty Spire (QoL Compilation)","MostiFishMod","Relic Stats","Spicy Shops","StSLib","The Dragon Tamer","The Marked","[IsaacMod]ÒÔÈö¼âËþ","¡¾ÒÅÎï¿¨ÅÆ¡¿REMEMod"],"gold_per_floor":[99,99,99,99,113,131,131,149,49,59,59,79,95,95,113,214,214,214,227,239,250,250,261,261,184,202,219,219,119,119,0,19,120,120,120,135,150,162,178,178,178,190,219,119,139,18,33,51,69,69,69,94,15,15,15,15,15],"floor_reached":55,"language":"ZHS","playtime":4599,"items_purged":["Regret","Regret"],"score":826,"play_id":"614fd6c4-2840-4d9a-bc76-f9ad97253128","local_time":"20210119152000","is_ascension_mode":false,"campfire_choices":[{"data":"Storm of Steel","floor":1.0,"key":"SMITH"},{"data":"champ:GladiatorForm","floor":9.0,"key":"SMITH"},{"floor":18.0,"key":"RECALL"},{"data":"champ:Execute","floor":29.0,"key":"SMITH"},{"data":"champ:UltimateStance","floor":35.0,"key":"SMITH"},{"data":"champ:LastStand","floor":44.0,"key":"SMITH"},{"data":"Apotheosis","floor":54.0,"key":"SMITH"}],"circlet_count":0,"master_deck":["champ:Strike","champ:Strike","champ:Strike","champ:Strike","champ:Defend","champ:Defend","champ:Defend","champ:Defend","champ:Taunt","Storm of Steel+1","AT_DarkMatter","champ:StanceDance","champ:GladiatorForm+1","champ:FocusedDefense","champ:GutPunch","champ:FancyFootwork","champ:ShieldThrow","champ:CalledShot+1","champ:HeartStrike","champ:FocusedBerserking","champ:FancyFootwork+1","champ:UltimateStance+1","champ:LastStand+1","champ:FaceSlap+1","champ:EndlessRage+1","champ:BerserkerStyle","champ:FancyFootwork+1","Apotheosis+1","champ:BerserkerStyle"],"relics":["champ:ChampionCrownUpgraded","HushsDoor","AT_ATBox","DaveBox","REME_ComplimentaryCards","MetatronsCube","SatanicBible","downfall:HeartsMalice","downfall:HeartBlessingBlue","TimeKeys","AT_TimeSand","MostiFishMod:AdaptiveDefenses","downfall:HeartBlessingRed","AnarchistCookbook","Membership Card","ImprovedEquipment","RottenBaby","Oddly Smooth Stone","AT_EbonyIvory","Regal Pillow","downfall:HeartBlessingGreen","Sundial","AT_DeathDance","SteamSale","Lantern","TheBean","Guardian:GemstoneGun","BelialBook","Chemical X"],"acts_visited":["Exordium","TheCity","TheBeyond","TheEnding"],"potions_floor_usage":[],"damage_taken":[{"damage":0.0,"enemies":"Small Slimes","floor":2.0,"turns":1.0},{"damage":0.0,"enemies":"2 Louse","floor":3.0,"turns":1.0},{"damage":0.0,"enemies":"Cultist","floor":4.0,"turns":1.0},{"damage":10.0,"enemies":"Exordium Wildlife","floor":5.0,"turns":1.0},{"damage":12.0,"enemies":"Blue Slaver","floor":6.0,"turns":3.0},{"damage":24.0,"enemies":"Exordium Wildlife","floor":8.0,"turns":6.0},{"damage":0.0,"enemies":"Exordium Thugs","floor":10.0,"turns":1.0},{"damage":0.0,"enemies":"Large Slime","floor":12.0,"turns":3.0},{"damage":12.0,"enemies":"Blue Slaver","floor":13.0,"turns":4.0},{"damage":27.0,"enemies":"Exordium Thugs","floor":15.0,"turns":4.0},{"damage":53.0,"enemies":"IC_STATUS_ARCHETYPE","floor":16.0,"turns":8.0},{"damage":8.0,"enemies":"3 Byrds","floor":19.0,"turns":4.0},{"damage":20.0,"enemies":"Spheric Guardian","floor":20.0,"turns":4.0},{"damage":0.0,"enemies":"Shelled Parasite and Fungi","floor":21.0,"turns":2.0},{"damage":25.0,"enemies":"Centurion and Healer","floor":23.0,"turns":4.0},{"damage":80.0,"enemies":"downfall:FleeingMerchant","floor":25.0,"turns":4.0},{"damage":61.0,"enemies":"Snake Plant","floor":26.0,"turns":5.0},{"damage":32.0,"enemies":"Shelled Parasite and Fungi","floor":27.0,"turns":3.0},{"damage":41.0,"enemies":"downfall:FleeingMerchant","floor":31.0,"turns":5.0},{"damage":0.0,"enemies":"3 Cultists","floor":32.0,"turns":1.0},{"damage":70.0,"enemies":"WA_ARCHETYPE_CALM","floor":33.0,"turns":4.0},{"damage":0.0,"enemies":"3 Darklings","floor":36.0,"turns":1.0},{"damage":25.0,"enemies":"Orb Walker","floor":37.0,"turns":2.0},{"damage":41.0,"enemies":"Writhing Mass","floor":38.0,"turns":3.0},{"damage":126.0,"enemies":"Transient","floor":39.0,"turns":5.0},{"damage":66.0,"enemies":"Maw","floor":42.0,"turns":3.0},{"damage":20.0,"enemies":"Nemesis","floor":43.0,"turns":2.0},{"damage":25.0,"enemies":"Spire Growth","floor":45.0,"turns":3.0},{"damage":5.0,"enemies":"Jaw Worm Horde","floor":47.0,"turns":1.0},{"damage":30.0,"enemies":"Sphere and 2 Shapes","floor":48.0,"turns":3.0},{"damage":45.0,"enemies":"4 Shapes","floor":49.0,"turns":2.0},{"damage":64.0,"enemies":"SI_POISON_ARCHETYPE","floor":50.0,"turns":3.0},{"damage":70.0,"enemies":"downfall:CharBossMerchant","floor":52.0,"turns":3.0},{"damage":0,"enemies":"downfall:NeowBoss","floor":55,"turns":1}],"seed_played":"-7632378401782989908","potions_obtained":[{"floor":6.0,"key":"Ancient Potion"},{"floor":8.0,"key":"BlessingOfTheForge"},{"floor":10.0,"key":"CalmPotion"},{"floor":16.0,"key":"CalmPotion"},{"floor":26.0,"key":"DuplicationPotion"},{"floor":33.0,"key":"AttackPotion"},{"floor":38.0,"key":"Fire Potion"},{"floor":43.0,"key":"champ:UltimateStancePotion"},{"floor":48.0,"key":"champ:TechniquePotion"}],"is_trial":false,"path_per_floor":["R","M","M","M","M","M","T","M","R","M","?","M","M","?","M","B",null,"R","M","M","M","?","M","T","$","M","M","?","R","T","$","M","B",null,"R","M","M","M","M","?","T","M","E","R","M","$","M","M","M","B",null,"E","$","R","B"],"character_chosen":"THE_CHAMP","items_purchased":["MostiFishMod:AdaptiveDefenses","Membership Card","champ:UltimateStance","ImprovedEquipment","RottenBaby","Sundial","SteamSale","Lantern","TheBean","Guardian:GemstoneGun","BelialBook","Chemical X","Apotheosis","champ:BerserkerStyle"],"campfire_rested":0,"item_purchase_floors":[25,31,31,31,34,46,53,53,53,53,53,53,53,53],"current_hp_per_floor":[90,90,90,90,90,90,90,76,86,91,96,105,103,103,86,53,105,105,102,102,102,102,92,92,92,102,103,82,82,82,76,76,103,94,94,94,94,88,94,94,94,93,94,94,94,94,94,94,94,80,94,94,94,94,94,94,94],"gold":15,"neow_bonus":"THREE_ENEMY_KILL","is_daily":false,"chose_seed":false,"campfire_upgraded":6,"win_rate":0.0,"timestamp":1611040800,"path_taken":["R","M","M","M","M","M","T","M","R","M","?","M","?","?","M","BOSS","R","M","M","M","?","M","T","?","M","M","?","R","?","$","M","BOSS","R","M","M","M","M","?","T","M","E","R","M","$","M","?","M","BOSS","E","$","R","BOSS"],"items_purchased_type":["Relic","Relic","Card","Relic","Relic","Relic","Relic","Relic","Relic","Relic","Relic","Relic","Card","Card"],"build_version":"2020-12-22","purchased_purges":2,"victory":false,"max_hp_per_floor":[90,90,90,90,90,90,90,90,100,100,105,105,105,105,105,105,105,105,105,105,105,105,105,105,105,105,105,110,110,110,110,110,110,94,94,94,94,94,94,94,94,94,94,94,94,94,94,94,94,94,94,94,94,94,94,94,94],"relic_stats":{"Regal Pillow":0,"counters":[33,97],"Sundial":[4],"Chemical X":[1],"obtain_stats":[{"AnarchistCookbook":30,"Regal Pillow":43,"Lantern":53,"AT_ATBox":0,"DaveBox":0,"TimeKeys":17,"champ:ChampionCrown":0,"MostiFishMod:AdaptiveDefenses":25,"downfall:HeartBlessingGreen":44,"AT_TimeSand":24,"SatanicBible":0,"TheBean":53,"downfall:HeartBlessingBlue":9,"Sundial":46,"Chemical X":53,"KeepersGift":0,"downfall:HeartBlessingRed":29,"ImprovedEquipment":31,"Guardian:GemstoneGun":53,"Oddly Smooth Stone":40,"BelialBook":53,"downfall:HeartsMalice":0,"RottenBaby":34,"champ:ChampionCrownUpgraded":34,"AT_EbonyIvory":41,"SteamSale":53,"Membership Card":31,"AT_DeathDance":52,"HushsDoor":0,"REME_ComplimentaryCards":0,"MetatronsCube":0},{"AnarchistCookbook":18,"Regal Pillow":27,"Lantern":33,"AT_ATBox":0,"DaveBox":0,"TimeKeys":11,"champ:ChampionCrown":0,"MostiFishMod:AdaptiveDefenses":16,"downfall:HeartBlessingGreen":27,"AT_TimeSand":15,"SatanicBible":0,"TheBean":33,"downfall:HeartBlessingBlue":6,"Sundial":28,"Chemical X":33,"KeepersGift":0,"downfall:HeartBlessingRed":18,"ImprovedEquipment":19,"Guardian:GemstoneGun":33,"Oddly Smooth Stone":25,"BelialBook":33,"downfall:HeartsMalice":0,"RottenBaby":21,"champ:ChampionCrownUpgraded":21,"AT_EbonyIvory":25,"SteamSale":33,"Membership Card":19,"AT_DeathDance":33,"HushsDoor":0,"REME_ComplimentaryCards":0,"MetatronsCube":0},{"AnarchistCookbook":56,"Regal Pillow":82,"Lantern":97,"AT_ATBox":0,"DaveBox":0,"TimeKeys":30,"champ:ChampionCrown":0,"MostiFishMod:AdaptiveDefenses":48,"downfall:HeartBlessingGreen":82,"AT_TimeSand":44,"SatanicBible":0,"TheBean":97,"downfall:HeartBlessingBlue":10,"Sundial":85,"Chemical X":97,"KeepersGift":0,"downfall:HeartBlessingRed":56,"ImprovedEquipment":61,"Guardian:GemstoneGun":97,"Oddly Smooth Stone":77,"BelialBook":97,"downfall:HeartsMalice":0,"RottenBaby":66,"champ:ChampionCrownUpgraded":66,"AT_EbonyIvory":77,"SteamSale":97,"Membership Card":61,"AT_DeathDance":97,"HushsDoor":0,"REME_ComplimentaryCards":0,"MetatronsCube":0}]},"card_choices":[{"not_picked":["champ:Endure","champ:Duel"],"picked":"champ:StanceDance","floor":2.0},{"not_picked":["champ:ArenaPreparation","champ:Shatter"],"picked":"champ:GladiatorForm","floor":3.0},{"not_picked":["champ:GutPunch","champ:CrownThrow"],"picked":"champ:FocusedDefense","floor":4.0},{"not_picked":["champ:GutPunch","champ:CrownThrow","champ:DefensiveShout"],"picked":"SKIP","floor":5.0},{"not_picked":["champ:CrownThrow","champ:DefensiveShout"],"picked":"champ:GutPunch","floor":5.0},{"not_picked":["champ:BerserkerStyle","champ:RapidStrikes","champ:Endure"],"picked":"SKIP","floor":6.0},{"not_picked":["champ:FocusedDefense","champ:FanOfKnives","champ:EnGarde"],"picked":"SKIP","floor":8.0},{"not_picked":["champ:ArenaPreparation","champ:Circumvent"],"picked":"Bomb","floor":10.0},{"not_picked":["champ:TornadoPunch","champ:PerfectedStrike"],"picked":"champ:FancyFootwork","floor":12.0},{"not_picked":["champ:ArenaPreparation","champ:BerserkersShout","champ:ShieldWall"],"picked":"SKIP","floor":13.0},{"not_picked":["champ:FancyFootwork","champ:DancingMaster","champ:Backstep"],"picked":"SKIP","floor":15.0},{"not_picked":["champ:DancingMaster","champ:GladiatorForm"],"picked":"champ:ShieldThrow","floor":16.0},{"not_picked":["champ:DefensiveShout","champ:SetATrap"],"picked":"champ:CalledShot+1","floor":19.0},{"not_picked":["champ:BladeFlurry","champ:GutPunch","champ:TornadoPunch"],"picked":"SKIP","floor":20.0},{"not_picked":["champ:GladiatorStyle","champ:Shatter","champ:DancingMaster"],"picked":"SKIP","floor":21.0},{"not_picked":["champ:ShieldWall","champ:CalledShot","champ:BerserkersShout"],"picked":"SKIP","floor":23.0},{"not_picked":["champ:BringItOn+1","champ:CalledShot"],"picked":"champ:HeartStrike","floor":25.0},{"not_picked":["champ:Encircle","champ:AdrenalArmor"],"picked":"champ:FocusedBerserking","floor":26.0},{"not_picked":["champ:PreciseThrust","champ:Haymaker","champ:Duel"],"picked":"SKIP","floor":27.0},{"not_picked":["champ:FalseCounter","champ:FanOfKnives"],"picked":"champ:FancyFootwork+1","floor":31.0},{"not_picked":["champ:StanceDance","champ:BringItOn","champ:Circumvent"],"picked":"SKIP","floor":32.0},{"not_picked":["champ:ShieldThrow","champ:VampiricStrike"],"picked":"champ:LastStand","floor":33.0},{"not_picked":["champ:GutPunch+1","champ:CrookedStrike","champ:CrownThrow"],"picked":"SKIP","floor":36.0},{"not_picked":["champ:RapidStrikes","champ:Duel+1"],"picked":"champ:FaceSlap+1","floor":37.0},{"not_picked":["champ:GutPunch+1","champ:BringItOn","champ:TornadoPunch"],"picked":"SKIP","floor":38.0},{"not_picked":["champ:TornadoPunch","champ:DefensiveStyle+1","champ:Haymaker+1"],"picked":"SKIP","floor":39.0},{"not_picked":["champ:EnGarde+1","champ:TornadoPunch+1","champ:GutPunch+1"],"picked":"SKIP","floor":42.0},{"not_picked":["champ:TornadoPunch+1","champ:RapidStrikes","champ:CrownThrow+1"],"picked":"SKIP","floor":43.0},{"not_picked":["champ:DefensiveShout+1","champ:BladeFlurry","champ:Devastate"],"picked":"SKIP","floor":45.0},{"not_picked":["champ:TornadoPunch+1","champ:Shatter","champ:Haymaker+1"],"picked":"SKIP","floor":47.0},{"not_picked":["champ:ShieldSlam","champ:FanOfKnives+1"],"picked":"champ:EndlessRage+1","floor":48.0},{"not_picked":["champ:BerserkerStyle","champ:TornadoPunch","champ:Shatter"],"picked":"SKIP","floor":49.0},{"not_picked":["champ:TornadoPunch","champ:Shatter"],"picked":"champ:BerserkerStyle","floor":49.0},{"not_picked":["champ:Encircle","champ:PreemptiveStrike"],"picked":"champ:FancyFootwork+1","floor":52.0}],"player_experience":285231,"relics_obtained":[{"floor":24.0,"key":"AT_TimeSand"},{"floor":30.0,"key":"AnarchistCookbook"},{"floor":40.0,"key":"Oddly Smooth Stone"},{"floor":41.0,"key":"AT_EbonyIvory"},{"floor":43.0,"key":"Regal Pillow"},{"floor":52.0,"key":"AT_DeathDance"}],"event_choices":[{"damage_healed":0.0,"max_hp_gain":5.0,"max_hp_loss":0.0,"gold_gain":0.0,"event_name":"Big Fish","player_choice":"Donut","floor":11.0,"gold_loss":0.0,"damage_taken":0.0}],"is_beta":false,"boss_relics":[{"not_picked":["RhineFirstAidKit","Runic Pyramid"],"picked":"TimeKeys"},{"not_picked":[]},{"not_picked":["energizedSpire:DeadBattery","Fusion Hammer"],"picked":"champ:ChampionCrownUpgraded"},{"not_picked":[]}],"items_purged_floors":[31,53],"is_endless":false,"potions_floor_spawned":[6,8,10,16,20,26,33,38,43,47,48,49],"killed_by":"downfall:NeowBoss","ascension_level":0}}