{"host":"gj3450u0c4def4mj","time":1611055163,"event":{"mods":["2.2 Compatiblity","BaseMod","Downfall","Minty Spire (QoL Compilation)","StSLib"],"gold_per_floor":[99,125,5,20,320,320,320,331,343,343,369,380,380,413,430,528,528,528,541,541,541,256,316,316,367,417,475,231,287,287,307,327,327,327],"floor_reached":33,"language":"ENG","playtime":2235,"items_purged":["downfall:Icky","downfall:Icky"],"score":311,"play_id":"6306a678-b909-4eee-b76d-be6b943f365c","local_time":"20210119061923","is_ascension_mode":false,"campfire_choices":[{"data":"bronze:Replicate","floor":1,"key":"SMITH"},{"data":"bronze:Invalidate","floor":6,"key":"SMITH"},{"data":"bronze:Flail","floor":10,"key":"SMITH"},{"floor":13,"key":"REST"},{"data":"bronze:Verify","floor":18,"key":"SMITH"},{"data":"bronze:ItsAFeature","floor":30,"key":"SMITH"}],"circlet_count":0,"master_deck":["bronze:Strike","bronze:Strike","bronze:Strike","bronze:Strike","bronze:Defend","bronze:Defend","bronze:Defend","bronze:Defend","bronze:Replicate+1","bronze:Goto","bronze:OilSpill","bronze:WildBeam","bronze:Invalidate+1","bronze:Shield","bronze:WhirlingStrike","bronze:Flail+1","bronze:Allocate","bronze:Shield","bronze:Shield","bronze:CutThrough","bronze:Verify+1","bronze:OilSpill","bronze:Branch+1","bronze:ItsAFeature+1","expansioncontent:DashGenerateEvil+1","bronze:DelayedGuard","Shame","bronze:Repulsor+1","bronze:Mutator+1","bronze:BuggyMess","bronze:MaxOutput+1","bronze:Shield","bronze:Turbo","bronze:BronzeArmor"],"relics":["bronze:BronzeCore","Strawberry","Calipers","Thread and Needle","MealTicket","Cursed Key","downfall:KnowingSkull","Frozen Egg 2"],"acts_visited":["Exordium","TheCity"],"potions_floor_usage":[14,16,29,32,33],"damage_taken":[{"damage":0,"enemies":"downfall:FleeingMerchant","floor":3,"turns":4},{"damage":0,"enemies":"Cultist","floor":4,"turns":1},{"damage":0,"enemies":"2 Louse","floor":8,"turns":3},{"damage":11,"enemies":"Jaw Worm","floor":9,"turns":2},{"damage":15,"enemies":"Lagavulin","floor":11,"turns":6},{"damage":0,"enemies":"Lots of Slimes","floor":12,"turns":1},{"damage":0,"enemies":"3 Sentries","floor":14,"turns":3},{"damage":0,"enemies":"Blue Slaver","floor":15,"turns":4},{"damage":64,"enemies":"IC_STATUS_ARCHETYPE","floor":16,"turns":9},{"damage":6,"enemies":"Chosen","floor":19,"turns":3},{"damage":3,"enemies":"downfall:FleeingMerchant","floor":22,"turns":4},{"damage":16,"enemies":"3 Cultists","floor":23,"turns":5},{"damage":17,"enemies":"Snake Plant","floor":25,"turns":5},{"damage":13,"enemies":"Centurion and Healer","floor":26,"turns":5},{"damage":3,"enemies":"Snecko","floor":27,"turns":5},{"damage":3,"enemies":"downfall:FleeingMerchant","floor":28,"turns":4},{"damage":3,"enemies":"Snake Plant","floor":29,"turns":5},{"damage":3,"enemies":"Cultist and Chosen","floor":31,"turns":6},{"damage":1,"enemies":"3 Cultists","floor":32,"turns":4},{"damage":42,"enemies":"DF_ARCHETYPE_CLAW","floor":33,"turns":5}],"seed_played":"8740884889952185601","potions_obtained":[{"floor":4,"key":"Fire Potion"},{"floor":9,"key":"DistilledChaos"},{"floor":15,"key":"bronze:FreeFunctionsPotion"},{"floor":26,"key":"DistilledChaos"},{"floor":29,"key":"AttackPotion"},{"floor":32,"key":"Block Potion"}],"is_trial":false,"path_per_floor":["R","T","$","M","?","R","T","M","M","R","E","M","R","E","M","B",null,"R","M","?","?","$","M","T","M","M","M","$","M","R","M","M","B"],"character_chosen":"THE_AUTOMATON","items_purchased":["bronze:WildBeam","bronze:Invalidate","bronze:ItsAFeature","expansioncontent:DashGenerateEvil+1","bronze:MaxOutput+1","bronze:Shield","bronze:Turbo"],"campfire_rested":1,"item_purchase_floors":[3,3,22,22,28,28,28],"current_hp_per_floor":[77,84,84,84,84,84,84,84,73,73,58,58,83,83,83,19,84,84,78,78,71,81,65,65,48,35,32,44,41,41,38,37,0,0],"gold":327,"neow_bonus":"TEN_PERCENT_HP_BONUS","is_daily":false,"chose_seed":false,"campfire_upgraded":5,"win_rate":0.0,"timestamp":1611055163,"path_taken":["R","?","$","M","?","R","T","M","M","R","E","M","R","E","M","BOSS","R","M","?","?","$","M","T","M","?","M","$","M","R","M","M","BOSS"],"items_purchased_type":["Card","Card","Card","Card","Card","Card","Card"],"build_version":"2020-12-22","purchased_purges":2,"victory":false,"max_hp_per_floor":[77,84,84,84,84,84,84,84,84,84,84,84,84,84,84,84,84,84,84,84,84,84,84,84,84,84,84,84,84,84,84,84,84,84],"card_choices":[{"not_picked":["bronze:BuggyMess","bronze:BugBarrage"],"picked":"bronze:OilSpill","floor":3},{"not_picked":["bronze:Turbo","bronze:DelayedGuard"],"picked":"bronze:Shield","floor":4},{"not_picked":["bronze:DigitalCarnage","bronze:DelayedGuard"],"picked":"bronze:WhirlingStrike","floor":8},{"not_picked":["bronze:GetLatest","bronze:Frontload"],"picked":"bronze:Flail","floor":9},{"not_picked":["bronze:Iterate","bronze:OilSpill"],"picked":"bronze:Allocate","floor":11},{"not_picked":["bronze:Return","bronze:Frontload"],"picked":"bronze:Shield","floor":12},{"not_picked":["bronze:Format","bronze:BugBarrage"],"picked":"bronze:Shield","floor":14},{"not_picked":["bronze:Deprecate","bronze:Flail"],"picked":"bronze:CutThrough","floor":15},{"not_picked":["bronze:HardenedForm","bronze:Format"],"picked":"bronze:Verify","floor":16},{"not_picked":["bronze:ForLoop+1","bronze:BitShift+1"],"picked":"bronze:OilSpill","floor":19},{"not_picked":["bronze:FineTuning","bronze:Turbo+1"],"picked":"bronze:Branch+1","floor":22},{"not_picked":["bronze:Backtrace","bronze:DigitalCarnage"],"picked":"bronze:DelayedGuard","floor":23},{"not_picked":["bronze:BronzeOrb","bronze:ForLoop+1"],"picked":"bronze:Repulsor+1","floor":25},{"not_picked":["bronze:Deprecate+1","bronze:BronzeOrb"],"picked":"bronze:Mutator+1","floor":26},{"not_picked":["bronze:GetLatest","bronze:Philosophize","bronze:ClassDefault+1"],"picked":"SKIP","floor":27},{"not_picked":["bronze:SpaghettiCode","bronze:Optimize+1"],"picked":"bronze:BuggyMess","floor":28},{"not_picked":["bronze:CloningBeam","bronze:WhirlingStrike","bronze:Boost"],"picked":"SKIP","floor":29},{"not_picked":["bronze:Shell","bronze:FineTuning","bronze:Frontload"],"picked":"SKIP","floor":31},{"not_picked":["bronze:BugBarrage","bronze:DelayedGuard"],"picked":"bronze:BronzeArmor","floor":32}],"player_experience":38810,"relics_obtained":[{"floor":2,"key":"Strawberry"},{"floor":7,"key":"Calipers"},{"floor":11,"key":"Thread and Needle"},{"floor":14,"key":"MealTicket"},{"floor":24,"key":"Frozen Egg 2"}],"event_choices":[{"damage_healed":0,"gold_gain":0,"player_choice":"Ignored","damage_taken":0,"max_hp_gain":0,"max_hp_loss":0,"event_name":"Ghosts","floor":20,"gold_loss":0}],"is_beta":false,"boss_relics":[{"not_picked":["Tiny House","Busted Crown"],"picked":"Cursed Key"}],"items_purged_floors":[22,28],"is_endless":false,"potions_floor_spawned":[4,9,15,26,29,32],"killed_by":"DF_ARCHETYPE_CLAW","ascension_level":0}}