{"host":"9b7hrp48q3pna783","time":1611060139,"event":{"mods":["BaseMod","Colored Map","Colored Powertips","Highlight Path","Minty Spire (QoL Compilation)","Relic Stats"],"gold_per_floor":[118,130,7,82,92,92,125,125,125,125,136,153,153,184,184,288,288,300,300,317,346,286,286,317,317,372,372,401,417,417,432,432,537,537,548,560,579,599,599,599,613,627,627,643,643,677,694,711,711,711],"floor_reached":51,"language":"ENG","playtime":2510,"items_purged":["Strike_G"],"score":844,"play_id":"4ef869c4-5613-494d-8d6a-e80be05944c0","local_time":"20210119074219","is_ascension_mode":true,"campfire_choices":[{"data":"Blade Dance","floor":6,"key":"SMITH"},{"data":"Survivor","floor":8,"key":"SMITH"},{"data":"Terror","floor":10,"key":"SMITH"},{"data":"Accuracy","floor":15,"key":"SMITH"},{"data":"Acrobatics","floor":23,"key":"SMITH"},{"data":"Neutralize","floor":25,"key":"SMITH"},{"data":"Infinite Blades","floor":30,"key":"SMITH"},{"floor":32,"key":"REST"},{"data":"Wraith Form v2","floor":40,"key":"SMITH"},{"data":"Accuracy","floor":45,"key":"SMITH"},{"data":"Thinking Ahead","floor":49,"key":"SMITH"}],"circlet_count":0,"master_deck":["Strike_G","Strike_G","Strike_G","Defend_G","Defend_G","Defend_G","Defend_G","Defend_G","Survivor+1","Neutralize+1","Accuracy+1","Terror+1","Blade Dance+1","Accuracy+1","Acrobatics+1","Deflect","Storm of Steel","Blade Dance","Infinite Blades+1","Blade Dance","Escape Plan","Wraith Form v2+1","Thinking Ahead+1","PiercingWail","Choke"],"relics":["Ring of the Snake","NeowsBlessing","The Courier","Ornamental Fan","Strawberry","Sozu","Red Mask","CaptainsWheel","InkBottle","Busted Crown","Frozen Egg 2","Omamori"],"acts_visited":["Exordium","TheCity","TheBeyond"],"potions_floor_usage":[28,28],"damage_taken":[{"damage":0,"enemies":"2 Louse","floor":1,"turns":1},{"damage":0,"enemies":"Jaw Worm","floor":2,"turns":1},{"damage":0,"enemies":"Cultist","floor":5,"turns":1},{"damage":8,"enemies":"Lagavulin","floor":7,"turns":5},{"damage":3,"enemies":"Exordium Wildlife","floor":11,"turns":3},{"damage":0,"enemies":"Looter","floor":12,"turns":2},{"damage":0,"enemies":"3 Sentries","floor":14,"turns":8},{"damage":15,"enemies":"Slime Boss","floor":16,"turns":7},{"damage":0,"enemies":"Spheric Guardian","floor":18,"turns":3},{"damage":9,"enemies":"3 Byrds","floor":20,"turns":3},{"damage":4,"enemies":"Masked Bandits","floor":21,"turns":3},{"damage":0,"enemies":"Gremlin Leader","floor":24,"turns":2},{"damage":20,"enemies":"Slavers","floor":28,"turns":5},{"damage":19,"enemies":"Sentry and Sphere","floor":29,"turns":3},{"damage":4,"enemies":"Snecko","floor":31,"turns":3},{"damage":2,"enemies":"Automaton","floor":33,"turns":6},{"damage":0,"enemies":"Orb Walker","floor":35,"turns":2},{"damage":10,"enemies":"3 Shapes","floor":36,"turns":2},{"damage":12,"enemies":"Sphere and 2 Shapes","floor":37,"turns":4},{"damage":0,"enemies":"Transient","floor":38,"turns":5},{"damage":0,"enemies":"3 Darklings","floor":41,"turns":4},{"damage":0,"enemies":"Sphere and 2 Shapes","floor":42,"turns":4},{"damage":13,"enemies":"Writhing Mass","floor":44,"turns":4},{"damage":0,"enemies":"Nemesis","floor":46,"turns":5},{"damage":0,"enemies":"Jaw Worm Horde","floor":47,"turns":2},{"damage":0,"enemies":"Spire Growth","floor":48,"turns":3},{"damage":24,"enemies":"Awakened One","floor":50,"turns":8}],"seed_played":"4141346366355291993","potions_obtained":[{"floor":7,"key":"Weak Potion"},{"floor":14,"key":"SpeedPotion"}],"is_trial":false,"path_per_floor":["M","M","$","?","M","R","E","R","T","R","M","M","?","E","R","B",null,"M","?","M","?","$","R","E","R","T","?","E","M","R","M","R","B",null,"M","M","M","M","?","R","M","M","T","M","R","E","M","M","R","B",null],"character_chosen":"THE_SILENT","items_purchased":["Blade Dance","Accuracy"],"campfire_rested":1,"item_purchase_floors":[3,3],"current_hp_per_floor":[70,70,70,59,59,59,51,51,51,51,48,48,41,48,48,33,77,77,77,68,64,64,64,64,64,64,64,44,25,25,21,44,42,77,77,67,55,55,55,55,55,55,55,42,42,42,42,42,42,18],"gold":711,"neow_bonus":"THREE_ENEMY_KILL","is_daily":false,"chose_seed":false,"campfire_upgraded":10,"win_rate":0.0,"timestamp":1611060139,"path_taken":["M","M","$","?","M","R","E","R","T","R","M","M","?","E","R","BOSS","M","?","M","?","$","R","E","R","T","?","E","?","R","M","R","BOSS","M","M","M","M","?","R","M","M","T","M","R","E","M","M","R","BOSS"],"items_purchased_type":["Card","Card"],"build_version":"2020-12-22","purchased_purges":1,"victory":true,"max_hp_per_floor":[70,70,70,70,70,70,70,70,70,70,70,70,70,77,77,77,77,77,77,77,77,77,77,77,77,77,77,77,77,77,77,77,77,77,77,77,77,77,77,77,77,77,77,77,77,77,77,77,77,77],"relic_stats":{"Sozu":6,"Busted Crown":22,"counters":[27,99],"Ornamental Fan":[412],"obtain_stats":[{"Sozu":17,"CaptainsWheel":24,"Busted Crown":34,"NeowsBlessing":0,"Ornamental Fan":9,"Strawberry":14,"The Courier":7,"Red Mask":21,"Omamori":46,"Frozen Egg 2":43,"InkBottle":28,"Ring of the Snake":0},{"Sozu":8,"CaptainsWheel":12,"Busted Crown":16,"NeowsBlessing":0,"Ornamental Fan":4,"Strawberry":7,"The Courier":4,"Red Mask":11,"Omamori":24,"Frozen Egg 2":22,"InkBottle":13,"Ring of the Snake":0},{"Sozu":28,"CaptainsWheel":39,"Busted Crown":56,"NeowsBlessing":0,"Ornamental Fan":8,"Strawberry":21,"The Courier":8,"Red Mask":37,"Omamori":86,"Frozen Egg 2":77,"InkBottle":44,"Ring of the Snake":0}],"InkBottle":[50],"Ring of the Snake":[54]},"card_choices":[{"not_picked":["Dagger Throw","Deflect"],"picked":"Accuracy","floor":1},{"not_picked":["Dodge and Roll","Deflect"],"picked":"Terror","floor":2},{"not_picked":["Deflect","Sucker Punch"],"picked":"Acrobatics","floor":5},{"not_picked":["Acrobatics","Quick Slash","Poisoned Stab"],"picked":"SKIP","floor":7},{"not_picked":["Flying Knee","Poisoned Stab","Expertise"],"picked":"SKIP","floor":11},{"not_picked":["Poisoned Stab","Dagger Spray"],"picked":"Deflect","floor":12},{"not_picked":["Outmaneuver","Sucker Punch","Backstab"],"picked":"SKIP","floor":14},{"not_picked":["Phantasmal Killer","Corpse Explosion"],"picked":"Storm of Steel","floor":16},{"not_picked":["Deflect","Underhanded Strike+1","Riddle With Holes"],"picked":"SKIP","floor":18},{"not_picked":["Flying Knee","Outmaneuver","Dagger Throw"],"picked":"SKIP","floor":20},{"not_picked":["Prepared","Quick Slash"],"picked":"Infinite Blades","floor":24},{"not_picked":["Bane","Dagger Spray","Finisher+1"],"picked":"SKIP","floor":28},{"not_picked":["Deflect","Poisoned Stab"],"picked":"Blade Dance","floor":29},{"not_picked":["Tactician","Dash+1"],"picked":"Escape Plan","floor":31},{"not_picked":["A Thousand Cuts","Venomology"],"picked":"Wraith Form v2","floor":33},{"not_picked":["Dodge and Roll"],"picked":"SKIP","floor":35},{"not_picked":["Sucker Punch"],"picked":"SKIP","floor":36},{"not_picked":["Bane+1"],"picked":"SKIP","floor":37},{"not_picked":["Quick Slash"],"picked":"SKIP","floor":38},{"not_picked":[],"picked":"Thinking Ahead","floor":39},{"not_picked":["Catalyst"],"picked":"SKIP","floor":41},{"not_picked":["Slice"],"picked":"SKIP","floor":42},{"not_picked":[],"picked":"PiercingWail","floor":44},{"not_picked":[],"picked":"Choke","floor":46},{"not_picked":["Predator"],"picked":"SKIP","floor":47},{"not_picked":["Infinite Blades+1"],"picked":"SKIP","floor":48}],"player_experience":93399,"relics_obtained":[{"floor":7,"key":"The Courier"},{"floor":9,"key":"Ornamental Fan"},{"floor":14,"key":"Strawberry"},{"floor":21,"key":"Red Mask"},{"floor":24,"key":"CaptainsWheel"},{"floor":28,"key":"InkBottle"},{"floor":43,"key":"Frozen Egg 2"},{"floor":46,"key":"Omamori"}],"event_choices":[{"damage_healed":0,"gold_gain":75,"player_choice":"Gather Gold","damage_taken":11,"max_hp_gain":0,"max_hp_loss":0,"event_name":"World of Goop","floor":4,"gold_loss":0},{"cards_removed":["Strike_G"],"damage_healed":0,"gold_gain":0,"player_choice":"Card Removal","damage_taken":7,"max_hp_gain":0,"max_hp_loss":0,"event_name":"Golden Wing","floor":13,"gold_loss":0},{"damage_healed":0,"gold_gain":0,"player_choice":"Read","damage_taken":0,"max_hp_gain":0,"max_hp_loss":0,"event_name":"The Library","floor":19,"gold_loss":0,"cards_obtained":["Blade Dance"]},{"damage_healed":0,"gold_gain":0,"player_choice":"Fought Bandits","damage_taken":0,"max_hp_gain":0,"max_hp_loss":0,"event_name":"Masked Bandits","floor":21,"gold_loss":0},{"damage_healed":0,"gold_gain":0,"player_choice":"Ignored","damage_taken":0,"max_hp_gain":0,"max_hp_loss":0,"event_name":"N\u0027loth","floor":27,"gold_loss":0},{"damage_healed":0,"gold_gain":0,"player_choice":"Memory 1","damage_taken":0,"max_hp_gain":0,"max_hp_loss":0,"event_name":"SensoryStone","floor":39,"gold_loss":0}],"is_beta":false,"boss_relics":[{"not_picked":["Velvet Choker","Runic Pyramid"],"picked":"Sozu"},{"not_picked":["Snecko Eye","Empty Cage"],"picked":"Busted Crown"}],"items_purged_floors":[22],"is_endless":false,"potions_floor_spawned":[7,14,20,24,31,37,38,44],"ascension_level":1}}