{"host":"lp8gi2x5rrw4z3b7","time":1611099730,"event":{"mods":["AchievementEnabler","BaseMod","Colored Map","Downfall","Minty Spire (QoL Compilation)","Quick Restart","Rare Cards Sparkle","StSLib"],"gold_per_floor":[99,109,109,119,139,139,139,39,58,85,85,98,126,426,436,436,436,436],"floor_reached":16,"language":"ENG","playtime":2263,"items_purged":[],"score":112,"play_id":"e65abfe3-6568-4d35-b510-c598b631c142","local_time":"20210119184210","is_ascension_mode":false,"campfire_choices":[{"data":"champ:Taunt","floor":1.0,"key":"SMITH"},{"floor":6,"key":"RECALL"},{"floor":8,"key":"REST"},{"data":"champ:PerfectedStrike","floor":11,"key":"SMITH"}],"circlet_count":0,"master_deck":["champ:Strike","champ:Strike","champ:Strike","champ:Strike","champ:Defend","champ:Defend","champ:Defend","champ:Defend","champ:Execute","champ:Taunt+1","champ:GutPunch","champ:GladiatorStyle","champ:PerfectedStrike+1","champ:FaceSlap","champ:SteelEdge","champ:CrookedStrike","champ:Shatter","downfall:Icky","downfall:Icky","champ:Devastate"],"relics":["champ:ChampionCrown","Kunai","downfall:HeartBlessingRed","Calipers","Anchor"],"acts_visited":["Exordium"],"potions_floor_usage":[10,13,13,13,13,16],"damage_taken":[{"damage":26.0,"enemies":"Jaw Worm","floor":2.0,"turns":3.0},{"damage":24,"enemies":"Cultist","floor":4,"turns":5},{"damage":22,"enemies":"Small Slimes","floor":5,"turns":4},{"damage":17,"enemies":"Exordium Thugs","floor":9,"turns":4},{"damage":76,"enemies":"3 Sentries","floor":10,"turns":6},{"damage":22,"enemies":"Blue Slaver","floor":12,"turns":2},{"damage":43,"enemies":"Lagavulin","floor":13,"turns":4},{"damage":17,"enemies":"Large Slime","floor":15,"turns":5},{"damage":72,"enemies":"WA_ARCHETYPE_RETAIN","floor":16,"turns":5}],"seed_played":"-6555757686827577565","potions_obtained":[{"floor":9,"key":"champ:TechniquePotion"},{"floor":10,"key":"EntropicBrew"},{"floor":12,"key":"CultistPotion"},{"floor":13,"key":"sneckomod:MuddlingPotion"}],"is_trial":false,"path_per_floor":["R","M","?","M","M","R","T","R","M","E","R","M","E","?","M","B"],"character_chosen":"THE_CHAMP","items_purchased":[],"campfire_rested":1,"item_purchase_floors":[],"current_hp_per_floor":[99,93,78,74,72,72,72,99,92,66,66,59,46,46,44,0,0,0],"gold":436,"neow_bonus":"TEN_PERCENT_HP_BONUS","is_daily":false,"chose_seed":false,"campfire_upgraded":2,"win_rate":0.0,"timestamp":1611099730,"path_taken":["R","M","?","?","?","R","T","R","M","E","R","M","E","?","M","BOSS"],"items_purchased_type":[],"build_version":"2020-12-22","purchased_purges":0,"victory":false,"max_hp_per_floor":[99,99,99,99,99,99,99,99,99,99,99,99,99,99,99,99,99,99],"card_choices":[{"not_picked":["champ:EnGarde","champ:Haymaker"],"picked":"champ:GutPunch","floor":2},{"not_picked":["champ:DeathBlow","champ:CrownThrow"],"picked":"champ:GladiatorStyle","floor":4},{"not_picked":["champ:Parry","champ:EnGarde"],"picked":"champ:PerfectedStrike","floor":5},{"not_picked":["champ:AdrenalArmor","champ:Haymaker"],"picked":"champ:FaceSlap","floor":9},{"not_picked":["champ:CrookedStrike","champ:RisingSlash"],"picked":"champ:SteelEdge","floor":10},{"not_picked":["champ:DefensiveShout","champ:GutPunch"],"picked":"champ:CrookedStrike","floor":12},{"not_picked":["champ:CrownThrow","champ:FalseCounter"],"picked":"champ:Shatter","floor":13},{"not_picked":["champ:DefensiveShout","champ:GladiatorStyle"],"picked":"champ:Devastate","floor":15}],"player_experience":920160,"relics_obtained":[{"floor":7,"key":"Kunai"},{"floor":10,"key":"Calipers"},{"floor":13,"key":"Anchor"}],"event_choices":[],"is_beta":false,"boss_relics":[],"items_purged_floors":[],"is_endless":false,"potions_floor_spawned":[9,10,12,13],"killed_by":"WA_ARCHETYPE_RETAIN","ascension_level":0}}