{"host":"3zmssa4s99zhxek5","time":1611061425,"event":{"mods":["AchievementEnabler","BaseMod","Minty Spire (QoL Compilation)","Permanent Neow","Relic Stats"],"gold_per_floor":[159,159,171,171,190,190,234,234,234,278,301,325,325,361,361,454,454,472,472,484,399,409,409,438,454,454,454,75,86,104,129,129,200,200,213,213,213,41,58,58,75,75,98,130,30,45,72,72,72,72,72],"floor_reached":52,"language":"KOR","playtime":2889,"items_purged":["Strike_R","Defend_R"],"score":2065,"play_id":"152152b9-837b-4e95-bb93-6f3f683324ae","local_time":"20210119220345","is_ascension_mode":true,"campfire_choices":[{"data":"Carnage","floor":6,"key":"SMITH"},{"data":"1","floor":8,"key":"LIFT"},{"data":"2","floor":13,"key":"LIFT"},{"data":"3","floor":15,"key":"LIFT"},{"data":"Limit Break","floor":23,"key":"SMITH"},{"data":"Limit Break","floor":27,"key":"SMITH"},{"data":"Disarm","floor":32,"key":"SMITH"},{"data":"Thinking Ahead","floor":40,"key":"SMITH"},{"data":"Battle Trance","floor":42,"key":"SMITH"},{"data":"Offering","floor":49,"key":"SMITH"}],"circlet_count":0,"master_deck":["AscendersBane","Defend_R","Defend_R","Defend_R","Bash+1","Battle Trance+1","Thunderclap","Metallicize","Heavy Blade","Limit Break+1","Sword Boomerang","Sword Boomerang","Double Tap","Shrug It Off+1","Armaments+1","Power Through+1","Disarm+1","Limit Break+1","Flame Barrier","Offering+1","Blind","Thinking Ahead+1","Battle Trance","Intimidate+1","Exhume","Madness","Madness"],"relics":["Tiny House","Bloody Idol","Girya","Mummified Hand","Orichalcum","Red Skull","Astrolabe","Boot","Anchor","Ancient Tea Set","Bottled Lightning","Meat on the Bone","Sozu","HandDrill","Lantern","StrikeDummy","Bottled Tornado"],"acts_visited":["Exordium","TheCity","TheBeyond"],"potions_floor_usage":[7,10,18,22,24,31,31,51],"damage_taken":[{"damage":4,"enemies":"Jaw Worm","floor":1,"turns":4},{"damage":1,"enemies":"2 Louse","floor":3,"turns":4},{"damage":2,"enemies":"Small Slimes","floor":5,"turns":3},{"damage":15,"enemies":"3 Sentries","floor":7,"turns":8},{"damage":8,"enemies":"Gremlin Nob","floor":10,"turns":3},{"damage":8,"enemies":"3 Louse","floor":11,"turns":3},{"damage":6,"enemies":"Red Slaver","floor":12,"turns":2},{"damage":11,"enemies":"Lagavulin","floor":14,"turns":5},{"damage":0,"enemies":"Slime Boss","floor":16,"turns":3},{"damage":0,"enemies":"Spheric Guardian","floor":18,"turns":2},{"damage":8,"enemies":"Shell Parasite","floor":20,"turns":4},{"damage":0,"enemies":"Cultist and Chosen","floor":22,"turns":4},{"damage":12,"enemies":"Book of Stabbing","floor":24,"turns":4},{"damage":4,"enemies":"Centurion and Healer","floor":25,"turns":5},{"damage":0,"enemies":"Snake Plant","floor":29,"turns":1},{"damage":18,"enemies":"Chosen and Byrds","floor":30,"turns":5},{"damage":39,"enemies":"Slavers","floor":31,"turns":5},{"damage":5,"enemies":"Champ","floor":33,"turns":4},{"damage":0,"enemies":"Orb Walker","floor":35,"turns":3},{"damage":0,"enemies":"3 Darklings","floor":39,"turns":3},{"damage":7,"enemies":"Sphere and 2 Shapes","floor":41,"turns":4},{"damage":6,"enemies":"Giant Head","floor":44,"turns":4},{"damage":16,"enemies":"4 Shapes","floor":46,"turns":10},{"damage":3,"enemies":"Nemesis","floor":47,"turns":5},{"damage":24,"enemies":"Time Eater","floor":50,"turns":9},{"damage":25,"enemies":"Donu and Deca","floor":51,"turns":6}],"seed_played":"7057259176194151190","potions_obtained":[{"floor":0,"key":"CultistPotion"},{"floor":1,"key":"Strength Potion"},{"floor":10,"key":"BloodPotion"},{"floor":14,"key":"SneckoOil"},{"floor":18,"key":"Weak Potion"},{"floor":22,"key":"LiquidBronze"},{"floor":30,"key":"Block Potion"},{"floor":31,"key":"EssenceOfSteel"}],"is_trial":false,"path_per_floor":["M","?","M","?","M","R","E","R","T","E","M","M","R","E","R","B",null,"M","?","M","?","M","R","E","M","T","R","$","M","M","E","R","B",null,"M","?","?","$","M","R","M","R","T","E","$","M","E","?","R","B","B",null],"character_chosen":"IRONCLAD","items_purchased":["Bottled Lightning","Flame Barrier","HandDrill"],"campfire_rested":0,"item_purchase_floors":[28,28,38],"current_hp_per_floor":[69,62,61,61,59,59,44,44,44,36,28,22,22,11,11,11,57,71,71,68,68,72,72,65,66,66,66,66,71,58,24,24,36,63,68,68,58,58,63,63,61,61,66,65,65,54,56,43,43,31,18],"gold":72,"neow_bonus":"BOSS_RELIC","is_daily":false,"chose_seed":false,"campfire_upgraded":7,"win_rate":0.0,"timestamp":1611061425,"path_taken":["M","?","M","?","M","R","E","R","T","E","M","M","R","E","R","BOSS","M","?","M","?","M","R","E","M","T","R","$","M","M","E","R","BOSS","M","?","?","$","M","R","M","R","T","E","$","M","E","?","R","BOSS","BOSS"],"items_purchased_type":["Relic","Card","Relic"],"build_version":"2020-12-22","purchased_purges":2,"victory":true,"max_hp_per_floor":[80,80,80,72,72,72,72,72,72,72,72,72,72,72,72,72,72,72,72,72,72,72,72,72,72,72,72,72,72,72,72,72,72,72,72,72,72,72,72,72,72,72,72,72,72,72,72,72,72,72,72],"relic_stats":{"Sozu":3,"counters":[26,113],"Mummified Hand":[20],"Bloody Idol":74,"Astrolabe":["Shrug It Off","Armaments","Power Through"],"HandDrill":[20],"Orichalcum":[156],"Boot":[33],"obtain_stats":[{"Girya":7,"Lantern":43,"Tiny House":0,"Golden Idol":4,"Astrolabe":17,"Orichalcum":10,"Bottled Tornado":47,"Boot":21,"Ancient Tea Set":26,"Burning Blood":0,"Sozu":34,"Anchor":24,"Mummified Hand":9,"Bloody Idol":19,"HandDrill":38,"Bottled Lightning":28,"StrikeDummy":44,"Red Skull":14,"Meat on the Bone":31},{"Girya":4,"Lantern":21,"Tiny House":0,"Golden Idol":2,"Astrolabe":9,"Orichalcum":5,"Bottled Tornado":24,"Boot":11,"Ancient Tea Set":14,"Burning Blood":0,"Sozu":18,"Anchor":13,"Mummified Hand":4,"Bloody Idol":10,"HandDrill":19,"Bottled Lightning":14,"StrikeDummy":22,"Red Skull":8,"Meat on the Bone":17},{"Girya":19,"Lantern":79,"Tiny House":0,"Golden Idol":8,"Astrolabe":35,"Orichalcum":22,"Bottled Tornado":98,"Boot":41,"Ancient Tea Set":54,"Burning Blood":0,"Sozu":69,"Anchor":49,"Mummified Hand":19,"Bloody Idol":37,"HandDrill":72,"Bottled Lightning":54,"StrikeDummy":83,"Red Skull":32,"Meat on the Bone":65}],"Meat on the Bone":36},"card_choices":[{"not_picked":["Disarm","Intimidate"],"picked":"Carnage","floor":0},{"not_picked":["Clothesline","Dual Wield"],"picked":"Battle Trance","floor":1},{"not_picked":["Clash","Dark Embrace"],"picked":"Thunderclap","floor":3},{"not_picked":["Shockwave","Heavy Blade"],"picked":"Metallicize","floor":5},{"not_picked":["Cleave","True Grit"],"picked":"Heavy Blade","floor":7},{"not_picked":["Entrench","Havoc"],"picked":"Limit Break","floor":10},{"not_picked":["Warcry","Havoc"],"picked":"Sword Boomerang","floor":11},{"not_picked":["Body Slam","Sever Soul","Havoc"],"picked":"SKIP","floor":12},{"not_picked":["Perfected Strike","Whirlwind"],"picked":"Sword Boomerang","floor":14},{"not_picked":["Fiend Fire","Juggernaut"],"picked":"Double Tap","floor":16},{"not_picked":["Evolve","Whirlwind","Shrug It Off"],"picked":"SKIP","floor":18},{"not_picked":["Body Slam+1","Armaments","Dropkick"],"picked":"SKIP","floor":20},{"not_picked":["Shrug It Off","Thunderclap"],"picked":"Disarm","floor":22},{"not_picked":["Anger","True Grit"],"picked":"Limit Break","floor":24},{"not_picked":["Body Slam","Dual Wield","Thunderclap"],"picked":"SKIP","floor":25},{"not_picked":["Body Slam","Dual Wield","Thunderclap"],"picked":"SKIP","floor":25},{"not_picked":["True Grit","Thunderclap","Spot Weakness"],"picked":"SKIP","floor":29},{"not_picked":["Cleave","Thunderclap","Dark Embrace"],"picked":"SKIP","floor":30},{"not_picked":["Body Slam","Shrug It Off","Fire Breathing"],"picked":"SKIP","floor":31},{"not_picked":["Corruption","Feed"],"picked":"Offering","floor":33},{"not_picked":["Headbutt","Burning Pact","Pommel Strike"],"picked":"SKIP","floor":35},{"not_picked":["Headbutt","Burning Pact","Pommel Strike"],"picked":"SKIP","floor":35},{"not_picked":["Transmutation","Deep Breath"],"picked":"Blind","floor":37},{"not_picked":["Discovery","Sadistic Nature"],"picked":"Thinking Ahead","floor":37},{"not_picked":["Havoc+1","Hemokinesis","Sword Boomerang+1"],"picked":"SKIP","floor":39},{"not_picked":["Headbutt+1","Sever Soul","Wild Strike"],"picked":"SKIP","floor":41},{"not_picked":["Headbutt+1","Sever Soul","Wild Strike"],"picked":"SKIP","floor":41},{"not_picked":["Pommel Strike","Shockwave"],"picked":"Battle Trance","floor":44},{"not_picked":["True Grit","Reckless Charge"],"picked":"Intimidate+1","floor":46},{"not_picked":["Pommel Strike","Anger"],"picked":"Exhume","floor":47}],"player_experience":1525336,"relics_obtained":[{"floor":7,"key":"Girya"},{"floor":9,"key":"Mummified Hand"},{"floor":10,"key":"Orichalcum"},{"floor":14,"key":"Red Skull"},{"floor":24,"key":"Anchor"},{"floor":26,"key":"Ancient Tea Set"},{"floor":31,"key":"Meat on the Bone"},{"floor":43,"key":"Lantern"},{"floor":44,"key":"StrikeDummy"},{"floor":47,"key":"Bottled Tornado"}],"event_choices":[{"cards_removed":["Strike_R"],"damage_healed":0,"gold_gain":0,"player_choice":"Card Removal","damage_taken":7,"max_hp_gain":0,"max_hp_loss":0,"event_name":"Golden Wing","floor":2,"gold_loss":0},{"damage_healed":0,"gold_gain":0,"player_choice":"Lose Max HP","damage_taken":0,"relics_obtained":["Golden Idol"],"max_hp_gain":0,"max_hp_loss":8,"event_name":"Golden Idol","floor":4,"gold_loss":0},{"damage_healed":0,"gold_gain":0,"player_choice":"Gave Idol","damage_taken":0,"relics_obtained":["Bloody Idol"],"max_hp_gain":0,"max_hp_loss":0,"event_name":"Forgotten Altar","floor":19,"relics_lost":["Golden Idol"],"gold_loss":0},{"damage_healed":0,"gold_gain":0,"player_choice":"Obtained Relic","damage_taken":0,"relics_obtained":["Boot"],"max_hp_gain":0,"max_hp_loss":0,"event_name":"Addict","floor":21,"gold_loss":85},{"cards_removed":["Carnage"],"damage_healed":0,"gold_gain":0,"player_choice":"Removed Attack","damage_taken":0,"max_hp_gain":0,"max_hp_loss":0,"event_name":"Falling","floor":36,"gold_loss":0},{"damage_healed":0,"gold_gain":0,"player_choice":"Memory 3","damage_taken":10,"max_hp_gain":0,"max_hp_loss":0,"event_name":"SensoryStone","floor":37,"gold_loss":0},{"damage_healed":0,"gold_gain":0,"player_choice":"Embrace Madness","damage_taken":13,"max_hp_gain":0,"max_hp_loss":0,"event_name":"Winding Halls","floor":48,"gold_loss":0,"cards_obtained":["Madness","Madness"]}],"is_beta":false,"boss_relics":[{"not_picked":["Fusion Hammer","Snecko Eye"],"picked":"Astrolabe"},{"not_picked":["Velvet Choker","Runic Pyramid"],"picked":"Sozu"}],"items_purged_floors":[28,45],"is_endless":false,"potions_floor_spawned":[1,3,10,14,18,20,22,30,31,35,41,47],"ascension_level":20}}