{"host":"bpkhhmvsfrvlto2l","time":1611067454,"event":{"mods":["2.2 Compatiblity","AchievementEnabler","Act Like it!","AlwaysNeverKeys","Aspiration","BaseMod","Better Silent Start","Challenge The Spire","Colored Map","Colored Powertips","Custom Start","Energized Spire","Friendly Minions","GifTheSpireLib","Halation","Hubris","Infinite Spire","Ironclad Rager","Mimic Mod","Minty Spire (QoL Compilation)","Permanent Neow","Quick Restart","Random Character Button","Relic Sorter","Replay The Spire","Spikes Relics","StSLib","Stuff the Spire","Swap Starting Deck Mod","Trackpad"],"gold_per_floor":[116,126,126,126,126,126,154,154,154,154,164,184,196,196,196,295,295,309,324,249,249,264,264,283,283,283,303,303,303],"floor_reached":28,"language":"ENG","playtime":674,"items_purged":[],"score":331,"play_id":"809d0e85-7a9d-4eb3-addb-90ba6112e6fb","local_time":"20210119094414","is_ascension_mode":true,"campfire_choices":[{"data":"Zap","floor":6,"key":"SMITH"},{"data":"Dualcast","floor":8,"key":"SMITH"},{"data":"Strike_B","floor":10,"key":"SMITH"},{"data":"Ball Lightning","floor":15,"key":"SMITH"},{"data":"Defragment","floor":23,"key":"SMITH"},{"floor":25,"key":"REST"}],"circlet_count":0,"master_deck":["Strike_B","Strike_B","Strike_B","Strike_B+1","Defend_B","Defend_B","Defend_B","Defend_B","Zap+1","Dualcast+1","Ball Lightning+1","Ball Lightning","Ball Lightning","Defragment+1"],"relics":["Cracked Core","halation:Gekota","NeowsBlessing","ReplayTheSpireMod:Shallot","infinitespire:Golems Mask","hubris:Towel","Replay:Ancient Bell","Omamori","The Courier","Prayer Wheel","Emotion Chip"],"acts_visited":["Exordium","TheCity"],"potions_floor_usage":[16,19,27,28],"damage_taken":[{"damage":0,"enemies":"Cultist","floor":1,"turns":1},{"damage":0,"enemies":"Jaw Worm","floor":2,"turns":1},{"damage":0,"enemies":"Lagavulin","floor":7,"turns":1},{"damage":0,"enemies":"2 Louse","floor":11,"turns":2},{"damage":9,"enemies":"Exordium Wildlife","floor":12,"turns":3},{"damage":3,"enemies":"Red Slaver","floor":13,"turns":2},{"damage":30,"enemies":"Fading Forest","floor":16,"turns":11},{"damage":15,"enemies":"Spheric Guardian","floor":18,"turns":4},{"damage":32,"enemies":"3 Byrds","floor":19,"turns":4},{"damage":28,"enemies":"Snake Plant","floor":22,"turns":4},{"damage":42,"enemies":"Centurion and Healer","floor":24,"turns":6},{"damage":20,"enemies":"Cultist and Chosen","floor":27,"turns":5},{"damage":31,"enemies":"Slavers","floor":28,"turns":1}],"seed_played":"-1060418794058443883","potions_obtained":[{"floor":2,"key":"Elixir"},{"floor":13,"key":"BlessingOfTheForge"},{"floor":16,"key":"Adrenaline Potion"},{"floor":18,"key":"Swift Potion"},{"floor":24,"key":"Regen Potion"},{"floor":27,"key":"BlessingOfTheForge"}],"is_trial":false,"path_per_floor":["M","M","$","T","$","R","E","R","T","R","M","M","M","?","R","B",null,"M","M","?","?","M","R","M","R","T","M","E"],"character_chosen":"DEFECT","items_purchased":[],"campfire_rested":1,"item_purchase_floors":[],"current_hp_per_floor":[68,68,68,68,68,68,68,68,68,68,68,59,56,56,56,34,65,50,18,18,75,47,47,5,27,27,21,0,0],"gold":303,"neow_bonus":"THREE_ENEMY_KILL","is_daily":false,"chose_seed":false,"campfire_upgraded":5,"win_rate":0.0,"timestamp":1611067454,"path_taken":["M","M","$","?","$","R","E","R","T","R","M","M","M","?","R","BOSS","M","M","?","?","M","R","M","R","T","M","E"],"items_purchased_type":[],"build_version":"2020-12-22","purchased_purges":0,"victory":false,"max_hp_per_floor":[75,75,75,75,75,75,75,75,75,75,75,75,75,75,75,75,75,75,75,75,75,75,75,75,75,75,75,75,75],"card_choices":[{"not_picked":["Coolheaded","BasicCrystalCard"],"picked":"Ball Lightning","floor":11},{"not_picked":["infinitespire:Pacifist","ReplayTheSpireMod:Doomed"],"picked":"Normality","floor":17},{"not_picked":["Regret","CloudedMind"],"picked":"Shame","floor":17},{"not_picked":["hubris:Gluttony","Parasite"],"picked":"Writhe","floor":17},{"not_picked":["Rebound","StuffTheSpire:ShieldGenerator"],"picked":"Skim","floor":18},{"not_picked":["Redo+1","Panic Button"],"picked":"Ball Lightning","floor":19},{"not_picked":["Cold Snap","StuffTheSpire:NuclearReactor"],"picked":"Ball Lightning","floor":22},{"not_picked":["Fusion","Force Field"],"picked":"Defragment","floor":22}],"player_experience":83903,"relics_obtained":[{"floor":4,"key":"ReplayTheSpireMod:Shallot"},{"floor":7,"key":"infinitespire:Golems Mask"},{"floor":9,"key":"halation:Gekota"},{"floor":26,"key":"Emotion Chip"}],"event_choices":[{"cards_removed":["Writhe"],"damage_healed":0,"gold_gain":0,"player_choice":"Gave Gold","damage_taken":0,"max_hp_gain":0,"max_hp_loss":0,"event_name":"Beggar","floor":20,"gold_loss":75},{"cards_removed":["Skim"],"damage_healed":57,"gold_gain":0,"player_choice":"Offered Uncommon","damage_taken":0,"max_hp_gain":0,"max_hp_loss":0,"event_name":"Bonfire Elementals","floor":21,"gold_loss":0}],"is_beta":false,"boss_relics":[{"not_picked":["Sandwich","energizedSpire:SpiderWeb"],"picked":"Replay:Ancient Bell"},{"not_picked":["Replay:Bandana","Nunchaku"],"picked":"Omamori"},{"not_picked":["Ornamental Fan","Replay:Bottled Flurry"],"picked":"The Courier"},{"not_picked":["aspiration:DSix","StuffTheSpire:MayFlowers"],"picked":"Prayer Wheel"}],"items_purged_floors":[],"is_endless":false,"potions_floor_spawned":[2,13,16,18,24,27],"killed_by":"Slavers","ascension_level":7}}