{"host":"vyjryxuuuxkt43k4","time":1611048416,"event":{"mods":["AchievementEnabler","BaseMod","Colored Map","DeckTracker","Keyboard Shortcuts","Minty Spire (QoL Compilation)","Permanent Neow","Quick Restart","Rare Cards Sparkle","StSLib","SuperFastMode","everything is the same but u backflip on backflip"],"gold_per_floor":[112,123,123,135,149,149,162,162,162],"floor_reached":8,"language":"KOR","playtime":336,"items_purged":[],"score":85,"play_id":"37733c71-622d-4a6f-9075-ed837b8adf63","local_time":"20210119182656","is_ascension_mode":true,"campfire_choices":[{"floor":6,"key":"REST"}],"circlet_count":0,"master_deck":["AscendersBane","Strike_R","Strike_R","Strike_R","Strike_R","Defend_R","Defend_R","Defend_R","Defend_R","Bash","Heavy Blade","Feel No Pain","Flex"],"relics":["Burning Blood","Girya"],"acts_visited":["Exordium"],"potions_floor_usage":[7,8],"damage_taken":[{"damage":8.0,"enemies":"Jaw Worm","floor":1.0,"turns":6.0},{"damage":11.0,"enemies":"Cultist","floor":2.0,"turns":4.0},{"damage":10.0,"enemies":"2 Louse","floor":4.0,"turns":3.0},{"damage":32,"enemies":"Large Slime","floor":5,"turns":10},{"damage":7,"enemies":"Exordium Wildlife","floor":7,"turns":5},{"damage":36,"enemies":"3 Sentries","floor":8,"turns":4}],"seed_played":"3092068505417123167","potions_obtained":[{"floor":4.0,"key":"LiquidMemories"},{"floor":5,"key":"EssenceOfSteel"},{"floor":7,"key":"BlessingOfTheForge"}],"is_trial":false,"path_per_floor":["M","M","?","M","M","R","M","E"],"character_chosen":"IRONCLAD","items_purchased":[],"campfire_rested":1,"item_purchase_floors":[],"current_hp_per_floor":[48,43,43,39,13,35,34,0,0],"gold":162,"neow_bonus":"ONE_RARE_RELIC","is_daily":false,"chose_seed":false,"campfire_upgraded":0,"win_rate":0.0,"timestamp":1611048416,"path_taken":["M","M","?","M","M","R","?","E"],"items_purchased_type":[],"build_version":"2020-12-22","purchased_purges":0,"victory":false,"max_hp_per_floor":[75,75,75,75,75,75,75,75,75],"card_choices":[{"not_picked":["Pommel Strike","Perfected Strike"],"picked":"Heavy Blade","floor":1.0},{"not_picked":["Blood for Blood","Metallicize"],"picked":"Feel No Pain","floor":2.0},{"not_picked":["Searing Blow","Burning Pact","Armaments"],"picked":"SKIP","floor":4.0},{"not_picked":["Bloodletting","Warcry","Perfected Strike"],"picked":"SKIP","floor":5},{"not_picked":["Combust","Sword Boomerang"],"picked":"Flex","floor":7}],"player_experience":146573,"relics_obtained":[],"event_choices":[{"cards_removed":["Strike_R"],"damage_healed":0.0,"max_hp_gain":0.0,"max_hp_loss":0.0,"gold_gain":0.0,"event_name":"Bonfire Elementals","player_choice":"Offered Basic","floor":3.0,"gold_loss":0.0,"damage_taken":0.0}],"is_beta":false,"boss_relics":[],"items_purged_floors":[],"is_endless":false,"potions_floor_spawned":[4,5,7],"killed_by":"3 Sentries","ascension_level":14}}