{"host":"c2vrdknshfutmcsq","time":1611073183,"event":{"mods":["BaseMod","Minty Spire (QoL Compilation)"],"gold_per_floor":[13,13,34,34,52,95,75,75,99,115,115,115],"floor_reached":11,"language":"ENG","playtime":542,"items_purged":[],"score":139,"play_id":"709120b2-9795-44e1-958b-9ee224b32f55","local_time":"20210119171943","is_ascension_mode":true,"campfire_choices":[{"floor":8,"key":"REST"}],"circlet_count":0,"master_deck":["AscendersBane","Strike_B","Strike_B","Strike_B","Defend_B","Defend_B","Defend_B","Zap","Dualcast","Reinforced Body","Injury","Rebound","Go for the Eyes","Redo","Glacier"],"relics":["Cracked Core","Golden Idol","Boot","Ancient Tea Set","Bag of Preparation"],"acts_visited":["Exordium"],"potions_floor_usage":[6,11],"damage_taken":[{"damage":0.0,"enemies":"Small Slimes","floor":1.0,"turns":3.0},{"damage":7.0,"enemies":"Cultist","floor":3.0,"turns":4.0},{"damage":0.0,"enemies":"2 Louse","floor":5.0,"turns":1.0},{"damage":20,"enemies":"Lagavulin","floor":6,"turns":9},{"damage":18,"enemies":"Exordium Thugs","floor":10,"turns":4},{"damage":16,"enemies":"Gremlin Nob","floor":11,"turns":6}],"seed_played":"1930197819162616605","potions_obtained":[{"floor":1.0,"key":"Dexterity Potion"},{"floor":5.0,"key":"Block Potion"},{"floor":7,"key":"EssenceOfSteel"}],"is_trial":false,"path_per_floor":["M","?","M","?","M","E","?","R","T","M","E"],"character_chosen":"DEFECT","items_purchased":[],"campfire_rested":1,"item_purchase_floors":[],"current_hp_per_floor":[64,64,57,39,39,19,19,40,40,22,6,6],"gold":115,"neow_bonus":"REMOVE_TWO","is_daily":false,"chose_seed":false,"campfire_upgraded":0,"win_rate":0.0,"timestamp":1611073183,"path_taken":["M","?","M","?","M","E","?","R","T","?","E"],"items_purchased_type":[],"build_version":"2020-12-22","purchased_purges":0,"victory":false,"max_hp_per_floor":[71,71,71,71,71,71,71,71,71,71,71,71],"card_choices":[{"not_picked":["Undo","Static Discharge"],"picked":"Reinforced Body","floor":1.0},{"not_picked":["White Noise","Turbo"],"picked":"Rebound","floor":3.0},{"not_picked":["Coolheaded","Redo"],"picked":"Go for the Eyes","floor":5.0},{"not_picked":["Skim","Storm"],"picked":"Redo","floor":6},{"not_picked":["Streamline","Capacitor"],"picked":"Glacier","floor":10}],"player_experience":1289390,"relics_obtained":[{"floor":6,"key":"Ancient Tea Set"},{"floor":9,"key":"Bag of Preparation"}],"event_choices":[{"damage_healed":0.0,"max_hp_gain":0.0,"max_hp_loss":0.0,"gold_gain":0.0,"event_name":"Golden Idol","player_choice":"Take Wound","floor":2.0,"gold_loss":0.0,"damage_taken":0.0,"relics_obtained":["Golden Idol"],"cards_obtained":["Injury"]},{"damage_healed":0.0,"max_hp_gain":0.0,"max_hp_loss":0.0,"gold_gain":0.0,"event_name":"Scrap Ooze","player_choice":"Success","floor":4.0,"gold_loss":0.0,"damage_taken":18.0,"relics_obtained":["Boot"]},{"damage_healed":0,"gold_gain":0,"player_choice":"Bought 1 Potion","damage_taken":0,"max_hp_gain":0,"max_hp_loss":0,"event_name":"The Woman in Blue","floor":7,"gold_loss":0}],"is_beta":false,"boss_relics":[],"items_purged_floors":[],"is_endless":false,"potions_floor_spawned":[1,5,10],"killed_by":"Gremlin Nob","ascension_level":18}}