{"host":"sc0o2qwpf9j16a4i","time":1611072043,"event":{"mods":["AchievementEnabler","BaseMod","BetterRewards","Block Reminder","Colored Map","Colored Powertips","Custom Start","Highlight Path","Minty Spire (QoL Compilation)","Relic Stats"],"gold_per_floor":[118,134,45,63,75,75,104,123,150,161,173,173,205,216,216,216,216],"floor_reached":16,"language":"ENG","playtime":448,"items_purged":[],"score":332,"play_id":"b0184727-3011-4340-a8df-459b187ebd63","local_time":"20210119180043","is_ascension_mode":true,"campfire_choices":[{"floor":6,"key":"REST"},{"floor":12,"key":"REST"},{"floor":15,"key":"REST"}],"circlet_count":0,"master_deck":["AscendersBane","Strike_G","Strike_G","Strike_G","Strike_G","Strike_G","Defend_G","Defend_G","Defend_G","Defend_G","Defend_G","Survivor","Neutralize","Dash","Noxious Fumes","Blade Dance+1","Skewer+1","Crippling Poison+1","Sucker Punch+1","Cloak And Dagger+1","Terror+1","Catalyst+1","After Image","Bouncing Flask+1","Dagger Throw+1","Wraith Form v2","Corpse Explosion+1","Cloak And Dagger+1"],"relics":["Ring of the Snake","Toxic Egg 2","TwistedFunnel","Molten Egg 2","Blue Candle","Tiny Chest","Pen Nib"],"acts_visited":["Exordium"],"potions_floor_usage":[7,13,16],"damage_taken":[{"damage":0,"enemies":"Small Slimes","floor":1,"turns":2},{"damage":0,"enemies":"Cultist","floor":2,"turns":3},{"damage":3,"enemies":"Jaw Worm","floor":4,"turns":2},{"damage":5,"enemies":"Looter","floor":5,"turns":2},{"damage":6,"enemies":"Gremlin Nob","floor":7,"turns":3},{"damage":0,"enemies":"Large Slime","floor":8,"turns":4},{"damage":0,"enemies":"2 Fungi Beasts","floor":10,"turns":3},{"damage":4,"enemies":"Exordium Thugs","floor":11,"turns":4},{"damage":12,"enemies":"3 Sentries","floor":13,"turns":5},{"damage":0,"enemies":"Gremlin Gang","floor":14,"turns":2},{"damage":23,"enemies":"Slime Boss","floor":16,"turns":8}],"seed_played":"-8306231100589989825","potions_obtained":[{"floor":1,"key":"PowerPotion"},{"floor":2,"key":"Swift Potion"},{"floor":10,"key":"LiquidBronze"},{"floor":14,"key":"Energy Potion"}],"is_trial":false,"path_per_floor":["M","M","$","M","M","R","E","M","T","M","M","R","E","M","R","B"],"character_chosen":"THE_SILENT","items_purchased":["Dash","Toxic Egg 2","TwistedFunnel","Noxious Fumes","Blade Dance+1","Molten Egg 2","Skewer+1","Crippling Poison+1","Terror+1"],"campfire_rested":3,"item_purchase_floors":[0,0,0,0,0,0,0,0,3],"current_hp_per_floor":[22,22,22,19,14,33,27,27,27,27,23,42,30,30,49,26,26],"gold":216,"neow_bonus":"","is_daily":false,"chose_seed":false,"campfire_upgraded":0,"win_rate":0.0,"timestamp":1611072043,"path_taken":["M","M","$","M","M","R","E","M","T","M","M","R","E","M","R","BOSS"],"items_purchased_type":["Card","Relic","Relic","Card","Card","Relic","Card","Card","Card"],"build_version":"2020-12-22","purchased_purges":0,"victory":false,"max_hp_per_floor":[66,66,66,66,66,66,66,66,66,66,66,66,66,66,66,66,66],"relic_stats":{"counters":[79,415],"Blue Candle":[0],"Tiny Chest":1,"Pen Nib":[15],"obtain_stats":[{"TwistedFunnel":0,"Regal Pillow":9,"Lantern":7,"Gremlin Horn":12,"Mango":28,"StoneCalendar":0,"Bag of Preparation":11,"Whetstone":13,"Boot":20,"Sling":0,"Ninja Scroll":14,"Tiny Chest":30,"MealTicket":0,"WingedGreaves":7,"Chemical X":11,"Toxic Egg 2":39,"Ring of the Snake":0,"Runic Pyramid":34,"Lee\u0027s Waffle":0,"NeowsBlessing":0,"Happy Flower":26,"Golden Idol":13,"Blue Candle":9,"Astrolabe":17,"Velvet Choker":17,"Oddly Smooth Stone":9,"Eternal Feather":28,"Pen Nib":13,"Omamori":11,"Letter Opener":7,"War Paint":6,"MawBank":7,"Akabeko":4,"WarpedTongs":29,"Du-Vu Doll":12,"Shuriken":9,"Bloody Idol":22,"Bronze Scales":9,"Orrery":29,"Pandora\u0027s Box":17,"Molten Egg 2":42,"Turnip":9,"Nloth\u0027s Gift":19,"Bottled Lightning":29,"Toy Ornithopter":24},{"TwistedFunnel":20,"Regal Pillow":39,"Lantern":55,"Gremlin Horn":17,"Mango":10,"StoneCalendar":50,"Bag of Preparation":5,"Whetstone":41,"Boot":8,"Sling":13,"Ninja Scroll":19,"Tiny Chest":11,"MealTicket":13,"WingedGreaves":4,"Chemical X":56,"Toxic Egg 2":66,"Ring of the Snake":0,"Runic Pyramid":64,"Lee\u0027s Waffle":50,"NeowsBlessing":0,"Happy Flower":9,"Golden Idol":5,"Blue Candle":15,"Astrolabe":43,"Velvet Choker":6,"Oddly Smooth Stone":55,"Eternal Feather":47,"Pen Nib":77,"Omamori":32,"Letter Opener":24,"War Paint":15,"MawBank":38,"Akabeko":22,"WarpedTongs":10,"Du-Vu Doll":33,"Shuriken":32,"Bloody Idol":8,"Bronze Scales":25,"Orrery":62,"Pandora\u0027s Box":58,"Molten Egg 2":67,"Turnip":4,"Nloth\u0027s Gift":59,"Bottled Lightning":48,"Toy Ornithopter":9},{"TwistedFunnel":130,"Regal Pillow":220,"Lantern":307,"Gremlin Horn":111,"Mango":53,"StoneCalendar":284,"Bag of Preparation":18,"Whetstone":225,"Boot":40,"Sling":86,"Ninja Scroll":121,"Tiny Chest":62,"MealTicket":86,"WingedGreaves":11,"Chemical X":310,"Toxic Egg 2":368,"Ring of the Snake":0,"Runic Pyramid":361,"Lee\u0027s Waffle":284,"NeowsBlessing":0,"Happy Flower":47,"Golden Idol":18,"Blue Candle":97,"Astrolabe":239,"Velvet Choker":28,"Oddly Smooth Stone":307,"Eternal Feather":267,"Pen Nib":405,"Omamori":199,"Letter Opener":149,"War Paint":97,"MawBank":218,"Akabeko":142,"WarpedTongs":53,"Du-Vu Doll":204,"Shuriken":199,"Bloody Idol":40,"Bronze Scales":153,"Orrery":343,"Pandora\u0027s Box":325,"Molten Egg 2":374,"Turnip":11,"Nloth\u0027s Gift":328,"Bottled Lightning":273,"Toy Ornithopter":47}],"Ring of the Snake":[22]},"card_choices":[{"not_picked":["Backflip+1","Calculated Gamble+1"],"picked":"Sucker Punch+1","floor":1},{"not_picked":["Outmaneuver+1","Underhanded Strike+1"],"picked":"Cloak And Dagger+1","floor":2},{"not_picked":["Slice+1","Blade Dance+1"],"picked":"Catalyst+1","floor":4},{"not_picked":["Distraction+1","Terror+1","Prepared+1"],"picked":"SKIP","floor":5},{"not_picked":["Dodge and Roll+1","Quick Slash+1"],"picked":"After Image","floor":7},{"not_picked":["Sucker Punch+1","Noxious Fumes"],"picked":"Bouncing Flask+1","floor":8},{"not_picked":["Slice+1","Leg Sweep+1"],"picked":"Dagger Throw+1","floor":10},{"not_picked":["Dodge and Roll+1","Backflip+1"],"picked":"Wraith Form v2","floor":11},{"not_picked":["Choke+1","Flechettes+1"],"picked":"Corpse Explosion+1","floor":13},{"not_picked":["Underhanded Strike+1","Flying Knee+1"],"picked":"Cloak And Dagger+1","floor":14}],"player_experience":755824,"relics_obtained":[{"floor":7,"key":"Blue Candle"},{"floor":9,"key":"Tiny Chest"},{"floor":13,"key":"Pen Nib"}],"event_choices":[],"is_beta":false,"boss_relics":[],"items_purged_floors":[],"is_endless":false,"potions_floor_spawned":[1,2,10,14],"killed_by":"Slime Boss","ascension_level":20}}