{"host":"ypphcgdomtfqpc2w","time":1611059861,"event":{"mods":["BaseMod","DeckTracker","Minty Spire (QoL Compilation)","Relic Stats","StSLib"],"gold_per_floor":[12,30,42,60,135,135,163,178,233,251,263,278,31,31,31,104,104,114,34,34,34,34,34,124,124,147,178,191,219,269,301,301,372,372,386,411,428,428,439,439,457,457,457],"floor_reached":42,"language":"ENG","playtime":2848,"items_purged":[],"score":916,"play_id":"c0e39c85-c862-4198-81bc-ff44f6e8ea94","local_time":"20210119213741","is_ascension_mode":true,"campfire_choices":[{"data":"Sever Soul","floor":6.0,"key":"SMITH"},{"floor":15.0,"key":"REST"},{"data":"Demon Form","floor":23.0,"key":"SMITH"},{"data":"Disarm","floor":25.0,"key":"SMITH"},{"floor":32.0,"key":"REST"},{"data":"Limit Break","floor":40.0,"key":"SMITH"}],"circlet_count":0,"master_deck":["AscendersBane","Strike_R+1","Strike_R+1","Strike_R","Defend_R","Defend_R","Defend_R","Bash","Sword Boomerang","Sever Soul+1","Disarm+1","Thunderclap","Demon Form+1","True Grit+1","Metallicize","Reaper","Corruption","Evolve","Reaper","Iron Wave","Limit Break+1","Iron Wave","Brutality","Shrug It Off","Rage","Metallicize+1","Disarm"],"relics":["Burning Blood","Ancient Tea Set","Oddly Smooth Stone","Sling","SlaversCollar","Whetstone","Ornamental Fan","Vajra","Bag of Preparation","Runic Cube","Peace Pipe"],"acts_visited":["Exordium","TheCity","TheBeyond"],"potions_floor_usage":[42],"damage_taken":[{"damage":6.0,"enemies":"Cultist","floor":1.0,"turns":3.0},{"damage":14.0,"enemies":"Small Slimes","floor":2.0,"turns":3.0},{"damage":3.0,"enemies":"2 Louse","floor":3.0,"turns":3.0},{"damage":13.0,"enemies":"Blue Slaver","floor":4.0,"turns":4.0},{"damage":39.0,"enemies":"Lagavulin","floor":7.0,"turns":8.0},{"damage":0.0,"enemies":"2 Fungi Beasts","floor":8.0,"turns":2.0},{"damage":6.0,"enemies":"Looter","floor":10.0,"turns":3.0},{"damage":3.0,"enemies":"Red Slaver","floor":11.0,"turns":3.0},{"damage":3.0,"enemies":"2 Fungi Beasts","floor":12.0,"turns":4.0},{"damage":14.0,"enemies":"Hexaghost","floor":16.0,"turns":8.0},{"damage":57.0,"enemies":"Shell Parasite","floor":18.0,"turns":39.0},{"damage":30.0,"enemies":"2 Thieves","floor":19.0,"turns":4.0},{"damage":21.0,"enemies":"Gremlin Leader","floor":27.0,"turns":7.0},{"damage":74.0,"enemies":"Cultist and Chosen","floor":28.0,"turns":8.0},{"damage":67.0,"enemies":"Slavers","floor":29.0,"turns":5.0},{"damage":33.0,"enemies":"Book of Stabbing","floor":31.0,"turns":4.0},{"damage":87.0,"enemies":"Collector","floor":33.0,"turns":9.0},{"damage":46.0,"enemies":"3 Shapes","floor":35.0,"turns":13.0},{"damage":28.0,"enemies":"Mind Bloom Boss Battle","floor":36.0,"turns":9.0},{"damage":86.0,"enemies":"3 Darklings","floor":37.0,"turns":7.0},{"damage":125.0,"enemies":"Sphere and 2 Shapes","floor":39.0,"turns":9.0},{"damage":25.0,"enemies":"Maw","floor":41.0,"turns":8.0},{"damage":93,"enemies":"Reptomancer","floor":42,"turns":3}],"seed_played":"-2388099144493660962","potions_obtained":[{"floor":2.0,"key":"PowerPotion"},{"floor":3.0,"key":"Ancient Potion"},{"floor":7.0,"key":"Explosive Potion"},{"floor":12.0,"key":"DuplicationPotion"},{"floor":28.0,"key":"Strength Potion"},{"floor":29.0,"key":"FearPotion"},{"floor":31.0,"key":"AttackPotion"},{"floor":33.0,"key":"BlessingOfTheForge"},{"floor":37.0,"key":"FairyPotion"},{"floor":39.0,"key":"EssenceOfSteel"}],"is_trial":false,"path_per_floor":["M","M","M","M","?","R","E","M","T","M","M","M","$","?","R","B",null,"M","M","$","?","?","R","?","R","T","E","M","E","?","E","R","B",null,"M","?","M","?","M","R","M","E"],"character_chosen":"IRONCLAD","items_purchased":["Reaper","Sling"],"campfire_rested":2,"item_purchase_floors":[13,13],"current_hp_per_floor":[68,60,63,56,45,45,12,18,18,18,21,24,24,24,46,48,68,75,59,59,59,59,59,41,41,41,56,40,27,27,34,56,51,69,75,75,75,75,75,75,75,0,0],"gold":457,"neow_bonus":"REMOVE_TWO","is_daily":false,"chose_seed":false,"campfire_upgraded":4,"win_rate":0.0,"timestamp":1611059861,"path_taken":["M","?","M","M","?","R","E","M","T","M","M","M","$","?","R","BOSS","M","M","$","?","?","R","?","R","T","E","?","E","?","E","R","BOSS","M","?","M","?","M","R","M","E"],"items_purchased_type":["Card","Relic"],"build_version":"2020-12-22","purchased_purges":0,"victory":false,"max_hp_per_floor":[75,75,75,75,75,75,75,75,75,75,75,75,75,75,75,75,75,75,75,75,75,75,75,75,75,75,75,75,75,75,75,75,75,75,75,75,75,75,75,75,75,75,75],"relic_stats":{"Peace Pipe":0,"counters":[23,166],"Ornamental Fan":[48],"Bag of Preparation":[14],"Whetstone":["Strike_R","Strike_R"],"obtain_stats":[{"Peace Pipe":36,"SlaversCollar":17,"Ornamental Fan":27,"Oddly Smooth Stone":9,"Vajra":29,"Bag of Preparation":31,"Whetstone":26,"Ancient Tea Set":7,"Sling":13,"Burning Blood":0,"Runic Cube":34},{"Peace Pipe":19,"SlaversCollar":10,"Ornamental Fan":13,"Oddly Smooth Stone":6,"Vajra":15,"Bag of Preparation":16,"Whetstone":12,"Ancient Tea Set":5,"Sling":9,"Burning Blood":0,"Runic Cube":17},{"Peace Pipe":139,"SlaversCollar":41,"Ornamental Fan":91,"Oddly Smooth Stone":23,"Vajra":104,"Bag of Preparation":108,"Whetstone":84,"Ancient Tea Set":21,"Sling":33,"Burning Blood":0,"Runic Cube":117}],"Burning Blood":97,"Runic Cube":[66]},"card_choices":[{"not_picked":["Body Slam","Flex"],"picked":"Sword Boomerang","floor":1.0},{"not_picked":["Shrug It Off","Wild Strike"],"picked":"Sever Soul","floor":2.0},{"not_picked":["Body Slam","Infernal Blade"],"picked":"Disarm","floor":3.0},{"not_picked":["Headbutt","Impervious"],"picked":"Thunderclap","floor":4.0},{"not_picked":["Shockwave","Clothesline"],"picked":"Demon Form","floor":7.0},{"not_picked":["Perfected Strike","Twin Strike","Sword Boomerang"],"picked":"SKIP","floor":8.0},{"not_picked":["Anger","Iron Wave"],"picked":"True Grit","floor":10.0},{"not_picked":["Iron Wave","Anger"],"picked":"Metallicize","floor":11.0},{"not_picked":["Hemokinesis","Heavy Blade","Rage"],"picked":"SKIP","floor":12.0},{"not_picked":["Juggernaut","Brutality"],"picked":"Corruption","floor":16.0},{"not_picked":["Heavy Blade","Cleave","Clash"],"picked":"SKIP","floor":18.0},{"not_picked":["Thunderclap","Fire Breathing"],"picked":"Evolve","floor":19.0},{"not_picked":["Iron Wave","Armaments"],"picked":"Reaper","floor":27.0},{"not_picked":["Pommel Strike","Headbutt"],"picked":"Iron Wave","floor":28.0},{"not_picked":["Heavy Blade","Pommel Strike"],"picked":"Limit Break","floor":29.0},{"not_picked":["Thunderclap","Fire Breathing"],"picked":"Iron Wave","floor":31.0},{"not_picked":["Bludgeon","Double Tap"],"picked":"Brutality","floor":33.0},{"not_picked":["Seeing Red","Warcry"],"picked":"Shrug It Off","floor":35.0},{"not_picked":["Armaments","Cleave"],"picked":"Rage","floor":36.0},{"not_picked":["Headbutt","Entrench+1"],"picked":"Metallicize+1","floor":37.0},{"not_picked":["Clash+1","Body Slam","Heavy Blade"],"picked":"SKIP","floor":39.0},{"not_picked":["Iron Wave","Rage"],"picked":"Disarm","floor":41.0}],"player_experience":2056554,"relics_obtained":[{"floor":7.0,"key":"Ancient Tea Set"},{"floor":9.0,"key":"Oddly Smooth Stone"},{"floor":26.0,"key":"Whetstone"},{"floor":27.0,"key":"Ornamental Fan"},{"floor":29.0,"key":"Vajra"},{"floor":31.0,"key":"Bag of Preparation"},{"floor":36.0,"key":"Peace Pipe"}],"event_choices":[{"damage_healed":0.0,"max_hp_gain":0.0,"max_hp_loss":0.0,"gold_gain":75.0,"event_name":"World of Goop","player_choice":"Gather Gold","floor":5.0,"gold_loss":0.0,"damage_taken":11.0},{"damage_healed":0.0,"max_hp_gain":0.0,"max_hp_loss":0.0,"gold_gain":0.0,"event_name":"Living Wall","player_choice":"Grow","floor":14.0,"gold_loss":0.0,"damage_taken":0.0,"cards_upgraded":["True Grit"]},{"damage_healed":0.0,"max_hp_gain":0.0,"max_hp_loss":0.0,"gold_gain":0.0,"event_name":"Ghosts","player_choice":"Ignored","floor":21.0,"gold_loss":0.0,"damage_taken":0.0},{"damage_healed":0.0,"max_hp_gain":0.0,"max_hp_loss":0.0,"gold_gain":0.0,"event_name":"Vampires","player_choice":"Ignored","floor":22.0,"gold_loss":0.0,"damage_taken":0.0},{"damage_healed":0.0,"max_hp_gain":0.0,"max_hp_loss":0.0,"gold_gain":90.0,"event_name":"Knowing Skull","player_choice":"GOLD POTION ","floor":24.0,"potions_obtained":["Strength Potion"],"gold_loss":0.0,"damage_taken":18.0,"cards_obtained":[]},{"damage_healed":0.0,"max_hp_gain":0.0,"max_hp_loss":0.0,"gold_gain":50.0,"event_name":"Nest","player_choice":"Stole From Cult","floor":30.0,"gold_loss":0.0,"damage_taken":0.0},{"damage_healed":0.0,"max_hp_gain":0.0,"max_hp_loss":0.0,"gold_gain":0.0,"event_name":"MindBloom","player_choice":"Fight","floor":36.0,"gold_loss":0.0,"damage_taken":0.0},{"cards_removed":["Strike_R"],"damage_healed":0.0,"max_hp_gain":0.0,"max_hp_loss":0.0,"gold_gain":0.0,"event_name":"Falling","player_choice":"Removed Attack","floor":38.0,"gold_loss":0.0,"damage_taken":0.0}],"is_beta":false,"boss_relics":[{"not_picked":["Astrolabe","Ectoplasm"],"picked":"SlaversCollar"},{"not_picked":["Tiny House","Velvet Choker"],"picked":"Runic Cube"}],"items_purged_floors":[],"is_endless":false,"potions_floor_spawned":[2,3,4,7,12,28,29,31,33,37,39],"killed_by":"Reptomancer","ascension_level":20}}