{"host":"zv753xhrtese558r","time":1611038157,"event":{"mods":["2.2 Compatiblity","AchievementEnabler","BaseMod","Bestiary","Better Match","Better Note","Better Skull","Better Third Choice","BetterRewards","Colored Map","Colored Powertips","Googly Eyes","Infinite Spire","Minty Spire (QoL Compilation)","Spicy Shops","StSLib"],"gold_per_floor":[118,118,218,228,243,74,87,87,87,100,100,116,19,78,78,180,180,198,198,198,198,217,217,245,48,95,95,15,35,35,35,35,135,135,155,205,219,219,231,231,231,261,286,306,306,0,12,12,12,12,12],"floor_reached":50,"language":"ENG","playtime":2614,"items_purged":[],"score":690,"play_id":"919c8d3a-82d7-45ad-aa7e-e85b5aef58f9","local_time":"20210118223557","is_ascension_mode":true,"campfire_choices":[{"data":"BattleHymn","floor":8,"key":"SMITH"},{"floor":15,"key":"REST"},{"data":"Vault","floor":23,"key":"SMITH"},{"floor":27,"key":"REST"},{"floor":32,"key":"REST"},{"floor":41,"key":"REST"},{"floor":45,"key":"REST"},{"floor":49,"key":"REST"}],"circlet_count":0,"master_deck":["Strike_P+1","Strike_P+1","Strike_P+1","Defend_P+1","Defend_P+1","Defend_P+1","Eruption+1","Vigilance","BowlingBash","FollowUp","BattleHymn+1","PathToVictory","EmptyBody","Vault+1","infinitespire:Oblivion","Devotion","ReachHeaven","PathToVictory","Prostrate","Protect","WindmillStrike","PathToVictory","J.A.X.","MasterReality","EmptyFist","ConjureBlade","ClearTheMind+1","MasterReality+1","SandsOfTime","Prostrate+1","FlurryOfBlows+1"],"relics":["HolyWater","Kunai","Juzu Bracelet","Orichalcum","infinitespire:Satchel","PreservedInsect","Bag of Preparation","SacredBark","Shovel","Bronze Scales","Strawberry","Red Mask"],"acts_visited":["Exordium","TheCity","TheBeyond"],"potions_floor_usage":[13,24,24,37,39,39],"damage_taken":[{"damage":1,"enemies":"2 Louse","floor":1,"turns":2},{"damage":0,"enemies":"Small Slimes","floor":4,"turns":2},{"damage":0,"enemies":"Cultist","floor":5,"turns":2},{"damage":2,"enemies":"Blue Slaver","floor":7,"turns":2},{"damage":10,"enemies":"Exordium Wildlife","floor":10,"turns":3},{"damage":0,"enemies":"2 Fungi Beasts","floor":12,"turns":2},{"damage":0,"enemies":"Slime Boss","floor":16,"turns":3},{"damage":0,"enemies":"Chosen","floor":18,"turns":3},{"damage":16,"enemies":"3 Byrds","floor":22,"turns":5},{"damage":19,"enemies":"Book of Stabbing","floor":24,"turns":4},{"damage":0,"enemies":"Snecko","floor":29,"turns":3},{"damage":6,"enemies":"Champ","floor":33,"turns":7},{"damage":30,"enemies":"3 Darklings","floor":35,"turns":5},{"damage":0,"enemies":"Mind Bloom Boss Battle","floor":36,"turns":3},{"damage":9,"enemies":"3 Shapes","floor":37,"turns":4},{"damage":27,"enemies":"Maw","floor":39,"turns":7},{"damage":8,"enemies":"Giant Head","floor":42,"turns":6},{"damage":26,"enemies":"Sphere and 2 Shapes","floor":44,"turns":5},{"damage":39,"enemies":"Transient","floor":47,"turns":5},{"damage":130,"enemies":"Awakened One","floor":50,"turns":9}],"seed_played":"3781700186838272411","potions_obtained":[{"floor":1,"key":"BlessingOfTheForge"},{"floor":10,"key":"FairyPotion"},{"floor":12,"key":"BottledMiracle"},{"floor":16,"key":"SneckoOil"},{"floor":24,"key":"SpeedPotion"},{"floor":29,"key":"EssenceOfSteel"},{"floor":35,"key":"LiquidMemories"},{"floor":37,"key":"SkillPotion"},{"floor":44,"key":"FairyPotion"}],"is_trial":false,"path_per_floor":["M","?","?","M","M","$","M","R","T","M","?","M","$","?","R","B",null,"M","?","?","?","M","R","E","$","T","R","$","M","?","?","R","B",null,"M","?","M","?","M","?","R","E","T","M","R","?","M","?","R","B"],"character_chosen":"WATCHER","items_purchased":["Juzu Bracelet","PathToVictory","Fruit Juice","PreservedInsect","Protect","WindmillStrike"],"campfire_rested":6,"item_purchase_floors":[6,6,13,25,25,28],"current_hp_per_floor":[71,71,71,71,71,71,69,69,69,59,41,41,46,46,69,69,77,77,77,77,77,61,61,42,42,42,65,65,65,65,65,77,71,77,47,47,38,38,11,11,34,26,33,7,32,32,50,50,75,0,0],"gold":12,"neow_bonus":"UPGRADE_CARD","is_daily":false,"chose_seed":false,"campfire_upgraded":2,"win_rate":0.0,"timestamp":1611038157,"path_taken":["M","?","?","?","M","$","M","R","T","M","?","M","$","?","R","BOSS","M","?","?","?","M","R","E","$","T","R","?","M","?","?","R","BOSS","M","?","M","?","M","?","R","E","T","M","R","?","M","?","R","BOSS"],"items_purchased_type":["Relic","Card","Potion","Relic","Card","Card"],"build_version":"2020-12-22","purchased_purges":0,"victory":false,"max_hp_per_floor":[72,72,72,72,72,72,72,72,72,72,72,72,77,77,77,77,77,77,77,77,77,77,77,77,77,77,77,77,77,77,77,77,77,77,77,77,77,77,77,77,77,77,84,84,84,84,84,84,84,84,84],"card_choices":[{"not_picked":["CutThroughFate","FearNoEvil"],"picked":"BowlingBash","floor":1},{"not_picked":["Weave","Crescendo"],"picked":"FollowUp","floor":4},{"not_picked":["Crescendo","Halt"],"picked":"BattleHymn","floor":5},{"not_picked":["Protect","Collect"],"picked":"EmptyBody","floor":7},{"not_picked":["TalkToTheHand","JustLucky"],"picked":"Vault","floor":10},{"not_picked":["infinitespire:SealOfDarkness+","infinitespire:Execution"],"picked":"infinitespire:Oblivion","floor":11},{"not_picked":["Nirvana","CutThroughFate","Vengeance"],"picked":"SKIP","floor":12},{"not_picked":["DevaForm","Establishment"],"picked":"Devotion","floor":16},{"not_picked":["FollowUp","ThirdEye","EmptyFist"],"picked":"SKIP","floor":18},{"not_picked":["Nirvana","BowlingBash"],"picked":"PathToVictory","floor":22},{"not_picked":["ClearTheMind","DeusExMachina"],"picked":"Prostrate","floor":24},{"not_picked":["Weave+1","DeceiveReality"],"picked":"PathToVictory","floor":29},{"not_picked":["Omniscience","Devotion"],"picked":"MasterReality","floor":33},{"not_picked":["CutThroughFate","Crescendo"],"picked":"EmptyFist","floor":35},{"not_picked":["JustLucky","CrushJoints+1"],"picked":"ConjureBlade","floor":36},{"not_picked":["Consecrate","SashWhip"],"picked":"ClearTheMind+1","floor":37},{"not_picked":["CutThroughFate","Protect"],"picked":"SandsOfTime","floor":39},{"not_picked":["EmptyFist","Crescendo+1"],"picked":"Prostrate+1","floor":42},{"not_picked":["CutThroughFate","Halt+1"],"picked":"FlurryOfBlows+1","floor":44},{"not_picked":["SashWhip","SpiritShield","EmptyFist"],"picked":"SKIP","floor":47}],"player_experience":373430,"relics_obtained":[{"floor":2,"key":"Kunai"},{"floor":9,"key":"Orichalcum"},{"floor":24,"key":"infinitespire:Satchel"},{"floor":26,"key":"Bag of Preparation"},{"floor":36,"key":"Shovel"},{"floor":42,"key":"Bronze Scales"},{"floor":43,"key":"Strawberry"}],"event_choices":[{"damage_healed":0,"gold_gain":100,"player_choice":"Pray","damage_taken":0,"max_hp_gain":0,"max_hp_loss":0,"event_name":"Golden Shrine","floor":3,"gold_loss":0},{"damage_healed":0,"gold_gain":59,"player_choice":"Gained Gold","damage_taken":0,"max_hp_gain":0,"max_hp_loss":0,"event_name":"Golden Wing","floor":14,"gold_loss":0},{"damage_healed":0,"gold_gain":0,"player_choice":"Simplicity","damage_taken":0,"max_hp_gain":0,"max_hp_loss":8,"event_name":"betterThird:BetterWriting","floor":19,"gold_loss":0},{"damage_healed":0,"gold_gain":0,"player_choice":"Read","damage_taken":0,"max_hp_gain":0,"max_hp_loss":0,"event_name":"The Library","floor":20,"gold_loss":0,"cards_obtained":["ReachHeaven"]},{"damage_healed":0,"gold_gain":0,"player_choice":"Ignored","damage_taken":0,"max_hp_gain":0,"max_hp_loss":0,"event_name":"Beggar","floor":21,"gold_loss":0},{"cards_removed":["Strike_P"],"damage_healed":0,"gold_gain":0,"player_choice":"Offered Basic","damage_taken":0,"max_hp_gain":0,"max_hp_loss":0,"event_name":"Bonfire Elementals","floor":30,"gold_loss":0},{"damage_healed":0,"gold_gain":0,"player_choice":"Obtain J.A.X.","damage_taken":0,"max_hp_gain":0,"max_hp_loss":0,"event_name":"Drug Dealer","floor":31,"gold_loss":0,"cards_obtained":["J.A.X."]},{"damage_healed":0,"gold_gain":0,"player_choice":"Fight","damage_taken":0,"max_hp_gain":0,"max_hp_loss":0,"event_name":"MindBloom","floor":36,"gold_loss":0},{"damage_healed":0,"gold_gain":0,"cards_transformed":["Defend_P"],"player_choice":"Transformed","damage_taken":0,"max_hp_gain":0,"max_hp_loss":0,"event_name":"Transmorgrifier","floor":38,"gold_loss":0,"cards_obtained":["MasterReality"]},{"damage_healed":0,"gold_gain":0,"player_choice":"Ignored","damage_taken":0,"max_hp_gain":0,"max_hp_loss":0,"event_name":"The Moai Head","floor":40,"gold_loss":0},{"damage_healed":0,"gold_gain":0,"player_choice":"Paid","damage_taken":0,"relics_obtained":["Red Mask"],"max_hp_gain":0,"max_hp_loss":0,"event_name":"Tomb of Lord Red Mask","floor":46,"gold_loss":306},{"damage_healed":0,"gold_gain":0,"player_choice":"Forge","damage_taken":0,"max_hp_gain":0,"max_hp_loss":0,"event_name":"Accursed Blacksmith","floor":48,"gold_loss":0,"cards_upgraded":["MasterReality"]}],"is_beta":false,"boss_relics":[{"not_picked":["Velvet Choker","Sozu"],"picked":"HolyWater"},{"not_picked":["Runic Dome","Empty Cage"],"picked":"SacredBark"}],"items_purged_floors":[],"is_endless":false,"potions_floor_spawned":[1,10,12,16,24,29,35,37,44],"killed_by":"Awakened One","ascension_level":3}}