{"host":"swphzoo6hmc78epl","time":1611029275,"event":{"mods":["BaseMod","Highlight Path","Minty Spire (QoL Compilation)","Quick Restart"],"gold_per_floor":[114,133,146,160,171,171,181,181,181,181,199,214,67,81,81,202,202,220,239,239,339,42,80,45,45,45,68,68,68,99,118,118,118,118],"floor_reached":33,"language":"ENG","playtime":1526,"items_purged":["Strike_B"],"score":295,"play_id":"2fd5e2a8-e3d0-4208-8346-7530cbf16b3c","local_time":"20210118230755","is_ascension_mode":true,"campfire_choices":[{"data":"Sunder","floor":6,"key":"SMITH"},{"data":"Consume","floor":8,"key":"SMITH"},{"data":"Loop","floor":15,"key":"SMITH"},{"data":"Strike_B","floor":25,"key":"PURGE"},{"data":"Strike_B","floor":32,"key":"PURGE"}],"circlet_count":0,"master_deck":["Defend_B","Defend_B","Defend_B","Defend_B","Zap","Dualcast","Cold Snap","Ball Lightning","Sunder+1","Defragment","Gash","Consume+1","Ball Lightning","Rebound","Loop+1","Buffer","Cold Snap","Storm","Panacea","Static Discharge","Sweeping Beam","Self Repair"],"relics":["Cracked Core","NeowsBlessing","Cables","Golden Idol","DataDisk","Busted Crown","Peace Pipe","Anchor","The Courier"],"acts_visited":["Exordium","TheCity"],"potions_floor_usage":[16,33],"damage_taken":[{"damage":0,"enemies":"Small Slimes","floor":1,"turns":1},{"damage":0,"enemies":"Cultist","floor":2,"turns":1},{"damage":0,"enemies":"2 Louse","floor":3,"turns":1},{"damage":0,"enemies":"2 Fungi Beasts","floor":4,"turns":2},{"damage":17,"enemies":"Gremlin Gang","floor":5,"turns":3},{"damage":9,"enemies":"Large Slime","floor":7,"turns":3},{"damage":0,"enemies":"Looter","floor":11,"turns":3},{"damage":0,"enemies":"3 Louse","floor":12,"turns":2},{"damage":0,"enemies":"Exordium Wildlife","floor":14,"turns":1},{"damage":14,"enemies":"Hexaghost","floor":16,"turns":5},{"damage":8,"enemies":"Shell Parasite","floor":18,"turns":4},{"damage":5,"enemies":"Chosen","floor":19,"turns":3},{"damage":9,"enemies":"Gremlin Leader","floor":23,"turns":6},{"damage":0,"enemies":"Centurion and Healer","floor":27,"turns":5},{"damage":15,"enemies":"Book of Stabbing","floor":30,"turns":5},{"damage":19,"enemies":"Snecko","floor":31,"turns":3},{"damage":52,"enemies":"Collector","floor":33,"turns":6}],"seed_played":"-7785500413638159967","potions_obtained":[{"floor":3,"key":"FocusPotion"},{"floor":7,"key":"PotionOfCapacity"},{"floor":11,"key":"SneckoOil"},{"floor":14,"key":"Strength Potion"},{"floor":19,"key":"CultistPotion"},{"floor":29,"key":"PowerPotion"}],"is_trial":false,"path_per_floor":["M","M","M","M","M","R","M","R","T","?","M","M","$","M","R","B",null,"M","M","?","?","$","E","$","R","T","M","?","?","E","M","R","B"],"character_chosen":"DEFECT","items_purchased":["DataDisk","Panacea","Static Discharge","Sweeping Beam","Self Repair"],"campfire_rested":0,"item_purchase_floors":[13,22,22,22,24],"current_hp_per_floor":[75,75,75,75,58,58,49,49,49,31,31,31,31,31,31,17,75,67,62,62,62,62,53,53,53,53,53,53,53,45,33,33,0,0],"gold":118,"neow_bonus":"THREE_ENEMY_KILL","is_daily":false,"chose_seed":false,"campfire_upgraded":3,"win_rate":0.0,"timestamp":1611029275,"path_taken":["M","M","M","M","M","R","M","R","T","?","M","M","$","M","R","BOSS","M","M","?","?","$","E","$","R","T","?","?","?","E","M","R","BOSS"],"items_purchased_type":["Relic","Card","Card","Card","Card"],"build_version":"2020-12-22","purchased_purges":1,"victory":false,"max_hp_per_floor":[75,75,75,75,75,75,75,75,75,75,75,75,75,75,75,75,75,75,75,75,75,75,75,75,75,75,75,75,75,75,75,75,75,75],"card_choices":[{"not_picked":["Blizzard","Double Energy"],"picked":"Cold Snap","floor":1},{"not_picked":["Chill","Steam"],"picked":"Ball Lightning","floor":2},{"not_picked":["Genetic Algorithm","Redo"],"picked":"Sunder","floor":3},{"not_picked":["Rebound","Conserve Battery"],"picked":"Defragment","floor":4},{"not_picked":["Stack","Turbo"],"picked":"Gash","floor":5},{"not_picked":["Defragment","Reboot"],"picked":"Consume","floor":7},{"not_picked":["Conserve Battery","Double Energy"],"picked":"Ball Lightning","floor":11},{"not_picked":["Beam Cell","Blizzard"],"picked":"Rebound","floor":12},{"not_picked":["Recycle","Gash"],"picked":"Loop","floor":14},{"not_picked":["Meteor Strike","Core Surge"],"picked":"Buffer","floor":16},{"not_picked":["Ball Lightning+1"],"picked":"SKIP","floor":18},{"not_picked":[],"picked":"Cold Snap","floor":19},{"not_picked":["Cold Snap"],"picked":"SKIP","floor":23},{"not_picked":["Beam Cell+1"],"picked":"SKIP","floor":27},{"not_picked":["Steam"],"picked":"SKIP","floor":30},{"not_picked":["Beam Cell+1"],"picked":"SKIP","floor":31}],"player_experience":774284,"relics_obtained":[{"floor":9,"key":"Cables"},{"floor":23,"key":"Peace Pipe"},{"floor":26,"key":"Anchor"},{"floor":30,"key":"The Courier"}],"event_choices":[{"damage_healed":0,"gold_gain":0,"player_choice":"Take Damage","damage_taken":18,"relics_obtained":["Golden Idol"],"max_hp_gain":0,"max_hp_loss":0,"event_name":"Golden Idol","floor":10,"gold_loss":0},{"damage_healed":0,"gold_gain":0,"player_choice":"Read","damage_taken":0,"max_hp_gain":0,"max_hp_loss":0,"event_name":"The Library","floor":20,"gold_loss":0,"cards_obtained":["Storm"]},{"damage_healed":0,"gold_gain":100,"player_choice":"Pray","damage_taken":0,"max_hp_gain":0,"max_hp_loss":0,"event_name":"Golden Shrine","floor":21,"gold_loss":0},{"cards_removed":["Strike_B"],"damage_healed":0,"gold_gain":0,"player_choice":"Elegance","damage_taken":0,"max_hp_gain":0,"max_hp_loss":0,"event_name":"Back to Basics","floor":28,"gold_loss":0},{"damage_healed":0,"gold_gain":0,"player_choice":"Got Potions","damage_taken":0,"max_hp_gain":0,"max_hp_loss":0,"event_name":"Lab","floor":29,"gold_loss":0}],"is_beta":false,"boss_relics":[{"not_picked":["Velvet Choker","Cursed Key"],"picked":"Busted Crown"}],"items_purged_floors":[22],"is_endless":false,"potions_floor_spawned":[3,7,11,14,19,23],"killed_by":"Collector","ascension_level":1}}