{"host":"vrsxkkch9ccrec7k","time":1611014603,"event":{"mods":["Act Like it!","Astrologer","BaseMod","Bestiary","Better Sensory Stone","Better Third Choice","Better Vampires","Minty Spire (QoL Compilation)","Permanent Neow","Relic Stats","Spicy Shops","StSLib"],"gold_per_floor":[115,132,152,152,170,200,200,210,210,245,345,345,361,377,377,377,377],"floor_reached":16,"language":"ENG","playtime":1331,"items_purged":[],"score":114,"play_id":"b802047c-90f3-4db8-8c96-53d09a5501a9","local_time":"20210118190323","is_ascension_mode":false,"campfire_choices":[{"data":"astrologer:NorthStar","floor":12,"key":"SMITH"},{"floor":15,"key":"REST"}],"circlet_count":0,"master_deck":["astrologer:Strike","astrologer:Strike","astrologer:Strike","astrologer:Defend","astrologer:Defend","astrologer:Defend","astrologer:Defend","astrologer:NorthStar+1","astrologer:TheFool","astrologer:MeteorShower","astrologer:TheMoon","astrologer:Radiance","astrologer:Trine","astrologer:CrystalBall","astrologer:SpaceDust","astrologer:SpaceDust","astrologer:CosmicExpanse"],"relics":["astrologer:SkyMirror","Vajra","Mummified Hand","Unceasing Top","Prayer Wheel"],"acts_visited":["Exordium"],"potions_floor_usage":[6,16,16],"damage_taken":[{"damage":2,"enemies":"Jaw Worm","floor":1,"turns":3},{"damage":0,"enemies":"2 Louse","floor":2,"turns":2},{"damage":0,"enemies":"Cultist","floor":3,"turns":3},{"damage":15,"enemies":"Exordium Wildlife","floor":5,"turns":4},{"damage":8,"enemies":"3 Sentries","floor":6,"turns":6},{"damage":2,"enemies":"Red Slaver","floor":8,"turns":4},{"damage":14,"enemies":"Gremlin Nob","floor":10,"turns":3},{"damage":0,"enemies":"3 Louse","floor":13,"turns":2},{"damage":11,"enemies":"Exordium Wildlife","floor":14,"turns":4},{"damage":35,"enemies":"Hexaghost","floor":16,"turns":14}],"seed_played":"3901250327460808336","potions_obtained":[{"floor":2,"key":"SteroidPotion"},{"floor":10,"key":"SpeedPotion"},{"floor":13,"key":"Strength Potion"}],"is_trial":false,"path_per_floor":["M","M","M","?","M","E","?","M","T","E","?","R","M","M","R","B"],"character_chosen":"ASTROLOGER","items_purchased":[],"campfire_rested":1,"item_purchase_floors":[],"current_hp_per_floor":[68,68,68,61,46,38,38,36,36,22,22,22,22,11,32,0,0],"gold":377,"neow_bonus":"RANDOM_COMMON_RELIC","is_daily":false,"chose_seed":false,"campfire_upgraded":1,"win_rate":0.0,"timestamp":1611014603,"path_taken":["M","M","M","?","M","E","?","M","T","E","?","R","M","M","R","BOSS"],"items_purchased_type":[],"build_version":"2020-12-22","purchased_purges":0,"victory":false,"max_hp_per_floor":[70,70,70,70,70,70,70,70,70,70,70,70,70,70,70,70,70],"relic_stats":{"counters":[10,45],"Mummified Hand":[2],"Prayer Wheel":2,"obtain_stats":[{"Mummified Hand":6,"Vajra":0,"Prayer Wheel":10,"astrologer:SkyMirror":0,"Unceasing Top":9},{"Mummified Hand":5,"Vajra":0,"Prayer Wheel":7,"astrologer:SkyMirror":0,"Unceasing Top":6},{"Mummified Hand":18,"Vajra":0,"Prayer Wheel":25,"astrologer:SkyMirror":0,"Unceasing Top":22}],"Unceasing Top":[4]},"card_choices":[{"not_picked":["astrologer:TheDevil","astrologer:Moonlight"],"picked":"astrologer:MeteorShower","floor":1},{"not_picked":["astrologer:ReadTheStars","astrologer:Still"],"picked":"astrologer:TheMoon","floor":2},{"not_picked":["astrologer:Conjunction","astrologer:Prestidigitation"],"picked":"astrologer:Radiance","floor":3},{"not_picked":["astrologer:Stardust","astrologer:Radiance","astrologer:Retelling"],"picked":"SKIP","floor":5},{"not_picked":["astrologer:SolarFlare","astrologer:Radiance"],"picked":"astrologer:Trine","floor":6},{"not_picked":["astrologer:Observe","astrologer:TheStar","astrologer:Radiance"],"picked":"SKIP","floor":8},{"not_picked":["astrologer:ShootingStar","astrologer:Fireball"],"picked":"astrologer:CrystalBall","floor":10},{"not_picked":["astrologer:TheTower","astrologer:Eclipse"],"picked":"astrologer:SpaceDust","floor":13},{"not_picked":["astrologer:Radiance","astrologer:Conjunction","astrologer:Stardust"],"picked":"SKIP","floor":13},{"not_picked":["astrologer:Conjunction","astrologer:TheTower"],"picked":"astrologer:SpaceDust","floor":14},{"not_picked":["astrologer:CometStrike","astrologer:Trine"],"picked":"astrologer:CosmicExpanse","floor":14}],"player_experience":1347699,"relics_obtained":[{"floor":6,"key":"Mummified Hand"},{"floor":9,"key":"Unceasing Top"},{"floor":10,"key":"Prayer Wheel"}],"event_choices":[{"cards_removed":["astrologer:Strike"],"damage_healed":0,"gold_gain":0,"player_choice":"Card Removal","damage_taken":7,"max_hp_gain":0,"max_hp_loss":0,"event_name":"Golden Wing","floor":4,"gold_loss":0},{"damage_healed":0,"gold_gain":0,"player_choice":"LEAVE","damage_taken":0,"max_hp_gain":0,"max_hp_loss":0,"event_name":"betterThird:BetterScrap","floor":7,"gold_loss":0,"cards_obtained":["Eviscerate"]},{"damage_healed":0,"gold_gain":100,"player_choice":"Pray","damage_taken":0,"max_hp_gain":0,"max_hp_loss":0,"event_name":"Golden Shrine","floor":11,"gold_loss":0}],"is_beta":false,"boss_relics":[],"items_purged_floors":[],"is_endless":false,"potions_floor_spawned":[2,10,13],"killed_by":"Hexaghost","ascension_level":0}}