{"host":"lgow17wc5wawziz1","time":1611064935,"event":{"mods":["Act Like it!","Aspiration","BaseMod","Better Third Choice","Colored Map","Colored Powertips","Gensokyo","HololiveMod","Hubris","Koishi","Minty Spire (QoL Compilation)","MostiFishMod","Quick Restart","Replay The Spire","StSLib","¡¼?Úª?ø«¡½REMEMod"],"gold_per_floor":[114,132,8,28,28,28,56,56,56,56,69,100,125,125,125,220,220,237,237,251,251,261,261,56,74,74,27,27,27,57,67,67,168,168,197,197,197,215,241,241,278,278,347,371,371,416,448,448,457,457],"floor_reached":51,"language":"KOR","playtime":5182,"items_purged":["Koishi:BasicStrike"],"score":979,"play_id":"225e98ba-98c2-47d2-baa5-fdb7ffbe0e90","local_time":"20210119230213","is_ascension_mode":true,"campfire_choices":[{"data":"MostiFishMod:GrandStart","floor":6.0,"key":"SMITH"},{"data":"Koishi:PredatoryInstincts","floor":8.0,"key":"SMITH"},{"data":"MostiFishMod:UltimateDefense","floor":10.0,"key":"SMITH"},{"floor":15.0,"key":"DIG"},{"data":"Koishi:Catatonia","floor":23.0,"key":"SMITH"},{"floor":32.0,"key":"DIG"},{"data":"Koishi:HeartStoppingHorror","floor":40.0,"key":"SMITH"},{"data":"Well Laid Plans","floor":42.0,"key":"SMITH"},{"floor":45.0,"key":"DIG"},{"floor":49,"key":"DIG"}],"circlet_count":0,"master_deck":["Koishi:BasicDefend+1","Koishi:BasicDefend","Koishi:Provoke","Koishi:HauntingSlash+1","MostiFishMod:UltimateDefense+1","Koishi:StingingMind","Koishi:StrangeCloudFist","Koishi:ParalyzingFear","MostiFishMod:GrandStart+1","Koishi:PredatoryInstincts+1","Koishi:PredatoryInstincts+1","Koishi:IdleWhim","Koishi:RuptureMind","Koishi:PhilosophyOfTheDespised+1","REME_SpectralBlade","Burst","REME_SpectralBlade","Koishi:DanmakuParanoia","Koishi:Catatonia+1","Koishi:PredatoryInstincts+1","Koishi:UnconsciousUrges","Koishi:EmbryosDream+1","Koishi:TremblingHands","Koishi:PhantomBarrier+1","Koishi:RorschachInDanmaku","Well Laid Plans+1","Gensokyo:GreaterSplit","Doubt","Koishi:FleetingPhantom+1","Koishi:PhilosophyOfTheDespised+1","Predator","Koishi:FleetingPhantom+1","Koishi:PerfectMindControl","Koishi:DreadfulBlow","hubris:DuctTapeCard"],"relics":["Koishi:ImaginaryFriend","REME_ComplimentaryCards","DaveBox","Juzu Bracelet","SynthV:TestCard","Happy Flower","Bag of Preparation","Bag of Marbles","hubris:SlimyHat","Shovel","Replay:Baseball","hubris:Teleporter","ChewingGum","Calipers","Gambling Chip","hubris:DisguiseKit","RhineSuit","CeramicFish","PreservedInsect","hubris:BottledRain","REME_HandOfSuture","Prayer Wheel","Prayer Wheel","War Paint","hubris:DuctTape"],"acts_visited":["Gensokyo:Gensokyo","Gensokyo:Gensokyoer","Gensokyo:Gensokyoest"],"potions_floor_usage":[50,50],"damage_taken":[{"damage":0.0,"enemies":"Gensokyo:3_Fairies","floor":1.0,"turns":4.0},{"damage":0.0,"enemies":"Gensokyo:Python","floor":2.0,"turns":3.0},{"damage":0.0,"enemies":"Gensokyo:2_Kodama","floor":4.0,"turns":3.0},{"damage":51.0,"enemies":"Gensokyo:Cirno","floor":7.0,"turns":9.0},{"damage":0.0,"enemies":"Gensokyo:LivingMonolith","floor":11.0,"turns":1.0},{"damage":0.0,"enemies":"Gensokyo:Mamizou","floor":12.0,"turns":3.0},{"damage":0.0,"enemies":"Gensokyo:Mamizou","floor":13.0,"turns":4.0},{"damage":27.0,"enemies":"Gensokyo:Reimu","floor":16.0,"turns":6.0},{"damage":0.0,"enemies":"Gensokyo:CosmicMonolith","floor":18.0,"turns":1.0},{"damage":8.0,"enemies":"Gensokyo:3_Dogs","floor":20.0,"turns":5.0},{"damage":0.0,"enemies":"Gensokyo:Wraith","floor":22.0,"turns":1.0},{"damage":6.0,"enemies":"Gensokyo:Slime_Group","floor":25.0,"turns":3.0},{"damage":0.0,"enemies":"Gensokyo:Koishi","floor":30.0,"turns":6.0},{"damage":0.0,"enemies":"Gensokyo:Swordslinger","floor":31.0,"turns":1.0},{"damage":16.0,"enemies":"Gensokyo:Eiki","floor":33.0,"turns":7.0},{"damage":0.0,"enemies":"Gensokyo:AncientGuardian","floor":35.0,"turns":5.0},{"damage":1.0,"enemies":"Gensokyo:3_Boulders","floor":39.0,"turns":5.0},{"damage":13.0,"enemies":"Gensokyo:Kasen","floor":41.0,"turns":6.0},{"damage":0.0,"enemies":"Gensokyo:Dusk_and_Dawn","floor":44.0,"turns":1.0},{"damage":0,"enemies":"Gensokyo:SeedOfUnknown","floor":46,"turns":2},{"damage":2,"enemies":"Gensokyo:Doremy","floor":47,"turns":1},{"damage":1,"enemies":"Gensokyo:Shinki","floor":50,"turns":9}],"seed_played":"6774849067819930813","potions_obtained":[{"floor":1.0,"key":"Strength Potion"},{"floor":2.0,"key":"Elixir"},{"floor":11.0,"key":"Explosive Potion"},{"floor":16.0,"key":"SteroidPotion"},{"floor":18.0,"key":"LiquidMemories"},{"floor":31.0,"key":"BlessingOfTheForge"},{"floor":33.0,"key":"PowerPotion"},{"floor":39.0,"key":"ColorlessPotion"}],"is_trial":false,"path_per_floor":["M","M","COS","M","?","R","E","R","T","R","M","?","E","?","R","B",null,"M","?","M","?","M","R","$","M","T","COS","?","?","E","M","R","B",null,"M","?","?","?","M","R","E","R","T","M","R","M","E","?","R_BF","B",null],"character_chosen":"KOISHI","items_purchased":["Koishi:PredatoryInstincts+1","Koishi:UnconsciousUrges"],"campfire_rested":0,"item_purchase_floors":[24,24],"current_hp_per_floor":[60,60,60,60,60,60,15,15,15,15,15,19,35,35,35,60,60,60,60,60,60,60,60,60,60,60,60,60,60,60,60,60,60,60,60,60,51,51,60,60,60,60,60,60,60,60,60,60,60,60],"gold":457,"neow_bonus":"UPGRADE_CARD","is_daily":false,"chose_seed":false,"campfire_upgraded":6,"win_rate":0.0,"timestamp":1611064933,"path_taken":["M","M","COS","M","?","R","E","R","T","R","M","?","E","?","R","BOSS","M","?","M","?","M","R","$","M","T","COS","?","?","E","M","R","BOSS","M","?","?","?","M","R","E","R","T","M","R","M","E","?","R_BF","BOSS"],"items_purchased_type":["Card","Card"],"build_version":"2020-12-22","purchased_purges":1,"victory":true,"max_hp_per_floor":[60,60,60,60,60,60,60,60,60,60,60,60,60,60,60,60,60,60,60,60,60,60,60,60,60,60,60,60,60,60,60,60,60,60,60,60,60,60,60,60,60,60,60,60,60,60,60,60,60,60],"card_choices":[{"not_picked":["Koishi:LastRemote","Koishi:PhantomStrike"],"picked":"Koishi:StingingMind","floor":1.0},{"not_picked":["Koishi:FourthEye","Koishi:VengefulSpirit","Koishi:StingingMind","Koishi:HeartAttack"],"picked":"Koishi:StrangeCloudFist","floor":2.0},{"not_picked":["Koishi:Jaunt","Koishi:HeartfeltFancy","Koishi:PhantomBarrier","Koishi:BloodcurdlingScream"],"picked":"Koishi:ParalyzingFear","floor":4.0},{"not_picked":["Koishi:PhilosophyOfTheDespised","Koishi:DNAsFlaw","Koishi:Possession","Koishi:UnansweredLove"],"picked":"Koishi:PredatoryInstincts","floor":7.0},{"not_picked":["Koishi:Untouchable","Koishi:JumpScare","Koishi:EmbryosDream","Koishi:FleetingPhantom"],"picked":"Koishi:PredatoryInstincts","floor":11.0},{"not_picked":["Koishi:SpiritedAway","Koishi:PhantomBarrier","Koishi:CatchAndRose","Koishi:UnansweredLove"],"picked":"Koishi:TerrifyingSpectre","floor":12.0},{"not_picked":["Koishi:ApparitionsStalkTheNight","Koishi:StrangeCloudFist","Koishi:RacingHeart","Koishi:ConditionedTeleport"],"picked":"Koishi:IdleWhim","floor":13.0},{"not_picked":["Koishi:FadingMemory","Koishi:RoseHell","Koishi:RollingInRichesHeart","Koishi:SuperEgo"],"picked":"Koishi:RuptureMind","floor":16.0},{"not_picked":["Koishi:SpiritedAway+1","Koishi:HeartfeltFancy","Koishi:BloodcurdlingScream","Koishi:PhantomStrike"],"picked":"Koishi:PhilosophyOfTheDespised","floor":18.0},{"not_picked":["Koishi:VengefulSpirit","Koishi:JumpScare","Koishi:Bloodlust","Koishi:LastRemote"],"picked":"Koishi:DanmakuParanoia","floor":20.0},{"not_picked":["Koishi:FidgetySnatcher","Koishi:ApparitionsStalkTheNight","Koishi:HeartfeltFancy","Koishi:ParalyzingFear"],"picked":"Koishi:Catatonia","floor":22.0},{"not_picked":["Koishi:BloodcurdlingScream+1","Koishi:UnansweredLove","Koishi:RacingHeart","Koishi:Ego"],"picked":"Koishi:EmbryosDream+1","floor":25.0},{"not_picked":["Koishi:EmbryosDream","Koishi:YoukaiPolygraph","Koishi:IdleWhim","Koishi:RacingHeart"],"picked":"Koishi:PhantomBarrier+1","floor":30.0},{"not_picked":["Koishi:FreudianInstinct","Koishi:JumpScare","Koishi:UnansweredLove","Koishi:DreadfulBlow"],"picked":"Koishi:RorschachInDanmaku","floor":31.0},{"not_picked":["Koishi:GrowingPain","Koishi:MentalBreakdown","Koishi:RoseHell","Koishi:ConditionedTeleport","Storm of Steel"],"picked":"Koishi:HeartStoppingHorror","floor":33.0},{"not_picked":["Koishi:EmbersOfLove+1","Koishi:PhilosophyOfTheDespised","Koishi:PhantomStrike","Koishi:JumpScare+1","Koishi:HeartAttack"],"picked":"Well Laid Plans","floor":35.0},{"not_picked":["Koishi:FourthEye+1","Koishi:CatchAndRose","Koishi:BloodcurdlingScream+1","Koishi:JumpScare+1","Acrobatics"],"picked":"Koishi:FleetingPhantom+1","floor":39.0},{"not_picked":["Koishi:FidgetySnatcher","Koishi:TraumaticStroke+1","Koishi:RorschachInDanmaku","Koishi:FadingMemory","Prepared"],"picked":"Koishi:PhilosophyOfTheDespised+1","floor":41.0},{"not_picked":["Koishi:Prune","Koishi:UnconsciousUprising","Koishi:PhantomStrike","Koishi:JumpScare","Koishi:MassHysteria"],"picked":"Predator","floor":44.0},{"not_picked":["Koishi:BloodcurdlingScream","Koishi:UnansweredLove+1","Koishi:RorschachInDanmaku+1","Koishi:StingingMind","MostiFishMod:ThornCasing"],"picked":"Koishi:FleetingPhantom+1","floor":46},{"not_picked":["Koishi:SpiritedAway","Koishi:HeartfeltFancy+1","Koishi:DreadfulBlow","Koishi:DanmakuParanoia+1","Dagger Throw"],"picked":"Koishi:PerfectMindControl","floor":46},{"not_picked":["Koishi:VengefulSpirit+1","Koishi:SubterraneanRose+1","Koishi:UnansweredLove","Koishi:RacingHeart+1","Slice"],"picked":"Koishi:DreadfulBlow","floor":46},{"not_picked":["Koishi:MassHysteria","Koishi:ParalyzingFear","Koishi:CatchAndRose","Koishi:UnconsciousUprising+1","Koishi:PhantomStrike+1","Predator"],"picked":"SKIP","floor":47}],"player_experience":330458,"relics_obtained":[{"floor":1.0,"key":"SynthV:TestCard"},{"floor":7.0,"key":"Bag of Preparation"},{"floor":9.0,"key":"Bag of Marbles"},{"floor":12.0,"key":"hubris:SlimyHat"},{"floor":13.0,"key":"Replay:Baseball"},{"floor":15.0,"key":"hubris:Teleporter"},{"floor":26.0,"key":"Calipers"},{"floor":30.0,"key":"Gambling Chip"},{"floor":32.0,"key":"hubris:DisguiseKit"},{"floor":41.0,"key":"PreservedInsect"},{"floor":43.0,"key":"hubris:BottledRain"},{"floor":45.0,"key":"REME_HandOfSuture"},{"floor":47,"key":"War Paint"},{"floor":49,"key":"hubris:DuctTape"}],"event_choices":[],"is_beta":false,"boss_relics":[{"not_picked":["Replay:Drink Me","Hololive_ChaosS"],"picked":"ChewingGum"},{"not_picked":["SacredBark","Astrolabe"],"picked":"RhineSuit"}],"items_purged_floors":[24],"is_endless":false,"potions_floor_spawned":[1,2,11,16,18,31,33,39,41,46,47],"ascension_level":1}}