{"host":"irrizrmw64do51k7","time":1611073948,"event":{"mods":["AchievementEnabler","BaseMod","BetterRewards","Card Forge","Colored Map","Colored Powertips","Curses Come First","Good Game Mod","Minty Spire (QoL Compilation)","Shop Mod","StSLib"],"gold_per_floor":[117,48,68,80,99,99,114,128,152,181,181,38,65,65,65,161,161,180,199,48,148,163,163,195,195,195,195,211,211,229,247,247,345,345,360,379,234,248,5,5,30,45,45,80,0,17,49,63,63,63,63,63,63,98,98],"floor_reached":56,"language":"ENG","playtime":3860,"items_purged":[],"score":1917,"play_id":"9d94daa3-a152-4496-a9ca-c6dfb7b52a35","local_time":"20210119083228","is_ascension_mode":true,"campfire_choices":[{"floor":6,"key":"RECALL"},{"floor":11,"key":"REST"},{"data":"Static Discharge","floor":15,"key":"SMITH"},{"data":"Defragment","floor":23,"key":"SMITH"},{"floor":25,"key":"REST"},{"data":"Reboot","floor":27,"key":"SMITH"},{"floor":29,"key":"REST"},{"data":"Loop","floor":32,"key":"SMITH"},{"floor":40,"key":"REST"},{"data":"Seek","floor":49,"key":"SMITH"},{"floor":52,"key":"REST"}],"circlet_count":0,"master_deck":["Dualcast+1","Seek+1","Genetic Algorithm+1","Electrodynamics+1","Glacier+1","Echo Form+1","Defragment+1","Creative AI+1","Coolheaded+1","Capacitor+1","Buffer+1","Amplify+1","Self Repair+1","Stack+1","White Noise+1","DevaForm+1","Devotion+1","DeusExMachina+1","Mayhem+1","Die Die Die+1","Coolheaded+1","Loop+1","Conserve Battery+1","Capacitor+1","Buffer+1","Ball Lightning+1","Barrage+1","Creative AI+1","Defragment+1","Echo Form+1","Genetic Algorithm+1","Defragment+1","Echo Form+1","Creative AI+1","Genetic Algorithm+1","Ball Lightning+1","Cold Snap+1","White Noise+1","Genetic Algorithm+1","Glacier+1","Ball Lightning+1","DeusExMachina+1","Devotion+1","DevaForm+1","Mayhem+1","Static Discharge+1","Self Repair+1","Storm+1","Vault+1","DeusExMachina+1","Vault+1","DeusExMachina+1","Defragment+1","Reboot+1","Seek+1","Seek+1","Steam Power+1","Loop+1","Seek+1","Defragment+1","Storm+1"],"relics":["FrozenCore","Hammer of Thor","Seething Fire","Anvil of the Gods","REME:ComplimentaryCards","NeowsBlessing","Whetstone","Strawberry","Strange Spoon","Smiling Mask","Omamori","MerchantsRug","Calipers","Cables","Busted Crown","PreservedInsect","Shuriken","Juzu Bracelet","Bag of Preparation","Red Mask","Lizard Tail","InkBottle"],"acts_visited":["Exordium","TheCity","TheBeyond","TheEnding"],"potions_floor_usage":[8,18,24,30,54,55,55],"damage_taken":[{"damage":0,"enemies":"Cultist","floor":1,"turns":1},{"damage":0,"enemies":"2 Louse","floor":3,"turns":2},{"damage":0,"enemies":"Jaw Worm","floor":4,"turns":1},{"damage":10,"enemies":"Exordium Thugs","floor":5,"turns":5},{"damage":4,"enemies":"Exordium Wildlife","floor":7,"turns":2},{"damage":12,"enemies":"Gremlin Gang","floor":8,"turns":3},{"damage":18,"enemies":"Gremlin Nob","floor":10,"turns":3},{"damage":0,"enemies":"Lagavulin","floor":13,"turns":7},{"damage":36,"enemies":"Hexaghost","floor":16,"turns":8},{"damage":8,"enemies":"Spheric Guardian","floor":18,"turns":5},{"damage":0,"enemies":"Shell Parasite","floor":19,"turns":6},{"damage":0,"enemies":"Snecko","floor":22,"turns":4},{"damage":36,"enemies":"Gremlin Leader","floor":24,"turns":5},{"damage":0,"enemies":"Chosen and Byrds","floor":28,"turns":3},{"damage":16,"enemies":"Centurion and Healer","floor":30,"turns":3},{"damage":0,"enemies":"Snake Plant","floor":31,"turns":3},{"damage":13,"enemies":"Collector","floor":33,"turns":5},{"damage":9,"enemies":"Orb Walker","floor":35,"turns":4},{"damage":15,"enemies":"3 Shapes","floor":36,"turns":4},{"damage":0,"enemies":"Transient","floor":38,"turns":7},{"damage":0,"enemies":"Nemesis","floor":41,"turns":5},{"damage":12,"enemies":"Writhing Mass","floor":42,"turns":7},{"damage":0,"enemies":"Reptomancer","floor":44,"turns":3},{"damage":14,"enemies":"4 Shapes","floor":46,"turns":2},{"damage":0,"enemies":"Giant Head","floor":47,"turns":6},{"damage":0,"enemies":"Transient","floor":48,"turns":6},{"damage":16,"enemies":"Time Eater","floor":50,"turns":7},{"damage":29,"enemies":"Shield and Spear","floor":54,"turns":8},{"damage":60,"enemies":"The Heart","floor":55,"turns":7}],"seed_played":"-8848297720701897831","potions_obtained":[{"floor":1,"key":"Ancient Potion"},{"floor":5,"key":"Block Potion"},{"floor":13,"key":"Fire Potion"},{"floor":16,"key":"Dexterity Potion"},{"floor":19,"key":"Fruit Juice"},{"floor":24,"key":"PowerPotion"},{"floor":33,"key":"EssenceOfDarkness"},{"floor":41,"key":"EntropicBrew"}],"is_trial":false,"path_per_floor":["M","$","M","M","M","R","M","M","T","E","R","$","E","?","R","B",null,"M","M","$","?","M","R","E","R","T","R","M","R","M","M","R","B",null,"M","M","$","M","$","R","E","M","T","E","?","M","E","M","R","B",null,"R","$","E","B",null],"character_chosen":"DEFECT","items_purchased":["Loop","Strange Spoon","MerchantsRug","PreservedInsect","Shuriken"],"campfire_rested":5,"item_purchase_floors":[2,12,20,37,39],"current_hp_per_floor":[68,68,68,68,75,75,71,59,59,48,72,72,72,72,72,36,71,80,82,82,82,82,82,71,87,87,87,87,87,87,87,87,74,84,87,72,72,72,72,87,87,85,85,87,87,73,87,87,87,71,83,87,87,78,18],"gold":98,"neow_bonus":"THREE_ENEMY_KILL","is_daily":false,"chose_seed":false,"campfire_upgraded":5,"win_rate":0.0,"timestamp":1611073948,"path_taken":["M","?","M","M","M","R","M","M","T","E","R","$","E","?","R","BOSS","M","M","?","?","M","R","E","R","T","R","?","R","M","?","R","BOSS","M","M","$","M","$","R","E","M","T","E","?","M","E","M","R","BOSS","R","$","E","BOSS"],"items_purchased_type":["Card","Relic","Relic","Relic","Relic"],"build_version":"2020-12-22","purchased_purges":0,"victory":true,"max_hp_per_floor":[75,75,75,75,75,75,75,75,75,82,82,82,82,82,82,82,82,82,82,82,82,82,82,87,87,87,87,87,87,87,87,87,87,87,87,87,87,87,87,87,87,87,87,87,87,87,87,87,87,87,87,87,87,87,87],"card_choices":[{"not_picked":["Chill","Conserve Battery"],"picked":"Coolheaded","floor":1},{"not_picked":["Loop","Steam"],"picked":"Conserve Battery","floor":3},{"not_picked":["Leap","Force Field"],"picked":"Conserve Battery","floor":4},{"not_picked":["Leap","Fission"],"picked":"Loop","floor":5},{"not_picked":["Conserve Battery","Barrage"],"picked":"Capacitor","floor":7},{"not_picked":["Rebound","Darkness"],"picked":"Static Discharge","floor":8},{"not_picked":["Sunder","Auto Shields","Gash"],"picked":"SKIP","floor":10},{"not_picked":["Turbo","Conserve Battery"],"picked":"White Noise","floor":13},{"not_picked":["Machine Learning","Reboot"],"picked":"Hyperbeam","floor":16},{"not_picked":["Coolheaded","Leap"],"picked":"Storm+1","floor":18},{"not_picked":["Ball Lightning","Glacier","Double Energy"],"picked":"SKIP","floor":19},{"not_picked":["Turbo+1","Beam Cell+1"],"picked":"Defragment","floor":22},{"not_picked":["Cold Snap","Hologram"],"picked":"Reboot","floor":24},{"not_picked":["Coolheaded","Fusion","Reprogram"],"picked":"SKIP","floor":28},{"not_picked":["Redo","Chill","Ball Lightning"],"picked":"SKIP","floor":30},{"not_picked":["Darkness","Hello World+1"],"picked":"Loop","floor":31},{"not_picked":["Hyperbeam","Creative AI"],"picked":"Seek","floor":33},{"not_picked":["Barrage+1"],"picked":"SKIP","floor":35},{"not_picked":["Redo+1"],"picked":"SKIP","floor":36},{"not_picked":["Reinforced Body+1"],"picked":"SKIP","floor":38},{"not_picked":["Darkness+1"],"picked":"SKIP","floor":41},{"not_picked":["Auto Shields+1"],"picked":"SKIP","floor":42},{"not_picked":[],"picked":"Defragment+1","floor":44},{"not_picked":["Compile Driver"],"picked":"SKIP","floor":46},{"not_picked":["Hologram"],"picked":"SKIP","floor":47},{"not_picked":["Barrage"],"picked":"SKIP","floor":48},{"not_picked":[],"picked":"Storm+1","floor":54}],"player_experience":441738,"relics_obtained":[{"floor":9,"key":"Whetstone"},{"floor":10,"key":"Strawberry"},{"floor":13,"key":"Smiling Mask"},{"floor":14,"key":"Omamori"},{"floor":24,"key":"Calipers"},{"floor":26,"key":"Cables"},{"floor":41,"key":"Juzu Bracelet"},{"floor":44,"key":"Bag of Preparation"},{"floor":47,"key":"Lizard Tail"},{"floor":54,"key":"InkBottle"}],"event_choices":[{"damage_healed":0,"gold_gain":0,"player_choice":"Relic","damage_taken":0,"max_hp_gain":0,"max_hp_loss":0,"event_name":"Wheel of Change","floor":14,"gold_loss":0},{"damage_healed":0,"gold_gain":100,"player_choice":"Pray","damage_taken":0,"max_hp_gain":0,"max_hp_loss":0,"event_name":"Golden Shrine","floor":21,"gold_loss":0},{"damage_healed":0,"gold_gain":0,"player_choice":"Paid","damage_taken":0,"relics_obtained":["Red Mask"],"max_hp_gain":0,"max_hp_loss":0,"event_name":"Tomb of Lord Red Mask","floor":45,"gold_loss":80}],"is_beta":false,"boss_relics":[{"not_picked":["Inserter","Nuclear Battery"],"picked":"FrozenCore"},{"not_picked":["Tiny House","Philosopher\u0027s Stone"],"picked":"Busted Crown"}],"items_purged_floors":[],"is_endless":false,"potions_floor_spawned":[1,5,13,16,19,24,33,41,42,44,46,47],"ascension_level":9}}