{"host":"nbmmy2ys5j9alw05","time":1611058255,"event":{"mods":["AchievementEnabler","BaseMod","Bestiary","Better Vampires","Colored Map","Colored Powertips","Googly Eyes","Minty Spire (QoL Compilation)","Quick Restart","StSLib","The Hierophant","The IronCluck","everything is the same but u backflip on backflip"],"gold_per_floor":[112,112,112,112,61,77,106,106,154,191,214,226,40,40,40,142,142,162,175,24,24,38,38,63,63,87,114,114,213,244,270,270,270,270],"floor_reached":33,"language":"ENG","playtime":1210,"items_purged":[],"score":481,"play_id":"8d42bac1-0806-4e66-ba8f-ea96d7eb587b","local_time":"20210119041055","is_ascension_mode":true,"campfire_choices":[{"data":"Clothesline","floor":8,"key":"SMITH"},{"data":"1","floor":15,"key":"LIFT"},{"data":"2","floor":23,"key":"LIFT"},{"data":"Offering","floor":25,"key":"SMITH"},{"data":"3","floor":28,"key":"LIFT"},{"floor":32,"key":"REST"}],"circlet_count":0,"master_deck":["Strike_R","Strike_R","Strike_R","Strike_R","Strike_R","Defend_R","Defend_R","Defend_R","Defend_R","Bash+1","Whirlwind","Clothesline+1","Warcry","Dropkick","Flex","Offering+1","Carnage","Bloodletting","Rupture","Battle Trance","Heavy Blade","Brutality","Shockwave"],"relics":["Black Blood","NeowsBlessing","Orichalcum","Torii","MawBank","Matryoshka","Akabeko","HornCleat","Girya","Calipers","Paper Frog","Oddly Smooth Stone","Letter Opener","Red Mask","Bag of Marbles"],"acts_visited":["Exordium","TheCity"],"potions_floor_usage":[10,10,16,33],"damage_taken":[{"damage":0,"enemies":"Jaw Worm","floor":1,"turns":1},{"damage":0,"enemies":"2 Louse","floor":6,"turns":1},{"damage":0,"enemies":"Lagavulin","floor":7,"turns":1},{"damage":15,"enemies":"3 Sentries","floor":10,"turns":8},{"damage":0,"enemies":"Cultist","floor":11,"turns":3},{"damage":51,"enemies":"Hexaghost","floor":16,"turns":13},{"damage":6,"enemies":"Chosen","floor":18,"turns":3},{"damage":0,"enemies":"3 Byrds","floor":19,"turns":4},{"damage":13,"enemies":"Snecko","floor":22,"turns":5},{"damage":43,"enemies":"Book of Stabbing","floor":24,"turns":4},{"damage":10,"enemies":"Gremlin Leader","floor":27,"turns":5},{"damage":21,"enemies":"Masked Bandits","floor":30,"turns":4},{"damage":20,"enemies":"Book of Stabbing","floor":31,"turns":4},{"damage":77,"enemies":"Champ","floor":33,"turns":6}],"seed_played":"1466052558293829723","potions_obtained":[{"floor":1,"key":"Dexterity Potion"},{"floor":6,"key":"AttackPotion"},{"floor":10,"key":"DistilledChaos"},{"floor":30,"key":"ElixirPotion"}],"is_trial":false,"path_per_floor":["M","?","?","?","$","M","E","R","T","E","M","?","$","T","R","B",null,"M","M","$","?","M","R","E","R","T","E","R","?","?","E","R","B"],"character_chosen":"IRONCLAD","items_purchased":["Clothesline","Akabeko","Flex","Bloodletting","Rupture"],"campfire_rested":1,"item_purchase_floors":[5,13,13,20,20],"current_hp_per_floor":[78,71,76,76,76,82,85,85,85,76,82,82,82,82,82,37,73,79,85,85,85,84,84,53,53,53,55,55,55,46,38,63,0,0],"gold":270,"neow_bonus":"THREE_ENEMY_KILL","is_daily":false,"chose_seed":false,"campfire_upgraded":2,"win_rate":0.0,"timestamp":1611058255,"path_taken":["M","?","?","?","$","M","E","R","T","E","?","?","$","?","R","BOSS","M","M","$","?","?","R","E","R","T","E","R","?","?","E","R","BOSS"],"items_purchased_type":["Card","Relic","Card","Card","Card"],"build_version":"2020-12-22","purchased_purges":0,"victory":false,"max_hp_per_floor":[80,80,85,85,85,85,85,85,85,85,85,85,85,85,85,85,85,85,85,85,85,85,85,85,85,85,85,85,85,85,85,85,85,85],"card_choices":[{"not_picked":["Flame Barrier","Power Through"],"picked":"Whirlwind","floor":1},{"not_picked":["Body Slam","Second Wind"],"picked":"Warcry","floor":6},{"not_picked":["Sword Boomerang","Second Wind","Clothesline"],"picked":"SKIP","floor":7},{"not_picked":["Thunderclap","Twin Strike","Entrench"],"picked":"SKIP","floor":10},{"not_picked":["Sword Boomerang","Shrug It Off"],"picked":"Dropkick","floor":11},{"not_picked":["Fiend Fire","Corruption"],"picked":"Offering","floor":16},{"not_picked":["Thunderclap","Evolve+1","Reckless Charge+1"],"picked":"SKIP","floor":18},{"not_picked":["True Grit+1","Reckless Charge"],"picked":"Carnage","floor":19},{"not_picked":["Second Wind","True Grit","Power Through"],"picked":"SKIP","floor":22},{"not_picked":["Perfected Strike","Clash+1"],"picked":"Battle Trance","floor":24},{"not_picked":["Sword Boomerang","Clash"],"picked":"Heavy Blade","floor":27},{"not_picked":["Anger+1","True Grit+1"],"picked":"Brutality","floor":30},{"not_picked":["Burning Pact","Armaments+1"],"picked":"Shockwave","floor":31}],"player_experience":472608,"relics_obtained":[{"floor":7,"key":"Torii"},{"floor":9,"key":"MawBank"},{"floor":10,"key":"Matryoshka"},{"floor":14,"key":"HornCleat"},{"floor":14,"key":"Girya"},{"floor":24,"key":"Calipers"},{"floor":26,"key":"Paper Frog"},{"floor":26,"key":"Oddly Smooth Stone"},{"floor":27,"key":"Letter Opener"},{"floor":30,"key":"Red Mask"},{"floor":31,"key":"Bag of Marbles"}],"event_choices":[{"damage_healed":0,"gold_gain":0,"player_choice":"Success","damage_taken":7,"relics_obtained":["Orichalcum"],"max_hp_gain":0,"max_hp_loss":0,"event_name":"Scrap Ooze","floor":2,"gold_loss":0},{"damage_healed":0,"gold_gain":0,"player_choice":"Donut","damage_taken":0,"max_hp_gain":5,"max_hp_loss":0,"event_name":"Big Fish","floor":3,"gold_loss":0},{"damage_healed":0,"gold_gain":0,"player_choice":"Forge","damage_taken":0,"max_hp_gain":0,"max_hp_loss":0,"event_name":"Accursed Blacksmith","floor":4,"gold_loss":0,"cards_upgraded":["Bash"]},{"damage_healed":0,"gold_gain":0,"player_choice":"Ignored","damage_taken":0,"max_hp_gain":0,"max_hp_loss":0,"event_name":"Liars Game","floor":12,"gold_loss":0},{"damage_healed":0,"gold_gain":0,"player_choice":"Leave","damage_taken":0,"max_hp_gain":0,"max_hp_loss":0,"event_name":"FaceTrader","floor":21,"gold_loss":0},{"damage_healed":0,"gold_gain":99,"player_choice":"Stole From Cult","damage_taken":0,"max_hp_gain":0,"max_hp_loss":0,"event_name":"Nest","floor":29,"gold_loss":0},{"damage_healed":0,"gold_gain":0,"player_choice":"Fought Bandits","damage_taken":0,"max_hp_gain":0,"max_hp_loss":0,"event_name":"Masked Bandits","floor":30,"gold_loss":0}],"is_beta":false,"boss_relics":[{"not_picked":["Mark of Pain","Runic Pyramid"],"picked":"Black Blood"}],"items_purged_floors":[],"is_endless":false,"potions_floor_spawned":[1,6,10,30],"killed_by":"Champ","ascension_level":9}}