{"host":"zk71suw73lg2r165","time":1611084225,"event":{"mods":["BaseMod","Colored Map","Minty Spire (QoL Compilation)","Permanent Neow","Relic Stats","StSLib"],"gold_per_floor":[11,29,29,44,44,44,61,92,146,178,178,178,178],"floor_reached":12,"language":"ENG","playtime":351,"items_purged":[],"score":176,"play_id":"c60d3a2f-3e6a-495b-a347-8be7da556091","local_time":"20210119142345","is_ascension_mode":true,"campfire_choices":[{"data":"Hologram","floor":6,"key":"SMITH"},{"floor":11,"key":"REST"}],"circlet_count":0,"master_deck":["AscendersBane","Strike_B","Strike_B","Strike_B","Strike_B","Defend_B","Defend_B","Defend_B","Defend_B","Zap","Dualcast","BootSequence","Hologram+1","Cold Snap","Glacier","Loop","Self Repair"],"relics":["Cracked Core","Gremlin Horn","Art of War","Omamori","Dream Catcher"],"acts_visited":["Exordium"],"potions_floor_usage":[10],"damage_taken":[{"damage":0,"enemies":"2 Louse","floor":1,"turns":1},{"damage":6,"enemies":"Cultist","floor":2,"turns":3},{"damage":0,"enemies":"Jaw Worm","floor":4,"turns":3},{"damage":1,"enemies":"3 Louse","floor":7,"turns":3},{"damage":57,"enemies":"Gremlin Nob","floor":8,"turns":5},{"damage":7,"enemies":"3 Sentries","floor":10,"turns":10},{"damage":39,"enemies":"Gremlin Nob","floor":12,"turns":4}],"seed_played":"-2937190116055014199","potions_obtained":[{"floor":1,"key":"Energy Potion"},{"floor":4,"key":"Dexterity Potion"},{"floor":10,"key":"PotionOfCapacity"}],"is_trial":false,"path_per_floor":["M","M","?","M","$","R","M","E","T","E","R","E"],"character_chosen":"DEFECT","items_purchased":[],"campfire_rested":1,"item_purchase_floors":[],"current_hp_per_floor":[78,72,72,72,72,72,71,14,14,7,32,0,0],"gold":178,"neow_bonus":"TWENTY_PERCENT_HP_BONUS","is_daily":false,"chose_seed":false,"campfire_upgraded":1,"win_rate":0.0,"timestamp":1611084225,"path_taken":["M","M","?","M","?","R","M","E","T","E","R","E"],"items_purchased_type":[],"build_version":"2020-12-22","purchased_purges":0,"victory":false,"max_hp_per_floor":[85,85,85,85,85,85,85,85,85,85,85,85,85],"relic_stats":{"Dream Catcher":1,"Gremlin Horn":[3,3],"counters":[7,29],"Art of War":[3],"obtain_stats":[{"Dream Catcher":10,"Gremlin Horn":3,"Art of War":8,"Omamori":9,"Cracked Core":0},{"Dream Catcher":6,"Gremlin Horn":2,"Art of War":5,"Omamori":5,"Cracked Core":0},{"Dream Catcher":25,"Gremlin Horn":4,"Art of War":15,"Omamori":15,"Cracked Core":0}]},"card_choices":[{"not_picked":["Hologram","Heatsinks","Force Field"],"picked":"SKIP","floor":1},{"not_picked":["Stack","Turbo"],"picked":"BootSequence","floor":2},{"not_picked":["Steam Power","BootSequence"],"picked":"Hologram","floor":4},{"not_picked":["Streamline","Conserve Battery"],"picked":"Cold Snap","floor":7},{"not_picked":["Lockon","Conserve Battery"],"picked":"Glacier","floor":8},{"not_picked":["Go for the Eyes","Beam Cell"],"picked":"Loop","floor":10},{"not_picked":["Rebound","Conserve Battery"],"picked":"Self Repair","floor":11}],"player_experience":1348607,"relics_obtained":[{"floor":3,"key":"Gremlin Horn"},{"floor":8,"key":"Art of War"},{"floor":9,"key":"Omamori"},{"floor":10,"key":"Dream Catcher"}],"event_choices":[{"damage_healed":0,"gold_gain":0,"player_choice":"Relic","damage_taken":0,"max_hp_gain":0,"max_hp_loss":0,"event_name":"Wheel of Change","floor":3,"gold_loss":0}],"is_beta":false,"boss_relics":[],"items_purged_floors":[],"is_endless":false,"potions_floor_spawned":[1,4,10],"killed_by":"Gremlin Nob","ascension_level":20}}