{"host":"e6sgj53qqwx3piqv","time":1611083692,"event":{"mods":["AchievementEnabler","Aspiration","BaseMod","BetterRewards","Colored Powertips","Downfall","Hermit","Hubris","Infinite Spire","Minty Spire (QoL Compilation)","Quick Restart","Rare Cards Sparkle","Shop Mod","StSLib","The Cursed","The Disciple","The Jungle","The Runesmith"],"gold_per_floor":[109,109,10,10,10,49,3,3,3,16,16,16,35,48,48,179,179,200,42,42,15,15,15,34,34,34,53,93,93,112,133,133,256,256,271,493,493,493,517,517,517,517,517,540,540,553,553,553,553],"floor_reached":48,"language":"ENG","playtime":2047,"items_purged":[],"score":476,"play_id":"5fabc17e-305b-4dff-99de-2a010c1f6e65","local_time":"20210119141452","is_ascension_mode":false,"campfire_choices":[{"data":"CutThroughFate","floor":8,"key":"SMITH"},{"data":"ConjureBlade","floor":12,"key":"SMITH"},{"data":"Eruption","floor":15,"key":"SMITH"},{"data":"EmptyFist","floor":23,"key":"SMITH"},{"data":"Vault","floor":25,"key":"SMITH"},{"data":"PathToVictory","floor":29,"key":"SMITH"},{"data":"Devotion","floor":32,"key":"SMITH"},{"data":"PathToVictory","floor":40,"key":"SMITH"},{"data":"PathToVictory","floor":42,"key":"SMITH"},{"floor":45,"key":"REST"}],"circlet_count":0,"master_deck":["Eruption+1","Vigilance","Worship","EmptyBody","Halt","CutThroughFate+1","FollowUp","ConjureBlade+1","SpiritShield","ReachHeaven","DeusExMachina","Vault+1","PathToVictory+1","Sanctity","Alpha","WaveOfTheHand","Wireheading","Vengeance","DevaForm","Evaluate","PathToVictory+1","Consecrate","EmptyFist+1","Alpha","LikeWater","PathToVictory+1","EmptyMind","Devotion+1","Vault","BowlingBash","Madness","Madness","Vengeance","Study+1","MentalFortress+1","Parasite","EmptyFist"],"relics":["PureWater","NeowsBlessing","hubris:Towel","Golden Idol","Strawberry","Eternal Feather","Pandora\u0027s Box","Bronze Scales","Mercury Hourglass","Red Mask","infinitespire:Cupcake","Ancient Tea Set"],"acts_visited":["Exordium","TheCity","TheBeyond"],"potions_floor_usage":[33,33],"damage_taken":[{"damage":0,"enemies":"2 Louse","floor":1,"turns":1},{"damage":1,"enemies":"3 Sentries","floor":6,"turns":3},{"damage":0,"enemies":"Small Slimes","floor":10,"turns":1},{"damage":11,"enemies":"Jaw Worm","floor":13,"turns":3},{"damage":12,"enemies":"3 Louse","floor":14,"turns":6},{"damage":24,"enemies":"Slime Boss","floor":16,"turns":11},{"damage":27,"enemies":"Spheric Guardian","floor":18,"turns":6},{"damage":4,"enemies":"2 Thieves","floor":24,"turns":5},{"damage":5,"enemies":"Shelled Parasite and Fungi","floor":27,"turns":4},{"damage":24,"enemies":"Masked Bandits","floor":28,"turns":4},{"damage":0,"enemies":"3 Cultists","floor":30,"turns":5},{"damage":24,"enemies":"Sentry and Sphere","floor":31,"turns":5},{"damage":43,"enemies":"Collector","floor":33,"turns":6},{"damage":11,"enemies":"3 Shapes","floor":35,"turns":3},{"damage":8,"enemies":"Orb Walker","floor":39,"turns":2},{"damage":76,"enemies":"Transient","floor":44,"turns":6},{"damage":18,"enemies":"Writhing Mass","floor":46,"turns":4},{"damage":74,"enemies":"Maw","floor":48,"turns":6}],"seed_played":"-4159641517226562888","potions_obtained":[{"floor":1,"key":"champ:CounterPotion"},{"floor":13,"key":"Swift Potion"},{"floor":14,"key":"SteroidPotion"},{"floor":18,"key":"DistilledChaos"},{"floor":44,"key":"Guardian:BlockOnCardUsePotion"},{"floor":46,"key":"EntropicBrew"}],"is_trial":false,"path_per_floor":["M","?","$","?","?","E","$","R","T","M","$","R","M","M","R","B",null,"M","$","?","$","?","R","M","R","T","M","?","R","M","M","R","B",null,"M","?","?","?","M","R","?","R","T","M","R","M","?","M"],"character_chosen":"WATCHER","items_purchased":["EmptyBody","Halt","FollowUp","PathToVictory","Consecrate","Blind","EmptyFist"],"campfire_rested":1,"item_purchase_floors":[3,3,7,19,19,19,21],"current_hp_per_floor":[72,72,72,72,54,60,60,60,60,60,60,69,58,46,55,31,79,52,52,52,52,52,64,60,75,75,70,46,61,61,37,52,9,79,68,68,58,58,50,71,71,79,79,3,47,29,29,0,0],"gold":553,"neow_bonus":"THREE_ENEMY_KILL","is_daily":false,"chose_seed":false,"campfire_upgraded":9,"win_rate":0.0,"timestamp":1611083692,"path_taken":["M","?","$","?","?","E","$","R","T","M","?","R","M","M","R","BOSS","M","$","?","?","?","R","M","R","T","M","?","R","M","M","R","BOSS","M","?","?","?","?","R","?","R","T","M","R","M","?","?"],"items_purchased_type":["Card","Card","Card","Card","Card","Card","Card"],"build_version":"2020-12-22","purchased_purges":0,"victory":false,"max_hp_per_floor":[72,72,72,72,72,79,79,79,79,79,79,79,79,79,79,79,79,79,79,79,79,79,79,79,79,79,79,79,79,79,79,79,79,79,79,79,79,79,79,79,79,79,79,79,79,79,79,79,79],"card_choices":[{"not_picked":["Nirvana","SashWhip"],"picked":"Worship","floor":1},{"not_picked":["ThirdEye","ClearTheMind"],"picked":"CutThroughFate","floor":6},{"not_picked":["Fasting2","Meditate"],"picked":"ConjureBlade","floor":10},{"not_picked":["FlyingSleeves","Tantrum"],"picked":"SpiritShield","floor":13},{"not_picked":["Indignation","Perseverance"],"picked":"ReachHeaven","floor":14},{"not_picked":["Establishment","Ragnarok"],"picked":"DeusExMachina","floor":16},{"not_picked":["Fasting2","BowlingBash+1"],"picked":"Evaluate","floor":18},{"not_picked":["Crescendo","CrushJoints"],"picked":"Alpha","floor":24},{"not_picked":["DeceiveReality","Protect"],"picked":"LikeWater","floor":27},{"not_picked":["MentalFortress","CrushJoints+1"],"picked":"PathToVictory","floor":28},{"not_picked":["SandsOfTime+1","Meditate"],"picked":"EmptyMind","floor":30},{"not_picked":["JustLucky","Collect"],"picked":"Devotion","floor":31},{"not_picked":["SpiritShield","Blasphemy"],"picked":"Vault","floor":33},{"not_picked":["Halt+1","Collect"],"picked":"BowlingBash","floor":35},{"not_picked":["JustLucky+1","EmptyBody+1"],"picked":"Study+1","floor":39},{"not_picked":["ThirdEye+1","JustLucky"],"picked":"MentalFortress+1","floor":44},{"not_picked":["Evaluate","WaveOfTheHand"],"picked":"EmptyFist","floor":46}],"player_experience":181058,"relics_obtained":[{"floor":6,"key":"Strawberry"},{"floor":9,"key":"Eternal Feather"},{"floor":26,"key":"Mercury Hourglass"},{"floor":28,"key":"Red Mask"},{"floor":43,"key":"Ancient Tea Set"}],"event_choices":[{"damage_healed":0,"gold_gain":0,"player_choice":"Take Damage","damage_taken":18,"relics_obtained":["Golden Idol"],"max_hp_gain":0,"max_hp_loss":0,"event_name":"Golden Idol","floor":5,"gold_loss":0},{"damage_healed":0,"gold_gain":0,"player_choice":"Ignored","damage_taken":0,"max_hp_gain":0,"max_hp_loss":0,"event_name":"Purifier","floor":20,"gold_loss":0},{"damage_healed":0,"gold_gain":0,"player_choice":"Opened","damage_taken":0,"relics_obtained":["Bronze Scales"],"max_hp_gain":0,"max_hp_loss":0,"event_name":"The Mausoleum","floor":22,"gold_loss":0},{"damage_healed":0,"gold_gain":0,"player_choice":"Fought Bandits","damage_taken":0,"max_hp_gain":0,"max_hp_loss":0,"event_name":"Masked Bandits","floor":28,"gold_loss":0},{"damage_healed":0,"gold_gain":222,"player_choice":"Wore Mask","damage_taken":0,"max_hp_gain":0,"max_hp_loss":0,"event_name":"Tomb of Lord Red Mask","floor":36,"gold_loss":0},{"damage_healed":0,"gold_gain":0,"player_choice":"Embrace Madness","damage_taken":10,"max_hp_gain":0,"max_hp_loss":0,"event_name":"Winding Halls","floor":37,"gold_loss":0,"cards_obtained":["Madness","Madness"]},{"cards_removed":["Blind"],"damage_healed":0,"gold_gain":0,"player_choice":"Removed Skill","damage_taken":0,"max_hp_gain":0,"max_hp_loss":0,"event_name":"Falling","floor":41,"gold_loss":0},{"damage_healed":0,"gold_gain":0,"player_choice":"Ignored","damage_taken":0,"max_hp_gain":0,"max_hp_loss":0,"event_name":"SecretPortal","floor":47,"gold_loss":0}],"is_beta":false,"boss_relics":[{"not_picked":["Snecko Eye","Fusion Hammer"],"picked":"Pandora\u0027s Box"},{"not_picked":["Black Star","aspiration:SilentSkillbook"],"picked":"infinitespire:Cupcake"}],"items_purged_floors":[],"is_endless":false,"potions_floor_spawned":[1,13,14,18,24,44,46],"killed_by":"Maw","ascension_level":0}}