{"host":"359hz4210ybch7ku","time":1611037237,"event":{"mods":["BaseMod","Block Reminder","Colored Map","Colored Powertips","Highlight Path","Minty Spire (QoL Compilation)","Slay the Relics Exporter","StSLib"],"gold_per_floor":[114,114,33,51,66,93,93,93,93,93,124,124,147,51,51,177,177,195,110,110,135,159,159,9,33,33,73,73,88,119,119,119,243,243,268,287,287,97,110,145,45,76,76,76,99,122,122,138,138,138],"floor_reached":51,"language":"ENG","playtime":5018,"items_purged":["Defend_G","Strike_G"],"score":941,"play_id":"890651ef-9d1f-447c-913d-6e9a33724b57","local_time":"20210118222037","is_ascension_mode":true,"campfire_choices":[{"data":"Adrenaline","floor":8,"key":"SMITH"},{"data":"Noxious Fumes","floor":10,"key":"SMITH"},{"data":"After Image","floor":15,"key":"SMITH"},{"data":"Envenom","floor":23,"key":"SMITH"},{"data":"Catalyst","floor":28,"key":"SMITH"},{"data":"Adrenaline","floor":32,"key":"SMITH"},{"data":"Sadistic Nature","floor":44,"key":"SMITH"},{"data":"Burst","floor":47,"key":"SMITH"},{"floor":49,"key":"REST"}],"circlet_count":0,"master_deck":["Strike_G","Strike_G","Strike_G","Defend_G","Defend_G","Defend_G","Defend_G","Survivor","Neutralize","Adrenaline+1","Blur","Noxious Fumes+1","Blade Dance","Deadly Poison","Blade Dance","After Image+1","Bouncing Flask","Envenom+1","Blur+1","Catalyst+1","Acrobatics+1","Dagger Spray+1","Footwork","Bane+1","Adrenaline+1","Burst+1","Catalyst+1","Backflip+1","Sadistic Nature+1","Crippling Poison+1"],"relics":["Ring of the Snake","Sundial","Golden Idol","Molten Egg 2","Question Card","Sozu","Calipers","Mercury Hourglass","Ancient Tea Set","FossilizedHelix","HoveringKite","Bottled Lightning","Letter Opener","Pen Nib","HornCleat"],"acts_visited":["Exordium","TheCity","TheBeyond"],"potions_floor_usage":[11,50],"damage_taken":[{"damage":0,"enemies":"Small Slimes","floor":1,"turns":3},{"damage":0,"enemies":"Cultist","floor":4,"turns":5},{"damage":0,"enemies":"2 Louse","floor":5,"turns":3},{"damage":21,"enemies":"3 Sentries","floor":6,"turns":9},{"damage":16,"enemies":"Lagavulin","floor":11,"turns":7},{"damage":2,"enemies":"2 Fungi Beasts","floor":13,"turns":4},{"damage":19,"enemies":"Slime Boss","floor":16,"turns":7},{"damage":0,"enemies":"Shell Parasite","floor":18,"turns":5},{"damage":3,"enemies":"Spheric Guardian","floor":21,"turns":4},{"damage":5,"enemies":"Snecko","floor":22,"turns":5},{"damage":0,"enemies":"Chosen and Byrds","floor":25,"turns":5},{"damage":18,"enemies":"Slavers","floor":27,"turns":4},{"damage":0,"enemies":"Snake Plant","floor":29,"turns":3},{"damage":0,"enemies":"Gremlin Leader","floor":30,"turns":6},{"damage":0,"enemies":"Collector","floor":33,"turns":4},{"damage":20,"enemies":"3 Shapes","floor":35,"turns":3},{"damage":0,"enemies":"Orb Walker","floor":36,"turns":5},{"damage":23,"enemies":"Sphere and 2 Shapes","floor":39,"turns":6},{"damage":0,"enemies":"Reptomancer","floor":40,"turns":3},{"damage":0,"enemies":"Nemesis","floor":42,"turns":5},{"damage":0,"enemies":"Transient","floor":45,"turns":5},{"damage":0,"enemies":"Maw","floor":46,"turns":3},{"damage":0,"enemies":"Jaw Worm Horde","floor":48,"turns":3},{"damage":13,"enemies":"Awakened One","floor":50,"turns":10}],"seed_played":"-4368472393663184605","potions_obtained":[{"floor":4,"key":"Weak Potion"},{"floor":11,"key":"Strength Potion"},{"floor":13,"key":"LiquidBronze"}],"is_trial":false,"path_per_floor":["M","?","$","M","M","E","?","R","T","R","E","?","M","$","R","B",null,"M","?","?","M","M","R","$","M","T","E","R","M","E","?","R","B",null,"M","M","T","$","M","E","$","E","T","R","M","M","R","M","R","B",null],"character_chosen":"THE_SILENT","items_purchased":["Noxious Fumes","GhostInAJar","Footwork","Sadistic Nature"],"campfire_rested":1,"item_purchase_floors":[3,14,24,38],"current_hp_per_floor":[49,49,49,49,49,28,28,28,28,28,12,33,31,31,31,12,65,65,65,65,62,57,57,57,57,57,39,39,39,39,39,39,39,65,45,45,45,45,22,22,22,22,22,22,22,22,22,22,41,28],"gold":138,"neow_bonus":"THREE_RARE_CARDS","is_daily":false,"chose_seed":false,"campfire_upgraded":8,"win_rate":0.0,"timestamp":1611037237,"path_taken":["M","?","$","?","M","E","?","R","T","R","E","?","M","$","R","BOSS","M","?","?","M","M","R","$","?","T","E","R","M","E","?","R","BOSS","M","M","?","$","M","E","$","E","T","R","?","M","R","M","R","BOSS"],"items_purchased_type":["Card","Potion","Card","Card"],"build_version":"2020-12-22","purchased_purges":2,"victory":true,"max_hp_per_floor":[70,70,70,70,70,70,65,65,65,65,65,65,65,65,65,65,65,65,65,65,65,65,65,65,65,65,65,65,65,65,65,65,65,65,65,65,65,65,65,65,65,65,65,65,65,65,65,65,65,65],"card_choices":[{"not_picked":["Glass Knife","Doppelganger"],"picked":"Adrenaline","floor":0},{"not_picked":["Deadly Poison","Prepared"],"picked":"Blur","floor":1},{"not_picked":["Quick Slash","All Out Attack"],"picked":"Blade Dance","floor":4},{"not_picked":["Blade Dance","Caltrops"],"picked":"Deadly Poison","floor":5},{"not_picked":["Deflect","Sucker Punch"],"picked":"Blade Dance","floor":6},{"not_picked":["Cloak And Dagger","Masterful Stab+1"],"picked":"After Image","floor":11},{"not_picked":["Deadly Poison","Dodge and Roll","Well Laid Plans"],"picked":"Bouncing Flask","floor":13},{"not_picked":["Night Terror","Storm of Steel","Die Die Die+1"],"picked":"Envenom","floor":16},{"not_picked":["Deadly Poison","PiercingWail","Escape Plan"],"picked":"Blur+1","floor":18},{"not_picked":["Quick Slash+1","Choke+1","Dagger Throw+1"],"picked":"Acrobatics+1","floor":21},{"not_picked":["Prepared","Slice+1","Leg Sweep"],"picked":"Dagger Spray+1","floor":22},{"not_picked":["Poisoned Stab+1","Backflip","Backstab+1"],"picked":"Bane+1","floor":25},{"not_picked":["Flying Knee+1","Distraction","Finisher+1","Sucker Punch+1"],"picked":"SKIP","floor":27},{"not_picked":["Accuracy","Noxious Fumes","Catalyst"],"picked":"Adrenaline","floor":29},{"not_picked":["Dagger Throw+1","PiercingWail","Dash+1"],"picked":"Burst","floor":30},{"not_picked":["Underhanded Strike+1","Accuracy","Sucker Punch+1","Poisoned Stab+1"],"picked":"SKIP","floor":35},{"not_picked":["Deflect+1","Blade Dance","Underhanded Strike+1"],"picked":"Backflip+1","floor":36},{"not_picked":["Dagger Throw+1","Underhanded Strike+1","Dodge and Roll","Cloak And Dagger"],"picked":"SKIP","floor":39},{"not_picked":["Terror","Flechettes+1","Leg Sweep+1"],"picked":"Crippling Poison+1","floor":40},{"not_picked":["Bouncing Flask","Noxious Fumes+1","All Out Attack+1","Accuracy"],"picked":"SKIP","floor":42},{"not_picked":["Distraction","Underhanded Strike+1","Deflect+1","Bullet Time"],"picked":"SKIP","floor":45},{"not_picked":["Underhanded Strike+1","Prepared+1","Sucker Punch+1","Deadly Poison+1"],"picked":"SKIP","floor":46},{"not_picked":["Prepared+1","Skewer+1","Finisher+1","Terror"],"picked":"SKIP","floor":48}],"player_experience":228397,"relics_obtained":[{"floor":6,"key":"Sundial"},{"floor":9,"key":"Molten Egg 2"},{"floor":11,"key":"Question Card"},{"floor":26,"key":"Mercury Hourglass"},{"floor":27,"key":"Ancient Tea Set"},{"floor":30,"key":"FossilizedHelix"},{"floor":37,"key":"Bottled Lightning"},{"floor":40,"key":"Letter Opener"},{"floor":42,"key":"Pen Nib"},{"floor":43,"key":"HornCleat"}],"event_choices":[{"cards_removed":["Strike_G"],"damage_healed":0,"gold_gain":0,"player_choice":"Offered Basic","damage_taken":0,"max_hp_gain":0,"max_hp_loss":0,"event_name":"Bonfire Elementals","floor":2,"gold_loss":0},{"damage_healed":0,"gold_gain":0,"player_choice":"Lose Max HP","damage_taken":0,"relics_obtained":["Golden Idol"],"max_hp_gain":0,"max_hp_loss":5,"event_name":"Golden Idol","floor":7,"gold_loss":0},{"damage_healed":21,"gold_gain":0,"player_choice":"Banana","damage_taken":0,"max_hp_gain":0,"max_hp_loss":0,"event_name":"Big Fish","floor":12,"gold_loss":0},{"damage_healed":0,"gold_gain":0,"player_choice":"Obtained Relic","damage_taken":0,"relics_obtained":["Calipers"],"max_hp_gain":0,"max_hp_loss":0,"event_name":"Addict","floor":19,"gold_loss":85},{"damage_healed":0,"gold_gain":0,"player_choice":"Read","damage_taken":0,"max_hp_gain":0,"max_hp_loss":0,"event_name":"The Library","floor":20,"gold_loss":0,"cards_obtained":["Catalyst"]},{"damage_healed":0,"gold_gain":0,"player_choice":"Copied","damage_taken":0,"max_hp_gain":0,"max_hp_loss":0,"event_name":"Duplicator","floor":31,"gold_loss":0,"cards_obtained":["Catalyst"]}],"is_beta":false,"boss_relics":[{"not_picked":["Fusion Hammer","Ectoplasm"],"picked":"Sozu"},{"not_picked":["SacredBark","Black Star"],"picked":"HoveringKite"}],"items_purged_floors":[24,41],"is_endless":false,"potions_floor_spawned":[4,11,13,25,29,33,39,42,46],"ascension_level":2}}