{"host":"Qube","time":1611079498,"event":{"mods":["AchievementEnabler","BaseMod","Colored Map","Colored Powertips","Highlight Path","Minty Spire (QoL Compilation)","Permanent Neow","Quick Restart","Random Character Button","StSLib"],"gold_per_floor":[113,133,145,145,145,145,179,179,179,213,223,236,236,251,251,329,329,342,2,2,14,14,14],"floor_reached":22,"language":"ENG","playtime":764,"items_purged":[],"score":492,"play_id":"edcb4c64-e287-487f-9566-3b0f44cdcfd6","local_time":"20210119100458","is_ascension_mode":true,"campfire_choices":[{"floor":6.0,"key":"REST"},{"floor":8.0,"key":"REST"},{"data":"Deadly Poison","floor":13.0,"key":"SMITH"},{"floor":15.0,"key":"REST"}],"circlet_count":0,"master_deck":["AscendersBane","Strike_G","Strike_G","Strike_G","Strike_G","Strike_G","Defend_G","Defend_G","Defend_G","Defend_G","Survivor","Neutralize","All Out Attack","Blur","Crippling Poison+1","Dodge and Roll","Noxious Fumes+1","Infinite Blades+1","Deadly Poison+1","Envenom+1","Slice","Dagger Throw+1"],"relics":["Ring of the Snake","Du-Vu Doll","Frozen Egg 2","Boot","Toy Ornithopter","WristBlade","Tough Bandages","Blood Vial"],"acts_visited":["Exordium","TheCity"],"potions_floor_usage":[16,22],"damage_taken":[{"damage":5.0,"enemies":"Small Slimes","floor":1.0,"turns":4.0},{"damage":0.0,"enemies":"2 Louse","floor":2.0,"turns":2.0},{"damage":0.0,"enemies":"Cultist","floor":3.0,"turns":3.0},{"damage":30.0,"enemies":"Lagavulin","floor":7.0,"turns":7.0},{"damage":23.0,"enemies":"Gremlin Nob","floor":10.0,"turns":4.0},{"damage":0.0,"enemies":"Looter","floor":11.0,"turns":5.0},{"damage":0.0,"enemies":"Lots of Slimes","floor":12.0,"turns":2.0},{"damage":0.0,"enemies":"2 Fungi Beasts","floor":14.0,"turns":3.0},{"damage":0,"enemies":"The Guardian","floor":16,"turns":9},{"damage":23,"enemies":"2 Thieves","floor":18,"turns":4},{"damage":14,"enemies":"Chosen","floor":21,"turns":5},{"damage":33,"enemies":"Centurion and Healer","floor":22,"turns":6}],"seed_played":"5283646052600299918","potions_obtained":[{"floor":2.0,"key":"SteroidPotion"},{"floor":7.0,"key":"Energy Potion"},{"floor":11.0,"key":"Fire Potion"},{"floor":16,"key":"Poison Potion"},{"floor":18,"key":"DistilledChaos"}],"is_trial":false,"path_per_floor":["M","M","M","?","?","R","E","R","T","E","M","M","R","M","R","B",null,"M","$","?","M","M"],"character_chosen":"THE_SILENT","items_purchased":["Tough Bandages"],"campfire_rested":3,"item_purchase_floors":[19],"current_hp_per_floor":[39,39,39,32,32,51,21,40,40,17,17,22,22,22,41,46,61,38,38,38,26,0,0],"gold":14,"neow_bonus":"ONE_RARE_RELIC","is_daily":false,"chose_seed":false,"campfire_upgraded":1,"win_rate":0.0,"timestamp":1611079498,"path_taken":["M","M","M","?","?","R","E","R","T","E","M","?","R","M","R","BOSS","M","$","?","M","M"],"items_purchased_type":["Relic"],"build_version":"2020-12-18","purchased_purges":0,"victory":false,"max_hp_per_floor":[66,66,66,66,66,66,66,66,66,66,66,66,66,66,66,66,66,66,66,66,66,66,66],"card_choices":[{"not_picked":["Acrobatics","Distraction"],"picked":"All Out Attack","floor":1.0},{"not_picked":["Concentrate","Dagger Spray"],"picked":"Blur","floor":2.0},{"not_picked":["Bane","Acrobatics"],"picked":"Crippling Poison","floor":3.0},{"not_picked":["PiercingWail","Expertise"],"picked":"Dodge and Roll","floor":7.0},{"not_picked":["Acrobatics","Backstab"],"picked":"Noxious Fumes+1","floor":10.0},{"not_picked":["Finisher","Outmaneuver"],"picked":"Infinite Blades+1","floor":11.0},{"not_picked":["Choke","Outmaneuver"],"picked":"Deadly Poison","floor":12.0},{"not_picked":["Blade Dance","Flying Knee","PiercingWail"],"picked":"SKIP","floor":14.0},{"not_picked":["Phantasmal Killer","Wraith Form v2+1"],"picked":"Envenom+1","floor":16},{"not_picked":["Outmaneuver","Backflip"],"picked":"Slice","floor":18},{"not_picked":["Dagger Spray+1","Deadly Poison"],"picked":"Dagger Throw+1","floor":21}],"player_experience":944435,"relics_obtained":[{"floor":7.0,"key":"Frozen Egg 2"},{"floor":9.0,"key":"Boot"},{"floor":10.0,"key":"Toy Ornithopter"}],"event_choices":[{"cards_removed":["Defend_G"],"damage_healed":0.0,"max_hp_gain":0.0,"max_hp_loss":0.0,"gold_gain":0.0,"event_name":"Golden Wing","player_choice":"Card Removal","floor":4.0,"gold_loss":0.0,"damage_taken":7.0},{"damage_healed":0.0,"max_hp_gain":0.0,"max_hp_loss":0.0,"gold_gain":0.0,"event_name":"Upgrade Shrine","player_choice":"Upgraded","floor":5.0,"gold_loss":0.0,"damage_taken":0.0,"cards_upgraded":["Crippling Poison"]},{"damage_healed":0,"gold_gain":0,"player_choice":"Gave Potion","damage_taken":0,"relics_obtained":["Blood Vial"],"max_hp_gain":0,"max_hp_loss":0,"event_name":"WeMeetAgain","floor":20,"gold_loss":0}],"is_beta":true,"boss_relics":[{"not_picked":["Sozu","Cursed Key"],"picked":"WristBlade"}],"items_purged_floors":[],"is_endless":false,"potions_floor_spawned":[2,7,11,16,18],"killed_by":"Centurion and Healer","ascension_level":20}}