{"host":"i0avyit1s6jb1siw","time":1611071431,"event":{"mods":["BaseMod","DeckTracker","Dota2Spire","Highlight Path","Minty Spire (QoL Compilation)","Quick Restart","StSLib","SuperFastMode"],"gold_per_floor":[18,18,18,18,35,49,49,76,76,76,76,76,102,114,124,6,23,23,23,23,130,130,147,147,192,238,238,238,287,113,113,129,169,184,184,241,69,69,172,172,214,231,231,106,153,203,203,262,262,312,374,374,374,415,415,427,467,467,467,497,527,527,527,3,63,93],"floor_reached":67,"language":"ENG","playtime":2111,"items_purged":["Strike_G","Strike_G","Strike_G+1"],"score":2900,"play_id":"993fe17c-fbc0-45bf-b0f4-1098ccd6a583","local_time":"20210119165031","is_ascension_mode":true,"campfire_choices":[{"data":"Bouncing Flask","floor":7.0,"key":"SMITH"},{"data":"Neutralize","floor":9.0,"key":"SMITH"},{"floor":11.0,"key":"REST"},{"data":"Malaise","floor":19.0,"key":"SMITH"},{"data":"Caltrops","floor":20.0,"key":"SMITH"},{"data":"Leg Sweep","floor":28,"key":"SMITH"},{"data":"Concentrate","floor":35,"key":"SMITH"},{"floor":38,"key":"REST"},{"data":"Phantasmal Killer","floor":47,"key":"SMITH"},{"floor":49,"key":"RECALL"},{"floor":53,"key":"REST"},{"data":"Malaise","floor":55,"key":"SMITH"},{"data":"All Out Attack","floor":58,"key":"SMITH"},{"data":"Grand Finale","floor":59,"key":"SMITH"},{"data":"Dash","floor":63,"key":"SMITH"}],"circlet_count":0,"master_deck":["AscendersBane","Defend_G","Defend_G+1","Defend_G","Defend_G","Survivor","Neutralize+1","Dagger Throw","All Out Attack+1","Bouncing Flask+1","Malaise+1","Caltrops+1","Dash+1","Leg Sweep+1","Terror+1","Grand Finale+1","Malaise+1","Concentrate+1","PiercingWail","Phantasmal Killer+1","Blade Dance","Escape Plan+1","After Image"],"relics":["Ring of the Snake","Du-Vu Doll","Anchor","Meat on the Bone","Pen Nib","Dota2Spire:HandOfMidas","Runic Pyramid","FaceOfCleric","Dota2Spire:AssaultCuirass","Dota2Spire:PhaseBoots","Bag of Preparation","Empty Cage","InkBottle","Dota2Spire:EtherealBlade","Toolbox","Dota2Spire:BlackKingBar","Nunchaku"],"acts_visited":["Exordium","TheCity","TheBeyond","TheEnding"],"potions_floor_usage":[26,34,36,56,61],"damage_taken":[{"damage":5.0,"enemies":"Small Slimes","floor":1.0,"turns":4.0},{"damage":4.0,"enemies":"2 Louse","floor":5.0,"turns":2.0},{"damage":1.0,"enemies":"Cultist","floor":6.0,"turns":3.0},{"damage":8.0,"enemies":"Gremlin Nob","floor":8.0,"turns":3.0},{"damage":9.0,"enemies":"Lagavulin","floor":13.0,"turns":5.0},{"damage":0.0,"enemies":"Blue Slaver","floor":14.0,"turns":4.0},{"damage":0.0,"enemies":"Lots of Slimes","floor":15.0,"turns":2.0},{"damage":0.0,"enemies":"2 Fungi Beasts","floor":17.0,"turns":4.0},{"damage":3.0,"enemies":"Hexaghost","floor":21.0,"turns":9.0},{"damage":3.0,"enemies":"Shell Parasite","floor":23.0,"turns":4.0},{"damage":20,"enemies":"2 Thieves","floor":25,"turns":5},{"damage":25,"enemies":"Centurion and Healer","floor":26,"turns":10},{"damage":5,"enemies":"Snake Plant","floor":29,"turns":4},{"damage":2,"enemies":"Snecko","floor":32,"turns":4},{"damage":9,"enemies":"Centurion and Healer","floor":33,"turns":6},{"damage":0,"enemies":"Cultist and Chosen","floor":34,"turns":4},{"damage":36,"enemies":"Slavers","floor":36,"turns":6},{"damage":27,"enemies":"Collector","floor":39,"turns":10},{"damage":0,"enemies":"Orb Walker","floor":41,"turns":5},{"damage":11,"enemies":"3 Darklings","floor":42,"turns":4},{"damage":7,"enemies":"Sphere and 2 Shapes","floor":45,"turns":6},{"damage":17,"enemies":"Writhing Mass","floor":46,"turns":6},{"damage":2,"enemies":"Giant Head","floor":48,"turns":5},{"damage":36,"enemies":"Nemesis","floor":51,"turns":11},{"damage":2,"enemies":"Maw","floor":54,"turns":6},{"damage":0,"enemies":"Spire Growth","floor":56,"turns":2},{"damage":3,"enemies":"Jaw Worm Horde","floor":57,"turns":4},{"damage":4,"enemies":"Time Eater","floor":60,"turns":10},{"damage":8,"enemies":"Awakened One","floor":61,"turns":10},{"damage":0,"enemies":"Shield and Spear","floor":65,"turns":5},{"damage":73,"enemies":"The Heart","floor":66,"turns":10}],"seed_played":"-5340160491705088561","potions_obtained":[{"floor":13.0,"key":"Fire Potion"},{"floor":14.0,"key":"Weak Potion"},{"floor":21.0,"key":"LiquidBronze"},{"floor":25,"key":"Energy Potion"},{"floor":29,"key":"Dota2Spire:Clarity"},{"floor":32,"key":"Swift Potion"},{"floor":41,"key":"Swift Potion"},{"floor":46,"key":"Strength Potion"},{"floor":56,"key":"Fire Potion"},{"floor":65,"key":"CunningPotion"}],"is_trial":false,"path_per_floor":["M","?","?","?","M","M","R","E","R","?","R","T","E","M","M","$","M","T","R","R","B",null,"M","?","M","M","?","R","M","$","T","M","M","M","R","E","$","R","B",null,"M","M","?","$","M","M","R","E","R","T","E","$","R","M","R","M","M","R","R","B","B",null,"R","$","E","B",null],"character_chosen":"THE_SILENT","items_purchased":["Caltrops","Grand Finale","Bag of Preparation","After Image","Toolbox","Dota2Spire:BlackKingBar"],"campfire_rested":3,"item_purchase_floors":[16,30,37,64,64,64],"current_hp_per_floor":[54,54,59,38,34,33,33,25,25,7,28,28,31,43,43,43,43,43,43,43,40,63,60,60,40,27,27,27,35,35,35,46,38,39,39,16,16,38,24,64,65,55,55,55,49,45,45,44,44,44,21,21,45,44,44,45,55,55,55,52,45,77,77,77,78,18],"gold":93,"neow_bonus":"ONE_RARE_RELIC","is_daily":false,"chose_seed":false,"campfire_upgraded":11,"win_rate":0.0,"timestamp":1611071431,"path_taken":["M","?","?","?","M","M","R","E","R","?","R","T","E","M","M","$","M","?","R","R","BOSS","M","?","M","?","?","R","M","$","T","?","M","M","R","E","$","R","BOSS","M","M","?","$","M","M","R","E","R","T","E","$","R","M","R","M","M","R","R","BOSS","BOSS","R","$","E","BOSS"],"items_purchased_type":["Card","Card","Relic","Card","Relic","Relic"],"build_version":"2020-12-22","purchased_purges":3,"victory":true,"max_hp_per_floor":[66,66,71,71,71,71,71,71,71,71,71,71,71,71,71,71,71,71,71,71,71,71,71,71,71,71,71,71,72,72,72,73,74,75,75,76,76,76,77,77,78,79,79,79,80,81,81,82,82,82,83,83,83,84,84,85,86,86,86,87,88,88,88,88,89,90],"card_choices":[{"not_picked":["Flying Knee","Quick Slash"],"picked":"Dagger Throw","floor":1.0},{"not_picked":["Dagger Throw","Prepared","Flying Knee"],"picked":"SKIP","floor":5.0},{"not_picked":["Skewer","Footwork"],"picked":"Bouncing Flask","floor":6.0},{"not_picked":["Poisoned Stab","Underhanded Strike","Flying Knee"],"picked":"SKIP","floor":8.0},{"not_picked":["PiercingWail","Underhanded Strike"],"picked":"Malaise","floor":13.0},{"not_picked":["Underhanded Strike","Bane","Dagger Spray"],"picked":"SKIP","floor":14.0},{"not_picked":["Flying Knee","Sucker Punch","Outmaneuver"],"picked":"SKIP","floor":15.0},{"not_picked":["Backstab","Outmaneuver"],"picked":"Dash","floor":17.0},{"not_picked":["Skewer+1","Expertise+1","Dagger Throw"],"picked":"SKIP","floor":23.0},{"not_picked":["Well Laid Plans","Dodge and Roll"],"picked":"Leg Sweep","floor":25},{"not_picked":["Concentrate","Poisoned Stab"],"picked":"Terror+1","floor":26},{"not_picked":["Underhanded Strike+1","Poisoned Stab","Distraction"],"picked":"SKIP","floor":29},{"not_picked":["Slice","Predator"],"picked":"Malaise","floor":32},{"not_picked":["Skewer","Underhanded Strike"],"picked":"Concentrate","floor":33},{"not_picked":["Outmaneuver","Predator"],"picked":"PiercingWail","floor":34},{"not_picked":["Deadly Poison","Masterful Stab","Outmaneuver"],"picked":"SKIP","floor":36},{"not_picked":["Tools of the Trade","Burst"],"picked":"Phantasmal Killer","floor":39},{"not_picked":["Calculated Gamble","PiercingWail+1"],"picked":"Blade Dance","floor":41},{"not_picked":["Quick Slash+1","Slice+1"],"picked":"Escape Plan+1","floor":42},{"not_picked":["Quick Slash","Escape Plan","Terror"],"picked":"SKIP","floor":45},{"not_picked":["Deflect+1","Slice","Dagger Spray"],"picked":"SKIP","floor":46},{"not_picked":["Terror","Predator+1","Expertise"],"picked":"SKIP","floor":48},{"not_picked":["Cloak And Dagger","Skewer","Phantasmal Killer"],"picked":"SKIP","floor":51},{"not_picked":["Accuracy","Acrobatics","Dash+1"],"picked":"SKIP","floor":54},{"not_picked":["Prepared+1","Sucker Punch","Dagger Spray"],"picked":"SKIP","floor":56},{"not_picked":["Bane","Dagger Spray+1","Cloak And Dagger"],"picked":"SKIP","floor":57},{"not_picked":["Bouncing Flask","Underhanded Strike","Acrobatics"],"picked":"SKIP","floor":65}],"player_experience":2294262,"relics_obtained":[{"floor":8.0,"key":"Anchor"},{"floor":12.0,"key":"Meat on the Bone"},{"floor":13.0,"key":"Pen Nib"},{"floor":18.0,"key":"Dota2Spire:HandOfMidas"},{"floor":31,"key":"Dota2Spire:AssaultCuirass"},{"floor":36,"key":"Dota2Spire:PhaseBoots"},{"floor":48,"key":"InkBottle"},{"floor":51,"key":"Dota2Spire:EtherealBlade"},{"floor":65,"key":"Nunchaku"}],"event_choices":[{"damage_healed":0.0,"max_hp_gain":0.0,"max_hp_loss":0.0,"gold_gain":0.0,"cards_transformed":["Strike_G"],"event_name":"Living Wall","player_choice":"Change","floor":2.0,"gold_loss":0.0,"damage_taken":0.0,"cards_obtained":["All Out Attack"]},{"damage_healed":0.0,"max_hp_gain":5.0,"max_hp_loss":0.0,"gold_gain":0.0,"event_name":"Big Fish","player_choice":"Donut","floor":3.0,"gold_loss":0.0,"damage_taken":0.0},{"damage_healed":0.0,"max_hp_gain":0.0,"max_hp_loss":0.0,"gold_gain":0.0,"event_name":"Shining Light","player_choice":"Entered Light","floor":4.0,"gold_loss":0.0,"damage_taken":21.0,"cards_upgraded":["Strike_G","Defend_G"]},{"damage_healed":0.0,"max_hp_gain":0.0,"max_hp_loss":0.0,"gold_gain":0.0,"event_name":"Scrap Ooze","player_choice":"Fled","floor":10.0,"gold_loss":0.0,"damage_taken":18.0},{"damage_healed":0,"gold_gain":0,"player_choice":"0 cards matched","damage_taken":0,"max_hp_gain":0,"max_hp_loss":0,"event_name":"Match and Keep!","floor":24,"gold_loss":0,"cards_obtained":[]},{"damage_healed":0,"gold_gain":0,"player_choice":"Trade","damage_taken":0,"relics_obtained":["FaceOfCleric"],"max_hp_gain":0,"max_hp_loss":0,"event_name":"FaceTrader","floor":27,"gold_loss":0},{"damage_healed":0,"gold_gain":0,"player_choice":"Ignored","damage_taken":0,"max_hp_gain":0,"max_hp_loss":0,"event_name":"Tomb of Lord Red Mask","floor":43,"gold_loss":0}],"is_beta":false,"boss_relics":[{"not_picked":["Pandora\u0027s Box","Philosopher\u0027s Stone"],"picked":"Runic Pyramid"},{"not_picked":["HoveringKite","Sozu"],"picked":"Empty Cage"}],"items_purged_floors":[16,30,44],"is_endless":false,"potions_floor_spawned":[13,14,21,25,29,32,33,41,46,51,56,57,65],"ascension_level":20}}