{"host":"qxeepl7ydvsgmfdb","time":1611046812,"event":{"mods":["AchievementEnabler","BaseMod","Colored Powertips","Minty Spire (QoL Compilation)","Quick Restart","slay the spire mod where everything is the same but ironclad has a cowboy hat"],"gold_per_floor":[117,117,392,407,482,507,507,535,535,113,113,144,205,216,216,321,371,389,401,401,676,692,726,726,737,785,785,811,244,244,258,258,360,360,373,387,387,195,245,245,270,270,270,270,230,250,250,270,270,270],"floor_reached":51,"language":"ENG","playtime":2332,"items_purged":["Regret","Regret"],"score":924,"play_id":"7e7b5638-4be5-4531-88eb-05bf4647fbdd","local_time":"20210119040012","is_ascension_mode":true,"campfire_choices":[{"data":"Zap","floor":7,"key":"SMITH"},{"floor":11,"key":"REST"},{"floor":15,"key":"REST"},{"floor":24,"key":"REST"},{"data":"White Noise","floor":27,"key":"SMITH"},{"floor":32,"key":"REST"},{"floor":40,"key":"REST"},{"floor":42,"key":"REST"},{"floor":49,"key":"REST"}],"circlet_count":0,"master_deck":["Strike_B","Strike_B","Defend_B+1","Defend_B","Defend_B","Defend_B","Zap+1","Dualcast","Ball Lightning","Redo","Sweeping Beam","Cold Snap","Capacitor","Redo","Chaos","Rainbow","Ball Lightning+1","Defragment","Defragment","Cold Snap","White Noise+1","Chill","Cold Snap+1","Writhe","Redo+1"],"relics":["Cracked Core","NeowsBlessing","Singing Bowl","Anchor","Mercury Hourglass","Bottled Lightning","Gremlin Horn","Ancient Tea Set","Strawberry","Tiny House","Eternal Feather","Vajra","Tiny Chest","Regal Pillow","HornCleat","Empty Cage","Membership Card","Pocketwatch","DataDisk","White Beast Statue","Meat on the Bone"],"acts_visited":["Exordium","TheCity","TheBeyond"],"potions_floor_usage":[16,23,28,28,33,41,50,50,50],"damage_taken":[{"damage":0,"enemies":"Jaw Worm","floor":1,"turns":1},{"damage":0,"enemies":"2 Louse","floor":4,"turns":1},{"damage":0,"enemies":"Lagavulin","floor":6,"turns":1},{"damage":35,"enemies":"3 Sentries","floor":8,"turns":7},{"damage":24,"enemies":"Lagavulin","floor":12,"turns":5},{"damage":9,"enemies":"Gremlin Nob","floor":13,"turns":3},{"damage":0,"enemies":"Cultist","floor":14,"turns":2},{"damage":4,"enemies":"Slime Boss","floor":16,"turns":7},{"damage":8,"enemies":"3 Byrds","floor":18,"turns":3},{"damage":18,"enemies":"2 Thieves","floor":19,"turns":3},{"damage":23,"enemies":"Centurion and Healer","floor":22,"turns":7},{"damage":30,"enemies":"Book of Stabbing","floor":23,"turns":5},{"damage":21,"enemies":"Shelled Parasite and Fungi","floor":25,"turns":7},{"damage":25,"enemies":"Gremlin Leader","floor":28,"turns":5},{"damage":3,"enemies":"Snake Plant","floor":31,"turns":4},{"damage":58,"enemies":"Collector","floor":33,"turns":11},{"damage":45,"enemies":"3 Darklings","floor":35,"turns":4},{"damage":7,"enemies":"Orb Walker","floor":36,"turns":4},{"damage":16,"enemies":"Mind Bloom Boss Battle","floor":39,"turns":8},{"damage":85,"enemies":"Nemesis","floor":41,"turns":9},{"damage":25,"enemies":"Maw","floor":46,"turns":8},{"damage":56,"enemies":"Transient","floor":48,"turns":5},{"damage":101,"enemies":"Awakened One","floor":50,"turns":14}],"seed_played":"3022565721772756513","potions_obtained":[{"floor":1,"key":"GamblersBrew"},{"floor":12,"key":"Explosive Potion"},{"floor":17,"key":"CultistPotion"},{"floor":22,"key":"SkillPotion"},{"floor":23,"key":"LiquidBronze"},{"floor":25,"key":"Block Potion"},{"floor":33,"key":"SpeedPotion"},{"floor":35,"key":"SteroidPotion"},{"floor":41,"key":"Strength Potion"}],"is_trial":false,"path_per_floor":["M","?","?","M","?","E","R","E","T","$","R","E","?","M","R","B",null,"M","M","?","?","M","E","R","M","T","R","E","$","?","M","R","B",null,"M","M","?","$","?","R","E","R","T","T","?","M","?","M","R","B",null],"character_chosen":"DEFECT","items_purchased":["Gremlin Horn","Cold Snap","Capacitor","Regal Pillow","FocusPotion","HornCleat","Membership Card","Chill"],"campfire_rested":7,"item_purchase_floors":[10,10,10,29,29,29,38,38],"current_hp_per_floor":[75,68,68,68,57,57,57,24,24,24,47,23,21,23,48,44,93,85,67,67,67,44,14,53,34,34,46,23,23,23,22,78,22,101,58,53,55,55,41,100,17,77,77,77,77,64,92,48,111,22],"gold":270,"neow_bonus":"THREE_ENEMY_KILL","is_daily":false,"chose_seed":false,"campfire_upgraded":2,"win_rate":0.0,"timestamp":1611046812,"path_taken":["M","?","?","?","?","E","R","E","T","$","R","E","?","M","R","BOSS","M","M","?","?","?","E","R","M","T","R","E","$","?","M","R","BOSS","M","M","?","$","?","R","E","R","T","?","?","?","?","M","R","BOSS"],"items_purchased_type":["Relic","Card","Card","Relic","Potion","Relic","Relic","Card"],"build_version":"2020-12-22","purchased_purges":2,"victory":true,"max_hp_per_floor":[75,75,75,75,75,75,75,77,77,77,77,77,84,86,86,86,93,93,93,93,93,93,93,93,95,95,95,97,97,97,99,99,101,101,103,105,107,107,109,109,111,111,111,111,111,111,111,111,111,111],"card_choices":[{"not_picked":["Genetic Algorithm","Conserve Battery"],"picked":"Ball Lightning","floor":1},{"not_picked":["Undo","Cold Snap"],"picked":"Redo","floor":4},{"not_picked":["All For One","Conserve Battery"],"picked":"Sweeping Beam","floor":6},{"not_picked":["Heatsinks","Steam Power","Blizzard"],"picked":"Singing Bowl","floor":8},{"not_picked":["Streamline","Thunder Strike"],"picked":"Redo","floor":12},{"not_picked":["Gash","Hologram"],"picked":"Chaos","floor":13},{"not_picked":["FTL","Redo","Hologram"],"picked":"Singing Bowl","floor":14},{"not_picked":["Multi-Cast","Echo Form"],"picked":"Rainbow","floor":16},{"not_picked":["Sweeping Beam","Streamline","Fusion"],"picked":"Singing Bowl","floor":17},{"not_picked":["Streamline","Leap+1"],"picked":"Ball Lightning+1","floor":18},{"not_picked":["Gash+1","Undo"],"picked":"Defragment","floor":19},{"not_picked":["Steam","Gash"],"picked":"Cold Snap","floor":22},{"not_picked":["Echo Form","Core Surge"],"picked":"White Noise","floor":23},{"not_picked":["Streamline","Stack","Leap"],"picked":"Singing Bowl","floor":25},{"not_picked":["Rebound","Leap","Go for the Eyes"],"picked":"Singing Bowl","floor":28},{"not_picked":["Hologram","Steam","Turbo"],"picked":"Singing Bowl","floor":31},{"not_picked":["Echo Form","Buffer","Biased Cognition"],"picked":"Singing Bowl","floor":33},{"not_picked":["Hologram","Tempest+1","Genetic Algorithm+1"],"picked":"Singing Bowl","floor":35},{"not_picked":["Compile Driver","Stack+1","Sweeping Beam"],"picked":"Singing Bowl","floor":36},{"not_picked":["HandOfGreed","Impatience","Good Instincts"],"picked":"Singing Bowl","floor":37},{"not_picked":["Barrage","Self Repair+1","Chill+1"],"picked":"Singing Bowl","floor":39},{"not_picked":["Glacier","Redo","Skim+1"],"picked":"Singing Bowl","floor":41},{"not_picked":["Go for the Eyes","Auto Shields+1"],"picked":"Cold Snap+1","floor":46},{"not_picked":["Genetic Algorithm+1","Go for the Eyes"],"picked":"Redo+1","floor":48}],"player_experience":175802,"relics_obtained":[{"floor":6,"key":"Anchor"},{"floor":8,"key":"Mercury Hourglass"},{"floor":9,"key":"Bottled Lightning"},{"floor":12,"key":"Ancient Tea Set"},{"floor":13,"key":"Strawberry"},{"floor":23,"key":"Eternal Feather"},{"floor":26,"key":"Vajra"},{"floor":28,"key":"Tiny Chest"},{"floor":39,"key":"Pocketwatch"},{"floor":41,"key":"DataDisk"},{"floor":43,"key":"White Beast Statue"},{"floor":44,"key":"Meat on the Bone"}],"event_choices":[{"damage_healed":0,"gold_gain":0,"player_choice":"Success","damage_taken":7,"relics_obtained":["Singing Bowl"],"max_hp_gain":0,"max_hp_loss":0,"event_name":"Scrap Ooze","floor":2,"gold_loss":0},{"damage_healed":0,"gold_gain":275,"player_choice":"Desecrate","damage_taken":0,"max_hp_gain":0,"max_hp_loss":0,"event_name":"Golden Shrine","floor":3,"gold_loss":0,"cards_obtained":["Regret"]},{"damage_healed":0,"gold_gain":75,"player_choice":"Gather Gold","damage_taken":11,"max_hp_gain":0,"max_hp_loss":0,"event_name":"World of Goop","floor":5,"gold_loss":0},{"damage_healed":0,"gold_gain":0,"player_choice":"Searched \u00271\u0027 times","damage_taken":0,"max_hp_gain":0,"max_hp_loss":0,"event_name":"Dead Adventurer","floor":13,"gold_loss":0},{"damage_healed":0,"gold_gain":0,"player_choice":"Read","damage_taken":0,"max_hp_gain":0,"max_hp_loss":0,"event_name":"The Library","floor":20,"gold_loss":0,"cards_obtained":["Defragment"]},{"damage_healed":0,"gold_gain":275,"player_choice":"Desecrate","damage_taken":0,"max_hp_gain":0,"max_hp_loss":0,"event_name":"Golden Shrine","floor":21,"gold_loss":0,"cards_obtained":["Regret"]},{"damage_healed":0,"gold_gain":0,"player_choice":"Ignored","damage_taken":0,"max_hp_gain":0,"max_hp_loss":0,"event_name":"Ghosts","floor":30,"gold_loss":0},{"damage_healed":0,"gold_gain":0,"player_choice":"Memory 1","damage_taken":0,"max_hp_gain":0,"max_hp_loss":0,"event_name":"SensoryStone","floor":37,"gold_loss":0},{"damage_healed":0,"gold_gain":0,"player_choice":"Fight","damage_taken":0,"max_hp_gain":0,"max_hp_loss":0,"event_name":"MindBloom","floor":39,"gold_loss":0},{"damage_healed":0,"gold_gain":0,"player_choice":"Bought 3 Potions","damage_taken":0,"max_hp_gain":0,"max_hp_loss":0,"event_name":"The Woman in Blue","floor":45,"gold_loss":0},{"damage_healed":28,"gold_gain":0,"player_choice":"Writhe","damage_taken":0,"max_hp_gain":0,"max_hp_loss":0,"event_name":"Winding Halls","floor":47,"gold_loss":0,"cards_obtained":["Writhe"]}],"is_beta":false,"boss_relics":[{"not_picked":["Fusion Hammer","Pandora\u0027s Box"],"picked":"Tiny House"},{"not_picked":["Astrolabe","Sozu"],"picked":"Empty Cage"}],"items_purged_floors":[10,29],"is_endless":false,"potions_floor_spawned":[1,12,22,23,25,33,35,41,46,48],"ascension_level":2}}