{"host":"xp5rvh2jwe2ejyfm","time":1611035925,"event":{"mods":["BaseMod","Hermit","Minty Spire (QoL Compilation)","Replay The Spire","StSLib","The Construct","The Cursed","The Disciple","The Hierophant","The Necromancer","The Runesmith"],"gold_per_floor":[111,128,167,20,33,33,46,63,63,63,83,83,99,124,124,220,220,239,249,24,24,42,74,85,25,52,13,13,33,132,143,143,247,247,258,308,4,4,23,23,23,23],"floor_reached":41,"language":"ENG","playtime":1847,"items_purged":[],"score":505,"play_id":"ead7b62d-0242-4704-86ce-1fded9bfc9d1","local_time":"20210119005845","is_ascension_mode":false,"campfire_choices":[{"data":"1","floor":6,"key":"LIFT"},{"data":"2","floor":12,"key":"LIFT"},{"data":"3","floor":15,"key":"LIFT"},{"floor":28,"key":"REST"},{"floor":32,"key":"REST"},{"data":"TheCursedMod:CursedBlade","floor":40,"key":"SMITH"}],"circlet_count":0,"master_deck":["TheCursedMod:Strike_TheCursed","TheCursedMod:Strike_TheCursed","TheCursedMod:Strike_TheCursed","TheCursedMod:Strike_TheCursed","TheCursedMod:Defend_TheCursed","TheCursedMod:Defend_TheCursed","TheCursedMod:Defend_TheCursed","TheCursedMod:Defend_TheCursed","TheCursedMod:CursedWand","TheCursedMod:CleanUpWorkshop+1","TheCursedMod:Dregs","TheCursedMod:CursedArmor+1","TheCursedMod:CursedMace","TheCursedMod:TroublousMinions","TheCursedMod:CursedBlade+1","TheCursedMod:SmokeScreen","TheCursedMod:SmokeScreen","Parasite","TheCursedMod:RavingStaff","TheCursedMod:CursedBlade","TheCursedMod:DemonicPact","TheCursedMod:Hemoplague","TheCursedMod:WearCloak+1","TheCursedMod:EmpowerCircles","TheCursedMod:CursedBlade","Pot Of Greed","Pot Of Greed","Pot Of Greed","TheCursedMod:CircleOfCorruption","TheCursedMod:SoulReap","TheCursedMod:SpreadPlague","TheCursedMod:CircleOfBlood","TheCursedMod:CursedBoomerang","TheCursedMod:DemonSword","TheCursedMod:BloodBarrier+1","TheCursedMod:HellfireBreathing+1","TheCursedMod:HellfireBreathing+1","Discovery","Replay:Bootleg Shield Generator","Pot Of Greed","TheCursedMod:CursedBlade+1"],"relics":["TheCursedMod:BlackMagic101","Girya","Boot","ReplayTheSpireMod:TigerMarble","War Paint","TheCursedMod:OminousMark","Lee\u0027s Waffle","ReplayTheSpireMod:Ring of Exchange","Grinning Jar","Anchor","Sling","Pocketwatch","Onion Ring"],"acts_visited":["Exordium","TheCity","TheBeyond"],"potions_floor_usage":[11,16,22,31,33,33,39],"damage_taken":[{"damage":2,"enemies":"2 Louse","floor":1,"turns":3},{"damage":10,"enemies":"Jaw Worm","floor":2,"turns":6},{"damage":2,"enemies":"Small Slimes","floor":5,"turns":4},{"damage":0,"enemies":"Looter","floor":7,"turns":3},{"damage":9,"enemies":"Blue Slaver","floor":8,"turns":3},{"damage":0,"enemies":"Exordium Wildlife","floor":11,"turns":3},{"damage":0,"enemies":"2 Fungi Beasts","floor":13,"turns":2},{"damage":31,"enemies":"Fading Forest","floor":16,"turns":11},{"damage":17,"enemies":"Shell Parasite","floor":18,"turns":4},{"damage":10,"enemies":"Chosen","floor":19,"turns":4},{"damage":14,"enemies":"Snake Plant","floor":22,"turns":3},{"damage":25,"enemies":"Book of Stabbing","floor":23,"turns":7},{"damage":45,"enemies":"Snecko","floor":24,"turns":7},{"damage":35,"enemies":"Centurion and Healer","floor":29,"turns":7},{"damage":0,"enemies":"Sentry and Sphere","floor":31,"turns":4},{"damage":23,"enemies":"Champ","floor":33,"turns":11},{"damage":13,"enemies":"Orb Walker","floor":35,"turns":3},{"damage":0,"enemies":"Mind Bloom Boss Battle","floor":36,"turns":5},{"damage":19,"enemies":"3 Darklings","floor":39,"turns":3},{"damage":103,"enemies":"Giant Head","floor":41,"turns":9}],"seed_played":"-8007653504360353483","potions_obtained":[{"floor":2,"key":"Explosive Potion"},{"floor":7,"key":"Dexterity Potion"},{"floor":8,"key":"SpeedPotion"},{"floor":11,"key":"Strength Potion"},{"floor":19,"key":"Energy Potion"},{"floor":22,"key":"Flashbang"},{"floor":31,"key":"Weak Potion"},{"floor":35,"key":"TheCursedMod:DregsPotion"},{"floor":36,"key":"AttackPotion"}],"is_trial":false,"path_per_floor":["M","M","?","$","M","R","M","M","T","?","M","R","M","T","R","B",null,"M","M","$","?","M","E","M","?","T","$","R","M","?","M","R","B",null,"M","?","$","?","M","R","E"],"character_chosen":"THE_CURSED","items_purchased":["Boot","TheCursedMod:EmpowerCircles","Lee\u0027s Waffle","TheCursedMod:SpreadPlague","TheCursedMod:HellfireBreathing+1","Onion Ring"],"campfire_rested":2,"item_purchase_floors":[4,20,20,27,37,37],"current_hp_per_floor":[80,70,70,70,68,68,68,59,59,79,79,79,79,79,79,54,82,65,57,91,91,77,52,9,9,9,9,36,9,9,11,38,27,93,82,86,86,81,73,73,0,0],"gold":23,"neow_bonus":"TEN_PERCENT_HP_BONUS","is_daily":false,"chose_seed":false,"campfire_upgraded":1,"win_rate":0.0,"timestamp":1611035925,"path_taken":["M","M","?","$","M","R","M","M","T","?","M","R","M","?","R","BOSS","M","M","$","?","M","E","M","?","T","$","R","M","?","M","R","BOSS","M","?","$","?","M","R","E"],"items_purchased_type":["Relic","Card","Relic","Card","Card","Relic"],"build_version":"2020-12-22","purchased_purges":0,"victory":false,"max_hp_per_floor":[82,82,82,82,82,82,82,82,82,82,82,82,82,82,82,82,82,82,84,91,91,91,91,93,93,93,93,93,93,93,93,93,93,93,93,93,93,93,93,93,93,93],"card_choices":[{"not_picked":["TheCursedMod:RapidMovement","TheCursedMod:CursedAmulet"],"picked":"TheCursedMod:CursedArmor","floor":1},{"not_picked":["TheCursedMod:LuckyCharm","TheCursedMod:Obscuration"],"picked":"TheCursedMod:CursedMace","floor":2},{"not_picked":["TheCursedMod:LuckyCharm","TheCursedMod:Wield"],"picked":"TheCursedMod:TroublousMinions","floor":3},{"not_picked":["TheCursedMod:SpitefulStrike","TheCursedMod:TacticalStrike"],"picked":"TheCursedMod:CursedBlade","floor":5},{"not_picked":["TheCursedMod:ShockAndAwe","TheCursedMod:Torture"],"picked":"TheCursedMod:SmokeScreen","floor":7},{"not_picked":["TheCursedMod:BlessingInDisguise","TheCursedMod:VitalStrike"],"picked":"TheCursedMod:SmokeScreen","floor":8},{"not_picked":["TheCursedMod:SoulCrush","TheCursedMod:CursedAmulet"],"picked":"TheCursedMod:RavingStaff","floor":11},{"not_picked":["TheCursedMod:CursedStaff","TheCursedMod:Obscuration"],"picked":"TheCursedMod:CursedBlade","floor":13},{"not_picked":["TheCursedMod:ManaCirculation","TheCursedMod:ForbiddenAlchemy"],"picked":"TheCursedMod:DemonicPact","floor":16},{"not_picked":["TheCursedMod:StingEye","TheCursedMod:RavingStaff"],"picked":"TheCursedMod:Hemoplague","floor":18},{"not_picked":["TheCursedMod:CircleOfBlood","TheCursedMod:Wield"],"picked":"TheCursedMod:WearCloak+1","floor":19},{"not_picked":["TheCursedMod:SaltUponWound+1","TheCursedMod:RapidMovement"],"picked":"TheCursedMod:CursedBlade","floor":22},{"not_picked":["TheCursedMod:Mangle","TheCursedMod:Grudge+1"],"picked":"TheCursedMod:CircleOfCorruption","floor":23},{"not_picked":["TheCursedMod:SurpriseAttack","TheCursedMod:FleshFromBone"],"picked":"TheCursedMod:SoulReap","floor":24},{"not_picked":["TheCursedMod:SpitefulStrike","TheCursedMod:BlessingInDisguise"],"picked":"TheCursedMod:CircleOfBlood","floor":29},{"not_picked":["TheCursedMod:RapidMovement+1","TheCursedMod:BlessingInDisguise"],"picked":"TheCursedMod:CursedBoomerang","floor":31},{"not_picked":["TheCursedMod:ShockAndAwe","TheCursedMod:CircleOfAbyss"],"picked":"TheCursedMod:DemonSword","floor":33},{"not_picked":["TheCursedMod:SoulReap+1","TheCursedMod:StingEye"],"picked":"TheCursedMod:BloodBarrier+1","floor":35},{"not_picked":["TheCursedMod:CursedBlade+1","TheCursedMod:Obscuration+1"],"picked":"TheCursedMod:HellfireBreathing+1","floor":36},{"not_picked":["Deep Breath","HandOfGreed"],"picked":"Discovery","floor":38},{"not_picked":["PanicButton","Magnetism"],"picked":"Replay:Bootleg Shield Generator","floor":38},{"not_picked":["TheCursedMod:SurpriseAttack","TheCursedMod:Torture+1"],"picked":"TheCursedMod:CursedBlade+1","floor":39}],"player_experience":244342,"relics_obtained":[{"floor":3,"key":"Girya"},{"floor":9,"key":"ReplayTheSpireMod:TigerMarble"},{"floor":14,"key":"War Paint"},{"floor":21,"key":"ReplayTheSpireMod:Ring of Exchange"},{"floor":23,"key":"Grinning Jar"},{"floor":26,"key":"Anchor"},{"floor":36,"key":"Pocketwatch"}],"event_choices":[{"damage_healed":20,"gold_gain":0,"player_choice":"Healed and dodged fight","damage_taken":0,"max_hp_gain":0,"max_hp_loss":0,"event_name":"Mushrooms","floor":10,"gold_loss":0,"cards_obtained":["Parasite"]},{"damage_healed":0,"gold_gain":99,"player_choice":"Stole From Cult","damage_taken":0,"max_hp_gain":0,"max_hp_loss":0,"event_name":"Nest","floor":30,"gold_loss":0},{"damage_healed":0,"gold_gain":0,"player_choice":"Fight","damage_taken":0,"max_hp_gain":0,"max_hp_loss":0,"event_name":"MindBloom","floor":36,"gold_loss":0},{"damage_healed":0,"gold_gain":0,"player_choice":"Memory 2","damage_taken":5,"max_hp_gain":0,"max_hp_loss":0,"event_name":"SensoryStone","floor":38,"gold_loss":0}],"is_beta":false,"boss_relics":[{"not_picked":["TheCursedMod:FourLeafCloverCharm","Velvet Choker"],"picked":"TheCursedMod:OminousMark"},{"not_picked":["ChewingGum","Replay:Bronze Core"],"picked":"Sling"}],"items_purged_floors":[],"is_endless":false,"potions_floor_spawned":[2,7,8,11,19,22,31,35,36],"killed_by":"Giant Head","ascension_level":0}}