{"host":"43eszqhj3e37fphl","time":1611047377,"event":{"mods":["100% Spire Juice","Act Like it!","BaseMod","Colored Map","Colored Powertips","Downfall","GungeonMod","Hallownest","Hermit","Marisa????????","Minty Spire (QoL Compilation)","READ ME - Guardian Mod","Rare Cards Sparkle","StSLib","The Animator","The Bug Knight","The Forsaken","The Jungle","The Necromancer","The Poker Player"],"gold_per_floor":[217,233,233,243,259,259,290,290,313,347,365,384,394,394,394,493,493,512,527,224,224,235,235,248,248,248,279,279,290,290,300,300,300,300],"floor_reached":33,"language":"ENG","playtime":1892,"items_purged":["Corruption"],"score":286,"play_id":"c984dba1-bfdc-431b-bf27-d57df895e78f","local_time":"20210119100937","is_ascension_mode":false,"campfire_choices":[{"data":"Cleave","floor":6,"key":"SMITH"},{"floor":8,"key":"RECALL"},{"floor":15,"key":"REST"},{"data":"Whirlwind","floor":23,"key":"SMITH"},{"floor":25,"key":"REST"},{"data":"Carnage","floor":30,"key":"SMITH"},{"floor":32,"key":"REST"}],"circlet_count":0,"master_deck":["Strike_R","Strike_R","Strike_R","Strike_R","Strike_R","Defend_R","Defend_R","Defend_R","Defend_R","Bash","Pummel","Cleave","Double Tap","Cleave+1","Clash","Perfected Strike","Rage","Carnage+1","Cleave","theForsaken:PlagueCurse","Clash","Clash","Searing Blow","Whirlwind+1","Clothesline"],"relics":["Burning Blood","DemoMod:ClearGuonStone","Torii","theForsaken:PlagueMask","SlaversCollar","Pen Nib","theForsaken:ScaryMask","DemoMod:ChaffGrenade","Red Mask"],"acts_visited":["Exordium","TheCity"],"potions_floor_usage":[7,10,13,16,19,24,29,33],"damage_taken":[{"damage":10,"enemies":"Cultist","floor":1,"turns":4},{"damage":4,"enemies":"Small Slimes","floor":2,"turns":3},{"damage":2,"enemies":"2 Louse","floor":4,"turns":3},{"damage":12,"enemies":"Exordium Thugs","floor":5,"turns":4},{"damage":6,"enemies":"3 Sentries","floor":7,"turns":1},{"damage":23,"enemies":"Lagavulin","floor":10,"turns":6},{"damage":8,"enemies":"Gremlin Gang","floor":11,"turns":3},{"damage":1,"enemies":"2 Fungi Beasts","floor":12,"turns":2},{"damage":2,"enemies":"3 Louse","floor":13,"turns":3},{"damage":37,"enemies":"The Guardian","floor":16,"turns":12},{"damage":14,"enemies":"Spheric Guardian","floor":18,"turns":4},{"damage":21,"enemies":"Chosen","floor":19,"turns":5},{"damage":25,"enemies":"Shelled Parasite and Fungi","floor":22,"turns":5},{"damage":33,"enemies":"Cultist and Chosen","floor":24,"turns":7},{"damage":8,"enemies":"Masked Bandits","floor":27,"turns":3},{"damage":17,"enemies":"Snecko","floor":29,"turns":4},{"damage":17,"enemies":"Centurion and Healer","floor":31,"turns":5},{"damage":74,"enemies":"Collector","floor":33,"turns":8}],"seed_played":"5805718831519365703","potions_obtained":[{"floor":1,"key":"Energy Potion"},{"floor":4,"key":"Slimebound:ThreeZeroPotion"},{"floor":7,"key":"hexamod:SoulburnPotion"},{"floor":10,"key":"SpeedPotion"},{"floor":16,"key":"FearPotion"},{"floor":24,"key":"BloodPotion"},{"floor":27,"key":"sneckomod:MuddlingPotion"},{"floor":31,"key":"Explosive Potion"}],"is_trial":false,"path_per_floor":["M","M","?","M","M","R","E","R","T","E","M","M","M","?","R","B",null,"M","M","$","?","M","R","M","R","T","?","?","M","R","M","R","B"],"character_chosen":"IRONCLAD","items_purchased":["Pen Nib","Searing Blow"],"campfire_rested":3,"item_purchase_floors":[20,20],"current_hp_per_floor":[76,78,78,80,74,74,74,74,74,57,55,60,64,64,80,49,80,72,57,57,57,38,38,27,51,51,49,49,38,38,27,51,0,0],"gold":300,"neow_bonus":"HUNDRED_GOLD","is_daily":false,"chose_seed":false,"campfire_upgraded":3,"win_rate":0.0,"timestamp":1611047377,"path_taken":["M","?","?","M","?","R","E","R","T","E","M","M","M","?","R","BOSS","M","M","$","?","?","R","M","R","T","?","?","M","R","?","R","BOSS"],"items_purchased_type":["Relic","Card"],"build_version":"2020-12-22","purchased_purges":1,"victory":false,"max_hp_per_floor":[80,80,80,80,80,80,80,80,80,80,80,80,80,80,80,80,80,80,80,80,80,80,80,80,80,80,80,80,80,80,80,80,80,80],"card_choices":[{"not_picked":["Hemokinesis","Dropkick"],"picked":"Pummel","floor":1},{"not_picked":["Clash","Spot Weakness"],"picked":"Cleave","floor":2},{"not_picked":["Shrug It Off","Iron Wave"],"picked":"Cleave","floor":4},{"not_picked":["DemoMod:WhiteBlade","Rage"],"picked":"Clash","floor":5},{"not_picked":["Rupture","Double Tap"],"picked":"Perfected Strike","floor":7},{"not_picked":["Twin Strike","Perfected Strike"],"picked":"Rage","floor":10},{"not_picked":["Anger","Dark Embrace"],"picked":"Carnage","floor":11},{"not_picked":["Offering","Rupture","Sword Boomerang"],"picked":"SKIP","floor":12},{"not_picked":["Second Wind","Perfected Strike"],"picked":"Cleave","floor":13},{"not_picked":["Double Tap","Fiend Fire"],"picked":"Corruption","floor":16},{"not_picked":["Armaments","True Grit+1"],"picked":"Clash","floor":18},{"not_picked":["Offering","Metallicize+1"],"picked":"Clash","floor":19},{"not_picked":["Twin Strike","Bloodletting"],"picked":"Whirlwind","floor":22},{"not_picked":["Clash","Flex","Anger"],"picked":"SKIP","floor":24},{"not_picked":["DemoMod:BlackBlade","Thunderclap"],"picked":"Clothesline","floor":27},{"not_picked":["Iron Wave+1","Clothesline","Clash+1"],"picked":"SKIP","floor":29},{"not_picked":["Headbutt","Power Through","Body Slam+1"],"picked":"SKIP","floor":31}],"player_experience":40328,"relics_obtained":[{"floor":7,"key":"DemoMod:ClearGuonStone"},{"floor":10,"key":"Torii"},{"floor":26,"key":"DemoMod:ChaffGrenade"},{"floor":27,"key":"Red Mask"}],"event_choices":[{"damage_healed":0,"gold_gain":0,"player_choice":"2 cards matched","damage_taken":0,"max_hp_gain":0,"max_hp_loss":0,"event_name":"Match and Keep!","floor":3,"gold_loss":0,"cards_obtained":["Double Tap","Shrug It Off"]},{"damage_healed":0,"gold_gain":0,"player_choice":"Obtain Plague Curse","damage_taken":0,"max_hp_gain":0,"max_hp_loss":0,"event_name":"Plague Doctor","floor":14,"gold_loss":0,"cards_obtained":["theForsaken:PlagueCurse"]},{"cards_removed":["Shrug It Off"],"damage_healed":0,"gold_gain":0,"player_choice":"Gave Card","damage_taken":0,"relics_obtained":["theForsaken:ScaryMask"],"max_hp_gain":0,"max_hp_loss":0,"event_name":"WeMeetAgain","floor":21,"gold_loss":0},{"damage_healed":0,"gold_gain":0,"player_choice":"Fought Bandits","damage_taken":0,"max_hp_gain":0,"max_hp_loss":0,"event_name":"Masked Bandits","floor":27,"gold_loss":0},{"damage_healed":0,"gold_gain":0,"player_choice":"Ignored","damage_taken":0,"max_hp_gain":0,"max_hp_loss":0,"event_name":"N\u0027loth","floor":28,"gold_loss":0}],"is_beta":false,"boss_relics":[{"not_picked":["Tiny House","theForsaken:PaleLantern"],"picked":"SlaversCollar"}],"items_purged_floors":[20],"is_endless":false,"potions_floor_spawned":[1,4,7,10,16,24,27,31],"killed_by":"Collector","ascension_level":0}}