{"host":"hszimsrtxxc2k25w","time":1611097114,"event":{"mods":["AchievementEnabler","BaseMod","Colored Map","DeckTracker","Minty Spire (QoL Compilation)","Rare Cards Sparkle","SuperFastMode"],"gold_per_floor":[116,116,17,34,34,34,65,65,65,82,82,110,71,100,100,175,175,175,135,17,17,17,17,17,17,17,17,17,17,17,17,17,17,17,17,17,17,17,17,17,17,17,17,17,17,17,17,17,17,17,17,17,17,17,17,17],"floor_reached":57,"language":"KOR","playtime":1848,"items_purged":[],"score":2974,"play_id":"d954d8f6-64bd-483d-a4aa-7a8259754ce5","local_time":"20210120075834","is_ascension_mode":true,"campfire_choices":[{"data":"Bash","floor":6.0,"key":"SMITH"},{"floor":8.0,"key":"REST"},{"data":"Corruption","floor":11.0,"key":"SMITH"},{"floor":15.0,"key":"REST"},{"floor":28.0,"key":"REST"},{"floor":32.0,"key":"REST"},{"floor":40.0,"key":"RECALL"},{"floor":44.0,"key":"REST"},{"floor":47.0,"key":"REST"},{"floor":49.0,"key":"REST"},{"floor":53,"key":"REST"}],"circlet_count":0,"master_deck":["AscendersBane","Defend_R","Defend_R","Defend_R","Defend_R","Bash+1","Flame Barrier","Fire Breathing","Ghostly Armor","Pommel Strike","Corruption+1","Reckless Charge","Fiend Fire","Power Through","Seeing Red","Offering","Body Slam","Feel No Pain+1","Warcry","True Grit","Second Wind","Barricade+1","Dropkick","Shrug It Off","Offering","Exhume","Dark Embrace+1","Master of Strategy+1","Master of Strategy","Seeing Red","Shrug It Off","Fire Breathing+1","Havoc+1"],"relics":["Burning Blood","NeowsBlessing","MealTicket","Dream Catcher","Happy Flower","Dead Branch","Frozen Egg 2","Ectoplasm","Toy Ornithopter","Juzu Bracelet","Potion Belt","Nilry\u0027s Codex","Snecko Eye","Omamori","Girya","Bag of Preparation"],"acts_visited":["Exordium","TheCity","TheBeyond","TheEnding"],"potions_floor_usage":[],"damage_taken":[{"damage":0.0,"enemies":"Jaw Worm","floor":1.0,"turns":1.0},{"damage":0.0,"enemies":"2 Louse","floor":4.0,"turns":1.0},{"damage":0.0,"enemies":"3 Sentries","floor":7.0,"turns":2.0},{"damage":7.0,"enemies":"Cultist","floor":10.0,"turns":4.0},{"damage":18.0,"enemies":"Lagavulin","floor":12.0,"turns":7.0},{"damage":3.0,"enemies":"3 Sentries","floor":14.0,"turns":3.0},{"damage":16.0,"enemies":"The Guardian","floor":16.0,"turns":5.0},{"damage":9.0,"enemies":"3 Byrds","floor":18.0,"turns":2.0},{"damage":6.0,"enemies":"2 Thieves","floor":19.0,"turns":2.0},{"damage":6.0,"enemies":"Centurion and Healer","floor":21.0,"turns":5.0},{"damage":7.0,"enemies":"Book of Stabbing","floor":23.0,"turns":2.0},{"damage":23.0,"enemies":"Slavers","floor":25.0,"turns":4.0},{"damage":10.0,"enemies":"Snake Plant","floor":27.0,"turns":3.0},{"damage":22.0,"enemies":"Shelled Parasite and Fungi","floor":31.0,"turns":2.0},{"damage":12.0,"enemies":"Automaton","floor":33.0,"turns":5.0},{"damage":0.0,"enemies":"3 Shapes","floor":35.0,"turns":4.0},{"damage":22.0,"enemies":"Orb Walker","floor":36.0,"turns":2.0},{"damage":6.0,"enemies":"Writhing Mass","floor":41.0,"turns":3.0},{"damage":0.0,"enemies":"Giant Head","floor":42.0,"turns":3.0},{"damage":37.0,"enemies":"Nemesis","floor":46.0,"turns":4.0},{"damage":47,"enemies":"Time Eater","floor":50,"turns":5},{"damage":19,"enemies":"Donu and Deca","floor":51,"turns":4},{"damage":9,"enemies":"Shield and Spear","floor":55,"turns":3},{"damage":18,"enemies":"The Heart","floor":56,"turns":7}],"seed_played":"3230521352289128728","potions_obtained":[{"floor":4.0,"key":"GamblersBrew"},{"floor":10.0,"key":"Dexterity Potion"},{"floor":14.0,"key":"LiquidMemories"},{"floor":18.0,"key":"LiquidMemories"},{"floor":31.0,"key":"AttackPotion"},{"floor":41.0,"key":"SmokeBomb"}],"is_trial":false,"path_per_floor":["M","?","?","M","?","R","E","R","T","M","R","E","$","E","R","B",null,"M","M","$","M","?","E","?","E","T","M","R","?","?","M","R","B",null,"M","M","?","$","?","R","M","E","T","R","?","E","R","$","R","B","B",null,"R","$","E","B",null],"character_chosen":"IRONCLAD","items_purchased":["Power Through","Feel No Pain+1","Warcry"],"campfire_rested":8,"item_purchase_floors":[13,20,20],"current_hp_per_floor":[74,74,74,75,75,75,75,75,75,74,74,62,75,75,75,65,73,70,70,75,75,54,53,53,36,36,32,56,56,35,19,43,42,71,77,61,61,76,66,66,66,72,72,80,80,49,73,80,80,39,26,67,80,80,77,65],"gold":17,"neow_bonus":"THREE_ENEMY_KILL","is_daily":false,"chose_seed":false,"campfire_upgraded":2,"win_rate":0.0,"timestamp":1611097114,"path_taken":["M","?","?","?","?","R","E","R","T","M","R","E","$","E","R","BOSS","M","M","$","?","?","E","?","E","T","M","R","?","?","M","R","BOSS","M","M","?","$","?","R","M","E","T","R","?","E","R","$","R","BOSS","BOSS","R","$","E","BOSS"],"items_purchased_type":["Card","Card","Card"],"build_version":"2020-12-22","purchased_purges":0,"victory":true,"max_hp_per_floor":[75,75,75,75,75,75,75,75,75,75,75,75,75,75,75,75,75,75,75,75,75,80,80,80,80,80,80,80,80,80,80,80,80,80,80,80,80,80,80,80,80,80,80,80,80,80,80,80,80,80,80,80,80,80,80,80],"card_choices":[{"not_picked":["Clash","True Grit","Clothesline"],"picked":"SKIP","floor":1.0},{"not_picked":["Flex","Headbutt"],"picked":"Fire Breathing","floor":4.0},{"not_picked":["Headbutt","Body Slam"],"picked":"Pommel Strike","floor":7.0},{"not_picked":["Clothesline","Flex"],"picked":"Corruption","floor":8.0},{"not_picked":["Iron Wave","Searing Blow"],"picked":"Reckless Charge","floor":10.0},{"not_picked":["Anger","Inflame"],"picked":"Fiend Fire","floor":12.0},{"not_picked":["Clothesline","Sword Boomerang","Perfected Strike"],"picked":"SKIP","floor":14.0},{"not_picked":["Clothesline","Sword Boomerang","Perfected Strike"],"picked":"SKIP","floor":14.0},{"not_picked":["True Grit","Iron Wave"],"picked":"Seeing Red","floor":15.0},{"not_picked":["Immolate","Limit Break"],"picked":"Offering","floor":16.0},{"not_picked":["Infernal Blade","True Grit"],"picked":"Body Slam","floor":18.0},{"not_picked":["Headbutt+1","Rampage","Armaments"],"picked":"SKIP","floor":19.0},{"not_picked":["Power Through","Pommel Strike","Headbutt+1"],"picked":"SKIP","floor":21.0},{"not_picked":["Flex","Iron Wave","Armaments"],"picked":"SKIP","floor":23.0},{"not_picked":["Headbutt","Pummel","Carnage"],"picked":"SKIP","floor":25.0},{"not_picked":["Clothesline","True Grit"],"picked":"Second Wind","floor":27.0},{"not_picked":["Blood for Blood","Iron Wave"],"picked":"Shrug It Off","floor":31.0},{"not_picked":["Twin Strike","Clothesline"],"picked":"Offering","floor":32.0},{"not_picked":["Immolate","Juggernaut+1"],"picked":"Exhume","floor":33.0},{"not_picked":["Rage","Heavy Blade","Whirlwind"],"picked":"SKIP","floor":35.0},{"not_picked":["Reckless Charge","Anger"],"picked":"Dark Embrace+1","floor":36.0},{"not_picked":["Deep Breath","Apotheosis"],"picked":"Master of Strategy","floor":39.0},{"not_picked":["PanicButton","Forethought"],"picked":"Master of Strategy","floor":39.0},{"not_picked":["Pommel Strike","Pummel","Carnage+1"],"picked":"SKIP","floor":41.0},{"not_picked":["Whirlwind","Power Through","Body Slam"],"picked":"SKIP","floor":42.0},{"not_picked":["Intimidate","Twin Strike"],"picked":"Seeing Red","floor":44.0},{"not_picked":["Uppercut","True Grit"],"picked":"Shrug It Off","floor":46.0},{"not_picked":["Iron Wave","Havoc"],"picked":"Fire Breathing+1","floor":47.0},{"not_picked":["Seeing Red","Flex"],"picked":"Havoc+1","floor":53},{"not_picked":["Whirlwind","Dropkick+1","Metallicize+1"],"picked":"SKIP","floor":55}],"player_experience":628602,"relics_obtained":[{"floor":7.0,"key":"Dream Catcher"},{"floor":9.0,"key":"Happy Flower"},{"floor":12.0,"key":"Dead Branch"},{"floor":14.0,"key":"Frozen Egg 2"},{"floor":23.0,"key":"Toy Ornithopter"},{"floor":25.0,"key":"Juzu Bracelet"},{"floor":26.0,"key":"Potion Belt"},{"floor":30.0,"key":"Nilry\u0027s Codex"},{"floor":42.0,"key":"Omamori"},{"floor":46.0,"key":"Girya"},{"floor":55,"key":"Bag of Preparation"}],"event_choices":[{"damage_healed":0.0,"max_hp_gain":0.0,"max_hp_loss":0.0,"gold_gain":0.0,"cards_transformed":["Strike_R"],"event_name":"Living Wall","player_choice":"Change","floor":2.0,"gold_loss":0.0,"damage_taken":0.0,"cards_obtained":["Flame Barrier"]},{"damage_healed":0.0,"max_hp_gain":0.0,"max_hp_loss":0.0,"gold_gain":0.0,"event_name":"WeMeetAgain","player_choice":"Paid Gold","floor":3.0,"gold_loss":99.0,"damage_taken":0.0,"relics_obtained":["MealTicket"]},{"damage_healed":0.0,"max_hp_gain":0.0,"max_hp_loss":0.0,"gold_gain":0.0,"cards_transformed":["Strike_R"],"event_name":"Transmorgrifier","player_choice":"Transformed","floor":5.0,"gold_loss":0.0,"damage_taken":0.0,"cards_obtained":["Ghostly Armor"]},{"damage_healed":0.0,"max_hp_gain":5.0,"max_hp_loss":0.0,"gold_gain":0.0,"event_name":"Forgotten Altar","player_choice":"Shed Blood","floor":22.0,"gold_loss":0.0,"damage_taken":26.0},{"damage_healed":0.0,"max_hp_gain":0.0,"max_hp_loss":0.0,"gold_gain":0.0,"cards_transformed":["Strike_R"],"event_name":"Transmorgrifier","player_choice":"Transformed","floor":24.0,"gold_loss":0.0,"damage_taken":0.0,"cards_obtained":["True Grit"]},{"damage_healed":0.0,"max_hp_gain":0.0,"max_hp_loss":0.0,"gold_gain":0.0,"cards_transformed":["Strike_R","Strike_R"],"event_name":"Drug Dealer","player_choice":"Became Test Subject","floor":29.0,"gold_loss":0.0,"damage_taken":0.0,"cards_obtained":["Barricade","Dropkick"]},{"damage_healed":0.0,"max_hp_gain":0.0,"max_hp_loss":0.0,"gold_gain":0.0,"event_name":"Cursed Tome","player_choice":"Obtained Book","floor":30.0,"gold_loss":0.0,"damage_taken":21.0},{"damage_healed":0.0,"max_hp_gain":0.0,"max_hp_loss":0.0,"gold_gain":300.0,"event_name":"Wheel of Change","player_choice":"Gold","floor":37.0,"gold_loss":0.0,"damage_taken":0.0},{"damage_healed":0.0,"max_hp_gain":0.0,"max_hp_loss":0.0,"gold_gain":0.0,"event_name":"SensoryStone","player_choice":"Memory 3","floor":39.0,"gold_loss":0.0,"damage_taken":10.0},{"damage_healed":0.0,"max_hp_gain":0.0,"max_hp_loss":0.0,"gold_gain":0.0,"event_name":"Accursed Blacksmith","player_choice":"Forge","floor":45.0,"gold_loss":0.0,"damage_taken":0.0,"cards_upgraded":["Master of Strategy"]}],"is_beta":false,"boss_relics":[{"not_picked":["Coffee Dripper","Calling Bell"],"picked":"Ectoplasm"},{"not_picked":["Black Blood","Sozu"],"picked":"Snecko Eye"}],"items_purged_floors":[],"is_endless":false,"potions_floor_spawned":[4,10,14,16,18,21,23,31,41],"ascension_level":20}}