{"host":"0ueeacaatm8t6jyh","time":1611055149,"event":{"mods":["AchievementEnabler","BaseMod","Colored Powertips","Minty Spire (QoL Compilation)","Quick Restart","Rare Cards Sparkle","Shop Mod","StSLib"],"gold_per_floor":[115,128,128,128,27,27,52,71,71,346,361,377,405,423,423,498,498,511,511,511,524,574,574,603,603,603,615,615,615],"floor_reached":28,"language":"ZHS","playtime":794,"items_purged":["Strike_R"],"score":546,"play_id":"e4399a6c-f1e9-4590-a901-e11af6b6eead","local_time":"20210119191909","is_ascension_mode":true,"campfire_choices":[{"data":"Rampage","floor":6.0,"key":"SMITH"},{"data":"Demon Form","floor":15.0,"key":"SMITH"},{"data":"Heavy Blade","floor":23.0,"key":"SMITH"},{"floor":25.0,"key":"REST"}],"circlet_count":0,"master_deck":["AscendersBane","Strike_R","Strike_R","Strike_R","Defend_R","Defend_R","Defend_R","Defend_R","Bash","Rampage+1","Heavy Blade+1","Bloodletting","Pommel Strike","True Grit","Spot Weakness","Regret","Immolate","Disarm","Shockwave","Demon Form+1","Berserk","Shrug It Off","Whirlwind","Brutality"],"relics":["Burning Blood","NeowsBlessing","Self Forming Clay","Strawberry","Ice Cream","Ancient Tea Set","Runic Cube","Anchor"],"acts_visited":["Exordium","TheCity"],"potions_floor_usage":[],"damage_taken":[{"damage":0.0,"enemies":"Cultist","floor":1.0,"turns":1.0},{"damage":0.0,"enemies":"Jaw Worm","floor":2.0,"turns":1.0},{"damage":0.0,"enemies":"3 Sentries","floor":7.0,"turns":1.0},{"damage":0.0,"enemies":"2 Louse","floor":8.0,"turns":2.0},{"damage":17.0,"enemies":"Red Slaver","floor":11.0,"turns":2.0},{"damage":6.0,"enemies":"Looter","floor":12.0,"turns":2.0},{"damage":34.0,"enemies":"Lagavulin","floor":13.0,"turns":5.0},{"damage":0.0,"enemies":"2 Fungi Beasts","floor":14.0,"turns":2.0},{"damage":8.0,"enemies":"Slime Boss","floor":16.0,"turns":5.0},{"damage":21.0,"enemies":"3 Byrds","floor":18.0,"turns":5.0},{"damage":27.0,"enemies":"Shell Parasite","floor":21.0,"turns":5.0},{"damage":42.0,"enemies":"Slavers","floor":24.0,"turns":4.0},{"damage":19.0,"enemies":"Centurion and Healer","floor":27.0,"turns":5.0},{"damage":30,"enemies":"Sentry and Sphere","floor":28,"turns":3}],"seed_played":"-6427075761342747383","potions_obtained":[{"floor":2.0,"key":"Strength Potion"},{"floor":8.0,"key":"Swift Potion"},{"floor":14.0,"key":"SpeedPotion"},{"floor":16.0,"key":"Regen Potion"},{"floor":21.0,"key":"BlessingOfTheForge"}],"is_trial":false,"path_per_floor":["M","M","?","?","$","R","E","M","T","?","M","M","E","M","R","B",null,"M","?","?","M","?","R","E","R","T","M","M"],"character_chosen":"IRONCLAD","items_purchased":["Pommel Strike"],"campfire_rested":1,"item_purchase_floors":[5],"current_hp_per_floor":[74,75,75,57,57,57,70,76,76,76,65,65,37,43,43,41,72,71,71,71,50,50,50,14,38,38,25,0,0],"gold":615,"neow_bonus":"THREE_ENEMY_KILL","is_daily":false,"chose_seed":false,"campfire_upgraded":3,"win_rate":0.0,"timestamp":1611055149,"path_taken":["M","M","?","?","$","R","E","M","T","?","M","?","E","M","R","BOSS","M","?","?","M","?","R","E","R","T","M","M"],"items_purchased_type":["Card"],"build_version":"2020-12-22","purchased_purges":1,"victory":false,"max_hp_per_floor":[75,75,75,75,75,75,82,82,82,82,82,82,82,82,82,82,82,82,82,82,82,82,82,82,82,82,82,82,82],"card_choices":[{"not_picked":["Warcry","Perfected Strike"],"picked":"Rampage","floor":1.0},{"not_picked":["Headbutt","Anger"],"picked":"Heavy Blade","floor":2.0},{"not_picked":["Twin Strike","Wild Strike"],"picked":"True Grit","floor":7.0},{"not_picked":["Entrench","Cleave"],"picked":"Spot Weakness","floor":8.0},{"not_picked":["Shrug It Off","Pommel Strike"],"picked":"Immolate","floor":11.0},{"not_picked":["Heavy Blade","True Grit"],"picked":"Disarm","floor":12.0},{"not_picked":["Uppercut","Cleave"],"picked":"Shockwave","floor":13.0},{"not_picked":["Shrug It Off","Heavy Blade"],"picked":"Demon Form","floor":14.0},{"not_picked":["Bludgeon","Juggernaut"],"picked":"Berserk","floor":16.0},{"not_picked":["Iron Wave","Clothesline"],"picked":"Shrug It Off","floor":18.0},{"not_picked":["Heavy Blade","Twin Strike","Anger"],"picked":"SKIP","floor":21.0},{"not_picked":["Sentinel","Second Wind"],"picked":"Brutality","floor":24.0},{"not_picked":["Anger","Whirlwind","Headbutt"],"picked":"SKIP","floor":27.0}],"player_experience":406376,"relics_obtained":[{"floor":7.0,"key":"Strawberry"},{"floor":9.0,"key":"Ice Cream"},{"floor":13.0,"key":"Ancient Tea Set"},{"floor":24.0,"key":"Anchor"}],"event_choices":[{"damage_healed":0.0,"max_hp_gain":0.0,"max_hp_loss":0.0,"gold_gain":0.0,"cards_transformed":["Strike_R"],"event_name":"Living Wall","player_choice":"Change","floor":3.0,"gold_loss":0.0,"damage_taken":0.0,"cards_obtained":["Bloodletting"]},{"damage_healed":0.0,"max_hp_gain":0.0,"max_hp_loss":0.0,"gold_gain":0.0,"event_name":"Scrap Ooze","player_choice":"Success","floor":4.0,"gold_loss":0.0,"damage_taken":18.0,"relics_obtained":["Self Forming Clay"]},{"damage_healed":0.0,"max_hp_gain":0.0,"max_hp_loss":0.0,"gold_gain":275.0,"event_name":"Golden Shrine","player_choice":"Desecrate","floor":10.0,"gold_loss":0.0,"damage_taken":0.0,"cards_obtained":["Regret"]},{"damage_healed":0.0,"max_hp_gain":0.0,"max_hp_loss":0.0,"gold_gain":0.0,"event_name":"The Library","player_choice":"Read","floor":19.0,"gold_loss":0.0,"damage_taken":0.0,"cards_obtained":["Whirlwind"]},{"damage_healed":0.0,"max_hp_gain":0.0,"max_hp_loss":0.0,"gold_gain":0.0,"event_name":"Ghosts","player_choice":"Ignored","floor":20.0,"gold_loss":0.0,"damage_taken":0.0},{"damage_healed":0.0,"max_hp_gain":0.0,"max_hp_loss":0.0,"gold_gain":50.0,"event_name":"Nest","player_choice":"Stole From Cult","floor":22.0,"gold_loss":0.0,"damage_taken":0.0}],"is_beta":false,"boss_relics":[{"not_picked":["Snecko Eye","Tiny House"],"picked":"Runic Cube"}],"items_purged_floors":[5],"is_endless":false,"potions_floor_spawned":[2,8,14,16,21],"killed_by":"Sentry and Sphere","ascension_level":20}}