{"host":"0241nbavu410sn7l","time":1611043106,"event":{"mods":["Ascension Reborn","BaseMod","Better Third Choice","Minty Spire (QoL Compilation)","Rare Cards Sparkle","StSLib"],"gold_per_floor":[117,128,128,128,128,146,163,11,11,29,88,88,99,119,119,220,220,237,237,237,250,12,12,29,29,81,101,119,152,32,32,32,131,131,148,148,148,167,187,187,34,48,48,81,81,81],"floor_reached":45,"language":"ENG","playtime":4173,"items_purged":[],"score":487,"play_id":"c34e3aa8-0dd1-49de-acb5-cdc46de51c14","local_time":"20210119005826","is_ascension_mode":false,"campfire_choices":[{"data":"Quick Slash","floor":12.0,"key":"SMITH"},{"floor":15.0,"key":"REST"},{"data":"Adrenaline","floor":23.0,"key":"SMITH"},{"data":"After Image","floor":25.0,"key":"SMITH"},{"data":"All Out Attack","floor":32.0,"key":"SMITH"},{"data":"Secret Weapon","floor":40,"key":"SMITH"}],"circlet_count":0,"master_deck":["Survivor","Neutralize","Backflip","Dagger Spray+1","Tools of the Trade","Eviscerate","Poisoned Stab","Quick Slash+1","Slice","Adrenaline+1","Quick Slash","A Thousand Cuts","Accuracy","Dagger Spray","Prepared","Reflex","Backstab","All Out Attack+1","After Image+1","Dodge and Roll","Tactician+1","Bite","Bite","Bite","Bite","Bite","Flying Knee","Cloak And Dagger","Blade Dance","Dagger Throw","Footwork","Poisoned Stab","Adrenaline","Setup","Madness","Secret Weapon+1","Choke+1","Quick Slash+1","Concentrate+1","Die Die Die"],"relics":["Velvet Choker","TwistedFunnel","Mercury Hourglass","Bird Faced Urn","Pandora\u0027s Box","Nilry\u0027s Codex","Kunai","Regal Pillow","Red Mask","HoveringKite","Potion Belt","Bottled Flame","Question Card"],"acts_visited":["TheBeyond"],"potions_floor_usage":[35,39,42],"damage_taken":[{"damage":3.0,"enemies":"Jaw Worm","floor":1.0,"turns":5.0},{"damage":0.0,"enemies":"2 Louse","floor":2.0,"turns":3.0},{"damage":0.0,"enemies":"Cultist","floor":6.0,"turns":3.0},{"damage":12.0,"enemies":"Blue Slaver","floor":7.0,"turns":3.0},{"damage":0.0,"enemies":"Large Slime","floor":10.0,"turns":4.0},{"damage":1.0,"enemies":"3 Sentries","floor":11.0,"turns":3.0},{"damage":3.0,"enemies":"3 Louse","floor":13.0,"turns":2.0},{"damage":0.0,"enemies":"Blue Slaver","floor":14.0,"turns":2.0},{"damage":33.0,"enemies":"The Guardian","floor":16.0,"turns":6.0},{"damage":19.0,"enemies":"Shell Parasite","floor":18.0,"turns":4.0},{"damage":0.0,"enemies":"3 Byrds","floor":21.0,"turns":2.0},{"damage":4.0,"enemies":"Snake Plant","floor":24.0,"turns":3.0},{"damage":6.0,"enemies":"Cultist and Chosen","floor":27.0,"turns":3.0},{"damage":9.0,"enemies":"Centurion and Healer","floor":28.0,"turns":3.0},{"damage":0.0,"enemies":"Masked Bandits","floor":29.0,"turns":2.0},{"damage":55.0,"enemies":"Collector","floor":33.0,"turns":9.0},{"damage":7,"enemies":"Orb Walker","floor":35,"turns":3},{"damage":2,"enemies":"3 Shapes","floor":38,"turns":4},{"damage":23,"enemies":"3 Darklings","floor":39,"turns":3},{"damage":58,"enemies":"Maw","floor":42,"turns":8},{"damage":51,"enemies":"Reptomancer","floor":44,"turns":5},{"damage":38,"enemies":"Writhing Mass","floor":45,"turns":4}],"seed_played":"-7951604889960201180","potions_obtained":[{"floor":6.0,"key":"FairyPotion"},{"floor":7.0,"key":"BlessingOfTheForge"},{"floor":13.0,"key":"ColorlessPotion"},{"floor":14.0,"key":"GamblersBrew"},{"floor":16.0,"key":"AttackPotion"},{"floor":18.0,"key":"LiquidBronze"},{"floor":24.0,"key":"Strength Potion"},{"floor":27.0,"key":"Swift Potion"},{"floor":33.0,"key":"Ancient Potion"},{"floor":38,"key":"SteroidPotion"},{"floor":39,"key":"FairyPotion"},{"floor":42,"key":"Fruit Juice"}],"is_trial":false,"path_per_floor":["M","M","?","?","?","M","M","$","T","M","?","R","M","M","R","B",null,"M","?","?","M","$","R","M","R","T","M","M","?","$","?","R","B",null,"M","?","?","M","M","R","$","M","T","E","M"],"character_chosen":"THE_SILENT","items_purchased":["TwistedFunnel","Kunai","Footwork","Poisoned Stab","Potion Belt"],"campfire_rested":1,"item_purchase_floors":[8,22,30,30,41],"current_hp_per_floor":[67,67,67,72,72,72,60,60,60,60,59,59,56,56,75,44,75,61,45,45,51,51,51,52,52,52,52,47,51,51,51,51,9,52,47,42,62,61,41,41,41,10,10,22,0,0],"gold":81,"neow_bonus":"BOSS_RELIC","is_daily":false,"chose_seed":false,"campfire_upgraded":5,"win_rate":0.0,"timestamp":1611043106,"path_taken":["M","M","?","?","?","?","M","$","T","M","?","R","M","M","R","BOSS","M","?","?","M","$","R","M","R","T","M","M","?","$","?","R","BOSS","M","?","?","?","M","R","$","M","T","E","M"],"items_purchased_type":["Relic","Relic","Card","Card","Relic"],"build_version":"2020-12-22","purchased_purges":0,"victory":false,"max_hp_per_floor":[70,70,70,75,75,75,75,75,75,75,75,75,75,75,75,75,75,75,75,52,52,52,52,52,52,52,52,52,52,52,52,52,52,52,52,52,62,62,62,62,62,67,67,67,67,67],"card_choices":[{"not_picked":["Dagger Spray","Deflect"],"picked":"Backflip","floor":1.0},{"not_picked":["Flying Knee","Well Laid Plans"],"picked":"Dagger Spray","floor":2.0},{"not_picked":["Escape Plan","PiercingWail"],"picked":"Eviscerate","floor":6.0},{"not_picked":["Dagger Spray","Catalyst"],"picked":"Poisoned Stab","floor":7.0},{"not_picked":["PiercingWail","Expertise"],"picked":"Quick Slash","floor":10.0},{"not_picked":["Backflip","Deflect"],"picked":"Slice","floor":11.0},{"not_picked":["Quick Slash","Outmaneuver"],"picked":"Adrenaline","floor":13.0},{"not_picked":["Dodge and Roll","Heel Hook"],"picked":"Quick Slash","floor":14.0},{"not_picked":["Unload","Adrenaline"],"picked":"A Thousand Cuts","floor":16.0},{"not_picked":["Sucker Punch+1","Skewer"],"picked":"Tactician+1","floor":18.0},{"not_picked":["Accuracy","Expertise"],"picked":"Flying Knee","floor":21.0},{"not_picked":["Escape Plan","Deadly Poison+1"],"picked":"Cloak And Dagger","floor":24.0},{"not_picked":["Bane","Dodge and Roll"],"picked":"Blade Dance","floor":27.0},{"not_picked":["Concentrate+1","Flechettes+1"],"picked":"Dagger Throw","floor":28.0},{"not_picked":["Wraith Form v2","Phantasmal Killer"],"picked":"Adrenaline","floor":33.0},{"not_picked":["PiercingWail+1","Prepared"],"picked":"Setup","floor":35},{"not_picked":["Finesse","Sadistic Nature"],"picked":"Madness","floor":36},{"not_picked":["Impatience","Enlightenment"],"picked":"Secret Weapon","floor":36},{"not_picked":["Reflex+1","Cloak And Dagger"],"picked":"Choke+1","floor":38},{"not_picked":["Dodge and Roll","Flying Knee+1"],"picked":"Quick Slash+1","floor":39},{"not_picked":["Slice","PiercingWail+1"],"picked":"Concentrate+1","floor":42},{"not_picked":["Prepared+1","Quick Slash+1"],"picked":"Die Die Die","floor":44}],"player_experience":577690,"relics_obtained":[{"floor":9.0,"key":"Mercury Hourglass"},{"floor":11.0,"key":"Bird Faced Urn"},{"floor":19.0,"key":"Nilry\u0027s Codex"},{"floor":26.0,"key":"Regal Pillow"},{"floor":29.0,"key":"Red Mask"},{"floor":43,"key":"Bottled Flame"},{"floor":44,"key":"Question Card"}],"event_choices":[{"damage_healed":0.0,"max_hp_gain":0.0,"max_hp_loss":0.0,"gold_gain":0.0,"cards_transformed":["Defend_G"],"event_name":"Living Wall","player_choice":"Change","floor":3.0,"gold_loss":0.0,"damage_taken":0.0,"cards_obtained":["Tools of the Trade"]},{"damage_healed":0.0,"max_hp_gain":5.0,"max_hp_loss":0.0,"gold_gain":0.0,"event_name":"Big Fish","player_choice":"Donut","floor":4.0,"gold_loss":0.0,"damage_taken":0.0},{"damage_healed":0.0,"max_hp_gain":0.0,"max_hp_loss":0.0,"gold_gain":0.0,"event_name":"Upgrade Shrine","player_choice":"Upgraded","floor":5.0,"gold_loss":0.0,"damage_taken":0.0,"cards_upgraded":["Dagger Spray"]},{"damage_healed":0.0,"max_hp_gain":0.0,"max_hp_loss":0.0,"gold_gain":0.0,"event_name":"Dead Adventurer","player_choice":"Searched \u00271\u0027 times","floor":11.0,"gold_loss":0.0,"damage_taken":0.0},{"damage_healed":0.0,"max_hp_gain":0.0,"max_hp_loss":0.0,"gold_gain":0.0,"event_name":"Cursed Tome","player_choice":"Obtained Book","floor":19.0,"gold_loss":0.0,"damage_taken":16.0},{"damage_healed":0.0,"max_hp_gain":0.0,"max_hp_loss":23.0,"gold_gain":0.0,"event_name":"Vampires","player_choice":"Became a vampire","floor":20.0,"gold_loss":0.0,"damage_taken":0.0,"cards_obtained":["Bite","Bite","Bite","Bite","Bite"]},{"damage_healed":0.0,"max_hp_gain":0.0,"max_hp_loss":0.0,"gold_gain":0.0,"event_name":"Masked Bandits","player_choice":"Fought Bandits","floor":29.0,"gold_loss":0.0,"damage_taken":0.0},{"damage_healed":0.0,"max_hp_gain":0.0,"max_hp_loss":0.0,"gold_gain":0.0,"event_name":"Ghosts","player_choice":"Ignored","floor":31.0,"gold_loss":0.0,"damage_taken":0.0},{"damage_healed":0,"gold_gain":0,"player_choice":"Memory 2","damage_taken":5,"max_hp_gain":0,"max_hp_loss":0,"event_name":"SensoryStone","floor":36,"gold_loss":0},{"cards_removed":["Burst"],"damage_healed":10,"gold_gain":0,"player_choice":"Offered Rare","damage_taken":0,"max_hp_gain":10,"max_hp_loss":0,"event_name":"Bonfire Elementals","floor":37,"gold_loss":0}],"is_beta":false,"boss_relics":[{"not_picked":["Empty Cage","Astrolabe"],"picked":"Pandora\u0027s Box"},{"not_picked":["Tiny House","Black Star"],"picked":"HoveringKite"}],"items_purged_floors":[],"is_endless":false,"potions_floor_spawned":[6,7,13,14,16,18,24,27,33,38,39,42],"killed_by":"Writhing Mass","ascension_level":0}}