{"host":"uc0x0d8zaap3n3zi","time":1611072236,"event":{"mods":["2.2 Compatiblity","AchievementEnabler","Act Like it!","Alarm Clock","BaseMod","Colored Powertips","Downfall","Gensokyo","Marisa????????","Minty Spire (QoL Compilation)","Pale of the Ancients","Rare Cards Sparkle","Relic Stats","Spire Arcade","StSLib","The Cursed","The Hierophant","The Marked","The Servant 0.9.4","slay the spire mod where everything is the same but ironclad has a cowboy hat"],"gold_per_floor":[118,50,69,81,94,94,23,23,23,35,55,75,89,20,20,120,120,132,132,63,63,73,73,89,14,14,30,350,350,365,383,383,383,383],"floor_reached":33,"language":"ENG","playtime":1995,"items_purged":["Strike_S"],"score":270,"play_id":"a0b9e4cb-218b-4c3c-a4db-5885557d012f","local_time":"20210120050356","is_ascension_mode":false,"campfire_choices":[{"data":"Initiator","floor":6.0,"key":"SMITH"},{"data":"SilverBlades","floor":8.0,"key":"SMITH"},{"floor":15.0,"key":"REST"},{"floor":29.0,"key":"REST"},{"data":"Defy","floor":32,"key":"SMITH"}],"circlet_count":0,"master_deck":["Strike_S","Strike_S","Strike_S","Defend_S","Defend_S","Defend_S","Defend_S","KidneyShot","Exchange","Initiator+1","RealityMarble","Moonlight","SilverBlades+1","Defy+1","SurpressingFire","Defy","MurderousAura","StarChef","Gensokyo:FourOfAKind","Gensokyo:FourOfAKind","Gensokyo:FourOfAKind","Gensokyo:FourOfAKind","SpecialFormula+1","FastForward+1"],"relics":["SplendidAttire","Toxic Egg 2","Mummified Hand","KneeBrace"],"acts_visited":["Gensokyo:Gensokyo","Gensokyo:Gensokyoer"],"potions_floor_usage":[33],"damage_taken":[{"damage":4.0,"enemies":"Gensokyo:3_Fairies","floor":1.0,"turns":4.0},{"damage":2.0,"enemies":"Gensokyo:Gryphon","floor":3.0,"turns":3.0},{"damage":0.0,"enemies":"Gensokyo:Python","floor":4.0,"turns":2.0},{"damage":13.0,"enemies":"Gensokyo:5_Fairies","floor":5.0,"turns":6.0},{"damage":9.0,"enemies":"Gensokyo:Gryphon_and_Rabbit","floor":10.0,"turns":3.0},{"damage":8.0,"enemies":"Gensokyo:2_Rabbits","floor":11.0,"turns":4.0},{"damage":0.0,"enemies":"Gensokyo:VengefulSpirit","floor":12.0,"turns":4.0},{"damage":4.0,"enemies":"Gensokyo:Python_and_Kodama","floor":13.0,"turns":4.0},{"damage":24.0,"enemies":"Gensokyo:Yukari","floor":16.0,"turns":13.0},{"damage":29.0,"enemies":"Gensokyo:2_Gloops","floor":18.0,"turns":6.0},{"damage":3.0,"enemies":"Gensokyo:Chomper","floor":22.0,"turns":5.0},{"damage":1.0,"enemies":"Gensokyo:Wraith","floor":24.0,"turns":5.0},{"damage":30.0,"enemies":"Gensokyo:3_Gloops","floor":27.0,"turns":8.0},{"damage":32.0,"enemies":"Gensokyo:Slime_Group","floor":28.0,"turns":6.0},{"damage":6.0,"enemies":"Gensokyo:Wraith","floor":30.0,"turns":6.0},{"damage":27,"enemies":"Gensokyo:Monolith_and_Dog","floor":31,"turns":6},{"damage":69,"enemies":"Gensokyo:Eternal_Rivals","floor":33,"turns":10}],"seed_played":"4356480921911071734","potions_obtained":[{"floor":3.0,"key":"Fire Potion"},{"floor":4.0,"key":"SpeedPotion"},{"floor":12.0,"key":"champ:CounterPotion"},{"floor":28.0,"key":"SneckoOil"},{"floor":30.0,"key":"PowerPotion"}],"is_trial":false,"path_per_floor":["M","$","M","M","M","R","$","R","T","M","M","M","M","COS","R","B",null,"M","?","COS","?","M","T","M","$","T","M","M","R","M","M","R","B"],"character_chosen":"THE_SERVANT","items_purchased":["Moonlight","SilverBlades"],"campfire_rested":2,"item_purchase_floors":[2,7],"current_hp_per_floor":[61,61,59,59,46,46,46,46,46,37,29,29,25,25,44,20,65,36,41,41,41,38,38,37,37,37,15,7,21,23,34,34,0,0],"gold":383,"neow_bonus":"ONE_RANDOM_RARE_CARD","is_daily":false,"chose_seed":false,"campfire_upgraded":3,"win_rate":0.0,"timestamp":1611072236,"path_taken":["M","?","M","M","M","R","$","R","T","M","M","M","?","COS","R","BOSS","M","?","COS","?","M","?","M","?","T","M","?","R","M","M","R","BOSS"],"items_purchased_type":["Card","Card"],"build_version":"2020-12-22","purchased_purges":1,"victory":false,"max_hp_per_floor":[65,65,65,65,65,65,65,65,65,65,65,65,65,65,65,65,65,65,70,70,49,49,49,49,49,49,49,49,49,49,49,49,49,49],"relic_stats":{"counters":[17,95],"Mummified Hand":[30],"obtain_stats":[{"SplendidAttire":17,"KneeBrace":26,"Mummified Hand":23,"Uniform":0,"Toxic Egg 2":22},{"SplendidAttire":9,"KneeBrace":12,"Mummified Hand":11,"Uniform":0,"Toxic Egg 2":11},{"SplendidAttire":43,"KneeBrace":59,"Mummified Hand":54,"Uniform":0,"Toxic Egg 2":50}]},"card_choices":[{"not_picked":["Alleviate","DoubleEdge"],"picked":"RealityMarble","floor":1.0},{"not_picked":["Ricochet","Unruled","Advance"],"picked":"SKIP","floor":3.0},{"not_picked":["Snipe","BottledTime","DoubleEdge"],"picked":"SKIP","floor":4.0},{"not_picked":["DualDimension","ShatteredReality","Deadline"],"picked":"SKIP","floor":5.0},{"not_picked":["TimeWarp","Solidify"],"picked":"Defy","floor":10.0},{"not_picked":["Starlight","Replace","TimeWarp"],"picked":"SKIP","floor":11.0},{"not_picked":["DualDimension","Ricochet"],"picked":"SurpressingFire","floor":12.0},{"not_picked":["Rewind","SilverBlades"],"picked":"Defy","floor":13.0},{"not_picked":["Solidify","ForgedInTime"],"picked":"MurderousAura","floor":16.0},{"not_picked":["MoonPhase+1","Unruled"],"picked":"StarChef","floor":18.0},{"not_picked":["Spin+1","BottledTime+1","Desolation"],"picked":"SKIP","floor":22.0},{"not_picked":["Spin+1","BottledTime+1","Desolation"],"picked":"SKIP","floor":22.0},{"not_picked":["ShatteredReality","WasteNot"],"picked":"SpecialFormula+1","floor":24.0},{"not_picked":["ShatteredReality","Hightail+1","Spin"],"picked":"SKIP","floor":27.0},{"not_picked":["TimeWarp","Unruled+1"],"picked":"FastForward+1","floor":28.0},{"not_picked":["Spin","TimeTheft+1","Rewind+1"],"picked":"SKIP","floor":30.0},{"not_picked":["TimeWarp","BottledTime+1","Advance+1"],"picked":"SKIP","floor":31}],"player_experience":302861,"relics_obtained":[{"floor":23.0,"key":"Mummified Hand"},{"floor":26.0,"key":"KneeBrace"}],"event_choices":[],"is_beta":false,"boss_relics":[{"not_picked":["Sozu","SacredBark"],"picked":"SplendidAttire"}],"items_purged_floors":[25],"is_endless":false,"potions_floor_spawned":[3,4,12,13,16,24,28,30],"killed_by":"Gensokyo:Eternal_Rivals","ascension_level":0}}