{"host":"mku5fdaoqz3qihec","time":1611072795,"event":{"mods":["100% Spire Juice","2.2 Compatiblity","AchievementEnabler","Arknights The Spire","BaseMod","CapriCore","Colored Map","Colored Powertips","Hermit","Minty Spire (QoL Compilation)","Rare Cards Sparkle","StSLib","SuperFastMode","The Dragon Tamer","The Gatherer"],"gold_per_floor":[109,109,128,21,39,39,50,65,112,127,7,7,26,60,60,156,36,46,65,65,65],"floor_reached":20,"language":"KOR","playtime":719,"items_purged":[],"score":255,"play_id":"019b50a4-df7e-4eba-a2c8-cede386089b6","local_time":"20210120011315","is_ascension_mode":false,"campfire_choices":[{"data":"Moonworks:BigMagnum","floor":6,"key":"SMITH"},{"floor":15,"key":"REST"}],"circlet_count":0,"master_deck":["Moonworks:Strike+1","Moonworks:Strike","Moonworks:Strike","Moonworks:Strike","Moonworks:Defend","Moonworks:Defend","Moonworks:Defend","Moonworks:Defend","Moonworks:Ambush","Moonworks:LongDistanceShot+1","Moonworks:IndiscriminateFireSupport","Moonworks:BigMagnum+1","Moonworks:SakisCookie","Moonworks:GoAway","Moonworks:FinalSurgery","Moonworks:LulusLuckyEgg","Moonworks:EvilMastermind"],"relics":["Moonworks:BrokenBomb","Moonworks:Homemark","NeowsBlessing","Whetstone","Centennial Puzzle","StrikeDummy","Runic Pyramid"],"acts_visited":["Exordium","TheCity"],"potions_floor_usage":[8,13,13],"damage_taken":[{"damage":0,"enemies":"2 Louse","floor":1,"turns":1},{"damage":0,"enemies":"Cultist","floor":3,"turns":1},{"damage":0,"enemies":"Jaw Worm","floor":4,"turns":1},{"damage":12,"enemies":"Large Slime","floor":5,"turns":6},{"damage":7,"enemies":"Lots of Slimes","floor":7,"turns":3},{"damage":12,"enemies":"2 Fungi Beasts","floor":8,"turns":1},{"damage":4,"enemies":"3 Louse","floor":10,"turns":2},{"damage":6,"enemies":"Looter","floor":13,"turns":1},{"damage":0,"enemies":"Gremlin Nob","floor":14,"turns":3},{"damage":6,"enemies":"Slime Boss","floor":16,"turns":4},{"damage":20,"enemies":"2 Thieves","floor":18,"turns":4},{"damage":18,"enemies":"Shell Parasite","floor":19,"turns":4},{"damage":27,"enemies":"Sentry and Sphere","floor":20,"turns":5}],"seed_played":"1219704406099033994","potions_obtained":[{"floor":3,"key":"Swift Potion"},{"floor":4,"key":"Regen Potion"},{"floor":7,"key":"Moonworks:OneHundredPercentOrangeJuicePotion"},{"floor":8,"key":"SpeedPotion"},{"floor":13,"key":"BlessingOfTheForge"},{"floor":18,"key":"Moonworks:OneHundredPercentOrangeJuicePotion"}],"is_trial":false,"path_per_floor":["M","?","M","M","M","R","M","M","T","M","?","?","M","E","R","B",null,"M","M","M"],"character_chosen":"THE_STARBREAKER","items_purchased":[],"campfire_rested":1,"item_purchase_floors":[],"current_hp_per_floor":[60,60,60,60,48,48,41,29,29,25,25,25,19,19,37,31,60,40,22,0,0],"gold":65,"neow_bonus":"THREE_ENEMY_KILL","is_daily":false,"chose_seed":false,"campfire_upgraded":1,"win_rate":0.0,"timestamp":1611072795,"path_taken":["M","?","M","M","M","R","M","?","T","M","?","?","M","E","R","BOSS","M","?","M"],"items_purchased_type":[],"build_version":"2020-12-22","purchased_purges":0,"victory":false,"max_hp_per_floor":[60,60,60,60,60,60,60,60,60,60,60,60,60,60,60,60,60,60,60,60,60],"card_choices":[{"not_picked":["Moonworks:SakisCookie","Moonworks:SealedMemories","Moonworks:BigMagnum"],"picked":"SKIP","floor":1},{"not_picked":["Moonworks:SakisCookie","Moonworks:ImmovableObject","Moonworks:SweetBattle"],"picked":"SKIP","floor":3},{"not_picked":["Moonworks:ImmovableObject","Moonworks:BigMagnum"],"picked":"Moonworks:IndiscriminateFireSupport","floor":4},{"not_picked":["Moonworks:IndiscriminateFireSupport","Moonworks:Flamethrower"],"picked":"Moonworks:BigMagnum","floor":5},{"not_picked":["Moonworks:BigMagnum","Moonworks:Bloodlust","Moonworks:Assault"],"picked":"SKIP","floor":7},{"not_picked":["Moonworks:BigMagnum","Moonworks:DevilHand"],"picked":"Moonworks:SakisCookie","floor":8},{"not_picked":["Moonworks:ScrambledEve","Moonworks:IntelligenceOfficer"],"picked":"Moonworks:GoAway","floor":10},{"not_picked":["Moonworks:ReproductionOfRecords","Moonworks:CompletionReward"],"picked":"Moonworks:FinalSurgery","floor":13},{"not_picked":["Moonworks:BigMagnum","Moonworks:Assault"],"picked":"Moonworks:LulusLuckyEgg","floor":14},{"not_picked":["Moonworks:SinkOrSwim","Moonworks:LeapThroughSpace"],"picked":"Moonworks:EvilMastermind","floor":16},{"not_picked":["Moonworks:LulusLuckyEgg","Moonworks:BindingChains","Moonworks:BigMagnum"],"picked":"SKIP","floor":18},{"not_picked":["Moonworks:Bloodlust+1","Moonworks:Assault+1","Moonworks:ImmovableObject"],"picked":"SKIP","floor":19}],"player_experience":257429,"relics_obtained":[{"floor":9,"key":"Whetstone"},{"floor":12,"key":"Centennial Puzzle"},{"floor":14,"key":"StrikeDummy"}],"event_choices":[{"damage_healed":0,"gold_gain":0,"player_choice":"Ignored","damage_taken":0,"max_hp_gain":0,"max_hp_loss":0,"event_name":"NoteForYourself","floor":2,"gold_loss":0},{"damage_healed":0,"gold_gain":0,"player_choice":"Leave","damage_taken":0,"max_hp_gain":0,"max_hp_loss":0,"event_name":"The Cleric","floor":11,"gold_loss":0},{"damage_healed":0,"gold_gain":0,"player_choice":"Relic","damage_taken":0,"max_hp_gain":0,"max_hp_loss":0,"event_name":"Wheel of Change","floor":12,"gold_loss":0}],"is_beta":false,"boss_relics":[{"not_picked":["Cursed Key","Busted Crown"],"picked":"Runic Pyramid"}],"items_purged_floors":[],"is_endless":false,"potions_floor_spawned":[3,4,7,8,13,18],"killed_by":"Sentry and Sphere","ascension_level":0}}