{"host":"zxkjcgzis4pm3za5","time":1611030117,"event":{"mods":["AchievementEnabler","Act Like it!","BaseMod","Colored Map","Colored Powertips","Friendly Minions","GifTheSpireLib","Minty Spire (QoL Compilation)","Quick Restart","RNG Fix","Random Character Button","Relic Sorter","Relic Stats","StSLib"],"gold_per_floor":[111,124,199,124,124,124,149,149,149,208,250,296,339,78,78,158,158,178,187,196,112,132,173,223,223,223,257,272,272,272,310,310,393,393,416,432,129,129,150,150,150],"floor_reached":40,"language":"ENG","playtime":1572,"items_purged":["Strike_P","Strike_P","Strike_P"],"score":959,"play_id":"798b1967-7da9-4464-adef-063d949f85b4","local_time":"20210119095157","is_ascension_mode":true,"campfire_choices":[{"data":"Vigilance","floor":6.0,"key":"SMITH"},{"floor":8.0,"key":"RECALL"},{"data":"Wish","floor":15.0,"key":"SMITH"},{"data":"Vault","floor":25.0,"key":"SMITH"},{"data":"Study","floor":30,"key":"SMITH"},{"data":"MentalFortress","floor":32,"key":"SMITH"}],"circlet_count":0,"master_deck":["AscendersBane","Strike_P","Defend_P","Defend_P","Defend_P","Eruption+1","Vigilance+1","CutThroughFate","BowlingBash","Consecrate","FearNoEvil","Wish+1","Wallop","InnerPeace","Vault+1","ThirdEye","Shame","Decay","Study+1","FlyingSleeves","FollowUp","MentalFortress+1","Blasphemy","Indignation","Bandage Up","Tantrum+1"],"relics":["PureWater","NeowsBlessing","Du-Vu Doll","Blue Candle","Orichalcum","CeramicFish","Thread and Needle","Sling","Coffee Dripper","Nunchaku","Omamori","Dream Catcher","The Courier","Happy Flower","Runic Pyramid","Medical Kit"],"acts_visited":["Exordium","TheCity","TheBeyond"],"potions_floor_usage":[31,33],"damage_taken":[{"damage":0.0,"enemies":"Small Slimes","floor":1.0,"turns":1.0},{"damage":0.0,"enemies":"Cultist","floor":2.0,"turns":1.0},{"damage":0.0,"enemies":"Gremlin Nob","floor":7.0,"turns":1.0},{"damage":0.0,"enemies":"Gremlin Nob","floor":10.0,"turns":2.0},{"damage":13.0,"enemies":"Lagavulin","floor":11.0,"turns":5.0},{"damage":8.0,"enemies":"Jaw Worm","floor":12.0,"turns":4.0},{"damage":8.0,"enemies":"Gremlin Nob","floor":13.0,"turns":4.0},{"damage":1.0,"enemies":"The Guardian","floor":16.0,"turns":9.0},{"damage":0.0,"enemies":"Shell Parasite","floor":18.0,"turns":3.0},{"damage":0.0,"enemies":"Spheric Guardian","floor":22.0,"turns":3.0},{"damage":29.0,"enemies":"Gremlin Leader","floor":23.0,"turns":6.0},{"damage":0.0,"enemies":"Book of Stabbing","floor":27.0,"turns":4.0},{"damage":0,"enemies":"Cultist and Chosen","floor":28,"turns":6},{"damage":1,"enemies":"Gremlin Leader","floor":31,"turns":4},{"damage":22,"enemies":"Automaton","floor":33,"turns":11},{"damage":0,"enemies":"Orb Walker","floor":35,"turns":3},{"damage":11,"enemies":"3 Shapes","floor":36,"turns":3},{"damage":14,"enemies":"Jaw Worm Horde","floor":39,"turns":4},{"damage":100004,"enemies":"Nemesis","floor":40,"turns":4}],"seed_played":"-398446789937823173","potions_obtained":[{"floor":2.0,"key":"Fruit Juice"},{"floor":7.0,"key":"AttackPotion"},{"floor":12.0,"key":"Energy Potion"},{"floor":16.0,"key":"BottledMiracle"},{"floor":28,"key":"SteroidPotion"},{"floor":31,"key":"SpeedPotion"},{"floor":33,"key":"Ancient Potion"}],"is_trial":false,"path_per_floor":["M","M","?","$","?","R","E","R","T","?","E","M","E","$","R","B",null,"M","?","?","$","M","E","?","R","T","E","M","T","R","E","R","B",null,"M","M","$","?","M","E"],"character_chosen":"WATCHER","items_purchased":["Sling","DuplicationPotion","Medical Kit","Bandage Up"],"campfire_rested":0,"item_purchase_floors":[14,21,37,37],"current_hp_per_floor":[61,61,50,50,50,50,50,50,50,50,37,29,21,21,21,20,56,56,56,56,61,61,32,32,32,32,32,32,32,32,31,31,9,57,57,46,46,46,36,0,0],"gold":150,"neow_bonus":"THREE_ENEMY_KILL","is_daily":false,"chose_seed":false,"campfire_upgraded":5,"win_rate":0.0,"timestamp":1611030117,"path_taken":["M","?","?","$","?","R","E","R","T","?","E","M","E","$","R","BOSS","M","?","?","$","M","E","?","R","T","E","M","?","R","E","R","BOSS","M","M","$","?","M","E"],"items_purchased_type":["Relic","Potion","Relic","Card"],"build_version":"2020-12-22","purchased_purges":3,"victory":false,"max_hp_per_floor":[68,68,68,68,68,68,68,68,68,68,68,68,68,68,68,68,68,68,68,68,73,73,73,73,73,73,73,73,73,73,73,73,73,73,73,73,73,73,73,73,73],"relic_stats":{"Nunchaku":[10],"Dream Catcher":0,"Happy Flower":[8],"counters":[19,77],"Blue Candle":[6],"CeramicFish":135,"Orichalcum":[156],"Medical Kit":[0],"obtain_stats":[{"NeowsBlessing":0,"Happy Flower":31,"Blue Candle":9,"CeramicFish":11,"Thread and Needle":13,"The Courier":29,"Omamori":23,"Orichalcum":10,"Sling":14,"Medical Kit":37,"Du-Vu Doll":7,"Nunchaku":19,"Dream Catcher":27,"Coffee Dripper":17,"PureWater":0,"Runic Pyramid":34},{"NeowsBlessing":0,"Happy Flower":14,"Blue Candle":3,"CeramicFish":5,"Thread and Needle":7,"The Courier":13,"Omamori":11,"Orichalcum":3,"Sling":7,"Medical Kit":17,"Du-Vu Doll":3,"Nunchaku":9,"Dream Catcher":12,"Coffee Dripper":8,"PureWater":0,"Runic Pyramid":15},{"NeowsBlessing":0,"Happy Flower":53,"Blue Candle":3,"CeramicFish":10,"Thread and Needle":18,"The Courier":49,"Omamori":39,"Orichalcum":3,"Sling":18,"Medical Kit":70,"Du-Vu Doll":3,"Nunchaku":30,"Dream Catcher":43,"Coffee Dripper":27,"PureWater":0,"Runic Pyramid":64}]},"card_choices":[{"not_picked":["FlurryOfBlows","ClearTheMind"],"picked":"CutThroughFate","floor":1.0},{"not_picked":["Protect","SashWhip"],"picked":"BowlingBash","floor":2.0},{"not_picked":["ClearTheMind","CarveReality"],"picked":"Consecrate","floor":7.0},{"not_picked":["ThirdEye","EmptyBody"],"picked":"FearNoEvil","floor":10.0},{"not_picked":["SashWhip","PathToVictory"],"picked":"Wish","floor":11.0},{"not_picked":["SashWhip","SignatureMove"],"picked":"Wallop","floor":12.0},{"not_picked":["Halt","BattleHymn"],"picked":"InnerPeace","floor":13.0},{"not_picked":["DevaForm","Alpha"],"picked":"Vault","floor":16.0},{"not_picked":["Crescendo","Collect"],"picked":"ThirdEye","floor":18.0},{"not_picked":["Pray","Worship"],"picked":"Study","floor":22.0},{"not_picked":["Perseverance","ThirdEye"],"picked":"FlyingSleeves","floor":23.0},{"not_picked":["Study","FearNoEvil"],"picked":"FollowUp","floor":27.0},{"not_picked":["FollowUp","CutThroughFate","FlyingSleeves"],"picked":"SKIP","floor":28},{"not_picked":["Indignation","PathToVictory"],"picked":"MentalFortress","floor":31},{"not_picked":["Alpha","Establishment"],"picked":"Blasphemy","floor":33},{"not_picked":["Weave","Fasting2"],"picked":"Indignation","floor":35},{"not_picked":["EmptyBody","ThirdEye","ForeignInfluence"],"picked":"SKIP","floor":36},{"not_picked":["SashWhip","EmptyFist+1"],"picked":"Tantrum+1","floor":39}],"player_experience":241331,"relics_obtained":[{"floor":7.0,"key":"Du-Vu Doll"},{"floor":9.0,"key":"Blue Candle"},{"floor":11.0,"key":"CeramicFish"},{"floor":13.0,"key":"Thread and Needle"},{"floor":23.0,"key":"Omamori"},{"floor":27.0,"key":"Dream Catcher"},{"floor":29,"key":"The Courier"},{"floor":31,"key":"Happy Flower"}],"event_choices":[{"damage_healed":0.0,"max_hp_gain":0.0,"max_hp_loss":0.0,"gold_gain":75.0,"event_name":"World of Goop","player_choice":"Gather Gold","floor":3.0,"gold_loss":0.0,"damage_taken":11.0},{"damage_healed":0.0,"max_hp_gain":0.0,"max_hp_loss":0.0,"gold_gain":0.0,"event_name":"Living Wall","player_choice":"Grow","floor":5.0,"gold_loss":0.0,"damage_taken":0.0,"cards_upgraded":["Eruption"]},{"damage_healed":0.0,"max_hp_gain":0.0,"max_hp_loss":0.0,"gold_gain":30.0,"event_name":"Dead Adventurer","player_choice":"Searched \u00273\u0027 times","floor":10.0,"gold_loss":0.0,"damage_taken":0.0,"relics_obtained":["Orichalcum"]},{"damage_healed":0.0,"max_hp_gain":0.0,"max_hp_loss":0.0,"gold_gain":0.0,"event_name":"Addict","player_choice":"Stole Relic","floor":19.0,"gold_loss":0.0,"damage_taken":0.0,"relics_obtained":["Nunchaku"],"cards_obtained":["Shame"]},{"damage_healed":0.0,"max_hp_gain":0.0,"max_hp_loss":0.0,"gold_gain":0.0,"event_name":"Forgotten Altar","player_choice":"Smashed Altar","floor":20.0,"gold_loss":0.0,"damage_taken":0.0,"cards_obtained":["Decay"]},{"damage_healed":0.0,"max_hp_gain":0.0,"max_hp_loss":0.0,"gold_gain":50.0,"event_name":"Nest","player_choice":"Stole From Cult","floor":24.0,"gold_loss":0.0,"damage_taken":0.0},{"cards_removed":["Defend_P"],"damage_healed":0,"gold_gain":0,"player_choice":"Removed Skill","damage_taken":0,"max_hp_gain":0,"max_hp_loss":0,"event_name":"Falling","floor":38,"gold_loss":0}],"is_beta":false,"boss_relics":[{"not_picked":["Philosopher\u0027s Stone","Runic Dome"],"picked":"Coffee Dripper"},{"not_picked":["Busted Crown","Velvet Choker"],"picked":"Runic Pyramid"}],"items_purged_floors":[4,14,37],"is_endless":false,"potions_floor_spawned":[2,7,12,16,22,28,31,33],"killed_by":"Nemesis","ascension_level":16}}