{"host":"7fyy23rucerupe6i","time":1611062133,"event":{"mods":["AchievementEnabler","Act Like it!","BaseMod","BetterRewards","Colored Map","Colored Powertips","Conspire","Custom Start","Downfall","Marisa£®ÏF”Í°°ƒß¿Ì…≥£©","Minty Spire (QoL Compilation)","Quick Restart","Shop Mod","Spicy Shops","StSLib","SuperFastMode","The Factory","The Jungle","UnlockEverythingMod"],"gold_per_floor":[99,99,99,99,24,58,85,85,70,86,86,86,106,141,159,159,159],"floor_reached":16,"language":"ZHS","playtime":499,"items_purged":["Defend_MRS"],"score":154,"play_id":"61219be4-4c52-4050-bb6d-2cadcdcf106b","local_time":"20210119211533","is_ascension_mode":true,"campfire_choices":[{"data":"UpSweep","floor":1,"key":"SMITH"},{"data":"MachineGunSpark","floor":8,"key":"SMITH"},{"data":"BlazeAway","floor":11,"key":"SMITH"}],"circlet_count":0,"master_deck":["Strike_MRS","Strike_MRS","Strike_MRS","Strike_MRS","Defend_MRS","Defend_MRS","Defend_MRS","MasterSpark","UpSweep+1","MachineGunSpark+1","RefractionSpark+1","MilkyWay","Acceleration","EventHorizon","BlazeAway+1","MagicAbsorber","PowerUp","MilkyWay"],"relics":["MiniHakkero","downfall:HeartsMalice","Thread and Needle","Dream Catcher","Kunai"],"acts_visited":["Exordium"],"potions_floor_usage":[14,16],"damage_taken":[{"damage":0,"enemies":"Jaw Worm","floor":2,"turns":1},{"damage":0,"enemies":"Cultist","floor":3,"turns":1},{"damage":0,"enemies":"downfall:FleeingMerchant","floor":5,"turns":1},{"damage":15,"enemies":"Lagavulin","floor":6,"turns":4},{"damage":1,"enemies":"downfall:FleeingMerchant","floor":9,"turns":4},{"damage":0,"enemies":"Small Slimes","floor":10,"turns":1},{"damage":0,"enemies":"3 Louse","floor":13,"turns":3},{"damage":11,"enemies":"3 Sentries","floor":14,"turns":5},{"damage":9,"enemies":"2 Fungi Beasts","floor":15,"turns":3},{"damage":36,"enemies":"WA_ARCHETYPE_RETAIN","floor":16,"turns":5}],"seed_played":"3868003750240467630","potions_obtained":[{"floor":6,"key":"SkillPotion"},{"floor":10,"key":"AttackPotion"}],"is_trial":false,"path_per_floor":["R","M","M","?","$","E","T","R","$","M","R","?","M","E","M","B"],"character_chosen":"MARISA","items_purchased":[],"campfire_rested":0,"item_purchase_floors":[],"current_hp_per_floor":[68,68,68,68,68,53,53,53,52,52,52,52,52,41,32,0,0],"gold":159,"neow_bonus":"THREE_ENEMY_KILL","is_daily":false,"chose_seed":false,"campfire_upgraded":3,"win_rate":0.0,"timestamp":1611062133,"path_taken":["R","M","M","?","?","E","T","R","?","M","R","?","M","E","M","BOSS"],"items_purchased_type":[],"build_version":"2020-12-22","purchased_purges":1,"victory":false,"max_hp_per_floor":[75,75,75,75,75,75,75,75,75,75,75,75,75,75,75,75,75],"card_choices":[{"not_picked":["GrandCross","ManaConvection"],"picked":"MachineGunSpark","floor":2},{"not_picked":["IllusionStar","AsteroidBelt"],"picked":"RefractionSpark","floor":3},{"not_picked":["Acceleration","SporeBomb"],"picked":"MilkyWay","floor":5},{"not_picked":["ShootingEcho","WitchOfGreed"],"picked":"Acceleration","floor":6},{"not_picked":["ManaRampage","DoubleSpark"],"picked":"EventHorizon","floor":9},{"not_picked":["WitchOfGreed","ShootingEcho"],"picked":"BlazeAway","floor":10},{"not_picked":["Occultation","MeteoricShower"],"picked":"MagicAbsorber","floor":13},{"not_picked":["DarkSpark","StarDustReverie"],"picked":"PowerUp","floor":14},{"not_picked":["MysteriousBeam","DarkSpark"],"picked":"MilkyWay","floor":15}],"player_experience":373139,"relics_obtained":[{"floor":6,"key":"Thread and Needle"},{"floor":7,"key":"Dream Catcher"},{"floor":14,"key":"Kunai"}],"event_choices":[{"damage_healed":0,"gold_gain":0,"player_choice":"Leave","damage_taken":0,"max_hp_gain":0,"max_hp_loss":0,"event_name":"conspire:Investor","floor":12,"gold_loss":0}],"is_beta":false,"boss_relics":[],"items_purged_floors":[5],"is_endless":false,"potions_floor_spawned":[6,10],"killed_by":"WA_ARCHETYPE_RETAIN","ascension_level":9}}