{"host":"8a3jzv7qxg3y7b6t","time":1611046852,"event":{"mods":["BaseMod","Better Third Choice","Downfall","Hermit","Minty Spire (QoL Compilation)","Relic Stats","StSLib","The Bug Knight","The Cursed"],"gold_per_floor":[117,129,53,53,53,84,102,102,183,217,217,45,45,75,75,178,178,195,9,9,22,33,67,44,69,93,104,104,133,133,153,153,250,250,268,282,58,0,100,131,131,164,464,480,493,508,508,534,546,558,570,582,6,41,41],"floor_reached":56,"language":"ENG","playtime":3048,"items_purged":["Regret"],"score":1610,"play_id":"a941f486-9252-4056-a94e-6f9e2fd98de8","local_time":"20210119010052","is_ascension_mode":true,"campfire_choices":[{"floor":8,"key":"RECALL"},{"floor":11,"key":"REST"},{"floor":13,"key":"REST"},{"floor":15,"key":"REST"},{"floor":28,"key":"REST"},{"floor":32,"key":"REST"},{"floor":41,"key":"REST"},{"floor":47,"key":"REST"},{"data":"Buffer","floor":49,"key":"SMITH"},{"data":"Static Discharge","floor":52,"key":"SMITH"}],"circlet_count":0,"master_deck":["Strike_B","Strike_B","Strike_B","Strike_B","Defend_B","Defend_B","Defend_B","Defend_B","Zap","Dualcast","Sweeping Beam","Capacitor","Storm","Gash","Ball Lightning","Sunder","BootSequence","Biased Cognition","Loop","Lockon","Reinforced Body+1","Gash+1","Go for the Eyes","Go for the Eyes","Cold Snap","Stack","Buffer+1","Tempest","Echo Form","Gash+1","Conserve Battery","Defragment","Clumsy","Doubt","TheCursedMod:Dregs","Writhe","downfall:Aged","downfall:Bewildered","Rainbow","Rainbow","Static Discharge+1","Cold Snap+1","Conserve Battery+1","Redo+1","Consume","Storm","Panache"],"relics":["Cracked Core","Emotion Chip","Oddly Smooth Stone","Boot","Symbiotic Virus","Matryoshka","Potion Belt","MealTicket","SacredBark","Runic Capacitor","Bird Faced Urn","Bottled Tornado","Kunai","Dead Branch","Toy Ornithopter","Nuclear Battery","Juzu Bracelet","Red Mask","Darkstone Periapt","Bag of Preparation","Lizard Tail","Sundial","Old Coin","MawBank","ClockworkSouvenir","DataDisk","Vajra"],"acts_visited":["Exordium","TheCity","TheBeyond","TheEnding"],"potions_floor_usage":[6,6,10,10,16,16,16,21,23,23,25,27,33,33,36,50,55,55,55],"damage_taken":[{"damage":1,"enemies":"Cultist","floor":1,"turns":3},{"damage":7,"enemies":"Jaw Worm","floor":2,"turns":3},{"damage":17,"enemies":"3 Sentries","floor":6,"turns":5},{"damage":3,"enemies":"2 Louse","floor":7,"turns":2},{"damage":20,"enemies":"Lagavulin","floor":10,"turns":4},{"damage":27,"enemies":"3 Sentries","floor":14,"turns":4},{"damage":28,"enemies":"Hexaghost","floor":16,"turns":5},{"damage":14,"enemies":"Shell Parasite","floor":18,"turns":4},{"damage":5,"enemies":"Spheric Guardian","floor":21,"turns":3},{"damage":21,"enemies":"Snake Plant","floor":22,"turns":3},{"damage":35,"enemies":"Gremlin Leader","floor":23,"turns":5},{"damage":24,"enemies":"Slavers","floor":25,"turns":5},{"damage":16,"enemies":"3 Cultists","floor":27,"turns":4},{"damage":6,"enemies":"Book of Stabbing","floor":29,"turns":5},{"damage":5,"enemies":"Snecko","floor":31,"turns":5},{"damage":57,"enemies":"Collector","floor":33,"turns":6},{"damage":2,"enemies":"3 Shapes","floor":35,"turns":5},{"damage":38,"enemies":"3 Darklings","floor":36,"turns":3},{"damage":42,"enemies":"Reptomancer","floor":40,"turns":5},{"damage":4,"enemies":"HollowMod:StalkingDevout","floor":42,"turns":4},{"damage":24,"enemies":"Maw","floor":44,"turns":5},{"damage":0,"enemies":"4 Shapes","floor":45,"turns":6},{"damage":24,"enemies":"Writhing Mass","floor":46,"turns":4},{"damage":24,"enemies":"Giant Head","floor":48,"turns":7},{"damage":87,"enemies":"Awakened One","floor":50,"turns":10},{"damage":56,"enemies":"Shield and Spear","floor":54,"turns":5},{"damage":139,"enemies":"The Heart","floor":55,"turns":7}],"seed_played":"-8712095817102492524","potions_obtained":[{"floor":1,"key":"EntropicBrew"},{"floor":10,"key":"LiquidBronze"},{"floor":14,"key":"DistilledChaos"},{"floor":20,"key":"FairyPotion"},{"floor":20,"key":"Fruit Juice"},{"floor":20,"key":"LiquidBronze"},{"floor":21,"key":"SteroidPotion"},{"floor":25,"key":"AttackPotion"},{"floor":27,"key":"CultistPotion"},{"floor":31,"key":"EssenceOfSteel"},{"floor":35,"key":"hexamod:SoulburnPotion"},{"floor":36,"key":"Fruit Juice"},{"floor":42,"key":"BlessingOfTheForge"},{"floor":48,"key":"ColorlessPotion"},{"floor":54,"key":"Fire Potion"}],"is_trial":false,"path_per_floor":["M","M","$","?","?","E","M","R","T","E","R","$","R","E","R","B",null,"M","$","?","M","M","E","$","E","T","M","R","E","?","M","R","B",null,"M","M","$","?","?","E","R","E","T","M","M","M","R","E","R","B",null,"R","$","E","B",null],"character_chosen":"DEFECT","items_purchased":["Storm","PowerPotion","hexamod:SoulburnPotion","Runic Capacitor","Lockon","Go for the Eyes","Juzu Bracelet","Defragment","ClockworkSouvenir","DataDisk","Consume","Storm","Panache"],"campfire_rested":7,"item_purchase_floors":[3,12,12,19,19,24,37,37,53,53,53,53,53],"current_hp_per_floor":[67,60,60,48,48,31,28,28,28,8,28,28,48,21,41,13,68,54,68,68,73,52,17,32,12,12,2,25,25,25,26,49,12,78,76,55,70,70,111,79,117,123,123,108,122,108,129,109,109,49,129,129,129,79,78],"gold":41,"neow_bonus":"ONE_RARE_RELIC","is_daily":false,"chose_seed":false,"campfire_upgraded":2,"win_rate":0.0,"timestamp":1611046852,"path_taken":["M","M","$","?","?","E","M","R","T","E","R","$","R","E","R","BOSS","M","$","?","M","M","E","$","E","T","?","R","E","?","?","R","BOSS","M","M","$","?","?","E","R","E","T","M","M","M","R","E","R","BOSS","R","$","E","BOSS"],"items_purchased_type":["Card","Potion","Potion","Relic","Card","Card","Relic","Card","Relic","Relic","Card","Card","Card"],"build_version":"2020-12-22","purchased_purges":1,"victory":true,"max_hp_per_floor":[68,68,68,68,68,68,68,68,68,68,68,68,68,68,68,68,68,68,68,68,78,78,78,78,78,78,78,78,78,78,78,78,78,78,78,88,88,88,129,129,129,129,129,129,129,129,129,129,129,129,129,129,129,129,129],"relic_stats":{"Darkstone Periapt":36,"counters":[27,127],"Dead Branch":[47],"Juzu Bracelet":0,"Bag of Preparation":[16],"Boot":[100],"MawBank":60,"Emotion Chip":[240,174,18,36,12],"Lizard Tail":0,"Sundial":[0],"Bird Faced Urn":[135],"MealTicket":44,"Kunai":[13],"obtain_stats":[{"Darkstone Periapt":39,"SacredBark":17,"Vajra":54,"Runic Capacitor":19,"Juzu Bracelet":37,"Bag of Preparation":40,"Bottled Tornado":25,"Boot":5,"Old Coin":43,"ClockworkSouvenir":53,"Emotion Chip":0,"Lizard Tail":42,"Matryoshka":9,"Sundial":43,"MealTicket":14,"Red Mask":38,"Kunai":26,"Cracked Core":0,"Potion Belt":10,"Dead Branch":29,"Oddly Smooth Stone":4,"MawBank":48,"Nuclear Battery":34,"DataDisk":53,"Bird Faced Urn":23,"Symbiotic Virus":6,"Toy Ornithopter":30},{"Darkstone Periapt":18,"SacredBark":7,"Vajra":26,"Runic Capacitor":8,"Juzu Bracelet":18,"Bag of Preparation":19,"Bottled Tornado":12,"Boot":2,"Old Coin":20,"ClockworkSouvenir":25,"Emotion Chip":0,"Lizard Tail":20,"Matryoshka":4,"Sundial":20,"MealTicket":6,"Red Mask":18,"Kunai":12,"Cracked Core":0,"Potion Belt":5,"Dead Branch":14,"Oddly Smooth Stone":2,"MawBank":24,"Nuclear Battery":16,"DataDisk":25,"Bird Faced Urn":11,"Symbiotic Virus":3,"Toy Ornithopter":14},{"Darkstone Periapt":74,"SacredBark":26,"Vajra":120,"Runic Capacitor":30,"Juzu Bracelet":74,"Bag of Preparation":79,"Bottled Tornado":46,"Boot":6,"Old Coin":83,"ClockworkSouvenir":115,"Emotion Chip":0,"Lizard Tail":83,"Matryoshka":13,"Sundial":83,"MealTicket":21,"Red Mask":74,"Kunai":46,"Cracked Core":0,"Potion Belt":17,"Dead Branch":55,"Oddly Smooth Stone":6,"MawBank":105,"Nuclear Battery":66,"DataDisk":115,"Bird Faced Urn":41,"Symbiotic Virus":11,"Toy Ornithopter":55}],"Toy Ornithopter":35},"card_choices":[{"not_picked":["Stack","Beam Cell"],"picked":"Sweeping Beam","floor":1},{"not_picked":["Conserve Battery","Streamline"],"picked":"Capacitor","floor":2},{"not_picked":["Recycle","Barrage"],"picked":"Gash","floor":6},{"not_picked":["Stack","Barrage"],"picked":"Ball Lightning","floor":7},{"not_picked":["Turbo","Rip and Tear"],"picked":"Sunder","floor":10},{"not_picked":["Skim","Streamline"],"picked":"BootSequence","floor":14},{"not_picked":["Core Surge","Amplify"],"picked":"Biased Cognition","floor":16},{"not_picked":["Rebound","Stack"],"picked":"Loop","floor":18},{"not_picked":["Sunder","Barrage"],"picked":"Reinforced Body+1","floor":21},{"not_picked":["Redo","Reprogram"],"picked":"Gash+1","floor":22},{"not_picked":["Hologram","Tempest"],"picked":"Go for the Eyes","floor":23},{"not_picked":["Rip and Tear+1","Doom and Gloom"],"picked":"Cold Snap","floor":25},{"not_picked":["Undo","Darkness+1"],"picked":"Stack","floor":27},{"not_picked":["Skim","Steam Power"],"picked":"Buffer","floor":29},{"not_picked":["Leap","Chaos"],"picked":"Tempest","floor":31},{"not_picked":["Multi-Cast","Thunder Strike"],"picked":"Echo Form","floor":33},{"not_picked":["Lockon+1","Chaos"],"picked":"Gash+1","floor":35},{"not_picked":["Turbo","Hologram"],"picked":"Conserve Battery","floor":36},{"not_picked":["Darkness+1","Glacier+1"],"picked":"Rainbow","floor":40},{"not_picked":["Go for the Eyes","Tempest+1"],"picked":"Static Discharge","floor":42},{"not_picked":["Go for the Eyes","Gash"],"picked":"Cold Snap+1","floor":44},{"not_picked":["Sweeping Beam","Cold Snap"],"picked":"Conserve Battery+1","floor":45},{"not_picked":["Streamline+1","Conserve Battery"],"picked":"Redo+1","floor":46},{"not_picked":["Beam Cell+1","Coolheaded+1","Steam+1"],"picked":"SKIP","floor":48},{"not_picked":["Coolheaded","Scrape+1","Sweeping Beam+1"],"picked":"SKIP","floor":54}],"player_experience":617667,"relics_obtained":[{"floor":6,"key":"Symbiotic Virus"},{"floor":9,"key":"Matryoshka"},{"floor":10,"key":"Potion Belt"},{"floor":14,"key":"MealTicket"},{"floor":23,"key":"Bird Faced Urn"},{"floor":25,"key":"Bottled Tornado"},{"floor":26,"key":"Kunai"},{"floor":29,"key":"Dead Branch"},{"floor":30,"key":"Toy Ornithopter"},{"floor":40,"key":"Bag of Preparation"},{"floor":42,"key":"Lizard Tail"},{"floor":43,"key":"Sundial"},{"floor":43,"key":"Old Coin"},{"floor":48,"key":"MawBank"},{"floor":54,"key":"Vajra"}],"event_choices":[{"damage_healed":0,"gold_gain":0,"player_choice":"Relic ","damage_taken":12,"max_hp_gain":0,"max_hp_loss":0,"event_name":"betterThird:BetterScrap","floor":4,"gold_loss":0,"cards_obtained":["Predator"]},{"damage_healed":0,"gold_gain":0,"player_choice":"Box","damage_taken":0,"relics_obtained":["Boot"],"max_hp_gain":0,"max_hp_loss":0,"event_name":"Big Fish","floor":5,"gold_loss":0,"cards_obtained":["Regret"]},{"damage_healed":0,"gold_gain":0,"player_choice":"Got Potions","damage_taken":0,"max_hp_gain":0,"max_hp_loss":0,"event_name":"Lab","floor":20,"gold_loss":0},{"damage_healed":0,"gold_gain":0,"player_choice":"Relic","damage_taken":0,"max_hp_gain":0,"max_hp_loss":0,"event_name":"Wheel of Change","floor":30,"gold_loss":0},{"damage_healed":0,"gold_gain":0,"player_choice":"Paid","damage_taken":0,"relics_obtained":["Red Mask"],"max_hp_gain":0,"max_hp_loss":0,"event_name":"Tomb of Lord Red Mask","floor":38,"gold_loss":58}],"is_beta":false,"boss_relics":[{"not_picked":["Pandora\u0027s Box","Fusion Hammer"],"picked":"SacredBark"},{"not_picked":["Runic Pyramid","Velvet Choker"],"picked":"Nuclear Battery"}],"items_purged_floors":[12],"is_endless":false,"potions_floor_spawned":[1,10,14,21,25,27,31,35,36,42,48,54],"ascension_level":2}}