{"host":"q387i5o1hp66091u","time":1611045525,"event":{"mods":["2.2 Compatiblity","BaseMod","Minty Spire (QoL Compilation)","Rare Cards Sparkle"],"gold_per_floor":[117,127,142,154,154,181,181,208,208,225,225,225,125,139,139,139,139],"floor_reached":16,"language":"JPN","playtime":740,"items_purged":["Writhe"],"score":140,"play_id":"20a6e1ef-a071-4748-a92b-fd2b17a2df81","local_time":"20210119173845","is_ascension_mode":true,"campfire_choices":[{"floor":7,"key":"REST"},{"floor":11,"key":"REST"},{"floor":15,"key":"REST"}],"circlet_count":0,"master_deck":["Strike_R","Strike_R","Strike_R","Strike_R","Strike_R","Defend_R","Defend_R","Defend_R","Defend_R","Bash","Impervious","Pommel Strike","Twin Strike","Sword Boomerang","Dropkick","Combust","Power Through","Armaments","Iron Wave","True Grit","Thunderclap","Rampage"],"relics":["Burning Blood","Anchor","MealTicket","Dream Catcher"],"acts_visited":["Exordium"],"potions_floor_usage":[],"damage_taken":[{"damage":2,"enemies":"2 Louse","floor":1,"turns":4},{"damage":0,"enemies":"Small Slimes","floor":2,"turns":3},{"damage":0,"enemies":"Jaw Worm","floor":3,"turns":3},{"damage":13,"enemies":"Red Slaver","floor":4,"turns":5},{"damage":63,"enemies":"3 Sentries","floor":6,"turns":11},{"damage":43,"enemies":"Lagavulin","floor":8,"turns":8},{"damage":6,"enemies":"Looter","floor":10,"turns":3},{"damage":0,"enemies":"Blue Slaver","floor":14,"turns":3},{"damage":87,"enemies":"The Guardian","floor":16,"turns":16}],"seed_played":"4754079013431212067","potions_obtained":[{"floor":1,"key":"ElixirPotion"},{"floor":6,"key":"LiquidBronze"},{"floor":14,"key":"Regen Potion"}],"is_trial":false,"path_per_floor":["M","M","M","M","?","E","R","E","T","M","R","?","$","M","R","B"],"character_chosen":"IRONCLAD","items_purchased":["True Grit"],"campfire_rested":3,"item_purchase_floors":[13],"current_hp_per_floor":[80,80,80,73,78,21,46,9,9,9,34,34,49,55,80,0,0],"gold":139,"neow_bonus":"THREE_RARE_CARDS","is_daily":false,"chose_seed":false,"campfire_upgraded":0,"win_rate":0.0,"timestamp":1611045525,"path_taken":["M","M","M","M","?","E","R","E","T","M","R","?","$","M","R","BOSS"],"items_purchased_type":["Card"],"build_version":"2020-12-22","purchased_purges":1,"victory":false,"max_hp_per_floor":[80,80,80,80,85,85,85,85,85,85,85,85,85,85,85,85,85],"card_choices":[{"not_picked":["Exhume","Brutality"],"picked":"Impervious","floor":0},{"not_picked":["Cleave","Warcry"],"picked":"Pommel Strike","floor":1},{"not_picked":["Inflame","Sword Boomerang"],"picked":"Twin Strike","floor":2},{"not_picked":["Havoc","Clash"],"picked":"Sword Boomerang","floor":3},{"not_picked":["Burning Pact","Havoc"],"picked":"Dropkick","floor":4},{"not_picked":["Whirlwind","Havoc"],"picked":"Combust","floor":6},{"not_picked":["Perfected Strike","Iron Wave"],"picked":"Power Through","floor":8},{"not_picked":["Battle Trance","Havoc"],"picked":"Armaments","floor":10},{"not_picked":["Disarm","Berserk"],"picked":"Iron Wave","floor":11},{"not_picked":["Second Wind","Hemokinesis"],"picked":"Thunderclap","floor":14},{"not_picked":["Cleave","Warcry"],"picked":"Rampage","floor":15}],"player_experience":598948,"relics_obtained":[{"floor":6,"key":"Anchor"},{"floor":8,"key":"MealTicket"},{"floor":9,"key":"Dream Catcher"}],"event_choices":[{"damage_healed":0,"gold_gain":0,"player_choice":"Donut","damage_taken":0,"max_hp_gain":5,"max_hp_loss":0,"event_name":"Big Fish","floor":5,"gold_loss":0},{"damage_healed":0,"gold_gain":0,"player_choice":"Fled","damage_taken":0,"max_hp_gain":0,"max_hp_loss":0,"event_name":"Scrap Ooze","floor":12,"gold_loss":0}],"is_beta":false,"boss_relics":[],"items_purged_floors":[13],"is_endless":false,"potions_floor_spawned":[1,6,14],"killed_by":"The Guardian","ascension_level":5}}