{"host":"sc0o2qwpf9j16a4i","time":1611093105,"event":{"mods":["AchievementEnabler","BaseMod","BetterRewards","Block Reminder","Colored Map","Colored Powertips","Custom Start","Highlight Path","Minty Spire (QoL Compilation)","Relic Stats"],"gold_per_floor":[109,109,109,119,119,119,140,140,165,165,181,225,3,39,39,133,133,151,151,151,151,151,151,185,185,210,243,243,9,28,49,49,147,147,160,160,35,56,74,117,117,158,158,194,206,218,264,301,313,325,337,349,361,31,62,62,62],"floor_reached":56,"language":"ENG","playtime":1912,"items_purged":["Strike_R","Strike_R","Clumsy"],"score":2839,"play_id":"2bb151d3-09a7-41e3-bad7-37e012d50f90","local_time":"20210119235145","is_ascension_mode":true,"campfire_choices":[{"floor":6.0,"key":"REST"},{"floor":8.0,"key":"REST"},{"data":"Bash","floor":10.0,"key":"SMITH"},{"data":"Demon Form","floor":15.0,"key":"SMITH"},{"data":"Ghostly","floor":23.0,"key":"SMITH"},{"data":"Ghostly","floor":25.0,"key":"SMITH"},{"data":"Ghostly","floor":28.0,"key":"SMITH"},{"data":"Feel No Pain","floor":32.0,"key":"SMITH"},{"floor":41.0,"key":"RECALL"},{"data":"True Grit","floor":45.0,"key":"SMITH"},{"data":"Spot Weakness","floor":49.0,"key":"SMITH"},{"data":"Disarm","floor":53.0,"key":"SMITH"}],"circlet_count":0,"master_deck":["AscendersBane","Strike_R+1","Defend_R","Defend_R","Defend_R","Defend_R","Bash+1","Inflame+1","Feel No Pain+1","Reaper","Exhume","Second Wind+1","Body Slam","Headbutt","Wild Strike","Demon Form+1","Clothesline","Disarm","Thunderclap","Whirlwind","Exhume","Spot Weakness+1","RitualDagger","Ghostly+1","Ghostly+1","Ghostly+1","Berserk","Anger","Dual Wield+1","Shockwave+1","Disarm+1","True Grit+1","Entrench+1","Corruption","Second Wind+1","Armaments+1","Shrug It Off","Disarm","Flame Barrier","Burning Pact+1","Feel No Pain+1","Apotheosis","True Grit+1"],"relics":["Burning Blood","Orichalcum","HornCleat","Dream Catcher","OrangePellets","Question Card","PreservedInsect","Mummified Hand","Medical Kit","Centennial Puzzle","Paper Frog","Juzu Bracelet","Charon\u0027s Ashes","Golden Idol","Pen Nib","Bottled Flame","Whetstone","Pear","Cursed Key","Meat on the Bone","Molten Egg 2","SlaversCollar","Regal Pillow","Bag of Marbles","Happy Flower","MawBank","Akabeko","Lee\u0027s Waffle","Bottled Lightning"],"acts_visited":["Exordium","TheCity","TheBeyond","TheEnding"],"potions_floor_usage":[],"damage_taken":[{"damage":3.0,"enemies":"Jaw Worm","floor":1.0,"turns":4.0},{"damage":5.0,"enemies":"Cultist","floor":4.0,"turns":4.0},{"damage":0.0,"enemies":"Small Slimes","floor":7.0,"turns":3.0},{"damage":2.0,"enemies":"Looter","floor":11.0,"turns":3.0},{"damage":4.0,"enemies":"3 Sentries","floor":12.0,"turns":3.0},{"damage":8.0,"enemies":"Lagavulin","floor":14.0,"turns":7.0},{"damage":0.0,"enemies":"Slime Boss","floor":16.0,"turns":4.0},{"damage":0.0,"enemies":"3 Byrds","floor":18.0,"turns":3.0},{"damage":14.0,"enemies":"Slavers","floor":24.0,"turns":5.0},{"damage":17.0,"enemies":"Gremlin Leader","floor":27.0,"turns":7.0},{"damage":0.0,"enemies":"Spheric Guardian","floor":30.0,"turns":4.0},{"damage":0.0,"enemies":"Cultist and Chosen","floor":31.0,"turns":5.0},{"damage":53.0,"enemies":"Automaton","floor":33.0,"turns":8.0},{"damage":2.0,"enemies":"Orb Walker","floor":35.0,"turns":2.0},{"damage":25.0,"enemies":"3 Darklings","floor":38.0,"turns":8.0},{"damage":7.0,"enemies":"Jaw Worm Horde","floor":39.0,"turns":6.0},{"damage":9.0,"enemies":"Nemesis","floor":40.0,"turns":5.0},{"damage":0.0,"enemies":"Giant Head","floor":42.0,"turns":7.0},{"damage":30.0,"enemies":"Nemesis","floor":44.0,"turns":5.0},{"damage":0.0,"enemies":"Reptomancer","floor":47.0,"turns":3.0},{"damage":0.0,"enemies":"Maw","floor":48.0,"turns":8.0},{"damage":30.0,"enemies":"Time Eater","floor":50.0,"turns":10.0},{"damage":29.0,"enemies":"Awakened One","floor":51.0,"turns":11.0},{"damage":0.0,"enemies":"Shield and Spear","floor":55.0,"turns":8.0},{"damage":109,"enemies":"The Heart","floor":56,"turns":6}],"seed_played":"5435317430941171419","potions_obtained":[{"floor":1.0,"key":"SpeedPotion"},{"floor":4.0,"key":"Block Potion"},{"floor":14.0,"key":"AttackPotion"},{"floor":16.0,"key":"Dexterity Potion"},{"floor":33.0,"key":"ColorlessPotion"},{"floor":39.0,"key":"AttackPotion"},{"floor":40.0,"key":"FairyPotion"},{"floor":44.0,"key":"BlessingOfTheForge"}],"is_trial":false,"path_per_floor":["M","?","?","M","?","R","M","R","T","R","M","E","$","E","R","B",null,"M","?","?","?","?","R","E","R","T","E","R","$","M","M","R","B",null,"M","?","$","M","M","E","R","E","T","E","R","?","E","M","R","B","B",null,"R","$","E","B"],"character_chosen":"IRONCLAD","items_purchased":["Orichalcum","Inflame","HornCleat","Dream Catcher","Feel No Pain","OrangePellets","Question Card","PreservedInsect","Reaper","Mummified Hand","Medical Kit","Centennial Puzzle","Paper Frog","Exhume","Juzu Bracelet","Charon\u0027s Ashes","Second Wind","Body Slam","Whetstone","Thunderclap","Disarm","True Grit","Apotheosis","Lee\u0027s Waffle"],"campfire_rested":2,"item_purchase_floors":[0,0,0,0,0,0,0,0,0,0,0,0,0,0,0,0,0,0,13,13,29,29,54,54],"current_hp_per_floor":[32,32,9,21,21,41,47,67,67,67,68,68,68,78,78,78,78,78,72,72,39,39,39,31,31,31,39,39,39,39,39,39,26,36,39,39,39,32,39,39,39,39,39,27,27,27,33,39,39,27,23,35,35,46,46,0,0],"gold":62,"neow_bonus":"","is_daily":false,"chose_seed":false,"campfire_upgraded":9,"win_rate":0.0,"timestamp":1611093105,"path_taken":["M","?","?","M","?","R","M","R","T","R","M","E","?","E","R","BOSS","M","?","?","?","?","R","E","R","T","E","R","$","M","M","R","BOSS","M","?","$","M","M","E","R","E","T","E","R","?","E","M","R","BOSS","BOSS","R","$","E","BOSS"],"items_purchased_type":["Relic","Card","Relic","Relic","Card","Relic","Relic","Relic","Card","Relic","Relic","Relic","Relic","Card","Relic","Relic","Card","Card","Relic","Card","Card","Card","Card","Relic"],"build_version":"2020-12-22","purchased_purges":3,"victory":false,"max_hp_per_floor":[75,75,75,75,68,68,68,68,68,68,68,68,68,78,78,78,78,78,78,78,39,39,39,39,39,39,39,39,39,39,39,39,39,39,39,39,39,39,39,39,39,39,39,39,39,39,39,39,39,39,39,39,39,46,46,46,46],"relic_stats":{"Regal Pillow":0,"Lee\u0027s Waffle":11,"Happy Flower":[70],"counters":[229,1305],"Golden Idol":183,"PreservedInsect":1631,"Charon\u0027s Ashes":[688],"Pen Nib":[60],"Juzu Bracelet":2,"Whetstone":["Bash","Clothesline","Uppercut","Strike_R","Strike_R","Strike_R"],"Orichalcum":[312],"Question Card":25,"Medical Kit":[109],"Cursed Key":3,"MawBank":228,"Burning Blood":946,"OrangePellets":[9],"Dream Catcher":2,"Centennial Puzzle":[148],"Mummified Hand":[82],"obtain_stats":[{"Ice Cream":9,"Tiny House":0,"Gremlin Horn":0,"Nilry\u0027s Codex":19,"CeramicFish":23,"Vajra":27,"Whetstone":26,"Ginger":44,"Bottled Tornado":53,"Sling":0,"Blood Vial":24,"Centennial Puzzle":8,"HornCleat":0,"DollysMirror":20,"Sundial":7,"Strawberry":0,"MealTicket":40,"Fusion Hammer":17,"Kunai":0,"Pear":14,"Happy Flower":0,"Blue Candle":0,"Dead Branch":47,"Velvet Choker":17,"Oddly Smooth Stone":0,"Eternal Feather":12,"Charon\u0027s Ashes":10,"Pen Nib":31,"Letter Opener":0,"War Paint":30,"Question Card":0,"Akabeko":17,"OrangePellets":0,"SlaversCollar":17,"Bottled Flame":24,"Shuriken":7,"Bronze Scales":12,"Snecko Eye":17,"Molten Egg 2":0,"Mark of Pain":34,"CultistMask":2,"Nloth\u0027s Gift":31,"Unceasing Top":54,"Meat on the Bone":24,"Lantern":32,"Regal Pillow":9,"Singing Bowl":25,"Torii":30,"Magic Flower":7,"Bag of Preparation":0,"Incense Burner":48,"Juzu Bracelet":0,"Cursed Key":17,"Ancient Tea Set":24,"Smiling Mask":12,"Burning Blood":0,"ClockworkSouvenir":54,"Frozen Eye":0,"Nunchaku":7,"Dream Catcher":44,"Shovel":3,"Mummified Hand":22,"Gambling Chip":9,"Tiny Chest":23,"Red Mask":19,"Chemical X":0,"Red Skull":7,"InkBottle":9,"Runic Pyramid":34,"Paper Frog":17,"Potion Belt":0,"Lee\u0027s Waffle":0,"Self Forming Clay":9,"Golden Idol":4,"PreservedInsect":0,"Omamori":0,"Orichalcum":0,"Medical Kit":54,"MawBank":29,"Calling Bell":17,"Strange Spoon":30,"Anchor":6,"CaptainsWheel":28,"Ornamental Fan":0,"Turnip":54,"Bag of Marbles":14,"Art of War":3,"Membership Card":22,"Champion Belt":14,"Bottled Lightning":55,"Toy Ornithopter":0,"FossilizedHelix":55},{"Ice Cream":15,"Tiny House":0,"Gremlin Horn":64,"Nilry\u0027s Codex":20,"CeramicFish":116,"Vajra":159,"Whetstone":47,"Ginger":57,"Bottled Tornado":101,"Sling":103,"Blood Vial":47,"Centennial Puzzle":4,"HornCleat":204,"DollysMirror":10,"Sundial":80,"Strawberry":64,"MealTicket":55,"Fusion Hammer":43,"Kunai":174,"Pear":210,"Happy Flower":103,"Blue Candle":64,"Dead Branch":98,"Velvet Choker":8,"Oddly Smooth Stone":103,"Eternal Feather":6,"Charon\u0027s Ashes":81,"Pen Nib":119,"Letter Opener":64,"War Paint":49,"Question Card":64,"Akabeko":112,"OrangePellets":64,"SlaversCollar":72,"Bottled Flame":87,"Shuriken":148,"Bronze Scales":16,"Snecko Eye":154,"Molten Egg 2":32,"Mark of Pain":28,"CultistMask":77,"Nloth\u0027s Gift":90,"Unceasing Top":101,"Meat on the Bone":213,"Lantern":27,"Regal Pillow":180,"Singing Bowl":23,"Torii":49,"Magic Flower":14,"Bag of Preparation":32,"Incense Burner":141,"Juzu Bracelet":204,"Cursed Key":19,"Ancient Tea Set":22,"Smiling Mask":182,"Burning Blood":0,"ClockworkSouvenir":63,"Frozen Eye":76,"Nunchaku":69,"Dream Catcher":167,"Shovel":13,"Mummified Hand":115,"Gambling Chip":124,"Tiny Chest":22,"Red Mask":10,"Chemical X":11,"Red Skull":37,"InkBottle":38,"Runic Pyramid":51,"Paper Frog":112,"Potion Belt":64,"Lee\u0027s Waffle":145,"Self Forming Clay":4,"Golden Idol":13,"PreservedInsect":103,"Omamori":32,"Orichalcum":174,"Medical Kit":101,"MawBank":159,"Calling Bell":112,"Strange Spoon":49,"Anchor":3,"CaptainsWheel":24,"Ornamental Fan":145,"Turnip":172,"Bag of Marbles":18,"Art of War":34,"Membership Card":21,"Champion Belt":83,"Bottled Lightning":228,"Toy Ornithopter":103,"FossilizedHelix":203},{"Ice Cream":72,"Tiny House":0,"Gremlin Horn":344,"Nilry\u0027s Codex":93,"CeramicFish":645,"Vajra":917,"Whetstone":192,"Ginger":276,"Bottled Tornado":558,"Sling":574,"Blood Vial":192,"Centennial Puzzle":12,"HornCleat":1166,"DollysMirror":54,"Sundial":427,"Strawberry":344,"MealTicket":258,"Fusion Hammer":179,"Kunai":975,"Pear":1190,"Happy Flower":574,"Blue Candle":344,"Dead Branch":528,"Velvet Choker":41,"Oddly Smooth Stone":574,"Eternal Feather":21,"Charon\u0027s Ashes":429,"Pen Nib":664,"Letter Opener":344,"War Paint":201,"Question Card":344,"Akabeko":620,"OrangePellets":344,"SlaversCollar":392,"Bottled Flame":457,"Shuriken":898,"Bronze Scales":76,"Snecko Eye":910,"Molten Egg 2":147,"Mark of Pain":125,"CultistMask":413,"Nloth\u0027s Gift":472,"Unceasing Top":558,"Meat on the Bone":1202,"Lantern":116,"Regal Pillow":991,"Singing Bowl":102,"Torii":201,"Magic Flower":69,"Bag of Preparation":147,"Incense Burner":836,"Juzu Bracelet":1166,"Cursed Key":89,"Ancient Tea Set":97,"Smiling Mask":1002,"Burning Blood":0,"ClockworkSouvenir":333,"Frozen Eye":410,"Nunchaku":363,"Dream Catcher":941,"Shovel":63,"Mummified Hand":639,"Gambling Chip":704,"Tiny Chest":97,"Red Mask":54,"Chemical X":59,"Red Skull":162,"InkBottle":165,"Runic Pyramid":225,"Paper Frog":620,"Potion Belt":344,"Lee\u0027s Waffle":893,"Self Forming Clay":12,"Golden Idol":63,"PreservedInsect":574,"Omamori":147,"Orichalcum":975,"Medical Kit":558,"MawBank":917,"Calling Bell":620,"Strange Spoon":201,"Anchor":9,"CaptainsWheel":107,"Ornamental Fan":893,"Turnip":965,"Bag of Marbles":84,"Art of War":153,"Membership Card":95,"Champion Belt":438,"Bottled Lightning":1299,"Toy Ornithopter":574,"FossilizedHelix":1154}],"Meat on the Bone":60},"card_choices":[{"not_picked":["Sentinel","Warcry","Body Slam"],"picked":"Headbutt","floor":1.0},{"not_picked":["True Grit","Flame Barrier","Infernal Blade"],"picked":"Wild Strike","floor":4.0},{"not_picked":["Clash","Body Slam","Rampage"],"picked":"Demon Form","floor":6.0},{"not_picked":["Havoc","Flex","Iron Wave"],"picked":"Clothesline","floor":7.0},{"not_picked":["Evolve","Berserk","Wild Strike"],"picked":"Disarm","floor":11.0},{"not_picked":["Iron Wave","Reckless Charge","Wild Strike","Hemokinesis"],"picked":"SKIP","floor":12.0},{"not_picked":["Anger","Reckless Charge","Body Slam"],"picked":"Whirlwind","floor":14.0},{"not_picked":["Juggernaut","Fiend Fire","Bludgeon"],"picked":"Exhume","floor":16.0},{"not_picked":["Flex","Thunderclap+1","Metallicize"],"picked":"Spot Weakness","floor":18.0},{"not_picked":["Wild Strike+1","Sword Boomerang","Iron Wave"],"picked":"Dual Wield","floor":24.0},{"not_picked":["Reckless Charge+1","Perfected Strike+1","Disarm+1"],"picked":"Shockwave+1","floor":27.0},{"not_picked":["Flex","Iron Wave+1","Evolve"],"picked":"Entrench+1","floor":30.0},{"not_picked":["Anger+1","Wild Strike+1","Fire Breathing","Intimidate"],"picked":"SKIP","floor":31.0},{"not_picked":["Exhume","Bludgeon+1","Double Tap"],"picked":"Corruption","floor":33.0},{"not_picked":["Thunderclap+1","Body Slam+1","Perfected Strike+1"],"picked":"Second Wind+1","floor":35.0},{"not_picked":["Battle Trance+1","Clothesline+1","Spot Weakness"],"picked":"Armaments+1","floor":38.0},{"not_picked":["Intimidate","Havoc","Armaments"],"picked":"Shrug It Off","floor":39.0},{"not_picked":["Demon Form","Clothesline+1","Rupture"],"picked":"Disarm","floor":40.0},{"not_picked":["Rupture","Whirlwind+1","Bloodletting"],"picked":"Flame Barrier","floor":42.0},{"not_picked":["Clothesline+1","Wild Strike+1","Flex"],"picked":"Burning Pact+1","floor":44.0},{"not_picked":["Clothesline+1","Searing Blow+1","Wild Strike+1","Pommel Strike+1"],"picked":"SKIP","floor":47.0},{"not_picked":["Exhume","Fire Breathing","Clash+1"],"picked":"Feel No Pain+1","floor":48.0},{"not_picked":["Evolve","Iron Wave+1","Wild Strike+1"],"picked":"True Grit+1","floor":55}],"player_experience":774819,"relics_obtained":[{"floor":9.0,"key":"Pen Nib"},{"floor":12.0,"key":"Bottled Flame"},{"floor":14.0,"key":"Pear"},{"floor":24.0,"key":"Meat on the Bone"},{"floor":27.0,"key":"Molten Egg 2"},{"floor":40.0,"key":"Bag of Marbles"},{"floor":42.0,"key":"Happy Flower"},{"floor":44.0,"key":"MawBank"},{"floor":47.0,"key":"Akabeko"},{"floor":55,"key":"Bottled Lightning"}],"event_choices":[{"damage_healed":0.0,"max_hp_gain":0.0,"max_hp_loss":0.0,"gold_gain":0.0,"event_name":"Upgrade Shrine","player_choice":"Upgraded","floor":2.0,"gold_loss":0.0,"damage_taken":0.0,"cards_upgraded":["Inflame"]},{"damage_healed":0.0,"max_hp_gain":0.0,"max_hp_loss":0.0,"gold_gain":0.0,"event_name":"Shining Light","player_choice":"Entered Light","floor":3.0,"gold_loss":0.0,"damage_taken":23.0,"cards_upgraded":["Strike_R","Second Wind"]},{"damage_healed":0.0,"max_hp_gain":0.0,"max_hp_loss":7.0,"gold_gain":0.0,"event_name":"Golden Idol","player_choice":"Lose Max HP","floor":5.0,"gold_loss":0.0,"damage_taken":0.0,"relics_obtained":["Golden Idol"]},{"damage_healed":0.0,"max_hp_gain":0.0,"max_hp_loss":0.0,"gold_gain":0.0,"event_name":"Nest","player_choice":"Joined the Cult","floor":19.0,"gold_loss":0.0,"damage_taken":6.0,"cards_obtained":["RitualDagger"]},{"damage_healed":0.0,"max_hp_gain":0.0,"max_hp_loss":0.0,"gold_gain":0.0,"event_name":"Vampires","player_choice":"Ignored","floor":20.0,"gold_loss":0.0,"damage_taken":0.0},{"damage_healed":0.0,"max_hp_gain":0.0,"max_hp_loss":39.0,"gold_gain":0.0,"event_name":"Ghosts","player_choice":"Became a Ghost","floor":21.0,"gold_loss":0.0,"damage_taken":0.0,"cards_obtained":["Ghostly","Ghostly","Ghostly"]},{"damage_healed":0.0,"max_hp_gain":0.0,"max_hp_loss":0.0,"gold_gain":0.0,"cards_transformed":["Strike_R","Strike_R"],"event_name":"Drug Dealer","player_choice":"Became Test Subject","floor":22.0,"gold_loss":0.0,"damage_taken":0.0,"cards_obtained":["Berserk","Anger"]},{"damage_healed":0.0,"max_hp_gain":0.0,"max_hp_loss":0.0,"gold_gain":0.0,"event_name":"WeMeetAgain","player_choice":"Gave Potion","floor":36.0,"gold_loss":0.0,"damage_taken":0.0,"relics_obtained":["Regal Pillow"]},{"damage_healed":0.0,"max_hp_gain":0.0,"max_hp_loss":0.0,"gold_gain":0.0,"event_name":"Accursed Blacksmith","player_choice":"Forge","floor":46.0,"gold_loss":0.0,"damage_taken":0.0,"cards_upgraded":["Dual Wield"]}],"is_beta":false,"boss_relics":[{"not_picked":["Runic Cube","Ectoplasm"],"picked":"Cursed Key"},{"not_picked":["Fusion Hammer","Runic Dome"],"picked":"SlaversCollar"}],"items_purged_floors":[0,29,37],"is_endless":false,"potions_floor_spawned":[1,4,14,16,27,30,33,35,39,40,44],"killed_by":"The Heart","ascension_level":20}}