{"host":"6cobn2zu43e930v9","time":1611053387,"event":{"mods":["BaseMod","Colored Map","Hubris","Marisa（F雨　魔理沙）","Minty Spire (QoL Compilation)","MostiFishMod","Remilia（蕾米莉亚）","Replay The Spire","RumiaBox-露米娅的神秘盒子","Shop Mod","StSLib","SuperFastMode","TestMod","Waifu the Spire","[IsaacMod]以撒尖塔"],"gold_per_floor":[113,169,184,202,220,246,246,256,338,369,382,407,421,450,450,553,553,553,573,883,460,460,460,460,460],"floor_reached":24,"language":"ZHS","playtime":694,"items_purged":["Strike_R","Strike_R"],"score":475,"play_id":"b27ac769-3fc2-4a26-9eda-d361ad78a3ee","local_time":"20210119184947","daily_mods":["Heirloom","DeadlyEvents"],"is_ascension_mode":true,"campfire_choices":[{"data":"Heavy Blade","floor":7,"key":"SMITH"},{"data":"MostiFishMod:HellRitual","floor":23,"key":"SMITH"}],"circlet_count":0,"master_deck":["Strike_R","Strike_R+1","Strike_R","Defend_R","Defend_R","Defend_R","Defend_R+1","Bash","Disarm","Clash","Heavy Blade+1","MostiFishMod:#F4004","Flex","Heavy Blade","Limit Break","MostiFishMod:HellRitual+1","Whirlwind+1"],"relics":["Burning Blood","DaveBox","testmod-TestBox","HushsDoor","Civilization","testmod-IndustrialRevolution","GuppysTail","Magic Flower","SynthV:TestCard","hubris:SphereOfDissonance","BookOfRevelations","ReplayTheSpireMod:Spearhead","GodSword3","hubris:Towel","testmod-CardMagician","Damocles","Replay:Bottled Steam","Centennial Puzzle","MerchantsRug","Shuriken"],"acts_visited":["Exordium","TheCity"],"potions_floor_usage":[],"damage_taken":[{"damage":1,"enemies":"Jaw Worm","floor":1,"turns":3},{"damage":0,"enemies":"Cultist","floor":3,"turns":3},{"damage":0,"enemies":"2 Louse","floor":4,"turns":2},{"damage":12,"enemies":"Exordium Wildlife","floor":5,"turns":5},{"damage":12,"enemies":"Gremlin Nob","floor":6,"turns":3},{"damage":6,"enemies":"Large Slime","floor":8,"turns":4},{"damage":0,"enemies":"Lagavulin","floor":10,"turns":2},{"damage":0,"enemies":"2 Fungi Beasts","floor":11,"turns":2},{"damage":3,"enemies":"3 Sentries","floor":12,"turns":5},{"damage":5,"enemies":"Lots of Slimes","floor":13,"turns":2},{"damage":0,"enemies":"Lagavulin","floor":14,"turns":2},{"damage":25,"enemies":"The Guardian","floor":16,"turns":5},{"damage":0,"enemies":"Chosen","floor":18,"turns":2},{"damage":0,"enemies":"3 Byrds","floor":19,"turns":2},{"damage":0,"enemies":"Centurion and Healer","floor":20,"turns":2},{"damage":4,"enemies":"Book of Stabbing","floor":24,"turns":1}],"seed_played":"-6832665124538162511","potions_obtained":[{"floor":3,"key":"Regen Potion"},{"floor":5,"key":"Reflective Coating"},{"floor":11,"key":"FearPotion"},{"floor":13,"key":"PowerPotion"},{"floor":14,"key":"Adrenaline Potion"}],"is_trial":true,"path_per_floor":["M","?","M","M","M","E","R","M","T","E","M","E","M","E","R_BF","B",null,"M","M","M","$","?","R","E"],"character_chosen":"IRONCLAD","items_purchased":["MostiFishMod:HellRitual","Damocles","MerchantsRug","Shuriken"],"campfire_rested":0,"item_purchase_floors":[17,17,21,21],"current_hp_per_floor":[81,66,78,87,92,97,97,102,102,107,112,117,122,127,127,119,113,118,123,128,128,128,128,0,0],"gold":460,"neow_bonus":"","is_daily":false,"chose_seed":false,"campfire_upgraded":2,"win_rate":0.0,"timestamp":1611053387,"path_taken":["M","?","M","M","?","E","R","M","T","E","M","E","M","E","R_BF","BOSS","M","M","M","$","?","R","E"],"items_purchased_type":["Card","Relic","Relic","Relic"],"build_version":"2020-12-22","purchased_purges":2,"victory":false,"max_hp_per_floor":[81,81,83,87,92,97,97,102,102,107,112,117,122,127,127,132,113,118,123,128,128,128,128,128,128],"card_choices":[{"not_picked":["Twin Strike","Intimidate","Havoc"],"picked":"SKIP","floor":1},{"not_picked":["Anger","Rupture","Clothesline","MostiFishMod:Mania"],"picked":"Disarm","floor":3},{"not_picked":["Sword Boomerang","Armaments","Reckless Charge","hubris:ReadiedAction"],"picked":"Clash","floor":4},{"not_picked":["Pommel Strike","Perfected Strike","Power Through","Anger"],"picked":"Heavy Blade","floor":5},{"not_picked":["Dual Wield","Headbutt","Flame Barrier","Thunderclap"],"picked":"MostiFishMod:#F4004","floor":6},{"not_picked":["MostiFishMod:FlyOverUtopia","Pummel","Sever Soul","Perfected Strike"],"picked":"Flex","floor":8},{"not_picked":["Combust","Clothesline","Hemokinesis","Pommel Strike","Havoc"],"picked":"SKIP","floor":10},{"not_picked":["MostiFishMod:Mania","Headbutt","Anger","Massacre","Dual Wield"],"picked":"SKIP","floor":11},{"not_picked":["Rampage","Abandon","Dropkick","Immolate"],"picked":"Heavy Blade","floor":12},{"not_picked":["Disarm","Evolve","Abandon","Armaments","Blood for Blood"],"picked":"SKIP","floor":13},{"not_picked":["True Grit","Perfected Strike","Bomb","Clothesline","hubris:ReadiedAction"],"picked":"SKIP","floor":14},{"not_picked":["hubris:StunningStrike","Juggernaut","Demon Form","MostiFishMod:TemporaryOutbreak"],"picked":"Limit Break","floor":16},{"not_picked":["True Grit","Hemokinesis","Headbutt","ReplayTheSpireMod:LeadingStrike","Bloodletting"],"picked":"SKIP","floor":18},{"not_picked":["hubris:ReadiedAction","Clash","Anger+1","Thunderclap","Rampage"],"picked":"SKIP","floor":19},{"not_picked":["Replay:Undeath\u0027s Touch+1","True Grit","Thunderclap","Iron Wave"],"picked":"Whirlwind+1","floor":20}],"player_experience":341914,"relics_obtained":[{"floor":1,"key":"SynthV:TestCard"},{"floor":6,"key":"Simple Rune"},{"floor":9,"key":"hubris:SphereOfDissonance"},{"floor":10,"key":"BookOfRevelations"},{"floor":12,"key":"ReplayTheSpireMod:Spearhead"},{"floor":14,"key":"GodSword3"},{"floor":18,"key":"Replay:Bottled Steam"},{"floor":19,"key":"Centennial Puzzle"},{"floor":20,"key":"Old Coin"}],"event_choices":[{"damage_healed":0,"gold_gain":0,"player_choice":"Ignored","damage_taken":0,"max_hp_gain":0,"max_hp_loss":0,"event_name":"Vampires","floor":22,"gold_loss":0}],"is_beta":false,"boss_relics":[{"not_picked":["HereWithMe","ReplayTheSpireMod:DimensionalGlitch"],"picked":"testmod-CardMagician"},{"not_picked":[]}],"items_purged_floors":[17,21],"is_endless":true,"potions_floor_spawned":[3,5,11,12,13,14,18],"killed_by":"Book of Stabbing","ascension_level":1}}