{"host":"5ezk7t18wcb10u1o","time":1611065215,"event":{"mods":["BaseMod","Bestiary","Colored Powertips","Minty Spire (QoL Compilation)","Relic Sorter"],"gold_per_floor":[113,133,145,145,145,145,174,99,99,124,124,124,124,142,142,216,216,231,231,231,231,231,231],"floor_reached":22,"language":"ENG","playtime":816,"items_purged":["Defend_B"],"score":360,"play_id":"6d49abd8-dd58-45f5-ae05-8a11295e6bfa","local_time":"20210119140655","is_ascension_mode":true,"campfire_choices":[{"data":"Sweeping Beam","floor":6.0,"key":"SMITH"},{"data":"Auto Shields","floor":11.0,"key":"SMITH"},{"data":"Zap","floor":13.0,"key":"SMITH"},{"floor":15.0,"key":"REST"}],"circlet_count":0,"master_deck":["AscendersBane","Strike_B","Strike_B","Strike_B","Defend_B","Defend_B","Defend_B","Zap+1","Dualcast+1","Panacea","Lockon","Static Discharge+1","Sweeping Beam+1","Auto Shields+1","Barrage","Thunder Strike","Leap+1"],"relics":["Cracked Core","Ice Cream","Du-Vu Doll","Odd Mushroom","Nuclear Battery"],"acts_visited":["Exordium","TheCity"],"potions_floor_usage":[],"damage_taken":[{"damage":0.0,"enemies":"Cultist","floor":1.0,"turns":3.0},{"damage":8.0,"enemies":"Small Slimes","floor":2.0,"turns":3.0},{"damage":3.0,"enemies":"2 Louse","floor":3.0,"turns":2.0},{"damage":6.0,"enemies":"Gremlin Nob","floor":7.0,"turns":3.0},{"damage":6.0,"enemies":"The Mushroom Lair","floor":10.0,"turns":3.0},{"damage":6.0,"enemies":"2 Fungi Beasts","floor":14.0,"turns":3.0},{"damage":14.0,"enemies":"Hexaghost","floor":16.0,"turns":7.0},{"damage":32,"enemies":"Shell Parasite","floor":18,"turns":4},{"damage":12,"enemies":"3 Byrds","floor":22,"turns":2}],"seed_played":"-4948398174836289910","potions_obtained":[{"floor":1.0,"key":"SkillPotion"},{"floor":2.0,"key":"SteroidPotion"}],"is_trial":false,"path_per_floor":["M","M","M","?","$","R","E","$","T","?","R","?","R","M","R","B",null,"M","?","?","?","M"],"character_chosen":"DEFECT","items_purchased":[],"campfire_rested":1,"item_purchase_floors":[],"current_hp_per_floor":[64,56,53,53,53,53,47,47,47,41,41,41,41,35,56,42,64,32,32,12,12,0,0],"gold":231,"neow_bonus":"RANDOM_COLORLESS","is_daily":false,"chose_seed":false,"campfire_upgraded":3,"win_rate":0.0,"timestamp":1611065215,"path_taken":["M","?","?","?","?","R","E","$","T","?","R","?","R","M","R","BOSS","M","?","?","?","?"],"items_purchased_type":[],"build_version":"2020-12-22","purchased_purges":1,"victory":false,"max_hp_per_floor":[71,71,71,71,71,71,71,71,71,71,71,71,71,71,71,71,71,71,71,76,76,76,76],"card_choices":[{"not_picked":["Dramatic Entrance","Jack Of All Trades"],"picked":"Panacea","floor":0.0},{"not_picked":["Ball Lightning","Hello World"],"picked":"Lockon","floor":1.0},{"not_picked":["Tempest","Cold Snap"],"picked":"Static Discharge","floor":2.0},{"not_picked":["Reprogram","Barrage"],"picked":"Sweeping Beam","floor":3.0},{"not_picked":["Barrage","Recycle"],"picked":"Auto Shields","floor":7.0},{"not_picked":["Redo","Reprogram"],"picked":"Barrage","floor":14.0},{"not_picked":["All For One","Biased Cognition"],"picked":"Thunder Strike","floor":16.0},{"not_picked":["FTL","Blizzard"],"picked":"Leap+1","floor":18}],"player_experience":1149518,"relics_obtained":[{"floor":7.0,"key":"Ice Cream"},{"floor":9.0,"key":"Du-Vu Doll"},{"floor":10.0,"key":"Odd Mushroom"}],"event_choices":[{"damage_healed":0.0,"max_hp_gain":0.0,"max_hp_loss":0.0,"gold_gain":0.0,"event_name":"Upgrade Shrine","player_choice":"Upgraded","floor":4.0,"gold_loss":0.0,"damage_taken":0.0,"cards_upgraded":["Static Discharge"]},{"damage_healed":0.0,"max_hp_gain":0.0,"max_hp_loss":0.0,"gold_gain":0.0,"event_name":"Mushrooms","player_choice":"Fought Mushrooms","floor":10.0,"gold_loss":0.0,"damage_taken":0.0},{"damage_healed":0.0,"max_hp_gain":0.0,"max_hp_loss":0.0,"gold_gain":0.0,"event_name":"Upgrade Shrine","player_choice":"Upgraded","floor":12.0,"gold_loss":0.0,"damage_taken":0.0,"cards_upgraded":["Dualcast"]},{"damage_healed":0,"gold_gain":0,"player_choice":"Ignored","damage_taken":0,"max_hp_gain":0,"max_hp_loss":0,"event_name":"Cursed Tome","floor":19,"gold_loss":0},{"damage_healed":0,"gold_gain":0,"player_choice":"Shed Blood","damage_taken":25,"max_hp_gain":5,"max_hp_loss":0,"event_name":"Forgotten Altar","floor":20,"gold_loss":0},{"cards_removed":["Strike_B"],"damage_healed":0,"gold_gain":0,"player_choice":"Purged","damage_taken":0,"max_hp_gain":0,"max_hp_loss":0,"event_name":"Purifier","floor":21,"gold_loss":0}],"is_beta":false,"boss_relics":[{"not_picked":["Coffee Dripper","Calling Bell"],"picked":"Nuclear Battery"}],"items_purged_floors":[8],"is_endless":false,"potions_floor_spawned":[1,2],"killed_by":"3 Byrds","ascension_level":20}}