{"host":"5mo0809oo9tcrmpl","time":1611017232,"event":{"mods":["BaseMod","Highlight Path","Minty Spire (QoL Compilation)","Relic Stats","Slay the Relics Exporter"],"gold_per_floor":[111,36,55,69,89,89,105,135,135,135,163,181,197,216,216,216,216],"floor_reached":16,"language":"ENG","playtime":600,"items_purged":[],"score":232,"play_id":"87fdb3b6-03a0-408a-b72c-d6c221fc6ab9","local_time":"20210118184712","is_ascension_mode":true,"campfire_choices":[{"data":"Rampage","floor":6.0,"key":"SMITH"},{"data":"Dual Wield","floor":15.0,"key":"SMITH"}],"circlet_count":0,"master_deck":["AscendersBane","Strike_R+1","Strike_R","Strike_R","Strike_R","Defend_R","Defend_R+1","Defend_R","Defend_R","Bash","Anger","Pommel Strike","Headbutt","Rampage+1","Shrug It Off","Spot Weakness","Dual Wield+1"],"relics":["Burning Blood","Red Skull","Omamori","MealTicket"],"acts_visited":["Exordium"],"potions_floor_usage":[16],"damage_taken":[{"damage":14.0,"enemies":"Jaw Worm","floor":1.0,"turns":4.0},{"damage":3.0,"enemies":"Small Slimes","floor":3.0,"turns":3.0},{"damage":1.0,"enemies":"2 Louse","floor":4.0,"turns":3.0},{"damage":4.0,"enemies":"2 Fungi Beasts","floor":5.0,"turns":4.0},{"damage":2.0,"enemies":"Looter","floor":7.0,"turns":4.0},{"damage":9.0,"enemies":"3 Sentries","floor":8.0,"turns":6.0},{"damage":32.0,"enemies":"Gremlin Nob","floor":11.0,"turns":4.0},{"damage":3.0,"enemies":"Lots of Slimes","floor":12.0,"turns":4.0},{"damage":8.0,"enemies":"3 Louse","floor":13.0,"turns":4.0},{"damage":5.0,"enemies":"Gremlin Gang","floor":14.0,"turns":3.0},{"damage":30,"enemies":"Hexaghost","floor":16,"turns":4}],"seed_played":"414579131870142840","potions_obtained":[{"floor":1.0,"key":"Dexterity Potion"},{"floor":5.0,"key":"PowerPotion"},{"floor":8.0,"key":"LiquidBronze"}],"is_trial":false,"path_per_floor":["M","?","M","M","M","R","M","E","T","?","E","M","M","M","R","B"],"character_chosen":"IRONCLAD","items_purchased":[],"campfire_rested":0,"item_purchase_floors":[],"current_hp_per_floor":[67,67,70,75,77,77,81,78,78,53,27,30,28,29,29,0,0],"gold":216,"neow_bonus":"TEN_PERCENT_HP_BONUS","is_daily":false,"chose_seed":false,"campfire_upgraded":2,"win_rate":0.0,"timestamp":1611017232,"path_taken":["M","?","M","M","M","R","M","E","T","?","E","M","M","M","R","BOSS"],"items_purchased_type":[],"build_version":"2020-12-22","purchased_purges":0,"victory":false,"max_hp_per_floor":[82,82,82,82,82,82,82,82,82,82,82,82,82,82,82,82,82],"relic_stats":{"counters":[11,43],"MealTicket":0,"obtain_stats":[{"MealTicket":11,"Omamori":9,"Burning Blood":0,"Red Skull":8},{"MealTicket":7,"Omamori":6,"Burning Blood":0,"Red Skull":6},{"MealTicket":28,"Omamori":24,"Burning Blood":0,"Red Skull":24}],"Burning Blood":60},"card_choices":[{"not_picked":["Combust","Bloodletting","Anger"],"picked":"SKIP","floor":1.0},{"not_picked":["Combust","Bloodletting"],"picked":"Anger","floor":1.0},{"not_picked":["Heavy Blade","Shrug It Off"],"picked":"Pommel Strike","floor":3.0},{"not_picked":["Heavy Blade","Thunderclap"],"picked":"Headbutt","floor":4.0},{"not_picked":["Evolve","Iron Wave"],"picked":"Rampage","floor":5.0},{"not_picked":["Second Wind","Exhume","Fire Breathing"],"picked":"SKIP","floor":7.0},{"not_picked":["Sword Boomerang","Bludgeon"],"picked":"Shrug It Off","floor":8.0},{"not_picked":["Anger","Warcry","Power Through"],"picked":"SKIP","floor":11.0},{"not_picked":["Searing Blow","Rage","Havoc"],"picked":"SKIP","floor":12.0},{"not_picked":["Dropkick","Inflame"],"picked":"Spot Weakness","floor":13.0},{"not_picked":["Pommel Strike","Rupture"],"picked":"Dual Wield","floor":14.0}],"player_experience":1210602,"relics_obtained":[{"floor":8.0,"key":"Red Skull"},{"floor":9.0,"key":"Omamori"},{"floor":11.0,"key":"MealTicket"}],"event_choices":[{"cards_removed":["Strike_R"],"damage_healed":0.0,"max_hp_gain":0.0,"max_hp_loss":0.0,"gold_gain":0.0,"event_name":"The Cleric","player_choice":"Card Removal","floor":2.0,"gold_loss":75.0,"damage_taken":0.0},{"damage_healed":0.0,"max_hp_gain":0.0,"max_hp_loss":0.0,"gold_gain":0.0,"event_name":"Shining Light","player_choice":"Entered Light","floor":10.0,"gold_loss":0.0,"damage_taken":25.0,"cards_upgraded":["Defend_R","Strike_R"]}],"is_beta":false,"boss_relics":[],"items_purged_floors":[],"is_endless":false,"potions_floor_spawned":[1,5,8,11],"killed_by":"Hexaghost","ascension_level":20}}