{"host":"ebj6lkgm8suah319","time":1611027728,"event":{"mods":["2.2 Compatiblity","AchievementEnabler","BaseMod","Block Reminder","Colored Map","Colored Powertips","Minty Spire (QoL Compilation)","Quick Restart","Rare Cards Sparkle","Relic Stats","SuperFastMode"],"gold_per_floor":[114,5,5,5,16,43,43,76,76,104,115,115,125,144,144,246,246,266,266,251,251,166,199,213,247,270,300,300,310,310,320,320,420,420,437,437,437,447,467,467,500,11,11,31,43,43,93,120,120,120],"floor_reached":51,"language":"ENG","playtime":2147,"items_purged":["Strike_R","Defend_R"],"score":1369,"play_id":"1b3b89e3-e45b-416a-8a0e-9f82d2ad4588","local_time":"20210118224208","is_ascension_mode":true,"campfire_choices":[{"data":"Berserk","floor":7.0,"key":"SMITH"},{"data":"Rage","floor":12.0,"key":"SMITH"},{"data":"Spot Weakness","floor":15.0,"key":"SMITH"},{"data":"J.A.X.","floor":30,"key":"SMITH"},{"data":"Dual Wield","floor":32,"key":"SMITH"},{"data":"Impervious","floor":40,"key":"SMITH"},{"data":"Feed","floor":46,"key":"SMITH"},{"data":"1","floor":49,"key":"LIFT"}],"circlet_count":0,"master_deck":["AscendersBane","Defend_R","Defend_R","Bash","Spot Weakness+1","Rage+1","Berserk+1","Twin Strike","Dual Wield+1","Twin Strike","Shrug It Off","Flame Barrier","Clothesline","Dropkick","Reaper","Burning Pact+1","J.A.X.+1","Battle Trance","Impervious+1","Barricade","Pommel Strike","Corruption","Sentinel+1","Shockwave+1","Ghostly Armor+1","Burning Pact+1","Feed+1","Barricade","Heavy Blade+1","Warcry+1","Inflame+1"],"relics":["Burning Blood","NeowsBlessing","Question Card","Pocketwatch","Strawberry","Thread and Needle","Snecko Eye","Nunchaku","Calipers","Potion Belt","Ancient Tea Set","Meat on the Bone","Astrolabe","Bottled Lightning","ClockworkSouvenir","Toxic Egg 2","Shuriken","Girya","Dream Catcher"],"acts_visited":["Exordium","TheCity","TheBeyond"],"potions_floor_usage":[23,25,33,39,50,50,50,50],"damage_taken":[{"damage":0.0,"enemies":"Jaw Worm","floor":1.0,"turns":1.0},{"damage":0.0,"enemies":"Cultist","floor":5.0,"turns":1.0},{"damage":0.0,"enemies":"3 Sentries","floor":6.0,"turns":2.0},{"damage":50.0,"enemies":"Lagavulin","floor":8.0,"turns":10.0},{"damage":15.0,"enemies":"3 Sentries","floor":10.0,"turns":6.0},{"damage":0.0,"enemies":"2 Louse","floor":11.0,"turns":3.0},{"damage":2.0,"enemies":"Lots of Slimes","floor":13.0,"turns":4.0},{"damage":1.0,"enemies":"3 Louse","floor":14.0,"turns":3.0},{"damage":12,"enemies":"Slime Boss","floor":16,"turns":9},{"damage":7,"enemies":"3 Byrds","floor":18,"turns":5},{"damage":18,"enemies":"2 Thieves","floor":20,"turns":4},{"damage":33,"enemies":"Book of Stabbing","floor":23,"turns":5},{"damage":29,"enemies":"3 Cultists","floor":24,"turns":5},{"damage":19,"enemies":"Slavers","floor":25,"turns":6},{"damage":45,"enemies":"Gremlin Leader","floor":27,"turns":8},{"damage":15,"enemies":"Cultist and Chosen","floor":29,"turns":4},{"damage":5,"enemies":"Snake Plant","floor":31,"turns":4},{"damage":46,"enemies":"Collector","floor":33,"turns":10},{"damage":8,"enemies":"Orb Walker","floor":35,"turns":5},{"damage":3,"enemies":"3 Darklings","floor":38,"turns":4},{"damage":6,"enemies":"Transient","floor":39,"turns":5},{"damage":6,"enemies":"Giant Head","floor":41,"turns":6},{"damage":13,"enemies":"Sphere and 2 Shapes","floor":44,"turns":5},{"damage":3,"enemies":"3 Darklings","floor":45,"turns":4},{"damage":6,"enemies":"Mind Bloom Boss Battle","floor":47,"turns":5},{"damage":3,"enemies":"Reptomancer","floor":48,"turns":4},{"damage":23,"enemies":"Donu and Deca","floor":50,"turns":6}],"seed_played":"2481196359066240556","potions_obtained":[{"floor":1.0,"key":"FairyPotion"},{"floor":6.0,"key":"ElixirPotion"},{"floor":8.0,"key":"Fire Potion"},{"floor":16,"key":"SkillPotion"},{"floor":18,"key":"PowerPotion"},{"floor":25,"key":"ElixirPotion"},{"floor":27,"key":"Swift Potion"},{"floor":31,"key":"Weak Potion"},{"floor":41,"key":"Fruit Juice"},{"floor":44,"key":"Swift Potion"},{"floor":45,"key":"Ancient Potion"}],"is_trial":false,"path_per_floor":["M","$","?","$","M","E","R","E","T","E","M","R","M","M","R","B",null,"M","?","M","?","?","E","M","E","T","E","?","M","R","M","R","B",null,"M","?","?","M","M","R","E","$","T","M","M","R","?","E","R","B",null],"character_chosen":"IRONCLAD","items_purchased":["Rage","ClockworkSouvenir","Toxic Egg 2"],"campfire_rested":0,"item_purchase_floors":[2,42,42],"current_hp_per_floor":[78,78,78,78,80,80,80,36,43,34,40,40,44,49,49,43,76,79,79,73,73,73,54,63,64,64,55,55,74,74,81,81,87,87,87,87,87,87,87,87,87,87,87,90,93,93,97,101,101,106],"gold":120,"neow_bonus":"THREE_ENEMY_KILL","is_daily":false,"chose_seed":false,"campfire_upgraded":7,"win_rate":0.0,"timestamp":1611027728,"path_taken":["M","$","?","?","M","E","R","E","T","E","M","R","?","M","R","BOSS","M","?","?","?","?","E","M","E","T","E","?","M","R","M","R","BOSS","M","?","?","M","M","R","E","$","T","M","M","R","?","E","R","BOSS"],"items_purchased_type":["Card","Relic","Relic"],"build_version":"2020-12-22","purchased_purges":2,"victory":true,"max_hp_per_floor":[80,80,80,80,80,80,80,80,87,87,87,87,87,87,87,87,87,87,87,87,87,87,87,87,87,87,87,87,87,87,87,87,87,87,87,87,87,87,87,87,87,87,87,90,93,93,97,101,101,106],"relic_stats":{"Nunchaku":[18],"Dream Catcher":0,"counters":[27,134],"Shuriken":[8],"Astrolabe":["Sentinel","Shockwave","Ghostly Armor"],"Snecko Eye":[192,223,210,213],"Question Card":23,"obtain_stats":[{"Potion Belt":25,"Girya":47,"Calipers":23,"NeowsBlessing":0,"Astrolabe":34,"Thread and Needle":10,"Question Card":6,"Ancient Tea Set":26,"Burning Blood":0,"ClockworkSouvenir":42,"Nunchaku":22,"Dream Catcher":48,"Shuriken":43,"Strawberry":9,"Snecko Eye":17,"Bottled Lightning":41,"Toxic Egg 2":42,"Pocketwatch":8,"Meat on the Bone":27},{"Potion Belt":14,"Girya":25,"Calipers":12,"NeowsBlessing":0,"Astrolabe":18,"Thread and Needle":5,"Question Card":3,"Ancient Tea Set":14,"Burning Blood":0,"ClockworkSouvenir":22,"Nunchaku":11,"Dream Catcher":26,"Shuriken":22,"Strawberry":4,"Snecko Eye":9,"Bottled Lightning":22,"Toxic Egg 2":22,"Pocketwatch":4,"Meat on the Bone":15},{"Potion Belt":64,"Girya":124,"Calipers":53,"NeowsBlessing":0,"Astrolabe":90,"Thread and Needle":20,"Question Card":4,"Ancient Tea Set":64,"Burning Blood":0,"ClockworkSouvenir":110,"Nunchaku":48,"Dream Catcher":128,"Shuriken":110,"Strawberry":14,"Snecko Eye":39,"Bottled Lightning":110,"Toxic Egg 2":110,"Pocketwatch":14,"Meat on the Bone":72}],"Burning Blood":104,"Pocketwatch":[90],"Meat on the Bone":0},"card_choices":[{"not_picked":["Pummel","Heavy Blade"],"picked":"Spot Weakness","floor":1.0},{"not_picked":["Seeing Red","Perfected Strike"],"picked":"Twin Strike","floor":5.0},{"not_picked":["Heavy Blade","Body Slam"],"picked":"Dual Wield","floor":6.0},{"not_picked":["Dropkick","Headbutt","Reckless Charge"],"picked":"Twin Strike","floor":8.0},{"not_picked":["Barricade","Dropkick","Wild Strike"],"picked":"Shrug It Off","floor":10.0},{"not_picked":["Sentinel","Headbutt","Body Slam"],"picked":"Flame Barrier","floor":11.0},{"not_picked":["Evolve","Wild Strike","Anger"],"picked":"Clothesline","floor":13.0},{"not_picked":["Twin Strike","Perfected Strike","Warcry"],"picked":"Dropkick","floor":14.0},{"not_picked":["Fiend Fire","Brutality","Demon Form"],"picked":"Reaper","floor":16},{"not_picked":["Thunderclap","Rupture","Body Slam+1","Headbutt+1"],"picked":"SKIP","floor":18},{"not_picked":["Sentinel","Armaments","Cleave"],"picked":"Burning Pact+1","floor":20},{"not_picked":["Clothesline","Armaments","Iron Wave","Wild Strike"],"picked":"SKIP","floor":23},{"not_picked":["Flex+1","Clothesline","Warcry"],"picked":"Battle Trance","floor":24},{"not_picked":["Perfected Strike","Dual Wield","Body Slam"],"picked":"Impervious","floor":25},{"not_picked":["Sever Soul","Warcry+1","Rage"],"picked":"Barricade","floor":27},{"not_picked":["Headbutt","Havoc","Ghostly Armor+1"],"picked":"Pommel Strike","floor":29},{"not_picked":["Perfected Strike","Reckless Charge+1","Armaments","Rampage+1"],"picked":"SKIP","floor":31},{"not_picked":["Limit Break","Juggernaut","Reaper"],"picked":"Corruption","floor":33},{"not_picked":["Headbutt","Seeing Red","Cleave+1","Clash+1"],"picked":"SKIP","floor":35},{"not_picked":["Anger","Spot Weakness","Body Slam"],"picked":"Burning Pact+1","floor":38},{"not_picked":["Infernal Blade+1","Combust+1","Armaments+1"],"picked":"Feed","floor":39},{"not_picked":["Clash","Havoc","Flex+1"],"picked":"Barricade","floor":41},{"not_picked":["Havoc+1","Flame Barrier+1","Shrug It Off+1"],"picked":"Heavy Blade+1","floor":44},{"not_picked":["Clothesline","Flex+1","Headbutt","Twin Strike"],"picked":"SKIP","floor":45},{"not_picked":["Havoc+1","Berserk","Clash+1"],"picked":"Warcry+1","floor":47},{"not_picked":["Battle Trance+1","Reckless Charge","Iron Wave+1"],"picked":"Inflame+1","floor":48}],"player_experience":31764,"relics_obtained":[{"floor":6.0,"key":"Question Card"},{"floor":8.0,"key":"Pocketwatch"},{"floor":9.0,"key":"Strawberry"},{"floor":10.0,"key":"Thread and Needle"},{"floor":23,"key":"Calipers"},{"floor":25,"key":"Potion Belt"},{"floor":26,"key":"Ancient Tea Set"},{"floor":27,"key":"Meat on the Bone"},{"floor":41,"key":"Bottled Lightning"},{"floor":43,"key":"Shuriken"},{"floor":47,"key":"Girya"},{"floor":48,"key":"Dream Catcher"}],"event_choices":[{"damage_healed":0.0,"max_hp_gain":0.0,"max_hp_loss":0.0,"gold_gain":0.0,"cards_transformed":["Strike_R"],"event_name":"Transmorgrifier","player_choice":"Transformed","floor":3.0,"gold_loss":0.0,"damage_taken":0.0,"cards_obtained":["Berserk"]},{"damage_healed":0,"gold_gain":0,"cards_transformed":["Strike_R"],"player_choice":"Transformed","damage_taken":0,"max_hp_gain":0,"max_hp_loss":0,"event_name":"Transmorgrifier","floor":19,"gold_loss":0,"cards_obtained":["Headbutt"]},{"damage_healed":0,"gold_gain":0,"player_choice":"Obtain J.A.X.","damage_taken":0,"max_hp_gain":0,"max_hp_loss":0,"event_name":"Drug Dealer","floor":21,"gold_loss":0,"cards_obtained":["J.A.X."]},{"damage_healed":0,"gold_gain":0,"player_choice":"Obtained Relic","damage_taken":0,"relics_obtained":["Nunchaku"],"max_hp_gain":0,"max_hp_loss":0,"event_name":"Addict","floor":22,"gold_loss":85},{"damage_healed":0,"gold_gain":0,"player_choice":"Ignored","damage_taken":0,"max_hp_gain":0,"max_hp_loss":0,"event_name":"The Mausoleum","floor":28,"gold_loss":0},{"damage_healed":0,"gold_gain":0,"player_choice":"Ignored","damage_taken":0,"max_hp_gain":0,"max_hp_loss":0,"event_name":"Tomb of Lord Red Mask","floor":36,"gold_loss":0},{"cards_removed":["Headbutt"],"damage_healed":0,"gold_gain":0,"player_choice":"Removed Attack","damage_taken":0,"max_hp_gain":0,"max_hp_loss":0,"event_name":"Falling","floor":37,"gold_loss":0},{"damage_healed":0,"gold_gain":0,"player_choice":"Fight","damage_taken":0,"max_hp_gain":0,"max_hp_loss":0,"event_name":"MindBloom","floor":47,"gold_loss":0}],"is_beta":false,"boss_relics":[{"not_picked":["Calling Bell","Black Blood"],"picked":"Snecko Eye"},{"not_picked":["SacredBark","Tiny House"],"picked":"Astrolabe"}],"items_purged_floors":[2,42],"is_endless":false,"potions_floor_spawned":[1,6,8,16,18,25,27,31,41,44,45],"ascension_level":11}}