{"host":"6pgtslebjnyv5xmi","time":1611046809,"event":{"mods":["AchievementEnabler","BaseMod","Colored Map","Minty Spire (QoL Compilation)","Rare Cards Sparkle","StSLib","SuperFastMode","The Cursed","everything is the same but u backflip on backflip"],"gold_per_floor":[115,265,2,17,17,17,36,36,36,36,54,67,67,87,87,158,158,168,168,184,184,109,109,29,29,29,44,56,56,66,94,94,172,172,188,188,242,517,332,364,13,13,13,48,58,76,76,101,101,101],"floor_reached":51,"language":"KOR","playtime":3248,"items_purged":["Doubt","Regret","Defend_R"],"score":1288,"play_id":"efb4861e-8d32-4799-9c92-ee6e07d79f97","local_time":"20210119180009","is_ascension_mode":true,"campfire_choices":[{"data":"Whirlwind","floor":6.0,"key":"SMITH"},{"data":"Shockwave","floor":8.0,"key":"SMITH"},{"data":"Second Wind","floor":10.0,"key":"SMITH"},{"data":"Intimidate","floor":13.0,"key":"SMITH"},{"data":"Fire Breathing","floor":15.0,"key":"SMITH"},{"data":"Second Wind","floor":23,"key":"SMITH"},{"data":"Power Through","floor":25,"key":"SMITH"},{"data":"Limit Break","floor":29,"key":"SMITH"},{"floor":32,"key":"REST"},{"data":"Evolve","floor":42,"key":"SMITH"},{"data":"Spot Weakness","floor":47,"key":"SMITH"},{"data":"Double Tap","floor":49,"key":"SMITH"}],"circlet_count":0,"master_deck":["AscendersBane","Defend_R","Defend_R","Defend_R","Bash","Whirlwind+1","Second Wind+1","Power Through+1","Shockwave+1","Intimidate+1","Fire Breathing+1","Impervious","Bite","Bite","Bite","Bite","Bite","Second Wind+1","Necronomicurse","Reckless Charge","Limit Break+1","Double Tap+1","CurseOfTheBell","Spot Weakness+1","Flex","Evolve+1","Flex+1","Whirlwind+1"],"relics":["Burning Blood","Gremlin Horn","Bronze Scales","Mark of Pain","Necronomicon","Thread and Needle","Bag of Preparation","Calling Bell","Akabeko","Matryoshka","Lizard Tail","Gambling Chip","Unceasing Top","Membership Card","Bag of Marbles","Strawberry","Turnip","Pantograph","CaptainsWheel"],"acts_visited":["Exordium","TheCity","TheBeyond"],"potions_floor_usage":[33,33,40,50,50],"damage_taken":[{"damage":1.0,"enemies":"2 Louse","floor":1.0,"turns":3.0},{"damage":6.0,"enemies":"Small Slimes","floor":4.0,"turns":4.0},{"damage":2.0,"enemies":"Jaw Worm","floor":7.0,"turns":4.0},{"damage":30.0,"enemies":"Exordium Thugs","floor":11.0,"turns":5.0},{"damage":6.0,"enemies":"Large Slime","floor":12.0,"turns":10.0},{"damage":8.0,"enemies":"Blue Slaver","floor":14.0,"turns":3.0},{"damage":26.0,"enemies":"Hexaghost","floor":16.0,"turns":11.0},{"damage":27.0,"enemies":"Spheric Guardian","floor":18.0,"turns":5.0},{"damage":4,"enemies":"Shell Parasite","floor":20,"turns":4},{"damage":0,"enemies":"Snecko","floor":27,"turns":3},{"damage":14,"enemies":"Cultist and Chosen","floor":28,"turns":6},{"damage":0,"enemies":"Shelled Parasite and Fungi","floor":30,"turns":4},{"damage":20,"enemies":"Book of Stabbing","floor":31,"turns":6},{"damage":1,"enemies":"Collector","floor":33,"turns":7},{"damage":8,"enemies":"Orb Walker","floor":35,"turns":3},{"damage":17,"enemies":"2 Orb Walkers","floor":37,"turns":3},{"damage":0,"enemies":"Nemesis","floor":40,"turns":5},{"damage":29,"enemies":"Giant Head","floor":44,"turns":7},{"damage":19,"enemies":"3 Shapes","floor":45,"turns":5},{"damage":14,"enemies":"Transient","floor":46,"turns":5},{"damage":16,"enemies":"Mind Bloom Boss Battle","floor":48,"turns":7},{"damage":56,"enemies":"Time Eater","floor":50,"turns":8}],"seed_played":"2332660521955923450","potions_obtained":[{"floor":1.0,"key":"Ancient Potion"},{"floor":11.0,"key":"Block Potion"},{"floor":16.0,"key":"Energy Potion"},{"floor":18.0,"key":"ColorlessPotion"},{"floor":30,"key":"Strength Potion"},{"floor":33,"key":"SmokeBomb"},{"floor":37,"key":"Block Potion"},{"floor":40,"key":"Weak Potion"},{"floor":48,"key":"ColorlessPotion"}],"is_trial":false,"path_per_floor":["M","?","$","M","?","R","M","R","T","R","M","M","R","M","R","B",null,"M","?","M","?","$","R","$","R","T","M","M","R","M","E","R","B",null,"M","?","?","?","$","E","$","R","T","E","M","M","R","?","R","B",null],"character_chosen":"IRONCLAD","items_purchased":["Gremlin Horn","Reckless Charge","Spot Weakness","Membership Card","Evolve","Bag of Marbles"],"campfire_rested":1,"item_purchase_floors":[3,24,39,41,41,41],"current_hp_per_floor":[73,73,73,73,78,78,80,80,80,80,56,56,56,54,54,34,69,48,48,56,35,35,35,35,35,35,47,48,48,56,46,56,56,56,54,54,45,45,45,56,56,56,63,44,39,41,41,61,61,17],"gold":101,"neow_bonus":"THREE_CARDS","is_daily":false,"chose_seed":false,"campfire_upgraded":11,"win_rate":0.0,"timestamp":1611046809,"path_taken":["M","?","$","M","?","R","M","R","T","R","M","?","R","M","R","BOSS","M","?","M","?","?","R","$","R","T","M","M","R","M","E","R","BOSS","M","?","?","?","$","E","$","R","T","E","M","?","R","?","R","BOSS"],"items_purchased_type":["Relic","Card","Card","Relic","Card","Relic"],"build_version":"2020-12-22","purchased_purges":3,"victory":true,"max_hp_per_floor":[75,75,75,75,80,80,80,80,80,80,80,80,80,80,80,80,80,80,56,56,56,56,56,56,56,56,56,56,56,56,56,56,56,56,56,56,56,56,56,56,56,56,63,63,63,63,63,63,63,63],"card_choices":[{"not_picked":["Sword Boomerang","Clash"],"picked":"Whirlwind","floor":0.0},{"not_picked":["Sword Boomerang","Thunderclap"],"picked":"Second Wind","floor":1.0},{"not_picked":["Second Wind","Sword Boomerang"],"picked":"Power Through","floor":4.0},{"not_picked":["True Grit","Entrench"],"picked":"Shockwave","floor":7.0},{"not_picked":["Twin Strike","Sever Soul"],"picked":"Intimidate","floor":11.0},{"not_picked":["True Grit","Uppercut","Cleave"],"picked":"SKIP","floor":12.0},{"not_picked":["Sever Soul","Twin Strike"],"picked":"Fire Breathing","floor":14.0},{"not_picked":["Berserk","Bludgeon"],"picked":"Impervious","floor":16.0},{"not_picked":["Second Wind","True Grit","Clash"],"picked":"SKIP","floor":18.0},{"not_picked":["Flex","Entrench"],"picked":"Second Wind","floor":20},{"not_picked":["Combust+1","Bloodletting","Fire Breathing"],"picked":"SKIP","floor":27},{"not_picked":["True Grit","Headbutt"],"picked":"Limit Break","floor":28},{"not_picked":["Clothesline","Clash","Armaments"],"picked":"SKIP","floor":30},{"not_picked":["Clothesline","Clash","Armaments"],"picked":"SKIP","floor":30},{"not_picked":["Thunderclap","Anger","Clash"],"picked":"SKIP","floor":31},{"not_picked":["Limit Break","Berserk"],"picked":"Double Tap","floor":33},{"not_picked":["Searing Blow+1","Sword Boomerang","Perfected Strike"],"picked":"SKIP","floor":35},{"not_picked":["Disarm","Hemokinesis"],"picked":"Flex","floor":40},{"not_picked":["Evolve","Armaments+1"],"picked":"Flex+1","floor":44},{"not_picked":["Evolve+1","Thunderclap","Sword Boomerang+1"],"picked":"SKIP","floor":45},{"not_picked":["Cleave","Dropkick","Thunderclap"],"picked":"SKIP","floor":46},{"not_picked":["Bloodletting","Anger+1"],"picked":"Whirlwind+1","floor":48}],"player_experience":984558,"relics_obtained":[{"floor":9.0,"key":"Bronze Scales"},{"floor":21,"key":"Necronomicon"},{"floor":26,"key":"Thread and Needle"},{"floor":31,"key":"Bag of Preparation"},{"floor":34,"key":"Akabeko"},{"floor":34,"key":"Matryoshka"},{"floor":34,"key":"Lizard Tail"},{"floor":37,"key":"Gambling Chip"},{"floor":40,"key":"Unceasing Top"},{"floor":43,"key":"Strawberry"},{"floor":43,"key":"Turnip"},{"floor":44,"key":"Pantograph"},{"floor":48,"key":"CaptainsWheel"}],"event_choices":[{"damage_healed":0.0,"max_hp_gain":0.0,"max_hp_loss":0.0,"gold_gain":150.0,"event_name":"Liars Game","player_choice":"AGREE","floor":2.0,"gold_loss":0.0,"damage_taken":0.0,"cards_obtained":["Doubt"]},{"damage_healed":0.0,"max_hp_gain":5.0,"max_hp_loss":0.0,"gold_gain":0.0,"event_name":"Big Fish","player_choice":"Donut","floor":5.0,"gold_loss":0.0,"damage_taken":0.0},{"damage_healed":0.0,"max_hp_gain":0.0,"max_hp_loss":24.0,"gold_gain":0.0,"event_name":"Vampires","player_choice":"Became a vampire","floor":19.0,"gold_loss":0.0,"damage_taken":0.0,"cards_obtained":["Bite","Bite","Bite","Bite","Bite"]},{"damage_healed":0,"gold_gain":0,"player_choice":"Obtained Book","damage_taken":21,"max_hp_gain":0,"max_hp_loss":0,"event_name":"Cursed Tome","floor":21,"gold_loss":0},{"damage_healed":0,"gold_gain":0,"player_choice":"Ignored","damage_taken":0,"max_hp_gain":0,"max_hp_loss":0,"event_name":"Tomb of Lord Red Mask","floor":36,"gold_loss":0},{"damage_healed":0,"gold_gain":0,"player_choice":"Fight","damage_taken":0,"max_hp_gain":0,"max_hp_loss":0,"event_name":"Mysterious Sphere","floor":37,"gold_loss":0},{"damage_healed":0,"gold_gain":275,"player_choice":"Desecrate","damage_taken":0,"max_hp_gain":0,"max_hp_loss":0,"event_name":"Golden Shrine","floor":38,"gold_loss":0,"cards_obtained":["Regret"]},{"damage_healed":0,"gold_gain":0,"player_choice":"Fight","damage_taken":0,"max_hp_gain":0,"max_hp_loss":0,"event_name":"MindBloom","floor":48,"gold_loss":0}],"is_beta":false,"boss_relics":[{"not_picked":["Fusion Hammer","Runic Dome"],"picked":"Mark of Pain"},{"not_picked":["Philosopher\u0027s Stone","Snecko Eye"],"picked":"Calling Bell"}],"items_purged_floors":[22,39,41],"is_endless":false,"potions_floor_spawned":[1,11,16,18,30,33,37,40,48],"ascension_level":16}}