{"host":"f5mjulaw5aqlqmd7","time":1611015867,"event":{"mods":["Act Like it!","BaseMod","Colored Map","GifTheSpireLib","Hallownest","Minty Spire (QoL Compilation)","StSLib","The Bug Knight"],"gold_per_floor":[110,285,285,285,305,335,335,345,345,379,81,81,81,93,93,93,93],"floor_reached":16,"language":"ENG","playtime":853,"items_purged":["Doubt"],"score":133,"play_id":"afc1f983-dece-4f9f-92db-c658679b094a","local_time":"20210118192427","is_ascension_mode":false,"campfire_choices":[{"data":"HollowMod:MothsMistake","floor":7,"key":"SMITH"},{"floor":15,"key":"REST"}],"circlet_count":0,"master_deck":["HollowMod:NailStrikeStart","HollowMod:NailStrikeStart","HollowMod:NailStrikeStart","HollowMod:NailStrikeStart","HollowMod:QuickDashStart","HollowMod:QuickDashStart","HollowMod:QuickDashStart","HollowMod:QuickDashStart","HollowMod:FocusHealStart","HollowMod:PogoStrike","HollowMod:MothsMistake+1","HollowMod:InfectionAssault","HollowMod:TaintedHusks+1","HollowMod:TaintedHusks+1","HollowMod:DashSlash","HollowMod:InfectedAttack"],"relics":["HollowMod:VesselMask","NeowsBlessing","NlothsMask","Toxic Egg 2","Tiny Chest","Juzu Bracelet"],"acts_visited":["Exordium"],"potions_floor_usage":[16,16,16],"damage_taken":[{"damage":0,"enemies":"Small Slimes","floor":1,"turns":1},{"damage":0,"enemies":"Jaw Worm","floor":5,"turns":1},{"damage":0,"enemies":"Gremlin Nob","floor":6,"turns":1},{"damage":11,"enemies":"2 Louse","floor":8,"turns":3},{"damage":28,"enemies":"Lagavulin","floor":10,"turns":5},{"damage":18,"enemies":"Gremlin Gang","floor":14,"turns":3},{"damage":56,"enemies":"HollowMod:FalseKnight","floor":16,"turns":5}],"seed_played":"-7680421366306393591","potions_obtained":[{"floor":1,"key":"AttackPotion"},{"floor":6,"key":"SkillPotion"},{"floor":8,"key":"PowerPotion"}],"is_trial":false,"path_per_floor":["M","?","?","?","M","E","R","M","T","E","$","?","?","M","R","B"],"character_chosen":"THE_BUGKNIGHT","items_purchased":["HollowMod:TaintedHusks+1","Juzu Bracelet","HollowMod:DashSlash"],"campfire_rested":1,"item_purchase_floors":[11,11,11],"current_hp_per_floor":[75,75,75,75,75,75,75,64,64,42,42,42,42,30,52,0,0],"gold":93,"neow_bonus":"THREE_ENEMY_KILL","is_daily":false,"chose_seed":false,"campfire_upgraded":1,"win_rate":0.0,"timestamp":1611015867,"path_taken":["M","?","?","?","M","E","R","?","T","E","$","?","?","M","R","BOSS"],"items_purchased_type":["Card","Relic","Card"],"build_version":"2020-12-22","purchased_purges":1,"victory":false,"max_hp_per_floor":[75,75,75,75,75,75,75,75,75,75,75,75,75,75,75,75,75],"card_choices":[{"not_picked":["HollowMod:CrystalDash","HollowMod:CornifersMapStart"],"picked":"HollowMod:MothsMistake","floor":1},{"not_picked":["HollowMod:GoodIntentions","HollowMod:DesolateDive"],"picked":"HollowMod:InfectionAssault","floor":5},{"not_picked":["HollowMod:InfectedAttack","HollowMod:VengefulSpirit"],"picked":"HollowMod:TaintedHusks+1","floor":6},{"not_picked":["HollowMod:VengefulVoid","HollowMod:SharpenedNail","HollowMod:SiblingsShadow+1"],"picked":"SKIP","floor":8},{"not_picked":["HollowMod:HowlingWraiths","HollowMod:QuirrelsAssistance","HollowMod:BlackTendrils"],"picked":"SKIP","floor":10},{"not_picked":["HollowMod:SoulSplash+1","HollowMod:HeavyBlow"],"picked":"HollowMod:InfectedAttack","floor":14}],"player_experience":25621,"relics_obtained":[{"floor":6,"key":"Toxic Egg 2"},{"floor":10,"key":"Tiny Chest"}],"event_choices":[{"damage_healed":0,"gold_gain":175,"player_choice":"AGREE","damage_taken":0,"max_hp_gain":0,"max_hp_loss":0,"event_name":"Liars Game","floor":2,"gold_loss":0,"cards_obtained":["Doubt"]},{"damage_healed":0,"gold_gain":0,"player_choice":"Trade","damage_taken":0,"relics_obtained":["NlothsMask"],"max_hp_gain":0,"max_hp_loss":0,"event_name":"FaceTrader","floor":4,"gold_loss":0},{"damage_healed":0,"gold_gain":0,"player_choice":"Ignored","damage_taken":0,"max_hp_gain":0,"max_hp_loss":0,"event_name":"Shining Light","floor":12,"gold_loss":0},{"cards_removed":["Iron Wave"],"damage_healed":0,"gold_gain":0,"player_choice":"Took Card","damage_taken":0,"max_hp_gain":0,"max_hp_loss":0,"event_name":"NoteForYourself","floor":13,"gold_loss":0,"cards_obtained":["Iron Wave"]}],"is_beta":false,"boss_relics":[],"items_purged_floors":[11],"is_endless":false,"potions_floor_spawned":[1,6,8,10],"killed_by":"HollowMod:FalseKnight","ascension_level":0}}