{"host":"3zmssa4s99zhxek5","time":1611037932,"event":{"mods":["AchievementEnabler","BaseMod","Minty Spire (QoL Compilation)","Permanent Neow","Relic Stats"],"gold_per_floor":[160,160,170,188,188,188,213,213,268,299,224,257,257,285,285,356,356,406,406,331,376,64,91,111,111,111,204,252,72,102,132,132],"floor_reached":31,"language":"KOR","playtime":1869,"items_purged":["Strike_P","Defend_P","Defend_P"],"score":868,"play_id":"297ef9ae-af6e-4049-bb93-20e0a6653d00","local_time":"20210119153212","is_ascension_mode":true,"campfire_choices":[{"data":"Conclude","floor":6,"key":"SMITH"},{"data":"EmptyFist","floor":8,"key":"SMITH"},{"data":"Wish","floor":13,"key":"SMITH"},{"data":"Perseverance","floor":15,"key":"SMITH"}],"circlet_count":0,"master_deck":["AscendersBane","Strike_P","Strike_P+1","Defend_P","Eruption+1","Vigilance","CutThroughFate+1","EmptyFist+1","Indignation","Conclude+1","EmptyBody","Wish+1","Perseverance+1","SpiritShield","Wish+1","Swivel","LessonLearned"],"relics":["Tiny House","Bag of Marbles","Omamori","Matryoshka","PreservedInsect","Odd Mushroom","Snecko Eye","DollysMirror","Juzu Bracelet","Centennial Puzzle","Bronze Scales","TungstenRod","InkBottle"],"acts_visited":["Exordium","TheCity"],"potions_floor_usage":[7,10,14,28,30,31,31],"damage_taken":[{"damage":5,"enemies":"Cultist","floor":1,"turns":5},{"damage":2,"enemies":"Jaw Worm","floor":3,"turns":4},{"damage":0,"enemies":"Small Slimes","floor":4,"turns":2},{"damage":0,"enemies":"Gremlin Nob","floor":7,"turns":2},{"damage":17,"enemies":"3 Sentries","floor":10,"turns":5},{"damage":0,"enemies":"Gremlin Nob","floor":12,"turns":2},{"damage":8,"enemies":"The Mushroom Lair","floor":14,"turns":4},{"damage":18,"enemies":"The Guardian","floor":16,"turns":14},{"damage":2,"enemies":"2 Thieves","floor":18,"turns":3},{"damage":5,"enemies":"Spheric Guardian","floor":21,"turns":4},{"damage":0,"enemies":"Slavers","floor":23,"turns":1},{"damage":5,"enemies":"Centurion and Healer","floor":24,"turns":7},{"damage":0,"enemies":"Gremlin Leader","floor":27,"turns":4},{"damage":9,"enemies":"Snake Plant","floor":28,"turns":3},{"damage":0,"enemies":"Slavers","floor":30,"turns":3},{"damage":44,"enemies":"Chosen and Byrds","floor":31,"turns":2}],"seed_played":"-5859551985553696197","potions_obtained":[{"floor":0,"key":"FairyPotion"},{"floor":3,"key":"FearPotion"},{"floor":7,"key":"SpeedPotion"},{"floor":10,"key":"Explosive Potion"},{"floor":21,"key":"Energy Potion"},{"floor":30,"key":"Strength Potion"}],"is_trial":false,"path_per_floor":["M","?","M","M","?","R","E","R","T","E","$","E","R","?","R","B",null,"M","?","?","M","$","E","M","?","T","E","M","$","E","M"],"character_chosen":"WATCHER","items_purchased":["DollysMirror","FearPotion","AttackPotion"],"campfire_rested":0,"item_purchase_floors":[22,22,29],"current_hp_per_floor":[61,61,59,59,37,37,37,37,37,20,20,20,20,12,12,16,59,57,57,57,52,52,52,47,47,47,47,38,38,38,0,0],"gold":132,"neow_bonus":"BOSS_RELIC","is_daily":false,"chose_seed":false,"campfire_upgraded":4,"win_rate":0.0,"timestamp":1611037932,"path_taken":["M","?","M","M","?","R","E","R","T","E","$","E","R","?","R","BOSS","M","?","?","M","$","E","M","?","T","E","M","$","E","M"],"items_purchased_type":["Relic","Potion","Potion"],"build_version":"2020-12-22","purchased_purges":3,"victory":false,"max_hp_per_floor":[73,73,73,73,73,73,73,73,73,73,73,73,73,73,73,73,73,73,73,73,73,73,73,73,73,73,73,73,73,73,73,73],"relic_stats":{"Centennial Puzzle":[6],"counters":[16,65],"Bronze Scales":[22],"Snecko Eye":[56,45,41,56],"PreservedInsect":129,"Juzu Bracelet":1,"obtain_stats":[{"Tiny House":0,"PreservedInsect":12,"Omamori":9,"Juzu Bracelet":23,"Odd Mushroom":14,"Centennial Puzzle":26,"Matryoshka":10,"DollysMirror":22,"Bronze Scales":26,"Snecko Eye":17,"Bag of Marbles":7,"PureWater":0,"TungstenRod":27,"InkBottle":30},{"Tiny House":0,"PreservedInsect":6,"Omamori":4,"Juzu Bracelet":11,"Odd Mushroom":7,"Centennial Puzzle":12,"Matryoshka":5,"DollysMirror":10,"Bronze Scales":12,"Snecko Eye":8,"Bag of Marbles":4,"PureWater":0,"TungstenRod":13,"InkBottle":15},{"Tiny House":0,"PreservedInsect":20,"Omamori":13,"Juzu Bracelet":46,"Odd Mushroom":24,"Centennial Puzzle":53,"Matryoshka":18,"DollysMirror":45,"Bronze Scales":53,"Snecko Eye":38,"Bag of Marbles":13,"PureWater":0,"TungstenRod":57,"InkBottle":63}],"TungstenRod":4,"InkBottle":[0]},"card_choices":[{"not_picked":["JustLucky","ClearTheMind"],"picked":"CutThroughFate","floor":0},{"not_picked":["BowlingBash","JustLucky"],"picked":"EmptyFist","floor":1},{"not_picked":["EmptyFist","DeceiveReality"],"picked":"Conclude","floor":3},{"not_picked":["CutThroughFate","ClearTheMind"],"picked":"EmptyBody","floor":4},{"not_picked":["Crescendo","CrushJoints","Vengeance"],"picked":"SKIP","floor":7},{"not_picked":["Crescendo","CrushJoints","Vengeance"],"picked":"SKIP","floor":7},{"not_picked":["Crescendo","CrushJoints","Vengeance"],"picked":"SKIP","floor":7},{"not_picked":["Study","ClearTheMind","EmptyFist"],"picked":"SKIP","floor":10},{"not_picked":["EmptyBody","Evaluate"],"picked":"Wish","floor":12},{"not_picked":["CarveReality","Prostrate"],"picked":"Perseverance","floor":14},{"not_picked":["Alpha","ConjureBlade"],"picked":"SpiritShield","floor":16},{"not_picked":["EmptyFist+1","CutThroughFate","PathToVictory"],"picked":"SKIP","floor":18},{"not_picked":["BowlingBash","LikeWater","Evaluate+1"],"picked":"SKIP","floor":21},{"not_picked":["CrushJoints","EmptyFist"],"picked":"Swivel","floor":23},{"not_picked":["FlurryOfBlows","Halt","Evaluate"],"picked":"SKIP","floor":24},{"not_picked":["Collect+1","Sanctity","ThirdEye"],"picked":"SKIP","floor":27},{"not_picked":["InnerPeace","DeceiveReality","Crescendo"],"picked":"SKIP","floor":28},{"not_picked":["Crescendo","WreathOfFlame"],"picked":"LessonLearned","floor":30}],"player_experience":1518946,"relics_obtained":[{"floor":7,"key":"Bag of Marbles"},{"floor":9,"key":"Omamori"},{"floor":10,"key":"Matryoshka"},{"floor":12,"key":"PreservedInsect"},{"floor":14,"key":"Odd Mushroom"},{"floor":23,"key":"Juzu Bracelet"},{"floor":26,"key":"Centennial Puzzle"},{"floor":26,"key":"Bronze Scales"},{"floor":27,"key":"TungstenRod"},{"floor":30,"key":"InkBottle"}],"event_choices":[{"damage_healed":0,"gold_gain":0,"cards_transformed":["Strike_P"],"player_choice":"Change","damage_taken":0,"max_hp_gain":0,"max_hp_loss":0,"event_name":"Living Wall","floor":2,"gold_loss":0,"cards_obtained":["Indignation"]},{"damage_healed":0,"gold_gain":0,"player_choice":"Entered Light","damage_taken":22,"max_hp_gain":0,"max_hp_loss":0,"event_name":"Shining Light","floor":5,"gold_loss":0,"cards_upgraded":["Strike_P","CutThroughFate"]},{"damage_healed":0,"gold_gain":0,"player_choice":"Fought Mushrooms","damage_taken":0,"max_hp_gain":0,"max_hp_loss":0,"event_name":"Mushrooms","floor":14,"gold_loss":0},{"damage_healed":0,"gold_gain":0,"player_choice":"Smashed Altar","damage_taken":0,"max_hp_gain":0,"max_hp_loss":0,"event_name":"Forgotten Altar","floor":19,"gold_loss":0,"cards_obtained":["Decay"]},{"cards_removed":["Defend_P"],"damage_healed":0,"gold_gain":0,"player_choice":"Gave Gold","damage_taken":0,"max_hp_gain":0,"max_hp_loss":0,"event_name":"Beggar","floor":20,"gold_loss":75},{"damage_healed":0,"gold_gain":0,"player_choice":"Ignored","damage_taken":0,"max_hp_gain":0,"max_hp_loss":0,"event_name":"Ghosts","floor":25,"gold_loss":0}],"is_beta":false,"boss_relics":[{"not_picked":["Empty Cage","Runic Dome"],"picked":"Snecko Eye"}],"items_purged_floors":[11,22,29],"is_endless":false,"potions_floor_spawned":[3,7,10,21,23,30],"killed_by":"Chosen and Byrds","ascension_level":20}}