{"host":"g1wmg2w41xhsnw8g","time":1611098527,"event":{"mods":["2.2 Compatiblity","Act Like it!","BaseMod","Better Altar","Better Match","Better Note","Better Sensory Stone","Better Skull","Better Third Choice","BetterRewards","Booster Modes","CapriCore","Colored Map","Colored Powertips","Defuse TimeMaze Blight","Displayed Cursed Tome","Evolution","Fox Events","Friendly Minions","GifTheSpireLib","Good Game Mod","Googly Eyes","Infinite Spire","Minty Spire (QoL Compilation)","Red Circlet Mod","Relic Sorter","SCP261 Mod","Shop Mod","Spicy Shops","StSLib","The Hayseed","The Marked","The Sage","Transform Curses","Wandering Minibosses","????"],"gold_per_floor":[116,116,129,148,72,72,107,107,107,125,140,140,105,122,122,218,268,279,279,279,289,304,304,304],"floor_reached":23,"language":"ENG","playtime":1233,"items_purged":[],"score":333,"play_id":"5bd20aec-58e6-4409-9b7d-400b68248d76","local_time":"20210119182207","is_ascension_mode":true,"campfire_choices":[{"data":"theMarked:EmpowerWeapon","floor":6,"key":"SMITH"},{"data":"theMarked:SoldierOfQuellstein","floor":8,"key":"SMITH"},{"data":"theMarked:ParalyzingBlade","floor":15,"key":"SMITH"}],"circlet_count":0,"master_deck":["theMarked:ElectricStrings","theMarked:ChainLightning","theMarked:WastefulAttack","theMarked:Frustration","theMarked:BanishingStrike","theMarked:WardOff","theMarked:WastefulDefense","theMarked:SoldierOfQuellstein+1","theMarked:SwordAndMagic","theMarked:EmpowerWeapon+1","TheSimpletonMod:Gnats","theMarked:ParalyzingBlade+1","theMarked:WardOff","Barricade","theMarked:SummonStrength+1","theMarked:Overcharge","theMarked:TwofoldDefense+1","theMarked:MaelstromOfLightning"],"relics":["theMarked:ArtifactOfAir","REME:ComplimentaryCards","EVO:Axolotl","theMarked:Winder","Bag of Marbles","Oddly Smooth Stone","Bottled Lightning","MerchantsRug","sagemod:Blowpipe","Centennial Puzzle","Mango","Tiny House"],"acts_visited":["Exordium","TheCity"],"potions_floor_usage":[14,18,22,23],"damage_taken":[{"damage":5,"enemies":"Jaw Worm","floor":1,"turns":2},{"damage":0,"enemies":"2 Louse","floor":3,"turns":1},{"damage":2,"enemies":"Small Slimes","floor":4,"turns":3},{"damage":13,"enemies":"Lagavulin","floor":7,"turns":4},{"damage":0,"enemies":"Blue Slaver","floor":10,"turns":1},{"damage":0,"enemies":"3 Louse","floor":11,"turns":2},{"damage":34,"enemies":"Exordium Wildlife","floor":14,"turns":7},{"damage":20,"enemies":"Slime Boss","floor":16,"turns":8},{"damage":26,"enemies":"3 Byrds","floor":18,"turns":4},{"damage":10,"enemies":"Chosen","floor":21,"turns":2},{"damage":26,"enemies":"Shelled Parasite and Fungi","floor":22,"turns":4},{"damage":57,"enemies":"Nightmare","floor":23,"turns":5}],"seed_played":"-7426123662978652651","potions_obtained":[{"floor":1,"key":"SCP261:BarrettColaPotion"},{"floor":3,"key":"Fire Potion"},{"floor":4,"key":"theMarked:ChargePotion"},{"floor":11,"key":"SCP261:GirlTearsPotion"},{"floor":17,"key":"Weak Potion"},{"floor":21,"key":"SkillPotion"},{"floor":22,"key":"Swift Potion"}],"is_trial":false,"path_per_floor":["M","?","M","M","$","R","E","R","T","M","M","?","?","M","R","B",null,"M","?","?","M","M","NM"],"character_chosen":"THE_DEFAULT","items_purchased":["MerchantsRug","theMarked:Winder","Bag of Marbles","Oddly Smooth Stone","MerchantsRug"],"campfire_rested":0,"item_purchase_floors":[0,0,0,0,5],"current_hp_per_floor":[71,71,71,69,69,69,56,56,56,56,56,55,77,43,43,23,95,69,69,69,59,33,0,0],"gold":304,"neow_bonus":"","is_daily":false,"chose_seed":false,"campfire_upgraded":3,"win_rate":0.0,"timestamp":1611098527,"path_taken":["M","?","M","M","$","R","E","R","T","M","M","?","?","?","R","BOSS","M","?","?","?","M","NM"],"items_purchased_type":["Relic","Relic","Relic","Relic","Relic"],"build_version":"2020-12-22","purchased_purges":0,"victory":false,"max_hp_per_floor":[76,76,76,76,76,76,76,76,76,76,76,90,90,90,90,90,95,95,95,95,95,95,95,95],"card_choices":[{"not_picked":["theMarked:SwordAndMagic","theMarked:Static"],"picked":"theMarked:EmpowerWeapon","floor":1},{"not_picked":["theMarked:Improvise","theMarked:SelfDefenseTraining","theMarked:HeightenedSenses"],"picked":"SKIP","floor":3},{"not_picked":["theMarked:BanishingStrike","theMarked:CreepingChasm","theMarked:Aftermath"],"picked":"SKIP","floor":4},{"not_picked":["theMarked:ShockingTouch","theMarked:HeightenedSenses","theMarked:Convert"],"picked":"SKIP","floor":7},{"not_picked":["theMarked:Overthink","theMarked:ChainLightning"],"picked":"theMarked:ParalyzingBlade","floor":10},{"not_picked":["theMarked:Aftermath","theMarked:WastefulDefense"],"picked":"theMarked:WardOff","floor":11},{"not_picked":["theMarked:Parkour","theMarked:CreepingChasm","theMarked:SwordAndMagic"],"picked":"SKIP","floor":14},{"not_picked":["theMarked:TurnInvisible","theMarked:SuspiciousRaven"],"picked":"theMarked:SummonStrength","floor":16},{"not_picked":["theMarked:SwordAndMagic","theMarked:CreepingChasm"],"picked":"theMarked:Overcharge","floor":17},{"not_picked":["theMarked:ChainLightning","theMarked:Frustration"],"picked":"theMarked:TwofoldDefense+1","floor":18},{"not_picked":["theMarked:WardOff","theMarked:Convert","theMarked:Snap"],"picked":"SKIP","floor":21},{"not_picked":["theMarked:HeightenedSenses","theMarked:Static+1"],"picked":"theMarked:MaelstromOfLightning","floor":22}],"player_experience":1280451,"relics_obtained":[{"floor":7,"key":"sagemod:Blowpipe"}],"event_choices":[{"damage_healed":0,"gold_gain":1,"player_choice":"Relic Relic ","damage_taken":15,"max_hp_gain":0,"max_hp_loss":0,"event_name":"betterThird:BetterScrap","floor":12,"gold_loss":0,"cards_obtained":["WheelKick"]},{"damage_healed":22,"gold_gain":0,"player_choice":"Healed","damage_taken":0,"max_hp_gain":0,"max_hp_loss":0,"event_name":"The Cleric","floor":13,"gold_loss":35},{"cards_removed":["theMarked:SummonStrength"],"damage_healed":0,"gold_gain":0,"player_choice":"Give","damage_taken":0,"max_hp_gain":0,"max_hp_loss":0,"event_name":"betterNote:BetterNote","floor":19,"gold_loss":0,"cards_obtained":["TheSimpletonMod:Photosynthesis"]},{"damage_healed":0,"gold_gain":0,"player_choice":"Bought 0 Potions","damage_taken":0,"max_hp_gain":0,"max_hp_loss":0,"event_name":"The Woman in Blue","floor":20,"gold_loss":0}],"is_beta":false,"boss_relics":[{"not_picked":["Runic Dome","Snecko Eye"],"picked":"Tiny House"}],"items_purged_floors":[],"is_endless":false,"potions_floor_spawned":[1,3,4,11,21,22],"killed_by":"Nightmare","ascension_level":1}}