{"host":"ogu62mnru5djd3ck","time":1611090902,"event":{"mods":["AchievementEnabler","Act Like it!","BaseMod","Better Skull","Colored Map","Colored Powertips","Custom Start","GifTheSpireLib","Gold Saver","Highlight Path","Minty Spire (QoL Compilation)","Rare Cards Sparkle","SOS???????","StSLib","Steal the Spire","The Wild Card"],"gold_per_floor":[430,430,448,465,484,484,659,659,659,741,751,767,47,60,60,162,162,175,175,175,191,209,209,124,124,124,124,124,124,141,141,141,236,236,246,266,283,283,302,302,75,100,100,23,42,60,60,60,60,60,60,60,60,93,93,93],"floor_reached":55,"language":"ENG","playtime":4499,"items_purged":[],"score":764,"play_id":"4deb0638-fd36-40a5-8bed-f9d7573baf66","local_time":"20210119221502","is_ascension_mode":false,"campfire_choices":[{"data":"theWildCard:Arsene","floor":6,"key":"SMITH"},{"data":"theWildCard:ArcaneArts","floor":8,"key":"SMITH"},{"data":"theWildCard:PowerOfTheArcana","floor":15,"key":"SMITH"},{"floor":23,"key":"REST"},{"data":"theWildCard:Providence","floor":25,"key":"SMITH"},{"data":"theWildCard:Abstinence","floor":29,"key":"SMITH"},{"data":"theWildCard:FuelForTheFire","floor":32,"key":"SMITH"},{"data":"Trip","floor":40,"key":"SMITH"},{"floor":47,"key":"RECALL"},{"data":"theWildCard:Attunement","floor":49,"key":"SMITH"},{"data":"theWildCard:TheArcanaUnleashed","floor":52,"key":"SMITH"}],"circlet_count":0,"master_deck":["theWildCard:BasicStrike+1","theWildCard:BasicStrike+1","theWildCard:BasicStrike+1","theWildCard:BasicStrike+1","theWildCard:BasicDefend+1","theWildCard:BasicDefend+1","theWildCard:BasicDefend+1","theWildCard:BasicDefend+1","theWildCard:CallToAdventure","theWildCard:Arsene+1","theWildCard:ArcaneArts+1","theWildCard:Providence+1","theWildCard:SacrificialStroke","theWildCard:ArcanaArtistry","theWildCard:TheArcanaUnleashed+1","Doubt","theWildCard:MasterPlan","theWildCard:BladeOfGenerations","theWildCard:Abstinence+1","theWildCard:MaskChange","theWildCard:PowerOfTheArcana+1","theWildCard:FuelForTheFire+1","theWildCard:Unburden+1","theWildCard:EnergizedStroke","theWildCard:MagicMettle","Writhe","theWildCard:SeveringSlash","theWildCard:TheUniverse","CurseOfTheBell","theWildCard:ShieldOfMany","Trip+1","theWildCard:UnderLockAndKey","theWildCard:Providence","theWildCard:Attunement+1","theWildCard:PowerOfTheArcana+1","theWildCard:SacrificialStroke+1"],"relics":["theWildCard:VelvetContract","Bottled Tornado","Matryoshka","ClockworkSouvenir","StoneCalendar","Boot","HornCleat","Meat on the Bone","Darkstone Periapt","Lantern","Calling Bell","Omamori","Mummified Hand","Gambling Chip","Regal Pillow","Centennial Puzzle","Shuriken","Mango"],"acts_visited":["Exordium","TheCity","TheBeyond","TheEnding"],"potions_floor_usage":[16,16,18,33,33,39,42,45,50],"damage_taken":[{"damage":0,"enemies":"2 Louse","floor":1,"turns":2},{"damage":0,"enemies":"Cultist","floor":3,"turns":3},{"damage":0,"enemies":"Jaw Worm","floor":4,"turns":2},{"damage":0,"enemies":"Blue Slaver","floor":5,"turns":3},{"damage":10,"enemies":"3 Louse","floor":11,"turns":3},{"damage":4,"enemies":"2 Fungi Beasts","floor":12,"turns":3},{"damage":0,"enemies":"Blue Slaver","floor":14,"turns":3},{"damage":8,"enemies":"Hexaghost","floor":16,"turns":8},{"damage":4,"enemies":"Chosen","floor":18,"turns":5},{"damage":14,"enemies":"3 Byrds","floor":21,"turns":7},{"damage":21,"enemies":"Shelled Parasite and Fungi","floor":22,"turns":7},{"damage":0,"enemies":"Snecko","floor":30,"turns":5},{"damage":0,"enemies":"Champ","floor":33,"turns":9},{"damage":0,"enemies":"3 Shapes","floor":35,"turns":4},{"damage":12,"enemies":"Orb Walker","floor":36,"turns":5},{"damage":16,"enemies":"Maw","floor":37,"turns":12},{"damage":14,"enemies":"Sphere and 2 Shapes","floor":39,"turns":7},{"damage":6,"enemies":"Nemesis","floor":42,"turns":7},{"damage":13,"enemies":"Transient","floor":45,"turns":5},{"damage":7,"enemies":"4 Shapes","floor":46,"turns":7},{"damage":82,"enemies":"Awakened One","floor":50,"turns":22},{"damage":40,"enemies":"Shield and Spear","floor":54,"turns":7},{"damage":62,"enemies":"The Heart","floor":55,"turns":8}],"seed_played":"9209062632198110661","potions_obtained":[{"floor":1,"key":"SpeedPotion"},{"floor":11,"key":"BlessingOfTheForge"},{"floor":12,"key":"Strength Potion"},{"floor":14,"key":"PowerPotion"},{"floor":16,"key":"Swift Potion"},{"floor":30,"key":"DuplicationPotion"},{"floor":33,"key":"Energy Potion"},{"floor":39,"key":"PowerPotion"},{"floor":42,"key":"DuplicationPotion"},{"floor":46,"key":"SkillPotion"}],"is_trial":false,"path_per_floor":["M","?","M","M","M","R","?","R","T","T","M","M","$","M","R","B",null,"M","?","$","M","M","R","?","R","T","$","?","R","M","?","R","B",null,"M","M","M","?","M","R","$","E","T","$","M","M","R","?","R","B",null,"R","$","E","B"],"character_chosen":"THE_WILD_CARD","items_purchased":["ClockworkSouvenir","StoneCalendar","Boot","theWildCard:Abstinence","theWildCard:MaskChange","theWildCard:Providence","Regal Pillow","theWildCard:Attunement"],"campfire_rested":1,"item_purchase_floors":[13,13,13,13,13,41,41,44],"current_hp_per_floor":[66,66,66,66,66,66,66,66,66,66,57,54,54,55,55,51,66,62,62,62,50,31,50,50,50,50,50,56,56,56,56,56,62,78,78,66,54,54,42,42,42,41,41,41,42,48,48,78,78,17,78,78,78,56,0,0],"gold":93,"neow_bonus":"TEN_PERCENT_HP_BONUS","is_daily":false,"chose_seed":false,"campfire_upgraded":9,"win_rate":0.0,"timestamp":1611090902,"path_taken":["M","?","M","M","?","R","?","R","T","?","M","M","$","M","R","BOSS","M","?","$","M","M","R","?","R","T","$","?","R","M","?","R","BOSS","M","M","M","?","M","R","$","E","T","$","M","M","R","?","R","BOSS","R","$","E","BOSS"],"items_purchased_type":["Relic","Relic","Relic","Card","Card","Card","Relic","Card"],"build_version":"2020-12-22","purchased_purges":0,"victory":false,"max_hp_per_floor":[66,66,66,66,66,66,66,66,66,66,66,66,66,66,66,66,66,66,66,66,66,66,66,66,66,66,66,72,72,72,72,72,72,78,78,78,78,78,78,78,78,78,78,78,78,78,78,78,78,78,78,78,78,92,92,92],"card_choices":[{"not_picked":["theWildCard:ManOfManyFaces","theWildCard:StingingStrike"],"picked":"theWildCard:ArcaneArts","floor":1},{"not_picked":["theWildCard:TheGreatSeal","theWildCard:Proficiency"],"picked":"theWildCard:SacrificialStroke","floor":3},{"not_picked":["theWildCard:SeveringSlash","theWildCard:EnergizedStroke"],"picked":"theWildCard:ArcanaArtistry","floor":4},{"not_picked":["theWildCard:MagicMettle","theWildCard:EnergyTheft"],"picked":"theWildCard:TheArcanaUnleashed","floor":5},{"not_picked":["theWildCard:Alice","theWildCard:Michael"],"picked":"theWildCard:MasterPlan","floor":11},{"not_picked":["theWildCard:StingingStrike","theWildCard:Patience"],"picked":"theWildCard:BladeOfGenerations","floor":12},{"not_picked":["theWildCard:Sakuya","theWildCard:TheArcanaUnleashed"],"picked":"theWildCard:PowerOfTheArcana","floor":14},{"not_picked":["theWildCard:Caesar","theWildCard:Lucifer"],"picked":"theWildCard:FuelForTheFire","floor":16},{"not_picked":["theWildCard:ShieldOfMany+1","theWildCard:Polydeuces"],"picked":"theWildCard:Unburden+1","floor":18},{"not_picked":["theWildCard:StingingStrike","theWildCard:Odin"],"picked":"theWildCard:EnergizedStroke","floor":21},{"not_picked":["theWildCard:PaleRider+1","theWildCard:ArcanaArtistry"],"picked":"theWildCard:MagicMettle","floor":22},{"not_picked":["theWildCard:Unburden","theWildCard:PaleRider"],"picked":"theWildCard:SeveringSlash","floor":30},{"not_picked":["theWildCard:Amaterasu","theWildCard:ChangingDestiny"],"picked":"theWildCard:TheUniverse","floor":33},{"not_picked":["theWildCard:StingingStrike","theWildCard:UnendingRitual+1"],"picked":"theWildCard:ShieldOfMany","floor":35},{"not_picked":["theWildCard:MaskChange+1","theWildCard:ArcaneArts","theWildCard:SeveringSlash"],"picked":"SKIP","floor":36},{"not_picked":["theWildCard:Scathach+1","theWildCard:EnergyTheft","theWildCard:StingingStrike"],"picked":"SKIP","floor":37},{"not_picked":["Impatience","Metamorphosis"],"picked":"Trip","floor":38},{"not_picked":["theWildCard:ArcaneArts+1","theWildCard:Salvation"],"picked":"theWildCard:UnderLockAndKey","floor":39},{"not_picked":["theWildCard:MagicalMight","theWildCard:MaskChange","theWildCard:ShieldOfMany+1"],"picked":"SKIP","floor":42},{"not_picked":["theWildCard:Proficiency+1","theWildCard:PaleRider"],"picked":"theWildCard:PowerOfTheArcana+1","floor":45},{"not_picked":["theWildCard:Salvation","theWildCard:SeveringSlash"],"picked":"theWildCard:SacrificialStroke+1","floor":46},{"not_picked":["theWildCard:Proficiency","theWildCard:BladeOfGenerations","theWildCard:PowerOfTheArcana+1"],"picked":"SKIP","floor":54}],"player_experience":121536,"relics_obtained":[{"floor":9,"key":"Bottled Tornado"},{"floor":10,"key":"Matryoshka"},{"floor":26,"key":"Meat on the Bone"},{"floor":26,"key":"Darkstone Periapt"},{"floor":34,"key":"Omamori"},{"floor":34,"key":"Mummified Hand"},{"floor":34,"key":"Gambling Chip"},{"floor":42,"key":"Centennial Puzzle"},{"floor":43,"key":"Shuriken"},{"floor":54,"key":"Mango"}],"event_choices":[{"damage_healed":0,"gold_gain":0,"player_choice":"1 cards matched","damage_taken":0,"max_hp_gain":0,"max_hp_loss":0,"event_name":"Match and Keep!","floor":2,"gold_loss":0,"cards_obtained":["theWildCard:Providence"]},{"damage_healed":0,"gold_gain":175,"player_choice":"AGREE","damage_taken":0,"max_hp_gain":0,"max_hp_loss":0,"event_name":"Liars Game","floor":7,"gold_loss":0,"cards_obtained":["Doubt"]},{"damage_healed":0,"gold_gain":0,"player_choice":"Simplicity","damage_taken":0,"max_hp_gain":0,"max_hp_loss":0,"event_name":"Back to Basics","floor":19,"gold_loss":0,"cards_upgraded":["theWildCard:BasicStrike","theWildCard:BasicStrike","theWildCard:BasicStrike","theWildCard:BasicStrike","theWildCard:BasicDefend","theWildCard:BasicDefend","theWildCard:BasicDefend","theWildCard:BasicDefend"]},{"damage_healed":0,"gold_gain":0,"player_choice":"Obtained Relic","damage_taken":0,"relics_obtained":["HornCleat"],"max_hp_gain":0,"max_hp_loss":0,"event_name":"Addict","floor":24,"gold_loss":85},{"damage_healed":0,"gold_gain":0,"player_choice":"Opened","damage_taken":0,"relics_obtained":["Lantern"],"max_hp_gain":0,"max_hp_loss":0,"event_name":"The Mausoleum","floor":28,"gold_loss":0,"cards_obtained":["Writhe"]},{"damage_healed":0,"gold_gain":0,"player_choice":"Ignored","damage_taken":0,"max_hp_gain":0,"max_hp_loss":0,"event_name":"Ghosts","floor":31,"gold_loss":0},{"damage_healed":0,"gold_gain":0,"player_choice":"Memory 1","damage_taken":0,"max_hp_gain":0,"max_hp_loss":0,"event_name":"SensoryStone","floor":38,"gold_loss":0},{"damage_healed":30,"gold_gain":0,"player_choice":"Heal","damage_taken":0,"max_hp_gain":0,"max_hp_loss":0,"event_name":"MindBloom","floor":48,"gold_loss":0,"cards_obtained":["Doubt"]}],"is_beta":false,"boss_relics":[{"not_picked":["Runic Dome","Velvet Choker","Busted Crown"]},{"not_picked":["SlaversCollar","Sozu"],"picked":"Calling Bell"}],"items_purged_floors":[],"is_endless":false,"potions_floor_spawned":[1,11,12,14,16,30,33,39,42,46],"killed_by":"The Heart","ascension_level":0}}