{"host":"3498uni0c31c9bdm","time":1611058783,"event":{"mods":["BaseMod","Better Third Choice","Minty Spire (QoL Compilation)","Replay The Spire","StSLib"],"gold_per_floor":[111,122,69,81,97,97,124,157,157,184,199,4,4,35,35,131,131,149,160,160,160,160,160],"floor_reached":22,"language":"ENG","playtime":1467,"items_purged":["Strike_P"],"score":255,"play_id":"07c095f0-de8f-4eef-81ed-356b47d812e7","local_time":"20210119231943","is_ascension_mode":true,"campfire_choices":[{"floor":6,"key":"RECALL"},{"floor":13,"key":"REST"},{"floor":15,"key":"REST"}],"circlet_count":0,"master_deck":["Strike_P","Strike_P","Strike_P","Defend_P","Defend_P","Defend_P","Defend_P","Eruption","Vigilance","TalkToTheHand","Replay:ManipulateFuture","PathToVictory","Replay:Vibes","BowlingBash","ReplayTheSpireMod:Splinters","CarveReality","DevaForm","Nirvana","Fasting2","LikeWater","DeceiveReality","WindmillStrike","WindmillStrike","Bandage Up","SandsOfTime","Crescendo","Pray","Omniscience","CurseOfTheBell","JustLucky","Consecrate+1"],"relics":["PureWater","NeowsBlessing","Ornamental Fan","Ginger","TungstenRod","BargainBundle","InkBottle","Calling Bell","CaptainsWheel","Divine Protection","Bronze Scales"],"acts_visited":["Exordium","TheCity"],"potions_floor_usage":[8,11,11,16,16,22],"damage_taken":[{"damage":0,"enemies":"Cultist","floor":1,"turns":1},{"damage":0,"enemies":"Small Slimes","floor":2,"turns":1},{"damage":0,"enemies":"Jaw Worm","floor":4,"turns":1},{"damage":19,"enemies":"Large Slime","floor":5,"turns":9},{"damage":22,"enemies":"Replay:BlueRogue","floor":8,"turns":8},{"damage":27,"enemies":"Lagavulin","floor":10,"turns":9},{"damage":0,"enemies":"Lots of Slimes","floor":11,"turns":3},{"damage":10,"enemies":"3 Sentries","floor":14,"turns":6},{"damage":24,"enemies":"The Guardian","floor":16,"turns":7},{"damage":44,"enemies":"Chosen","floor":18,"turns":7},{"damage":14,"enemies":"Shell Parasite","floor":19,"turns":8},{"damage":9,"enemies":"Shelled Parasite and Fungi","floor":22,"turns":3}],"seed_played":"1670173876781127037","potions_obtained":[{"floor":4,"key":"GamblersBrew"},{"floor":7,"key":"LiquidMemories"},{"floor":7,"key":"Milkshake"},{"floor":7,"key":"Block Potion"},{"floor":10,"key":"Strength Potion"},{"floor":14,"key":"Dexterity Potion"},{"floor":18,"key":"Block Potion"}],"is_trial":false,"path_per_floor":["M","M","$","M","M","R","?","E","T","E","M","$","R","E","R","B",null,"M","M","?","?","M"],"character_chosen":"WATCHER","items_purchased":["PathToVictory","BargainBundle","LikeWater","DeceiveReality","WindmillStrike","Bandage Up","AttackPotion","BottledMiracle","SandsOfTime","Crescendo","CultistPotion"],"campfire_rested":2,"item_purchase_floors":[3,12,12,12,12,12,12,12,12,12,12],"current_hp_per_floor":[72,72,72,72,53,53,53,31,31,4,4,4,25,19,40,20,59,19,9,9,9,0,0],"gold":160,"neow_bonus":"THREE_ENEMY_KILL","is_daily":false,"chose_seed":false,"campfire_upgraded":0,"win_rate":0.0,"timestamp":1611058783,"path_taken":["M","M","?","M","M","R","?","E","T","E","M","$","R","E","R","BOSS","M","M","?","?","M"],"items_purchased_type":["Card","Relic","Card","Card","Card","Card","Potion","Potion","Card","Card","Potion"],"build_version":"2020-12-22","purchased_purges":1,"victory":false,"max_hp_per_floor":[72,72,72,72,72,72,72,72,72,72,72,72,72,72,72,72,72,72,72,72,72,72,72],"card_choices":[{"not_picked":["FlyingSleeves","FollowUp"],"picked":"TalkToTheHand","floor":1},{"not_picked":["Conclude","Study"],"picked":"Replay:ManipulateFuture","floor":2},{"not_picked":["Replay:BluntJabs","Replay:ManipulateFuture"],"picked":"Replay:Vibes","floor":4},{"not_picked":["Replay:DivineShield","ReachHeaven"],"picked":"BowlingBash","floor":5},{"not_picked":["Replay:Battleflow","FearNoEvil"],"picked":"CarveReality","floor":7},{"not_picked":["Crescendo","ClearTheMind"],"picked":"DevaForm","floor":8},{"not_picked":["Replay:BluntJabs","WreathOfFlame"],"picked":"Nirvana","floor":10},{"not_picked":["BowlingBash","ThirdEye"],"picked":"Fasting2","floor":11},{"not_picked":["Replay:AtTheReady","FlurryOfBlows"],"picked":"Pray","floor":14},{"not_picked":["ConjureBlade","Vault"],"picked":"Omniscience","floor":16},{"not_picked":["ClearTheMind+1","EmptyBody"],"picked":"JustLucky","floor":18},{"not_picked":["DeceiveReality+1","EmptyBody"],"picked":"Consecrate+1","floor":19}],"player_experience":712396,"relics_obtained":[{"floor":8,"key":"Ornamental Fan"},{"floor":9,"key":"Ginger"},{"floor":10,"key":"TungstenRod"},{"floor":14,"key":"InkBottle"},{"floor":17,"key":"CaptainsWheel"},{"floor":17,"key":"Divine Protection"},{"floor":17,"key":"Bronze Scales"}],"event_choices":[{"damage_healed":0,"gold_gain":0,"player_choice":"Ignored","damage_taken":0,"max_hp_gain":0,"max_hp_loss":0,"event_name":"Cursed Tome","floor":20,"gold_loss":0},{"damage_healed":0,"gold_gain":0,"player_choice":"Ignored","damage_taken":0,"max_hp_gain":0,"max_hp_loss":0,"event_name":"Beggar","floor":21,"gold_loss":0}],"is_beta":false,"boss_relics":[{"not_picked":["Coffee Dripper","Philosopher\u0027s Stone"],"picked":"Calling Bell"}],"items_purged_floors":[12],"is_endless":false,"potions_floor_spawned":[4,10,14,18],"killed_by":"Shelled Parasite and Fungi","ascension_level":5}}