{"host":"a49aoqbkajnlmy9c","time":1611045485,"event":{"mods":["100% Spire Juice","2.2 Compatiblity","AchievementEnabler","Act Like it!","AlwaysNeverKeys","Arknights The Spire","BaseMod","Better Match","BetterRewards","Block Reminder","Colored Map","Colored Powertips","Downfall","Emptier Cage","Friendly Minions","Gensokyo","GifTheSpireLib","Gremlin Skip","Halation","HololiveMod","Hubris","Hyrulean Relics","Infinite Spire","Ironclad Rager","Minty Spire (QoL Compilation)","Prisma Mod","Quarter Circle Forward PUNCH!","Quick Restart","Random Character Button","Relic Filter","Reorder Act Four","StSLib","The Alterego","The Animator","Transform Curses","Treasure Hunter","Unceasing Turn Reminder","Useless Jewels Mod","Virulent Crown","Waifu the Spire","WarShipGirlsR/????R mod","Yakumo Yukari mod"],"gold_per_floor":[81,81,181,196,196,221,221,236,281,281,300,16,16,0,0,100,100,114,114,114,129,129,129,141,141,141],"floor_reached":25,"language":"ENG","playtime":2200,"items_purged":[],"score":224,"play_id":"3251e41c-1b5a-4c37-b34f-bd4faab28a39","local_time":"20210119033805","is_ascension_mode":false,"campfire_choices":[{"data":"Hololive_CallYozoraMel","floor":7,"key":"SMITH"},{"data":"Hololive_CallShiranuiFlare","floor":10,"key":"SMITH"},{"data":"Hololive_CallNakiriAyame","floor":13,"key":"SMITH"},{"data":"Hololive_CallAyundaRisu","floor":15,"key":"SMITH"},{"data":"Hololive_Yoholoon","floor":23,"key":"SMITH"}],"circlet_count":0,"master_deck":["Hololive_Strike","Hololive_Strike","Hololive_Defend","Hololive_Defend","Hololive_Sequa","Hololive_CallFriendA","Hololive_CallYozoraMel+1","Hololive_CallShiranuiFlare+1","Hololive_CallRosalyn","Hololive_CallAiraniIofifteen","Hololive_CallMomosuzuNene+7","Hololive_CallNakiriAyame+1","Hololive_CallYukihanaLamy","Hololive_CocoNews","Hololive_StrengthChampion","Hololive_Drill","Gensokyo:BlemishedSteel","Gensokyo:MysteriousEgg","Hololive_CallAyundaRisu+1","Hololive_StarCraft","Hololive_Rebirth+1","Hololive_AWSL","animator:Tyuule","animator:DolaSchwi","Sword Boomerang","Shrug It Off","Hololive_Breathe","Hololive_CallOkamiMio+1","Hololive_Yoholoon+1","infinitespire:NeuralNetwork","Hololive_AWSL","Hololive_CallMurasakiShion"],"relics":["Hololive_TheStar","Matryoshka","halation:PromiseList","halation:BottledLove","infinitespire:PuzzleCube","qcfpunch:Killian_Engine_Alpha","Gensokyo:ConquerorOfFear","infinitespire:Golems Mask"],"acts_visited":["Gensokyo:Gensokyo","Gensokyo:Gensokyoer"],"potions_floor_usage":[],"damage_taken":[{"damage":0,"enemies":"Gensokyo:3_Fairies","floor":1,"turns":5},{"damage":1,"enemies":"Gensokyo:2_Kodama","floor":4,"turns":4},{"damage":0,"enemies":"Gensokyo:Aya","floor":6,"turns":7},{"damage":0,"enemies":"Gensokyo:Python","floor":8,"turns":3},{"damage":0,"enemies":"Gensokyo:2_Rabbits","floor":11,"turns":4},{"damage":16,"enemies":"Gensokyo:Reimu","floor":16,"turns":16},{"damage":0,"enemies":"Gensokyo:AngelMirror","floor":18,"turns":3},{"damage":2,"enemies":"Gensokyo:CosmicMonolith","floor":21,"turns":6},{"damage":27,"enemies":"Gensokyo:Wraith","floor":24,"turns":5},{"damage":14,"enemies":"Gensokyo:Slime_Group","floor":25,"turns":2}],"seed_played":"211052256436057991","potions_obtained":[{"floor":16,"key":"Fire Potion"}],"is_trial":false,"path_per_floor":["M","?","?","M","T","E","R","M","T","R","M","COS","R","?","R","B",null,"M","?","?","M","?","R","M","M"],"character_chosen":"Hololive_HololiveCharacter","items_purchased":[],"campfire_rested":0,"item_purchase_floors":[],"current_hp_per_floor":[35,35,35,34,34,34,34,35,35,35,35,35,35,35,35,35,35,36,36,36,37,28,28,7,0,0],"gold":141,"neow_bonus":"TRANSFORM_CARD","is_daily":false,"chose_seed":false,"campfire_upgraded":5,"win_rate":0.0,"timestamp":1611045485,"path_taken":["M","?","?","M","?","E","R","M","T","R","M","COS","R","?","R","BOSS","M","?","?","M","?","R","?","M"],"items_purchased_type":[],"build_version":"2020-12-22","purchased_purges":0,"victory":false,"max_hp_per_floor":[35,35,35,35,35,35,35,35,35,35,35,35,35,35,35,35,35,36,36,36,37,37,37,38,40,40],"card_choices":[{"not_picked":["Hololive_HuntDinosaur","Hololive_RevenueBasedLive","Hololive_Sequa"],"picked":"Hololive_CallAiraniIofifteen","floor":1},{"not_picked":["Hololive_CallOzoraSubaru","Hololive_CocoNews","Hololive_RevenueBasedLive"],"picked":"Hololive_CallMomosuzuNene","floor":2},{"not_picked":["Hololive_HuntDinosaur","Hololive_Watashimo","Hololive_Breathe"],"picked":"Hololive_CallNakiriAyame","floor":2},{"not_picked":["Hololive_Drill","Hololive_CallYuzukiChoco","Hololive_LuckPotion"],"picked":"Hololive_CallYukihanaLamy","floor":4},{"not_picked":["TH:PixieDust","TH:TreasureMap","TH:ElvenBoots"],"picked":"SKIP","floor":5},{"not_picked":["Hololive_Trident","Hololive_CallUruhaRushia","Hololive_CallShiranuiFlare"],"picked":"Hololive_CocoNews","floor":6},{"not_picked":["TH:TreasureMap","TH:CursedSword"],"picked":"TH:BikiniMail","floor":6},{"not_picked":["Hololive_Drill","Hololive_Psychosis","Hololive_FlyingPonyTail"],"picked":"Hololive_StrengthChampion","floor":8},{"not_picked":["TH:DeckOfManyThings","TH:ArmorSpikes"],"picked":"TH:BikiniMail","floor":9},{"not_picked":["Hololive_Trident","Hololive_HuntDinosaur","Hololive_SoulCatcher"],"picked":"Hololive_Drill","floor":11},{"not_picked":[],"picked":"Hololive_CallAyundaRisu","floor":14},{"not_picked":[],"picked":"Hololive_Rebound","floor":14},{"not_picked":[],"picked":"Hololive_StarCraft","floor":14},{"not_picked":["Hololive_Recruit+1","Hololive_AWSL","Hololive_HighAtkLowDef+1"],"picked":"Hololive_Rebirth+1","floor":16},{"not_picked":["Hololive_Rebirth","Hololive_Nanodesu","Hololive_BeCareful"],"picked":"Hololive_AWSL","floor":16},{"not_picked":["Hololive_CallNekomataOkayu","Hololive_CallAZKi","Hololive_Psychosis"],"picked":"Hololive_Breathe","floor":18},{"not_picked":["Hololive_CallHimemoriLuna+1","Hololive_CallMomosuzuNene+1","Hololive_CallNakiriAyame+1"],"picked":"Hololive_CallOkamiMio+1","floor":19},{"not_picked":["Hololive_Drill","Hololive_CallMomosuzuNene+2","Hololive_RevenueBasedLive"],"picked":"Hololive_Yoholoon","floor":21},{"not_picked":["infinitespire:FutureSight","infinitespire:Starlight"],"picked":"infinitespire:NeuralNetwork","floor":22},{"not_picked":["Hololive_DDD","Hololive_Thief","Hololive_WolfAndLamb"],"picked":"Hololive_AWSL","floor":24},{"not_picked":["Hololive_CallUruhaRushia+1","Hololive_CallKiryuuCoco","Hololive_Trident+1"],"picked":"Hololive_CallMurasakiShion","floor":24}],"player_experience":497713,"relics_obtained":[{"floor":5,"key":"Matryoshka"},{"floor":6,"key":"halation:PromiseList"},{"floor":9,"key":"halation:BottledLove"},{"floor":9,"key":"infinitespire:PuzzleCube"},{"floor":21,"key":"Gensokyo:ConquerorOfFear"}],"event_choices":[{"damage_healed":0,"gold_gain":0,"player_choice":"2","damage_taken":0,"max_hp_gain":0,"max_hp_loss":0,"event_name":"betterMatch:BetterMatch","floor":19,"gold_loss":0,"cards_obtained":["betterMatch:UncommonCard"]}],"is_beta":false,"boss_relics":[{"not_picked":["halation:Prosthetics","qcfpunch:Dark_Gi"],"picked":"qcfpunch:Killian_Engine_Alpha"}],"items_purged_floors":[],"is_endless":false,"potions_floor_spawned":[4,16,24],"killed_by":"Gensokyo:Slime_Group","ascension_level":0}}