{"host":"q387i5o1hp66091u","time":1611047753,"event":{"mods":["2.2 Compatiblity","BaseMod","Minty Spire (QoL Compilation)","Rare Cards Sparkle"],"gold_per_floor":[10,10,10,27,45,45,72,90,90,107,127,142,142,177,189,298,310,339,230,241,257,267,267,277,277,302,318,318,318,318,348,348,450,450,470,220,234,249,249,249,274,274,274,274,274],"floor_reached":44,"language":"JPN","playtime":1992,"items_purged":["Strike_R","Strike_R"],"score":678,"play_id":"31081267-478c-4851-8557-f24e37bc3b88","local_time":"20210119181553","is_ascension_mode":true,"campfire_choices":[{"data":"Metallicize","floor":6.0,"key":"SMITH"},{"data":"Infernal Blade","floor":13.0,"key":"SMITH"},{"floor":15.0,"key":"REST"},{"data":"Armaments","floor":23.0,"key":"SMITH"},{"floor":25.0,"key":"REST"},{"floor":30.0,"key":"REST"},{"floor":32.0,"key":"REST"},{"data":"Armaments","floor":40.0,"key":"SMITH"},{"floor":42,"key":"REST"}],"circlet_count":0,"master_deck":["Strike_R","Strike_R","Defend_R","Defend_R","Defend_R","Defend_R","Bash","Mayhem+1","Heavy Blade","Uppercut","Metallicize+1","Uppercut","Flex","Infernal Blade+1","Iron Wave","Fire Breathing","Power Through","Sentinel","Bludgeon","Carnage+1","True Grit","Armaments+1","Disarm+1","Fire Breathing","Flex","Rupture","Flex+1","Juggernaut","Combust+1","Metallicize","Double Tap","Heavy Blade+1","Perfected Strike","Twin Strike+1","Armaments+1","Fire Breathing","Iron Wave+1"],"relics":["Black Blood","Mummified Hand","StrikeDummy","MawBank","Mark of Pain","Lantern","Bronze Scales","Orrery","Kunai","Prayer Wheel"],"acts_visited":["Exordium","TheCity","TheBeyond"],"potions_floor_usage":[41,41,41],"damage_taken":[{"damage":1.0,"enemies":"Cultist","floor":1.0,"turns":4.0},{"damage":7.0,"enemies":"2 Louse","floor":4.0,"turns":3.0},{"damage":7.0,"enemies":"Jaw Worm","floor":5.0,"turns":4.0},{"damage":10.0,"enemies":"Lagavulin","floor":7.0,"turns":7.0},{"damage":12.0,"enemies":"Blue Slaver","floor":8.0,"turns":4.0},{"damage":4.0,"enemies":"Lots of Slimes","floor":10.0,"turns":3.0},{"damage":7.0,"enemies":"2 Fungi Beasts","floor":11.0,"turns":3.0},{"damage":8.0,"enemies":"3 Louse","floor":12.0,"turns":3.0},{"damage":15.0,"enemies":"3 Sentries","floor":14.0,"turns":6.0},{"damage":0.0,"enemies":"Slime Boss","floor":16.0,"turns":9.0},{"damage":11.0,"enemies":"Shell Parasite","floor":18.0,"turns":5.0},{"damage":9.0,"enemies":"2 Thieves","floor":20.0,"turns":4.0},{"damage":32.0,"enemies":"Shelled Parasite and Fungi","floor":21.0,"turns":5.0},{"damage":22.0,"enemies":"Centurion and Healer","floor":22.0,"turns":4.0},{"damage":10.0,"enemies":"Snake Plant","floor":24.0,"turns":3.0},{"damage":3.0,"enemies":"Cultist and Chosen","floor":27.0,"turns":5.0},{"damage":39.0,"enemies":"Gremlin Leader","floor":31.0,"turns":6.0},{"damage":58.0,"enemies":"Champ","floor":33.0,"turns":10.0},{"damage":0.0,"enemies":"Orb Walker","floor":35.0,"turns":2.0},{"damage":35.0,"enemies":"3 Darklings","floor":37.0,"turns":6.0},{"damage":14.0,"enemies":"4 Shapes","floor":38.0,"turns":6.0},{"damage":43,"enemies":"Reptomancer","floor":41,"turns":7},{"damage":65,"enemies":"Transient","floor":44,"turns":4}],"seed_played":"4954014916471461355","potions_obtained":[{"floor":4.0,"key":"DuplicationPotion"},{"floor":8.0,"key":"Weak Potion"},{"floor":11.0,"key":"FearPotion"},{"floor":21.0,"key":"LiquidMemories"},{"floor":22.0,"key":"Fire Potion"},{"floor":29.0,"key":"Regen Potion"},{"floor":29.0,"key":"EntropicBrew"},{"floor":29.0,"key":"Regen Potion"},{"floor":33.0,"key":"ColorlessPotion"},{"floor":37.0,"key":"DistilledChaos"},{"floor":41,"key":"SteroidPotion"}],"is_trial":false,"path_per_floor":["M","?","?","M","M","R","E","M","T","M","M","M","R","E","R","B",null,"M","$","M","M","M","R","M","R","T","M","?","?","R","E","R","B",null,"M","$","M","M","?","R","E","R","T","M"],"character_chosen":"IRONCLAD","items_purchased":["True Grit","Orrery"],"campfire_rested":5,"item_purchase_floors":[19,36],"current_hp_per_floor":[80,80,80,79,78,78,74,68,68,70,69,67,67,58,80,80,80,75,75,72,46,30,30,26,50,50,53,38,38,63,45,70,33,72,84,84,61,59,59,59,28,53,53,0,0],"gold":274,"neow_bonus":"RANDOM_COLORLESS_2","is_daily":false,"chose_seed":false,"campfire_upgraded":4,"win_rate":0.0,"timestamp":1611047753,"path_taken":["M","?","?","M","M","R","E","M","T","M","M","?","R","E","R","BOSS","M","$","M","M","M","R","M","R","T","M","?","?","R","E","R","BOSS","M","$","?","M","?","R","E","R","T","M"],"items_purchased_type":["Card","Relic"],"build_version":"2020-12-22","purchased_purges":2,"victory":false,"max_hp_per_floor":[80,80,80,80,80,80,80,80,80,80,80,80,80,80,80,80,80,80,80,80,80,80,80,80,80,80,80,85,85,85,85,85,85,85,85,85,85,85,85,85,85,85,85,85,85],"card_choices":[{"not_picked":["Magnetism","Thinking Ahead"],"picked":"Mayhem","floor":0.0},{"not_picked":["Sword Boomerang","Wild Strike"],"picked":"Heavy Blade","floor":1.0},{"not_picked":["Evolve","Rampage"],"picked":"Metallicize","floor":4.0},{"not_picked":["Wild Strike","Pommel Strike"],"picked":"Uppercut","floor":5.0},{"not_picked":["Body Slam","Havoc"],"picked":"Flex","floor":7.0},{"not_picked":["Heavy Blade","Entrench"],"picked":"Infernal Blade","floor":8.0},{"not_picked":["Pommel Strike","Entrench"],"picked":"Iron Wave","floor":10.0},{"not_picked":["Sever Soul","Twin Strike"],"picked":"Fire Breathing","floor":11.0},{"not_picked":["Hemokinesis","Thunderclap"],"picked":"Power Through","floor":12.0},{"not_picked":["Clash","True Grit"],"picked":"Sentinel","floor":14.0},{"not_picked":["Limit Break","Brutality"],"picked":"Bludgeon","floor":16.0},{"not_picked":["Twin Strike","Shrug It Off"],"picked":"Carnage+1","floor":18.0},{"not_picked":["Heavy Blade","Wild Strike+1"],"picked":"Armaments","floor":20.0},{"not_picked":["Iron Wave","Blood for Blood"],"picked":"Disarm+1","floor":21.0},{"not_picked":["Sword Boomerang","Headbutt"],"picked":"Fire Breathing","floor":22.0},{"not_picked":["Blood for Blood","Perfected Strike"],"picked":"Flex","floor":24.0},{"not_picked":["Wild Strike+1","Havoc+1"],"picked":"Rupture","floor":27.0},{"not_picked":["Anger+1","Clash"],"picked":"Flex+1","floor":31.0},{"not_picked":["Feed","Bludgeon"],"picked":"Juggernaut","floor":33.0},{"not_picked":["Rupture+1","Sever Soul+1"],"picked":"Combust+1","floor":35.0},{"not_picked":["Impervious","True Grit+1"],"picked":"Metallicize","floor":36.0},{"not_picked":["Wild Strike+1","Havoc+1"],"picked":"Double Tap","floor":36.0},{"not_picked":["Clash","Cleave"],"picked":"Heavy Blade+1","floor":36.0},{"not_picked":["Pommel Strike","Havoc+1"],"picked":"Perfected Strike","floor":36.0},{"not_picked":["Warcry+1","Hemokinesis+1"],"picked":"Twin Strike+1","floor":36.0},{"not_picked":["Clash+1","Warcry+1"],"picked":"Armaments","floor":37.0},{"not_picked":["Perfected Strike","Carnage"],"picked":"Fire Breathing","floor":38.0},{"not_picked":["Twin Strike","Flex"],"picked":"Iron Wave+1","floor":41}],"player_experience":599688,"relics_obtained":[{"floor":7.0,"key":"Mummified Hand"},{"floor":9.0,"key":"StrikeDummy"},{"floor":14.0,"key":"MawBank"},{"floor":26.0,"key":"Lantern"},{"floor":31.0,"key":"Bronze Scales"},{"floor":41,"key":"Kunai"},{"floor":43,"key":"Prayer Wheel"}],"event_choices":[{"damage_healed":0.0,"max_hp_gain":0.0,"max_hp_loss":0.0,"gold_gain":0.0,"event_name":"Living Wall","player_choice":"Grow","floor":2.0,"gold_loss":0.0,"damage_taken":0.0,"cards_upgraded":["Mayhem"]},{"damage_healed":0.0,"max_hp_gain":0.0,"max_hp_loss":0.0,"gold_gain":0.0,"cards_transformed":["Strike_R"],"event_name":"Transmorgrifier","player_choice":"Transformed","floor":3.0,"gold_loss":0.0,"damage_taken":0.0,"cards_obtained":["Uppercut"]},{"damage_healed":0.0,"max_hp_gain":5.0,"max_hp_loss":0.0,"gold_gain":0.0,"event_name":"Forgotten Altar","player_choice":"Shed Blood","floor":28.0,"gold_loss":0.0,"damage_taken":20.0},{"damage_healed":0.0,"max_hp_gain":0.0,"max_hp_loss":0.0,"gold_gain":0.0,"event_name":"Lab","player_choice":"Got Potions","floor":29.0,"gold_loss":0.0,"damage_taken":0.0},{"damage_healed":0.0,"max_hp_gain":0.0,"max_hp_loss":0.0,"gold_gain":0.0,"event_name":"Tomb of Lord Red Mask","player_choice":"Ignored","floor":39.0,"gold_loss":0.0,"damage_taken":0.0}],"is_beta":false,"boss_relics":[{"not_picked":["Empty Cage","Runic Pyramid"],"picked":"Mark of Pain"},{"not_picked":["Black Star","Velvet Choker"],"picked":"Black Blood"}],"items_purged_floors":[19,36],"is_endless":false,"potions_floor_spawned":[4,8,11,12,14,21,22,33,37,41],"killed_by":"Transient","ascension_level":5}}