{"host":"opgesw7sb5n0ordz","time":1611039992,"event":{"mods":["BaseMod","Better Note","Colored Powertips","Minty Spire (QoL Compilation)","Relic Stats","Shedinja","StSLib","Unceasing Turn Reminder"],"gold_per_floor":[116,132,151,101,117,117,150,150,175,175,219,240,240,254,254,382,382,395,395,345,359,359,359,359],"floor_reached":23,"language":"ENG","playtime":716,"items_purged":[],"score":356,"play_id":"5637df7e-f3b8-48d7-8a9f-85703cbfcf2e","local_time":"20210119020632","is_ascension_mode":true,"campfire_choices":[{"data":"Shedinja:WillOWisp","floor":6.0,"key":"SMITH"},{"data":"Shedinja:FocusSash","floor":13.0,"key":"SMITH"},{"data":"Shedinja:XScissor","floor":15.0,"key":"SMITH"}],"circlet_count":0,"master_deck":["Shedinja:Endure","Shedinja:Endure","Shedinja:Endure","Shedinja:Endure","Shedinja:Endure","Shedinja:FocusSash+1","Shedinja:FocusSash","Shedinja:NightSlash","Shedinja:Absorb","Shedinja:WillOWisp+1","Shedinja:FinalGambit","Shedinja:ShadowBall","Shedinja:XScissor+1","Shedinja:Round","Shedinja:Absorb","Shedinja:PhantomForce","Shedinja:Mimic","Shedinja:Toxic","Shedinja:StruggleBug+1","Bite","Bite","Bite","Bite","Bite","Shedinja:Round+1","Writhe"],"relics":["Shedinja:WonderGuard","NeowsBlessing","Smiling Mask","Golden Idol","Oddly Smooth Stone","Juzu Bracelet","Black Star","Art of War","Question Card"],"acts_visited":["Exordium","TheCity"],"potions_floor_usage":[23,23],"damage_taken":[{"damage":0.0,"enemies":"Cultist","floor":1.0,"turns":1.0},{"damage":0.0,"enemies":"2 Louse","floor":2.0,"turns":1.0},{"damage":0.0,"enemies":"Small Slimes","floor":3.0,"turns":1.0},{"damage":0.0,"enemies":"Looter","floor":5.0,"turns":3.0},{"damage":0.0,"enemies":"Gremlin Nob","floor":7.0,"turns":5.0},{"damage":0.0,"enemies":"Lagavulin","floor":11.0,"turns":5.0},{"damage":0.0,"enemies":"Exordium Thugs","floor":12.0,"turns":5.0},{"damage":0.0,"enemies":"Large Slime","floor":14.0,"turns":4.0},{"damage":0.0,"enemies":"The Guardian","floor":16.0,"turns":10.0},{"damage":0.0,"enemies":"Chosen","floor":18.0,"turns":6.0},{"damage":0.0,"enemies":"Spheric Guardian","floor":21.0,"turns":1.0},{"damage":9,"enemies":"Gremlin Leader","floor":23,"turns":5}],"seed_played":"6103669986666834374","potions_obtained":[{"floor":2.0,"key":"ColorlessPotion"},{"floor":3.0,"key":"Swift Potion"},{"floor":12.0,"key":"CultistPotion"},{"floor":14.0,"key":"SpeedPotion"},{"floor":16.0,"key":"GamblersBrew"}],"is_trial":false,"path_per_floor":["M","M","M","?","M","R","E","?","T","?","E","M","R","M","R","B",null,"M","?","?","M","?","E"],"character_chosen":"THE_DEFAULT","items_purchased":[],"campfire_rested":0,"item_purchase_floors":[],"current_hp_per_floor":[1,1,1,1,1,1,1,1,1,1,1,1,1,1,1,1,1,1,1,1,1,1,0,0],"gold":359,"neow_bonus":"THREE_ENEMY_KILL","is_daily":false,"chose_seed":false,"campfire_upgraded":3,"win_rate":0.0,"timestamp":1611039992,"path_taken":["M","M","?","?","M","R","E","?","T","?","E","M","R","M","R","BOSS","M","?","?","M","?","E"],"items_purchased_type":[],"build_version":"2020-12-22","purchased_purges":0,"victory":false,"max_hp_per_floor":[1,1,1,1,1,1,1,1,1,1,1,1,1,1,1,1,1,1,1,1,1,1,1,1],"relic_stats":{"counters":[12,47],"Golden Idol":48,"Juzu Bracelet":1,"Black Star":0,"Art of War":[0],"Smiling Mask":0,"Question Card":0,"obtain_stats":[{"NeowsBlessing":0,"Golden Idol":8,"Oddly Smooth Stone":9,"Shedinja:WonderGuard":0,"Juzu Bracelet":11,"Black Star":17,"Art of War":20,"Smiling Mask":7,"Question Card":22},{"NeowsBlessing":0,"Golden Idol":5,"Oddly Smooth Stone":5,"Shedinja:WonderGuard":0,"Juzu Bracelet":6,"Black Star":9,"Art of War":10,"Smiling Mask":5,"Question Card":11},{"NeowsBlessing":0,"Golden Idol":11,"Oddly Smooth Stone":11,"Shedinja:WonderGuard":0,"Juzu Bracelet":16,"Black Star":35,"Art of War":41,"Smiling Mask":11,"Question Card":42}]},"card_choices":[{"not_picked":["Shedinja:SafetyGoggles","Shedinja:Facade"],"picked":"Shedinja:NightSlash","floor":1.0},{"not_picked":["Shedinja:SuckerPunch","Shedinja:Ether"],"picked":"Shedinja:Absorb","floor":2.0},{"not_picked":["Shedinja:HoneClaws","Shedinja:ShadowClaw"],"picked":"Shedinja:WillOWisp","floor":3.0},{"not_picked":["Shedinja:FurySwipes","Shedinja:ConfuseRay"],"picked":"Shedinja:ShadowBall","floor":5.0},{"not_picked":["Shedinja:Substitute","Shedinja:ShadowClaw"],"picked":"Shedinja:XScissor","floor":7.0},{"not_picked":["Shedinja:Ether","Shedinja:SuckerPunch"],"picked":"Shedinja:Absorb","floor":11.0},{"not_picked":["Shedinja:PowerBracer","Shedinja:Facade"],"picked":"Shedinja:PhantomForce","floor":12.0},{"not_picked":["Shedinja:GigaDrain","Shedinja:Thief"],"picked":"Shedinja:Mimic","floor":14.0},{"not_picked":["Shedinja:PhantomForce","Shedinja:Substitute"],"picked":"Shedinja:Toxic","floor":16.0},{"not_picked":["Shedinja:MindReader","Shedinja:ShadowSneak"],"picked":"Shedinja:StruggleBug+1","floor":18.0},{"not_picked":["Shedinja:WillOWisp","Shedinja:Mimic"],"picked":"Shedinja:Round+1","floor":21.0}],"player_experience":689862,"relics_obtained":[{"floor":7.0,"key":"Smiling Mask"},{"floor":9.0,"key":"Oddly Smooth Stone"},{"floor":11.0,"key":"Juzu Bracelet"}],"event_choices":[{"damage_healed":0.0,"max_hp_gain":0.0,"max_hp_loss":0.0,"gold_gain":0.0,"event_name":"Golden Idol","player_choice":"Take Damage","floor":8.0,"gold_loss":0.0,"damage_taken":0.0,"relics_obtained":["Golden Idol"]},{"damage_healed":0.0,"max_hp_gain":0.0,"max_hp_loss":0.0,"gold_gain":0.0,"cards_transformed":["Shedinja:Scratch"],"event_name":"Transmorgrifier","player_choice":"Transformed","floor":10.0,"gold_loss":0.0,"damage_taken":0.0,"cards_obtained":["Shedinja:Round"]},{"damage_healed":0.0,"max_hp_gain":0.0,"max_hp_loss":0.0,"gold_gain":0.0,"event_name":"Vampires","player_choice":"Became a vampire","floor":19.0,"gold_loss":0.0,"damage_taken":0.0,"cards_obtained":["Bite","Bite","Bite","Bite","Bite"]},{"damage_healed":0.0,"max_hp_gain":0.0,"max_hp_loss":0.0,"gold_gain":0.0,"event_name":"WeMeetAgain","player_choice":"Paid Gold","floor":20.0,"gold_loss":50.0,"damage_taken":0.0,"relics_obtained":["Art of War"]},{"damage_healed":0.0,"max_hp_gain":0.0,"max_hp_loss":0.0,"gold_gain":0.0,"event_name":"The Mausoleum","player_choice":"Opened","floor":22.0,"gold_loss":0.0,"damage_taken":0.0,"relics_obtained":["Question Card"],"cards_obtained":["Writhe"]}],"is_beta":false,"boss_relics":[{"not_picked":["Empty Cage","Fusion Hammer"],"picked":"Black Star"}],"items_purged_floors":[],"is_endless":false,"potions_floor_spawned":[2,3,12,14,16],"killed_by":"Gremlin Leader","ascension_level":2}}