{"host":"idjwbq71yrpkph1r","time":1611021083,"event":{"mods":["Alarm Clock","BaseMod","Better Third Choice","Block Reminder","Colored Map","Colored Powertips","Conspire","Hubris","Mimic Mod","Minty Spire (QoL Compilation)","Rare Cards Sparkle","StSLib","The Bladedancer","The Blue Laboratory","Waifu the Spire","everything is the same but u backflip on backflip"],"gold_per_floor":[114,114,127,127,145,145,145,176,214,214,258,130,146,4,4,132,132,151,151,151,151,251,251,282,282,330,353,353,396,409,432,432,555,555,573,596,614,674,674,709,809,849,849,862,552,588,588,602,602,602,602,602,100,140,140],"floor_reached":56,"language":"ENG","playtime":6611,"items_purged":["blademaster:Strike","blademaster:Defend","blademaster:Strike","blademaster:Strike"],"score":1356,"play_id":"fb5541ec-897b-4b90-80aa-6e9e1e0ffc07","local_time":"20210119025123","is_ascension_mode":false,"campfire_choices":[{"data":"blademaster:HighVoltage","floor":6,"key":"SMITH"},{"data":"blademaster:Bloodbath","floor":10,"key":"SMITH"},{"data":"conspire:Banana","floor":15,"key":"SMITH"},{"floor":23,"key":"REST"},{"data":"RitualDagger","floor":25,"key":"SMITH"},{"floor":28,"key":"REST"},{"floor":32,"key":"RECALL"},{"data":"hubris:DuctTapeCard","floor":47,"key":"SMITH"},{"data":"hubris:DuctTapeCard+4","floor":49,"key":"SMITH"},{"data":"blademaster:DragonStrike","floor":52,"key":"SMITH"}],"circlet_count":0,"master_deck":["Genetic Algorithm","blademaster:Strike","blademaster:Defend","blademaster:Defend+1","blademaster:Defend+1","blademaster:RagingBlow","blademaster:HighVoltage+1","blademaster:Flurry","blademaster:BloodyBlow","blademaster:Bloodbath+1","blademaster:LightningCrash","blademaster:Vortex","blademaster:FuriousStrike","blademaster:ThreePointStrike","blademaster:Thrust","blademaster:ThunderingOpener","blademaster:Safeguard","blademaster:Discharge","blademaster:Safeguard","blademaster:AncestralHealing+1","blademaster:AwakeningDefend+1","blademaster:StanceMastery","blademaster:Stormstrike+1","blademaster:AwakeningDefend","blademaster:StanceMastery","blademaster:KiBarrier+1","blademaster:ThunderSlash+1","blademaster:ColdBlood","hubris:DuctTapeCard+6","hubris:NaturalOne","blademaster:BladeCross+1","blademaster:Discharge+1","blademaster:DragonStrike+1","blademaster:Stability","blademaster:StanceMastery"],"relics":["blademaster:DancersAmulet","Golden Idol","FaceOfCleric","Smiling Mask","hubris:SlimyHat","War Paint","hubris:RunicObelisk","HornCleat","Question Card","hubris:FruitBowl","hubris:EvacipatedBox","PreservedInsect","Orichalcum","Philosopher\u0027s Stone","Ice Cream","hubris:Icosahedron","conspire:InfiniteJournal","conspire:DeflatedDodgeball","hubris:DuctTape","Kunai","Du-Vu Doll","Sling","InkBottle","Art of War"],"acts_visited":["Exordium","TheCity","TheBeyond","TheEnding"],"potions_floor_usage":[24,55,55,55],"damage_taken":[{"damage":0,"enemies":"Small Slimes","floor":1,"turns":4},{"damage":0,"enemies":"Cultist","floor":3,"turns":2},{"damage":0,"enemies":"2 Louse","floor":5,"turns":3},{"damage":11,"enemies":"Lagavulin","floor":8,"turns":8},{"damage":2,"enemies":"Large Slime","floor":9,"turns":8},{"damage":21,"enemies":"3 Sentries","floor":11,"turns":7},{"damage":0,"enemies":"Large Slime","floor":13,"turns":6},{"damage":32,"enemies":"The Guardian","floor":16,"turns":9},{"damage":0,"enemies":"Chosen","floor":18,"turns":3},{"damage":7,"enemies":"Gremlin Leader","floor":24,"turns":6},{"damage":0,"enemies":"Spheric Guardian","floor":26,"turns":4},{"damage":29,"enemies":"Spheric Guardian","floor":27,"turns":6},{"damage":0,"enemies":"conspire:Head Lice","floor":29,"turns":5},{"damage":12,"enemies":"Shelled Parasite and Fungi","floor":30,"turns":5},{"damage":2,"enemies":"Centurion and Healer","floor":31,"turns":7},{"damage":83,"enemies":"Collector","floor":33,"turns":9},{"damage":5,"enemies":"Orb Walker","floor":35,"turns":4},{"damage":0,"enemies":"3 Shapes","floor":36,"turns":3},{"damage":28,"enemies":"Sphere and 2 Shapes","floor":37,"turns":9},{"damage":73,"enemies":"2 Orb Walkers","floor":38,"turns":7},{"damage":30,"enemies":"Giant Head","floor":40,"turns":8},{"damage":45,"enemies":"Reptomancer","floor":42,"turns":7},{"damage":0,"enemies":"Transient","floor":44,"turns":5},{"damage":9,"enemies":"Giant Head","floor":46,"turns":5},{"damage":0,"enemies":"Jaw Worm Horde","floor":48,"turns":4},{"damage":67,"enemies":"conspire:OrnateMirror","floor":50,"turns":8},{"damage":18,"enemies":"Shield and Spear","floor":54,"turns":4},{"damage":66,"enemies":"The Heart","floor":55,"turns":7}],"seed_played":"8632745710028807505","potions_obtained":[{"floor":1,"key":"BlessingOfTheForge"},{"floor":3,"key":"Weak Potion"},{"floor":8,"key":"blueLaboratory:FruitPunch"},{"floor":27,"key":"BlessingOfTheForge"},{"floor":30,"key":"blueLaboratory:SavagePotion"},{"floor":48,"key":"blueLaboratory:EnragingPotion"}],"is_trial":false,"path_per_floor":["M","?","M","?","M","R","?","E","MIM","R","E","$","M","$","R","B",null,"M","?","?","$","?","R","E","R","MIM","M","R","E","M","M","R","B",null,"M","M","M","?","?","E","?","E","T","M","$","E","R","M","R","B",null,"R","$","E","B",null],"character_chosen":"THE_BLADEMASTER","items_purchased":["blademaster:Vortex","conspire:Banana","HornCleat","Question Card","hubris:FruitBowl","hubris:EvacipatedBox","Kunai","Sling","InkBottle","blademaster:Stability"],"campfire_rested":2,"item_purchase_floors":[12,14,21,21,21,21,45,53,53,53],"current_hp_per_floor":[82,87,87,81,81,81,81,71,70,70,50,50,51,51,51,22,88,91,91,85,15,15,42,42,42,46,21,52,56,54,96,96,23,122,126,127,126,63,63,107,107,104,104,114,114,115,115,126,126,72,163,163,163,158,105],"gold":140,"neow_bonus":"TEN_PERCENT_HP_BONUS","is_daily":false,"chose_seed":false,"campfire_upgraded":7,"win_rate":0.0,"timestamp":1611021083,"path_taken":["M","?","M","?","M","R","?","E","MIM","R","E","$","M","?","R","BOSS","M","?","?","?","?","R","E","R","MIM","?","R","E","M","M","R","BOSS","M","M","M","?","?","E","?","E","T","M","$","E","R","M","R","BOSS","R","$","E","BOSS"],"items_purchased_type":["Card","Card","Relic","Relic","Relic","Relic","Relic","Relic","Relic","Card"],"build_version":"2020-12-22","purchased_purges":4,"victory":true,"max_hp_per_floor":[82,87,87,81,81,81,81,82,83,83,84,84,85,85,85,88,88,91,91,91,91,91,91,98,98,102,106,106,110,114,118,118,122,122,126,127,131,135,135,139,139,143,143,147,147,151,151,156,156,163,163,163,163,170,177],"card_choices":[{"not_picked":["blademaster:LeechingStrike","blademaster:DancingEdge"],"picked":"blademaster:Flurry","floor":1},{"not_picked":["blademaster:WindSlash","blademaster:ThunderSlash","blademaster:DaggerAndCloak"],"picked":"SKIP","floor":3},{"not_picked":["blademaster:DaggerAndCloak","blademaster:ParryingStrike"],"picked":"blademaster:BloodyBlow","floor":5},{"not_picked":["blademaster:Rupture","blademaster:Sunder","blademaster:Momentum"],"picked":"SKIP","floor":8},{"not_picked":["blademaster:SharpBlades","blademaster:LightningDraw"],"picked":"blademaster:Bloodbath","floor":9},{"not_picked":["blademaster:Slice","blademaster:Discharge"],"picked":"blademaster:LightningCrash","floor":11},{"not_picked":["blademaster:CullingStrike","blademaster:DancingEdge"],"picked":"blademaster:FuriousStrike","floor":13},{"not_picked":["blademaster:UnrelentingWind","blademaster:RagingBlow"],"picked":"blademaster:ThreePointStrike","floor":16},{"not_picked":["blademaster:LightningCrash+1","blademaster:ParryingStrike"],"picked":"blademaster:Thrust","floor":18},{"not_picked":["blademaster:AspectOfWind","blademaster:Quickstep","blademaster:AwakeningDefend"],"picked":"blademaster:ThunderingOpener","floor":24},{"not_picked":["blademaster:Flurry","blademaster:Hailwind+1","blademaster:LeechingStrike+1"],"picked":"blademaster:Safeguard","floor":26},{"not_picked":["blademaster:ParryingStrike","blademaster:Bloodbath+1","blademaster:Momentum"],"picked":"blademaster:Discharge","floor":27},{"not_picked":["blademaster:CombatPrep+1","blademaster:Gust","blademaster:BloodyBlow+1"],"picked":"blademaster:Safeguard","floor":29},{"not_picked":["blademaster:WindSlash","blademaster:AspectOfWind","blademaster:Rupture"],"picked":"blademaster:AncestralHealing+1","floor":30},{"not_picked":["blademaster:FuriousStrike+1","blademaster:AncestralHealing","blademaster:Slice"],"picked":"blademaster:AwakeningDefend+1","floor":31},{"not_picked":["blademaster:Blindside","blademaster:BladeDance","blademaster:UnrelentingWind"],"picked":"blademaster:StanceMastery","floor":33},{"not_picked":["blademaster:CombatPrep+1","blademaster:Sunder+1","blademaster:BladeCross+1"],"picked":"blademaster:Stormstrike+1","floor":35},{"not_picked":["blademaster:Sharpen+1","blademaster:DaggerAndCloak+1","blademaster:LeechingStrike+1"],"picked":"blademaster:AwakeningDefend","floor":36},{"not_picked":["blademaster:Breeze+1","blademaster:Cut+1","blademaster:BrainBloom"],"picked":"blademaster:StanceMastery","floor":37},{"not_picked":["blademaster:FuriousStrike","blademaster:Sunder","blademaster:ChargingUp"],"picked":"blademaster:KiBarrier+1","floor":38},{"not_picked":["blademaster:Hailwind+1","blademaster:Sunder","blademaster:Sharpen+1"],"picked":"blademaster:ThunderSlash+1","floor":40},{"not_picked":["blademaster:BloodyBlow+1","blademaster:Quickstep","blademaster:Momentum+1"],"picked":"blademaster:ColdBlood","floor":42},{"not_picked":["blademaster:AncestralHealing+1","blademaster:Quickstep+1","blademaster:Cut+1"],"picked":"blademaster:BladeCross+1","floor":44},{"not_picked":["blademaster:Breeze+1","blademaster:DragonStrike","blademaster:Gust+1"],"picked":"blademaster:Discharge+1","floor":46},{"not_picked":["blademaster:AspectOfLightning+1","blademaster:Flurry","blademaster:Stormstrike+1"],"picked":"blademaster:DragonStrike","floor":48},{"not_picked":["blademaster:Cut+1","blademaster:OneTrickPony","blademaster:Sharpen"],"picked":"blademaster:StanceMastery","floor":54}],"player_experience":223784,"relics_obtained":[{"floor":8,"key":"Smiling Mask"},{"floor":8,"key":"blademaster:LightningChargePerk"},{"floor":9,"key":"hubris:SlimyHat"},{"floor":11,"key":"blademaster:OnAttackedChargePerk"},{"floor":11,"key":"War Paint"},{"floor":24,"key":"PreservedInsect"},{"floor":24,"key":"blademaster:StrongPerk"},{"floor":29,"key":"Orichalcum"},{"floor":29,"key":"blademaster:StanceHealPerk"},{"floor":38,"key":"Ice Cream"},{"floor":38,"key":"blademaster:BonusComboPerk"},{"floor":40,"key":"conspire:InfiniteJournal"},{"floor":40,"key":"blademaster:RandomBladePerk"},{"floor":42,"key":"conspire:DeflatedDodgeball"},{"floor":42,"key":"blademaster:ComboEveryTurnPerk"},{"floor":43,"key":"hubris:DuctTape"},{"floor":46,"key":"Du-Vu Doll"},{"floor":46,"key":"blademaster:FinisherDrawCardPerk"},{"floor":54,"key":"Art of War"},{"floor":54,"key":"blademaster:DextrousPerk"}],"event_choices":[{"damage_healed":0,"gold_gain":0,"player_choice":"Donut","damage_taken":0,"max_hp_gain":5,"max_hp_loss":0,"event_name":"Big Fish","floor":2,"gold_loss":0},{"damage_healed":0,"gold_gain":0,"player_choice":"Lose Max HP","damage_taken":0,"relics_obtained":["Golden Idol"],"max_hp_gain":0,"max_hp_loss":6,"event_name":"Golden Idol","floor":4,"gold_loss":0},{"damage_healed":0,"gold_gain":0,"player_choice":"Trade","damage_taken":0,"relics_obtained":["FaceOfCleric"],"max_hp_gain":0,"max_hp_loss":0,"event_name":"FaceTrader","floor":7,"gold_loss":0},{"damage_healed":0,"gold_gain":0,"player_choice":"Leave","damage_taken":0,"max_hp_gain":0,"max_hp_loss":0,"event_name":"conspire:Investor","floor":19,"gold_loss":0},{"damage_healed":0,"gold_gain":0,"player_choice":"Dagger","damage_taken":6,"max_hp_gain":0,"max_hp_loss":0,"event_name":"betterThird:BetterNest","floor":20,"gold_loss":0,"cards_obtained":["RitualDagger"]},{"damage_healed":0,"gold_gain":100,"player_choice":"Pray","damage_taken":0,"max_hp_gain":0,"max_hp_loss":0,"event_name":"Golden Shrine","floor":22,"gold_loss":0},{"damage_healed":0,"gold_gain":0,"player_choice":"Fight","damage_taken":0,"max_hp_gain":0,"max_hp_loss":0,"event_name":"Mysterious Sphere","floor":38,"gold_loss":0},{"damage_healed":0,"gold_gain":100,"player_choice":"Pray","damage_taken":0,"max_hp_gain":0,"max_hp_loss":0,"event_name":"Golden Shrine","floor":41,"gold_loss":0}],"is_beta":false,"boss_relics":[{"not_picked":["hubris:ScarierMask","Busted Crown"],"picked":"hubris:RunicObelisk"},{"not_picked":["conspire:SpecialSausage","Calling Bell","SacredBark"],"picked":"Philosopher\u0027s Stone"}],"items_purged_floors":[12,14,45,53],"is_endless":false,"potions_floor_spawned":[1,3,8,16,27,30,31,33,36,38,40,48],"ascension_level":0}}