{"host":"vyjryxuuuxkt43k4","time":1611049129,"event":{"mods":["AchievementEnabler","BaseMod","Colored Map","DeckTracker","Keyboard Shortcuts","Minty Spire (QoL Compilation)","Permanent Neow","Quick Restart","Rare Cards Sparkle","StSLib","SuperFastMode","everything is the same but u backflip on backflip"],"gold_per_floor":[112,129,129,143,68,86,86,86,86],"floor_reached":8,"language":"KOR","playtime":257,"items_purged":["Strike_R"],"score":82,"play_id":"b6608c73-1671-4695-9db0-6548ee9a206f","local_time":"20210119183849","is_ascension_mode":true,"campfire_choices":[{"data":"Dark Embrace","floor":7,"key":"SMITH"}],"circlet_count":0,"master_deck":["AscendersBane","Strike_R","Defend_R","Defend_R","Defend_R","Defend_R","Bash","Twin Strike","Dark Embrace+1","Shrug It Off","Seeing Red","Inflame","Shockwave"],"relics":["Burning Blood"],"acts_visited":["Exordium"],"potions_floor_usage":[6,8],"damage_taken":[{"damage":15,"enemies":"2 Louse","floor":1,"turns":3},{"damage":2,"enemies":"Small Slimes","floor":2,"turns":5},{"damage":1,"enemies":"Cultist","floor":4,"turns":3},{"damage":32,"enemies":"Exordium Thugs","floor":6,"turns":5},{"damage":25,"enemies":"3 Sentries","floor":8,"turns":4}],"seed_played":"7438863986322494824","potions_obtained":[{"floor":2,"key":"Strength Potion"},{"floor":4,"key":"LiquidMemories"},{"floor":6,"key":"FearPotion"}],"is_trial":false,"path_per_floor":["M","M","?","M","$","M","R","E"],"character_chosen":"IRONCLAD","items_purchased":[],"campfire_rested":0,"item_purchase_floors":[],"current_hp_per_floor":[41,45,45,50,50,24,24,0,0],"gold":86,"neow_bonus":"TRANSFORM_TWO_CARDS","is_daily":false,"chose_seed":false,"campfire_upgraded":1,"win_rate":0.0,"timestamp":1611049129,"path_taken":["M","M","?","M","$","M","R","E"],"items_purchased_type":[],"build_version":"2020-12-22","purchased_purges":1,"victory":false,"max_hp_per_floor":[75,75,75,75,75,75,75,75,75],"card_choices":[{"not_picked":["Searing Blow","Headbutt"],"picked":"Shrug It Off","floor":1},{"not_picked":["Flex","Rampage"],"picked":"Seeing Red","floor":2},{"not_picked":["Armaments","Dropkick"],"picked":"Inflame","floor":4},{"not_picked":["Bloodletting","Anger"],"picked":"Shockwave","floor":6}],"player_experience":147341,"relics_obtained":[],"event_choices":[{"cards_removed":["Strike_R"],"damage_healed":0,"gold_gain":0,"player_choice":"Forget","damage_taken":0,"max_hp_gain":0,"max_hp_loss":0,"event_name":"Living Wall","floor":3,"gold_loss":0}],"is_beta":false,"boss_relics":[],"items_purged_floors":[5],"is_endless":false,"potions_floor_spawned":[2,4,6],"killed_by":"3 Sentries","ascension_level":14}}