{"host":"tjjuwi3liievx0vu","time":1611077968,"event":{"mods":["BaseMod","Colored Map","Downfall","Minty Spire (QoL Compilation)","StSLib"],"gold_per_floor":[99,135,23,66,66,131,156,18,73,113,151,151,195,180,195,195,195,195],"floor_reached":16,"language":"ENG","playtime":1679,"items_purged":["bronze:Strike","bronze:Strike"],"score":94,"play_id":"94dd11cc-48a6-4d0e-9798-c140de8ed85e","local_time":"20210119183928","is_ascension_mode":false,"campfire_choices":[{"data":"HandOfGreed","floor":1,"key":"SMITH"}],"circlet_count":0,"master_deck":["bronze:Strike","bronze:Defend","bronze:Defend","bronze:Defend","bronze:Defend","bronze:Replicate","bronze:Goto","HandOfGreed+1","bronze:Refactor","bronze:BuggyMess","bronze:DelayedSlice","bronze:FollowUp","bronze:Shell","bronze:Iterate","bronze:OilSpill","bronze:Fortify","bronze:Format","bronze:WildBeam","bronze:FineTuning","bronze:Boost"],"relics":["bronze:BronzeCore","Bag of Preparation","bronze:ProtectiveGoggles","Odd Mushroom"],"acts_visited":["Exordium"],"potions_floor_usage":[16,16,16],"damage_taken":[{"damage":5,"enemies":"Cultist","floor":2,"turns":4},{"damage":0,"enemies":"downfall:FleeingMerchant","floor":3,"turns":4},{"damage":2,"enemies":"Jaw Worm","floor":4,"turns":3},{"damage":4,"enemies":"2 Louse","floor":6,"turns":3},{"damage":5,"enemies":"downfall:FleeingMerchant","floor":8,"turns":4},{"damage":15,"enemies":"The Mushroom Lair","floor":9,"turns":4},{"damage":0,"enemies":"2 Fungi Beasts","floor":10,"turns":2},{"damage":0,"enemies":"Blue Slaver","floor":11,"turns":4},{"damage":4,"enemies":"Large Slime","floor":13,"turns":7},{"damage":13,"enemies":"downfall:FleeingMerchant","floor":14,"turns":4},{"damage":0,"enemies":"Exordium Thugs","floor":15,"turns":3},{"damage":14,"enemies":"IC_STATUS_ARCHETYPE","floor":16,"turns":8}],"seed_played":"4711383878096632284","potions_obtained":[{"floor":2,"key":"bronze:FreeFunctionsPotion"},{"floor":9,"key":"bronze:FreeFunctionsPotion"},{"floor":13,"key":"AttackPotion"},{"floor":15,"key":"PowerPotion"}],"is_trial":false,"path_per_floor":["R","M","$","M","?","M","T","$","?","M","M","?","M","$","M","B"],"character_chosen":"THE_AUTOMATON","items_purchased":["bronze:DelayedSlice","bronze:OilSpill"],"campfire_rested":0,"item_purchase_floors":[3,8],"current_hp_per_floor":[63,58,58,56,49,45,45,40,25,25,25,25,21,8,8,0,0,0],"gold":195,"neow_bonus":"RANDOM_COLORLESS_2","is_daily":false,"chose_seed":false,"campfire_upgraded":1,"win_rate":0.0,"timestamp":1611077968,"path_taken":["R","M","$","M","?","M","T","?","?","M","M","?","M","$","M","BOSS"],"items_purchased_type":["Card","Card"],"build_version":"2020-12-22","purchased_purges":2,"victory":false,"max_hp_per_floor":[63,63,63,63,63,63,63,63,63,63,63,63,63,63,63,63,63,63],"card_choices":[{"not_picked":["Master of Strategy","Mayhem"],"picked":"HandOfGreed","floor":0},{"not_picked":["bronze:Turbo","bronze:Boost"],"picked":"bronze:Refactor","floor":2},{"not_picked":["bronze:Iterate","bronze:Separator"],"picked":"bronze:BuggyMess","floor":3},{"not_picked":["bronze:BitShift","bronze:Invalidate"],"picked":"bronze:FollowUp","floor":4},{"not_picked":["bronze:CloningBeam","bronze:Overload"],"picked":"bronze:Shell","floor":6},{"not_picked":["bronze:Allocate","bronze:Invalidate"],"picked":"bronze:Iterate","floor":8},{"not_picked":["bronze:Turbo","bronze:InfiniteBeams"],"picked":"bronze:Fortify","floor":9},{"not_picked":["bronze:Invalidate","bronze:BuggyMess","bronze:DelayedGuard"],"picked":"SKIP","floor":10},{"not_picked":["bronze:BitShift","bronze:FineTuning"],"picked":"bronze:Format","floor":11},{"not_picked":["bronze:DelayedSlice","bronze:Frontload"],"picked":"bronze:WildBeam","floor":13},{"not_picked":["bronze:DigitalCarnage","bronze:BronzeArmor"],"picked":"bronze:FineTuning","floor":14},{"not_picked":["bronze:OilSpill","bronze:Philosophize"],"picked":"bronze:Boost","floor":15}],"player_experience":830372,"relics_obtained":[{"floor":7,"key":"bronze:ProtectiveGoggles"},{"floor":9,"key":"Odd Mushroom"}],"event_choices":[{"damage_healed":0,"gold_gain":0,"player_choice":"Success","damage_taken":7,"relics_obtained":["Bag of Preparation"],"max_hp_gain":0,"max_hp_loss":0,"event_name":"Scrap Ooze","floor":5,"gold_loss":0},{"damage_healed":0,"gold_gain":0,"player_choice":"Fought Mushrooms","damage_taken":0,"max_hp_gain":0,"max_hp_loss":0,"event_name":"Mushrooms","floor":9,"gold_loss":0}],"is_beta":false,"boss_relics":[],"items_purged_floors":[3,8],"is_endless":false,"potions_floor_spawned":[2,9,13,15],"killed_by":"IC_STATUS_ARCHETYPE","ascension_level":0}}