{"host":"i4yzoangb31cseo0","time":1611066987,"event":{"mods":["AchievementEnabler","BaseMod","Colored Powertips","Curses Come First","Downfall","Hermit","Minty Spire (QoL Compilation)","StSLib","The Cursed","The Necromancer","The Senshi"],"gold_per_floor":[116,127,146,164,13,41,41,41,41,41,3,19,19,50,50,174,174,195,211,211,211,228,259,259,70,149,160,160,35,52,69,69,69,69],"floor_reached":33,"language":"ENG","playtime":2188,"items_purged":["Defend_R","Strike_R","Strike_R"],"score":291,"play_id":"ec4343ee-f537-43c6-bd98-ea57144b9554","local_time":"20210120010627","is_ascension_mode":true,"campfire_choices":[{"floor":8,"key":"REST"},{"data":"Rampage","floor":10,"key":"SMITH"},{"data":"Rampage","floor":15,"key":"SMITH"},{"data":"Rage","floor":28,"key":"SMITH"},{"data":"Demon Form","floor":32,"key":"SMITH"}],"circlet_count":0,"master_deck":["Strike_R","Strike_R","Strike_R","Defend_R","Defend_R","Defend_R","Bash","Infernal Blade+1","Iron Wave","Pommel Strike","Shrug It Off","Rampage+1","Spot Weakness","Rage+1","Entrench","Rampage+1","Demon Form+1","Blood for Blood+1","Blood for Blood","Heavy Blade","Shrug It Off+1","Swift Strike","Battle Trance+1","Iron Wave+1","Metallicize+1"],"relics":["Burning Blood","MealTicket","Bloody Idol","Letter Opener","Mercury Hourglass","MutagenicStrength","White Beast Statue","Shuriken"],"acts_visited":["Exordium","TheCity"],"potions_floor_usage":[16,16,16,23,33,33,33],"damage_taken":[{"damage":5,"enemies":"Cultist","floor":1,"turns":4},{"damage":5,"enemies":"2 Louse","floor":2,"turns":3},{"damage":5,"enemies":"Jaw Worm","floor":3,"turns":4},{"damage":10,"enemies":"Looter","floor":4,"turns":3},{"damage":29,"enemies":"Lagavulin","floor":6,"turns":7},{"damage":23,"enemies":"Exordium Thugs","floor":12,"turns":5},{"damage":13,"enemies":"3 Sentries","floor":14,"turns":6},{"damage":16,"enemies":"Slime Boss","floor":16,"turns":7},{"damage":30,"enemies":"Shell Parasite","floor":18,"turns":5},{"damage":22,"enemies":"3 Byrds","floor":19,"turns":6},{"damage":15,"enemies":"Centurion and Healer","floor":22,"turns":5},{"damage":28,"enemies":"Gremlin Leader","floor":23,"turns":6},{"damage":16,"enemies":"Snake Plant","floor":27,"turns":4},{"damage":16,"enemies":"3 Cultists","floor":30,"turns":4},{"damage":11,"enemies":"Cultist and Chosen","floor":31,"turns":6},{"damage":69,"enemies":"Automaton","floor":33,"turns":10}],"seed_played":"-8485341277064608441","potions_obtained":[{"floor":1,"key":"SneckoOil"},{"floor":3,"key":"hexamod:SoulburnPotion"},{"floor":6,"key":"Weak Potion"},{"floor":18,"key":"BloodPotion"},{"floor":27,"key":"SpeedPotion"},{"floor":30,"key":"Dexterity Potion"},{"floor":31,"key":"SkillPotion"}],"is_trial":false,"path_per_floor":["M","M","M","M","$","E","?","R","T","R","$","M","?","E","R","B",null,"M","M","?","?","M","E","?","$","T","M","R","$","M","M","R","B"],"character_chosen":"IRONCLAD","items_purchased":["Rampage","Rage","Swift Strike"],"campfire_rested":1,"item_purchase_floors":[5,11,25],"current_hp_per_floor":[88,88,88,84,84,61,39,65,65,65,80,63,63,56,56,46,88,64,48,48,48,44,44,44,59,64,59,59,74,69,69,69,0,0],"gold":69,"neow_bonus":"TEN_PERCENT_HP_BONUS","is_daily":false,"chose_seed":false,"campfire_upgraded":4,"win_rate":0.0,"timestamp":1611066987,"path_taken":["M","?","M","M","$","E","?","R","T","R","?","M","?","E","R","BOSS","M","M","?","?","M","E","?","?","T","M","R","$","M","M","R","BOSS"],"items_purchased_type":["Card","Card","Card"],"build_version":"2020-12-22","purchased_purges":3,"victory":false,"max_hp_per_floor":[88,88,88,88,88,88,88,88,88,88,88,88,88,88,88,88,88,88,88,88,88,88,88,88,88,88,88,88,88,88,88,88,88,88],"card_choices":[{"not_picked":["True Grit","Intimidate"],"picked":"Infernal Blade","floor":1},{"not_picked":["Combust","Cleave"],"picked":"Iron Wave","floor":2},{"not_picked":["Sword Boomerang","Reckless Charge"],"picked":"Pommel Strike","floor":3},{"not_picked":["Twin Strike","Clash"],"picked":"Shrug It Off","floor":4},{"not_picked":["Hemokinesis","Shockwave"],"picked":"Spot Weakness","floor":6},{"not_picked":["Burning Pact","Headbutt"],"picked":"Entrench","floor":12},{"not_picked":["Seeing Red","Brutality"],"picked":"Rampage","floor":14},{"not_picked":["Reaper","Fiend Fire"],"picked":"Demon Form","floor":16},{"not_picked":["Inflame","Clothesline"],"picked":"Blood for Blood+1","floor":18},{"not_picked":["Sever Soul","Burning Pact"],"picked":"Blood for Blood","floor":19},{"not_picked":["Burning Pact+1","Rupture+1"],"picked":"Heavy Blade","floor":22},{"not_picked":["Hemokinesis","Flex"],"picked":"Shrug It Off+1","floor":23},{"not_picked":["Headbutt","Disarm+1"],"picked":"Battle Trance+1","floor":27},{"not_picked":["Shrug It Off","Perfected Strike"],"picked":"Iron Wave+1","floor":30},{"not_picked":["Dropkick","Warcry"],"picked":"Metallicize+1","floor":31}],"player_experience":130241,"relics_obtained":[{"floor":6,"key":"MealTicket"},{"floor":9,"key":"Letter Opener"},{"floor":14,"key":"Mercury Hourglass"},{"floor":23,"key":"White Beast Statue"},{"floor":26,"key":"Shuriken"}],"event_choices":[{"damage_healed":0,"gold_gain":0,"player_choice":"Take Damage","damage_taken":22,"relics_obtained":["Golden Idol"],"max_hp_gain":0,"max_hp_loss":0,"event_name":"Golden Idol","floor":7,"gold_loss":0},{"damage_healed":0,"gold_gain":0,"player_choice":"Forge","damage_taken":0,"max_hp_gain":0,"max_hp_loss":0,"event_name":"Accursed Blacksmith","floor":13,"gold_loss":0,"cards_upgraded":["Infernal Blade"]},{"damage_healed":0,"gold_gain":0,"player_choice":"Gave Idol","damage_taken":0,"relics_obtained":["Bloody Idol"],"max_hp_gain":0,"max_hp_loss":0,"event_name":"Forgotten Altar","floor":20,"relics_lost":["Golden Idol"],"gold_loss":0},{"damage_healed":0,"gold_gain":0,"player_choice":"Inject Mutagens","damage_taken":0,"relics_obtained":["MutagenicStrength"],"max_hp_gain":0,"max_hp_loss":0,"event_name":"Drug Dealer","floor":21,"gold_loss":0},{"damage_healed":0,"gold_gain":0,"player_choice":"Ignored","damage_taken":0,"max_hp_gain":0,"max_hp_loss":0,"event_name":"Ghosts","floor":24,"gold_loss":0}],"is_beta":false,"boss_relics":[{"not_picked":["Velvet Choker","Ectoplasm","Coffee Dripper"]}],"items_purged_floors":[5,25,29],"is_endless":false,"potions_floor_spawned":[1,3,6,18,27,30,31],"killed_by":"Automaton","ascension_level":1}}