{"host":"k5wd0jv1m6dz3iwi","time":1611042727,"event":{"mods":["BaseMod","Better Vampires","Challenge The Spire","Custom Start","Highlight Path","Minty Spire (QoL Compilation)","Rare Cards Sparkle","Relic Stats","Slay the Relics Exporter","StSLib","everything is the same but u backflip on backflip"],"gold_per_floor":[112,112,17,37,51,80,97,97,97,127,140,152,152,201,201,300,327,351,25,49,71,71,111,111,111,111],"floor_reached":25,"language":"ENG","playtime":1821,"items_purged":[],"score":425,"play_id":"6f568399-9d4c-40f4-9c08-9af40fb98f75","local_time":"20210119075207","is_ascension_mode":true,"campfire_choices":[{"data":"Noxious Fumes","floor":15.0,"key":"SMITH"},{"data":"Malaise","floor":24.0,"key":"SMITH"}],"circlet_count":0,"master_deck":["AscendersBane","Defend_G","Defend_G","Defend_G","Defend_G","Defend_G","Survivor","Neutralize","Poisoned Stab","Cloak And Dagger","Quick Slash","Well Laid Plans","Prepared","Noxious Fumes+1","Blade Dance","Footwork","Blur","Prepared","Malaise+1","Skewer+1","All Out Attack+1","Outmaneuver+1","Bane","Finesse","Escape Plan","Masterful Stab","Bouncing Flask"],"relics":["Ring of the Snake","NeowsBlessing","Letter Opener","InkBottle","Blue Candle","FossilizedHelix","Golden Idol","CeramicFish","Astrolabe","Gremlin Horn","PreservedInsect"],"acts_visited":["Exordium","TheCity"],"potions_floor_usage":[],"damage_taken":[{"damage":0.0,"enemies":"Jaw Worm","floor":1.0,"turns":1.0},{"damage":0.0,"enemies":"Small Slimes","floor":4.0,"turns":1.0},{"damage":0.0,"enemies":"Cultist","floor":5.0,"turns":1.0},{"damage":11.0,"enemies":"Lagavulin","floor":6.0,"turns":10.0},{"damage":9.0,"enemies":"Blue Slaver","floor":7.0,"turns":4.0},{"damage":16.0,"enemies":"Gremlin Nob","floor":10.0,"turns":4.0},{"damage":8.0,"enemies":"Lots of Slimes","floor":11.0,"turns":3.0},{"damage":2.0,"enemies":"Gremlin Gang","floor":12.0,"turns":5.0},{"damage":3.0,"enemies":"Lagavulin","floor":14.0,"turns":9.0},{"damage":11.0,"enemies":"Hexaghost","floor":16.0,"turns":13.0},{"damage":18.0,"enemies":"Spheric Guardian","floor":18.0,"turns":5.0},{"damage":0.0,"enemies":"3 Byrds","floor":20.0,"turns":4.0},{"damage":9.0,"enemies":"Snecko","floor":21.0,"turns":6.0},{"damage":8.0,"enemies":"Gremlin Leader","floor":23.0,"turns":7.0},{"damage":16,"enemies":"Slavers","floor":25,"turns":1}],"seed_played":"8974432012370565294","potions_obtained":[{"floor":4.0,"key":"Dexterity Potion"},{"floor":5.0,"key":"LiquidMemories"},{"floor":7.0,"key":"Fire Potion"},{"floor":10.0,"key":"LiquidBronze"},{"floor":14.0,"key":"FairyPotion"},{"floor":16.0,"key":"PowerPotion"},{"floor":18.0,"key":"Poison Potion"},{"floor":21.0,"key":"GhostInAJar"}],"is_trial":false,"path_per_floor":["M","?","?","M","M","E","M","?","T","E","M","M","?","E","R","B",null,"M","$","M","M","?","E","R","E"],"character_chosen":"THE_SILENT","items_purchased":["Gremlin Horn","Finesse"],"campfire_rested":0,"item_purchase_floors":[19,19],"current_hp_per_floor":[59,59,59,59,59,48,39,30,30,14,6,4,4,1,1,12,48,30,30,30,21,21,13,13,0,0],"gold":111,"neow_bonus":"THREE_ENEMY_KILL","is_daily":false,"chose_seed":false,"campfire_upgraded":2,"win_rate":0.0,"timestamp":1611042727,"path_taken":["M","?","?","?","M","E","M","?","T","E","M","?","?","E","R","BOSS","M","$","M","M","?","E","R","E"],"items_purchased_type":["Relic","Card"],"build_version":"2020-12-22","purchased_purges":0,"victory":false,"max_hp_per_floor":[66,66,66,66,66,66,66,66,66,66,66,66,60,60,60,60,60,60,60,60,60,60,60,60,60,60],"relic_stats":{"Gremlin Horn":[8,8],"counters":[15,74],"Golden Idol":41,"Blue Candle":[0],"CeramicFish":90,"Astrolabe":["Skewer","All Out Attack","Outmaneuver"],"PreservedInsect":41,"Letter Opener":[157],"obtain_stats":[{"NeowsBlessing":0,"Gremlin Horn":19,"Golden Idol":13,"Blue Candle":9,"CeramicFish":14,"Astrolabe":17,"PreservedInsect":23,"Letter Opener":3,"InkBottle":6,"FossilizedHelix":10,"Ring of the Snake":0},{"NeowsBlessing":0,"Gremlin Horn":11,"Golden Idol":8,"Blue Candle":5,"CeramicFish":9,"Astrolabe":10,"PreservedInsect":14,"Letter Opener":1,"InkBottle":4,"FossilizedHelix":6,"Ring of the Snake":0},{"NeowsBlessing":0,"Gremlin Horn":56,"Golden Idol":29,"Blue Candle":17,"CeramicFish":38,"Astrolabe":51,"PreservedInsect":73,"Letter Opener":1,"InkBottle":13,"FossilizedHelix":21,"Ring of the Snake":0}],"InkBottle":[26],"Ring of the Snake":[30]},"card_choices":[{"not_picked":["Expertise","Choke"],"picked":"Poisoned Stab","floor":1.0},{"not_picked":["Blur","Escape Plan"],"picked":"Quick Slash","floor":4.0},{"not_picked":["Cloak And Dagger","PiercingWail"],"picked":"Well Laid Plans","floor":5.0},{"not_picked":["Infinite Blades","Accuracy"],"picked":"Prepared","floor":6.0},{"not_picked":["Accuracy","Masterful Stab"],"picked":"Noxious Fumes","floor":7.0},{"not_picked":["PiercingWail","Masterful Stab"],"picked":"Blade Dance","floor":10.0},{"not_picked":["Masterful Stab","Endless Agony"],"picked":"Footwork","floor":11.0},{"not_picked":["Flying Knee","Calculated Gamble"],"picked":"Blur","floor":12.0},{"not_picked":["Quick Slash","Flying Knee"],"picked":"Prepared","floor":14.0},{"not_picked":["Storm of Steel","Venomology"],"picked":"Malaise","floor":16.0},{"not_picked":["Outmaneuver","Calculated Gamble"],"picked":"Bane","floor":18.0},{"not_picked":["Underhanded Strike","Backflip"],"picked":"Escape Plan","floor":20.0},{"not_picked":["Infinite Blades","Dash"],"picked":"Masterful Stab","floor":21.0},{"not_picked":["Quick Slash","Slice"],"picked":"Bouncing Flask","floor":23.0}],"player_experience":1256421,"relics_obtained":[{"floor":6.0,"key":"InkBottle"},{"floor":9.0,"key":"Blue Candle"},{"floor":10.0,"key":"FossilizedHelix"},{"floor":14.0,"key":"CeramicFish"},{"floor":23.0,"key":"PreservedInsect"}],"event_choices":[{"damage_healed":0.0,"max_hp_gain":0.0,"max_hp_loss":0.0,"gold_gain":0.0,"cards_transformed":["Strike_G"],"event_name":"Living Wall","player_choice":"Change","floor":2.0,"gold_loss":0.0,"damage_taken":0.0,"cards_obtained":["Cloak And Dagger"]},{"damage_healed":0.0,"max_hp_gain":0.0,"max_hp_loss":0.0,"gold_gain":0.0,"event_name":"WeMeetAgain","player_choice":"Paid Gold","floor":3.0,"gold_loss":95.0,"damage_taken":0.0,"relics_obtained":["Letter Opener"]},{"damage_healed":0.0,"max_hp_gain":0.0,"max_hp_loss":0.0,"gold_gain":0.0,"event_name":"Wheel of Change","player_choice":"Damaged","floor":8.0,"gold_loss":0.0,"damage_taken":9.0},{"damage_healed":0.0,"max_hp_gain":0.0,"max_hp_loss":6.0,"gold_gain":0.0,"event_name":"Golden Idol","player_choice":"Lose Max HP","floor":13.0,"gold_loss":0.0,"damage_taken":0.0,"relics_obtained":["Golden Idol"]},{"cards_removed":["Strike_G"],"damage_healed":0.0,"max_hp_gain":0.0,"max_hp_loss":0.0,"gold_gain":0.0,"event_name":"Purifier","player_choice":"Purged","floor":22.0,"gold_loss":0.0,"damage_taken":0.0}],"is_beta":false,"boss_relics":[{"not_picked":["Cursed Key","Runic Pyramid"],"picked":"Astrolabe"}],"items_purged_floors":[],"is_endless":false,"potions_floor_spawned":[4,5,7,10,14,16,18,21],"killed_by":"Slavers","ascension_level":15}}