{"host":"qxeepl7ydvsgmfdb","time":1611051292,"event":{"mods":["AchievementEnabler","BaseMod","Colored Powertips","Minty Spire (QoL Compilation)","Quick Restart","slay the spire mod where everything is the same but ironclad has a cowboy hat"],"gold_per_floor":[110,110,123,123,136,171,171,181,181,131,131,151,7,31,31,130,130,150,150,150,170,187,217,233,233,259,276,27,44,55,55,55,55,55],"floor_reached":33,"language":"ENG","playtime":4126,"items_purged":[],"score":318,"play_id":"1b3c8278-1b07-4e2b-ba93-516e0d5ae575","local_time":"20210119051452","is_ascension_mode":true,"campfire_choices":[{"data":"Inflame","floor":7,"key":"SMITH"},{"floor":15,"key":"REST"},{"floor":25,"key":"REST"},{"floor":32,"key":"REST"}],"circlet_count":0,"master_deck":["Strike_R","Strike_R","Strike_R","Strike_R","Defend_R","Defend_R","Defend_R+1","Defend_R","Anger","Intimidate+1","Sever Soul","Discovery+1","Inflame+1","Metallicize","Immolate","Fire Breathing","Necronomicurse","Flex","Perfected Strike+1","Wild Strike","Cleave","Flex","Wild Strike"],"relics":["Burning Blood","NeowsBlessing","Bottled Flame","Sundial","Bronze Scales","War Paint","Necronomicon","Blue Candle","Art of War","Self Forming Clay"],"acts_visited":["Exordium","TheCity"],"potions_floor_usage":[16,16,23,23,31,33],"damage_taken":[{"damage":0,"enemies":"Jaw Worm","floor":1,"turns":1},{"damage":0,"enemies":"Cultist","floor":3,"turns":1},{"damage":2,"enemies":"2 Louse","floor":5,"turns":1},{"damage":29,"enemies":"3 Sentries","floor":6,"turns":9},{"damage":12,"enemies":"Gremlin Gang","floor":8,"turns":4},{"damage":21,"enemies":"2 Fungi Beasts","floor":12,"turns":4},{"damage":15,"enemies":"Slime Boss","floor":16,"turns":6},{"damage":22,"enemies":"Spheric Guardian","floor":18,"turns":3},{"damage":0,"enemies":"Chosen","floor":21,"turns":3},{"damage":14,"enemies":"Centurion and Healer","floor":22,"turns":2},{"damage":30,"enemies":"Book of Stabbing","floor":23,"turns":5},{"damage":16,"enemies":"Snake Plant","floor":24,"turns":2},{"damage":18,"enemies":"3 Cultists","floor":27,"turns":4},{"damage":24,"enemies":"Centurion and Healer","floor":29,"turns":4},{"damage":0,"enemies":"Snake Plant","floor":30,"turns":2},{"damage":0,"enemies":"Slavers","floor":31,"turns":1},{"damage":50,"enemies":"Champ","floor":33,"turns":8}],"seed_played":"7005429988281525385","potions_obtained":[{"floor":5,"key":"BloodPotion"},{"floor":8,"key":"Swift Potion"},{"floor":12,"key":"SteroidPotion"},{"floor":18,"key":"ColorlessPotion"},{"floor":24,"key":"SmokeBomb"},{"floor":30,"key":"Dexterity Potion"}],"is_trial":false,"path_per_floor":["M","?","M","?","M","E","R","M","T","?","?","M","$","T","R","B",null,"M","?","?","M","M","E","M","R","T","M","$","M","M","E","R","B"],"character_chosen":"IRONCLAD","items_purchased":["Bronze Scales","Self Forming Clay"],"campfire_rested":3,"item_purchase_floors":[13,28],"current_hp_per_floor":[80,80,80,80,80,57,57,51,51,51,51,36,36,36,60,51,80,64,48,48,54,46,38,28,52,52,40,40,22,28,34,58,8,8],"gold":55,"neow_bonus":"THREE_ENEMY_KILL","is_daily":false,"chose_seed":false,"campfire_upgraded":1,"win_rate":0.0,"timestamp":1611051292,"path_taken":["M","?","?","?","M","E","R","?","T","?","?","?","$","?","R","BOSS","M","?","?","?","?","E","M","R","T","M","$","M","M","E","R","BOSS"],"items_purchased_type":["Relic","Relic"],"build_version":"2020-12-22","purchased_purges":0,"victory":false,"max_hp_per_floor":[80,80,80,80,80,80,80,80,80,80,80,80,80,80,80,80,80,80,80,80,80,80,80,80,80,80,80,80,80,80,80,80,80,80],"card_choices":[{"not_picked":["Sword Boomerang","Dual Wield"],"picked":"Anger","floor":1},{"not_picked":["Second Wind","Dark Embrace","Whirlwind"],"picked":"SKIP","floor":3},{"not_picked":["Wild Strike","Flex"],"picked":"Inflame","floor":5},{"not_picked":["Heavy Blade","Havoc","Dual Wield"],"picked":"SKIP","floor":6},{"not_picked":["Headbutt","Heavy Blade","Ghostly Armor"],"picked":"SKIP","floor":8},{"not_picked":["Body Slam","Armaments"],"picked":"Metallicize","floor":12},{"not_picked":["Fiend Fire","Impervious"],"picked":"Immolate","floor":16},{"not_picked":["Evolve+1","Carnage+1"],"picked":"Fire Breathing","floor":18},{"not_picked":["Dropkick+1","Body Slam"],"picked":"Flex","floor":21},{"not_picked":["Searing Blow","Dual Wield+1"],"picked":"Perfected Strike+1","floor":22},{"not_picked":["Perfected Strike","True Grit+1","Limit Break"],"picked":"SKIP","floor":23},{"not_picked":["Havoc","Warcry"],"picked":"Wild Strike","floor":24},{"not_picked":["Havoc","Seeing Red"],"picked":"Cleave","floor":27},{"not_picked":["Whirlwind","Twin Strike"],"picked":"Flex","floor":29},{"not_picked":["Dual Wield+1","Shockwave"],"picked":"Wild Strike","floor":30}],"player_experience":179827,"relics_obtained":[{"floor":6,"key":"Bottled Flame"},{"floor":9,"key":"Sundial"},{"floor":14,"key":"War Paint"},{"floor":19,"key":"Necronomicon"},{"floor":23,"key":"Blue Candle"},{"floor":26,"key":"Art of War"}],"event_choices":[{"damage_healed":0,"gold_gain":0,"cards_transformed":["Strike_R"],"player_choice":"Transformed","damage_taken":0,"max_hp_gain":0,"max_hp_loss":0,"event_name":"Transmorgrifier","floor":2,"gold_loss":0,"cards_obtained":["Intimidate"]},{"damage_healed":0,"gold_gain":0,"player_choice":"2 cards matched","damage_taken":0,"max_hp_gain":0,"max_hp_loss":0,"event_name":"Match and Keep!","floor":4,"gold_loss":0,"cards_obtained":["Sever Soul","Discovery"]},{"cards_removed":["Bash"],"damage_healed":0,"gold_gain":0,"player_choice":"Card Removal","damage_taken":0,"max_hp_gain":0,"max_hp_loss":0,"event_name":"The Cleric","floor":10,"gold_loss":50},{"damage_healed":0,"gold_gain":0,"player_choice":"Upgraded","damage_taken":0,"max_hp_gain":0,"max_hp_loss":0,"event_name":"Upgrade Shrine","floor":11,"gold_loss":0,"cards_upgraded":["Discovery"]},{"damage_healed":0,"gold_gain":0,"player_choice":"Obtained Book","damage_taken":16,"max_hp_gain":0,"max_hp_loss":0,"event_name":"Cursed Tome","floor":19,"gold_loss":0},{"damage_healed":0,"gold_gain":0,"player_choice":"Ignored","damage_taken":0,"max_hp_gain":0,"max_hp_loss":0,"event_name":"Vampires","floor":20,"gold_loss":0}],"is_beta":false,"boss_relics":[{"not_picked":["Fusion Hammer","Snecko Eye","Astrolabe"]}],"items_purged_floors":[],"is_endless":false,"potions_floor_spawned":[5,8,12,18,24,30,31],"killed_by":"Champ","ascension_level":2}}