{"host":"qxeepl7ydvsgmfdb","time":1611033152,"event":{"mods":["AchievementEnabler","BaseMod","Colored Powertips","Minty Spire (QoL Compilation)","Quick Restart","slay the spire mod where everything is the same but ironclad has a cowboy hat"],"gold_per_floor":[115,115,12,12,23,53,53,82,108,108,108,108,134,144,144,242,242,257,257,271,284,295,295,295],"floor_reached":23,"language":"ENG","playtime":627,"items_purged":[],"score":351,"play_id":"e2af81d9-8caa-4665-9193-ba14d1f1bac4","local_time":"20210119001232","is_ascension_mode":true,"campfire_choices":[{"data":"Deadly Poison","floor":7.0,"key":"SMITH"},{"floor":12.0,"key":"REST"},{"floor":15,"key":"REST"}],"circlet_count":0,"master_deck":["AscendersBane","Strike_G","Strike_G","Strike_G","Strike_G","Defend_G","Defend_G","Defend_G","Defend_G","Defend_G","Survivor","Neutralize","Slice","Blade Dance","Deadly Poison+1","Corpse Explosion","Acrobatics","Phantasmal Killer+1","CurseOfTheBell","Slice","Backstab","Cloak And Dagger+1"],"relics":["Ring of the Snake","NeowsBlessing","Question Card","Lantern","Smiling Mask","Centennial Puzzle","Oddly Smooth Stone","Calling Bell","MealTicket","Letter Opener","Unceasing Top"],"acts_visited":["Exordium","TheCity"],"potions_floor_usage":[13,20,20,23],"damage_taken":[{"damage":0.0,"enemies":"Small Slimes","floor":1.0,"turns":1.0},{"damage":0.0,"enemies":"Cultist","floor":5.0,"turns":1.0},{"damage":0.0,"enemies":"Gremlin Nob","floor":6.0,"turns":1.0},{"damage":22.0,"enemies":"Lagavulin","floor":8.0,"turns":5.0},{"damage":20,"enemies":"Gremlin Nob","floor":13,"turns":4},{"damage":3,"enemies":"Jaw Worm","floor":14,"turns":2},{"damage":49,"enemies":"The Guardian","floor":16,"turns":11},{"damage":29,"enemies":"Shell Parasite","floor":18,"turns":6},{"damage":0,"enemies":"2 Thieves","floor":20,"turns":1},{"damage":25,"enemies":"3 Cultists","floor":21,"turns":5},{"damage":18,"enemies":"Chosen and Byrds","floor":22,"turns":6},{"damage":10,"enemies":"Slavers","floor":23,"turns":1}],"seed_played":"-4783468953054113883","potions_obtained":[{"floor":1.0,"key":"BlessingOfTheForge"},{"floor":5.0,"key":"CultistPotion"},{"floor":13,"key":"Explosive Potion"},{"floor":16,"key":"LiquidMemories"},{"floor":18,"key":"CunningPotion"},{"floor":22,"key":"DuplicationPotion"}],"is_trial":false,"path_per_floor":["M","?","$","T","M","E","R","E","T","$","$","R","E","M","R","B",null,"M","?","M","M","M","E"],"character_chosen":"THE_SILENT","items_purchased":["FairyPotion"],"campfire_rested":2,"item_purchase_floors":[3],"current_hp_per_floor":[63,63,63,63,63,63,63,41,41,41,41,62,42,39,60,11,55,26,26,26,1,6,0,0],"gold":295,"neow_bonus":"THREE_ENEMY_KILL","is_daily":false,"chose_seed":false,"campfire_upgraded":1,"win_rate":0.0,"timestamp":1611033152,"path_taken":["M","?","$","?","M","E","R","E","T","?","$","R","E","M","R","BOSS","M","?","M","?","M","E"],"items_purchased_type":["Potion"],"build_version":"2020-12-22","purchased_purges":0,"victory":false,"max_hp_per_floor":[70,70,70,70,70,70,70,70,70,70,70,70,70,70,70,70,70,70,70,70,70,70,70,70],"card_choices":[{"not_picked":["Blur","Deflect"],"picked":"Slice","floor":1.0},{"not_picked":["Quick Slash","Underhanded Strike","Dodge and Roll"],"picked":"Blade Dance","floor":5.0},{"not_picked":["Flechettes","Quick Slash","Bullet Time"],"picked":"Deadly Poison","floor":6.0},{"not_picked":["Dagger Spray","Eviscerate","Quick Slash"],"picked":"Corpse Explosion","floor":8.0},{"not_picked":["Finisher","Blur","Bouncing Flask"],"picked":"Acrobatics","floor":13},{"not_picked":["Crippling Poison","Dodge and Roll","Quick Slash","Outmaneuver"],"picked":"SKIP","floor":14},{"not_picked":["Tools of the Trade","A Thousand Cuts","Grand Finale"],"picked":"Phantasmal Killer","floor":16},{"not_picked":["Terror","Footwork+1","Concentrate"],"picked":"Slice","floor":18},{"not_picked":["Predator","Setup","Eviscerate","Acrobatics+1"],"picked":"SKIP","floor":20},{"not_picked":["Slice","Quick Slash","Flechettes"],"picked":"Backstab","floor":21},{"not_picked":["Blade Dance","Underhanded Strike","Escape Plan"],"picked":"Cloak And Dagger+1","floor":22}],"player_experience":172546,"relics_obtained":[{"floor":4.0,"key":"Question Card"},{"floor":6.0,"key":"Lantern"},{"floor":8.0,"key":"Smiling Mask"},{"floor":9.0,"key":"Centennial Puzzle"},{"floor":13,"key":"Oddly Smooth Stone"},{"floor":17,"key":"MealTicket"},{"floor":17,"key":"Letter Opener"},{"floor":17,"key":"Unceasing Top"}],"event_choices":[{"cards_removed":["Strike_G"],"damage_healed":0.0,"max_hp_gain":0.0,"max_hp_loss":0.0,"gold_gain":0.0,"event_name":"Purifier","player_choice":"Purged","floor":2.0,"gold_loss":0.0,"damage_taken":0.0},{"damage_healed":0,"gold_gain":0,"player_choice":"Upgraded","damage_taken":0,"max_hp_gain":0,"max_hp_loss":0,"event_name":"Upgrade Shrine","floor":19,"gold_loss":0,"cards_upgraded":["Phantasmal Killer"]}],"is_beta":false,"boss_relics":[{"not_picked":["Empty Cage","Snecko Eye"],"picked":"Calling Bell"}],"items_purged_floors":[],"is_endless":false,"potions_floor_spawned":[1,5,13,16,18,22],"killed_by":"Slavers","ascension_level":10}}