{"host":"hbel9g7s7ibv8po6","time":1611035497,"event":{"mods":["Act Like it!","BaseMod","Duelist Mod","Minty Spire (QoL Compilation)","StSLib"],"gold_per_floor":[141,151,151,171,96,96,96,96,142,169,184,194,194,54,54,154,154,165,165,179,189,200,233,21,21,21,31,62,62,94,94,94,193,193,205,220,18,18,38,38,50,50,97,147,176,187,187,198,198,198],"floor_reached":51,"language":"ENG","playtime":3505,"items_purged":["theDuelist:VampireCurse","theDuelist:Sparks","Injury","theDuelist:ExodiaLA"],"score":858,"play_id":"0113031e-1dca-4de3-8dd3-37eedd143c30","local_time":"20210119135137","is_ascension_mode":true,"campfire_choices":[{"data":"Madness","floor":6.0,"key":"SMITH"},{"data":"theDuelist:ExodiaHead","floor":8.0,"key":"SMITH"},{"data":"theDuelist:RainbowKuriboh","floor":15.0,"key":"SMITH"},{"data":"theDuelist:ExodiaNecross","floor":25.0,"key":"SMITH"},{"floor":29.0,"key":"REST"},{"data":"theDuelist:Yami","floor":32.0,"key":"SMITH"},{"data":"theDuelist:ApprenticeIllusionMagician+1","floor":40.0,"key":"SMITH"},{"data":"theDuelist:LegendaryExodia","floor":42.0,"key":"SMITH"},{"data":"theDuelist:IcyCrevasse","floor":47,"key":"SMITH"},{"floor":49,"key":"REST"}],"circlet_count":0,"master_deck":["theDuelist:CastleWalls","theDuelist:CastleWalls","theDuelist:DarkMagician","theDuelist:MysticalElf+1","theDuelist:MysticalElf","theDuelist:NeoMagic","theDuelist:NeoMagic","theDuelist:ExodiaHead+1","Madness+1","theDuelist:ExodiaLL+1","theDuelist:LegendaryExodia+1","theDuelist:SangaWater","theDuelist:RainbowKuriboh+1","theDuelist:ExodiaLA","theDuelist:ExodiaNecross+1","theDuelist:GateGuardian","theDuelist:MagiciansRod+1","theDuelist:FrontierWiseman","theDuelist:IcyCrevasse+1","theDuelist:Yami+1","Bite","Bite","theDuelist:RainbowMagician+1","theDuelist:ApprenticeIllusionMagician+2","theDuelist:CircleFireKings+1","theDuelist:VampireCurse","theDuelist:IcyCrevasse+1"],"relics":["theDuelist:MillenniumPuzzle","theDuelist:CardPoolRelic","theDuelist:CardPoolBasicRelic","theDuelist:BoosterPackPoolRelic","theDuelist:CardPoolAddRelic","theDuelist:CardPoolMinusRelic","theDuelist:CardPoolSaveRelic","theDuelist:CardPoolOptionsRelic","Akabeko","theDuelist:ElectricBurst","Snake Skull","theDuelist:GamblerChip","Thread and Needle","Pear","Membership Card","theDuelist:SolderToken","Juzu Bracelet","Matryoshka","Cursed Key","Chemical X","theDuelist:DuelistOrichalcum","Ancient Tea Set","War Paint","Champion Belt","Darkstone Periapt"],"acts_visited":["Exordium","TheCity","TheBeyond"],"potions_floor_usage":[45,45],"damage_taken":[{"damage":0.0,"enemies":"Jaw Worm","floor":1.0,"turns":4.0},{"damage":0.0,"enemies":"Small Slimes","floor":2.0,"turns":4.0},{"damage":2.0,"enemies":"Cultist","floor":4.0,"turns":4.0},{"damage":4.0,"enemies":"Lagavulin","floor":10.0,"turns":8.0},{"damage":0.0,"enemies":"Looter","floor":11.0,"turns":1.0},{"damage":0.0,"enemies":"2 Fungi Beasts","floor":12.0,"turns":3.0},{"damage":45.0,"enemies":"Hexaghost","floor":16.0,"turns":8.0},{"damage":0.0,"enemies":"Shell Parasite","floor":18.0,"turns":5.0},{"damage":9.0,"enemies":"2 Thieves","floor":20.0,"turns":4.0},{"damage":22.0,"enemies":"Centurion and Healer","floor":21.0,"turns":7.0},{"damage":8.0,"enemies":"Snecko","floor":22.0,"turns":5.0},{"damage":22.0,"enemies":"Book of Stabbing","floor":23.0,"turns":7.0},{"damage":6.0,"enemies":"Chosen and Byrds","floor":27.0,"turns":6.0},{"damage":14.0,"enemies":"Slavers","floor":28.0,"turns":7.0},{"damage":0.0,"enemies":"Book of Stabbing","floor":30.0,"turns":4.0},{"damage":26.0,"enemies":"Automaton","floor":33.0,"turns":8.0},{"damage":26.0,"enemies":"3 Shapes","floor":35.0,"turns":4.0},{"damage":3.0,"enemies":"Orb Walker","floor":36.0,"turns":2.0},{"damage":0.0,"enemies":"Spire Growth","floor":39.0,"turns":5.0},{"damage":5.0,"enemies":"Jaw Worm Horde","floor":41.0,"turns":3.0},{"damage":0.0,"enemies":"Mind Bloom Boss Battle","floor":44.0,"turns":5.0},{"damage":3,"enemies":"Reptomancer","floor":45,"turns":6},{"damage":14,"enemies":"Maw","floor":46,"turns":6},{"damage":0,"enemies":"Writhing Mass","floor":48,"turns":2},{"damage":41,"enemies":"Time Eater","floor":50,"turns":8}],"seed_played":"8112727915137692991","potions_obtained":[{"floor":2.0,"key":"theDuelist:BarricadePotion"},{"floor":4.0,"key":"SneckoOil"},{"floor":10.0,"key":"theDuelist:FreezingPotion"},{"floor":16.0,"key":"LiquidMemories"},{"floor":18.0,"key":"CultistPotion"},{"floor":23.0,"key":"EssenceOfSteel"},{"floor":27.0,"key":"Energy Potion"},{"floor":28.0,"key":"theDuelist:MillenniumElixir"},{"floor":30.0,"key":"LiquidMemories"},{"floor":39.0,"key":"Energy Potion"},{"floor":41.0,"key":"theDuelist:MegaupgradePotion"}],"is_trial":false,"path_per_floor":["M","M","?","M","$","R","?","R","T","E","M","M","?","$","R","B",null,"M","?","M","M","M","E","$","R","T","M","E","R","E","?","R","B",null,"M","M","$","?","M","R","M","R","T","?","E","M","R","M","R","B",null],"character_chosen":"THE_DUELIST","items_purchased":["theDuelist:ExodiaLA","Membership Card","theDuelist:LightningVortex","Chemical X"],"campfire_rested":2,"item_purchase_floors":[14,24,37,37],"current_hp_per_floor":[80,80,80,78,78,78,78,78,78,74,74,74,71,71,71,26,80,80,80,71,49,41,29,29,29,29,23,9,36,36,36,36,14,62,38,38,38,32,32,32,27,27,27,35,36,26,26,26,44,10],"gold":198,"neow_bonus":"THREE_RARE_CARDS","is_daily":false,"chose_seed":false,"campfire_upgraded":8,"win_rate":0.0,"timestamp":1611035497,"path_taken":["M","M","?","M","$","R","?","R","T","E","?","M","?","$","R","BOSS","M","?","M","?","M","E","$","R","T","M","E","R","E","?","R","BOSS","M","M","$","?","M","R","M","R","T","?","E","M","R","M","R","BOSS"],"items_purchased_type":["Card","Relic","Card","Relic"],"build_version":"2020-12-22","purchased_purges":4,"victory":true,"max_hp_per_floor":[80,80,80,80,80,80,80,80,80,80,80,80,80,80,80,80,80,80,80,80,80,80,90,90,90,90,90,90,90,90,62,62,62,62,62,62,62,62,62,62,62,62,62,62,62,62,62,62,62,62],"card_choices":[{"not_picked":["theDuelist:GateGuardian","theDuelist:VoidVanishment"],"picked":"theDuelist:ExodiaHead","floor":0.0},{"not_picked":["Finesse","Magnetism","Mayhem"],"picked":"Madness","floor":1.0},{"not_picked":["theDuelist:InjectionFairy","theDuelist:BlueDragonSummoner","theDuelist:Relinquished","theDuelist:SkilledDarkMagician"],"picked":"theDuelist:ExodiaLA","floor":2.0},{"not_picked":["theDuelist:SangaThunder","theDuelist:Illusionist","theDuelist:BlueDragonSummoner","theDuelist:InfernoFireBlast"],"picked":"theDuelist:ExodiaLL","floor":4.0},{"not_picked":["theDuelist:ExodiaLA","theDuelist:CosmoBrain","theDuelist:Illusionist","theDuelist:BlizzardPrincess"],"picked":"theDuelist:LegendaryExodia","floor":10.0},{"not_picked":["theDuelist:ExodiaHead","theDuelist:RainbowDarkDragon","theDuelist:IceQueen","theDuelist:SwordsBurning"],"picked":"theDuelist:SangaWater","floor":11.0},{"not_picked":["theDuelist:GreenGraveOni","theDuelist:GreyGreedOni","theDuelist:PurplePainOni","theDuelist:RedHeadedOni"],"picked":"theDuelist:RainbowKuriboh","floor":12.0},{"not_picked":["theDuelist:RainbowDarkDragon","theDuelist:VoidVanishment","theDuelist:GrandSpellbookTower","theDuelist:DarkPaladin"],"picked":"theDuelist:ExodiaNecross","floor":16.0},{"not_picked":["theDuelist:WhiteHowling","theDuelist:InariFire","theDuelist:VoidExpansion"],"picked":"theDuelist:MagiciansRod","floor":18.0},{"not_picked":["theDuelist:BlizzardWarrior","theDuelist:PowerKaishin","theDuelist:InjectionFairy","theDuelist:DarkMagician+1","theDuelist:DoomShaman"],"picked":"SKIP","floor":20.0},{"not_picked":["theDuelist:ApprenticeIllusionMagician","theDuelist:CharcoalInpachi","theDuelist:InvitationDarkSleep","theDuelist:RainbowMagician"],"picked":"theDuelist:GateGuardian","floor":21.0},{"not_picked":["theDuelist:InfernoFireBlast","theDuelist:PowerKaishin+1","theDuelist:Yami","theDuelist:DiffusionWaveMotion"],"picked":"theDuelist:MagiciansRod+1","floor":22.0},{"not_picked":["theDuelist:BattleOx","theDuelist:BlackPendant","theDuelist:PotDichotomy","theDuelist:PreventRat"],"picked":"theDuelist:FrontierWiseman","floor":23.0},{"not_picked":["theDuelist:DarkHorizon","theDuelist:Graverobber","theDuelist:WhiteHowling","theDuelist:BadReaction"],"picked":"theDuelist:IcyCrevasse","floor":27.0},{"not_picked":["theDuelist:VoidExpansion","theDuelist:MindAir","theDuelist:BadReaction"],"picked":"theDuelist:Yami","floor":28.0},{"not_picked":["theDuelist:FairyBox","theDuelist:NeoMagic","theDuelist:Mudballman","theDuelist:BookSecret"],"picked":"theDuelist:SangaThunder+1","floor":30.0},{"not_picked":["theDuelist:RainbowDarkDragon","theDuelist:IrisEarthMother","theDuelist:RainbowKuriboh","theDuelist:RainbowOverdragon"],"picked":"theDuelist:RainbowMagician+1","floor":33.0},{"not_picked":["theDuelist:ExodiaHead+1","theDuelist:SilentDoom+1","theDuelist:InfernoFireBlast+1","theDuelist:CharcoalInpachi+1"],"picked":"theDuelist:ApprenticeIllusionMagician+1","floor":35.0},{"not_picked":["theDuelist:ApprenticeIllusionMagician","theDuelist:DiffusionWaveMotion","theDuelist:SpiritHarp","theDuelist:ExodiaLA","theDuelist:VoidExpansion"],"picked":"SKIP","floor":36.0},{"not_picked":["theDuelist:SpellShatteringArrow+1","theDuelist:NeoMagic","theDuelist:SpiritHarp","theDuelist:PowerKaishin"],"picked":"theDuelist:ExodiaRA","floor":39.0},{"not_picked":["theDuelist:SpellShatteringArrow","theDuelist:InfernoFireBlast","theDuelist:DiffusionWaveMotion+1","theDuelist:PowerKaishin+1"],"picked":"theDuelist:CircleFireKings+1","floor":41.0},{"not_picked":["theDuelist:IrisEarthMother","theDuelist:RainbowMagician","theDuelist:RainbowKuriboh"],"picked":"theDuelist:RainbowDarkDragon+1","floor":44.0},{"not_picked":["theDuelist:StatueAnguishPattern+1","theDuelist:AltarTribute+1","theDuelist:FairyBox","theDuelist:BadReaction"],"picked":"theDuelist:IcyCrevasse+1","floor":45},{"not_picked":["theDuelist:AttackTheMoon+1","theDuelist:Kuribohrn+1","theDuelist:Hinotama","theDuelist:BigKoala"],"picked":"theDuelist:EarthGiant+1","floor":46},{"not_picked":["theDuelist:PowerGiant","theDuelist:BlockGolem+1","theDuelist:GolemSentry+1","theDuelist:FuryFire","theDuelist:GemArmadillo"],"picked":"SKIP","floor":48}],"player_experience":116536,"relics_obtained":[{"floor":9.0,"key":"Akabeko"},{"floor":10.0,"key":"theDuelist:ElectricBurst"},{"floor":19.0,"key":"Thread and Needle"},{"floor":23.0,"key":"Pear"},{"floor":26.0,"key":"theDuelist:SolderToken"},{"floor":28.0,"key":"Juzu Bracelet"},{"floor":30.0,"key":"Matryoshka"},{"floor":43.0,"key":"Ancient Tea Set"},{"floor":43.0,"key":"War Paint"},{"floor":44.0,"key":"Champion Belt"},{"floor":45,"key":"Darkstone Periapt"}],"event_choices":[{"damage_healed":0.0,"max_hp_gain":0.0,"max_hp_loss":0.0,"gold_gain":0.0,"event_name":"Millennium Items","player_choice":"Took item - Received: Millennium Rod","duelist":true,"floor":3.0,"gold_loss":0.0,"damage_taken":0.0},{"damage_healed":0.0,"max_hp_gain":0.0,"max_hp_loss":0.0,"gold_gain":0.0,"event_name":"Visit from Anubis","player_choice":"Scored: 232","duelist":true,"floor":7.0,"gold_loss":0.0,"damage_taken":0.0},{"damage_healed":0.0,"max_hp_gain":0.0,"max_hp_loss":0.0,"gold_gain":0.0,"event_name":"Scrap Ooze","player_choice":"Success","floor":13.0,"gold_loss":0.0,"damage_taken":3.0,"relics_obtained":["Snake Skull"]},{"damage_healed":0.0,"max_hp_gain":0.0,"max_hp_loss":0.0,"gold_gain":0.0,"event_name":"Wheel of Change","player_choice":"Relic","floor":19.0,"gold_loss":0.0,"damage_taken":0.0},{"damage_healed":0.0,"max_hp_gain":0.0,"max_hp_loss":28.0,"gold_gain":0.0,"event_name":"Vampires","player_choice":"Became a vampire","floor":31.0,"gold_loss":0.0,"damage_taken":0.0,"cards_obtained":["Bite","Bite","Bite","Bite","Bite"]},{"damage_healed":0.0,"max_hp_gain":0.0,"max_hp_loss":0.0,"gold_gain":0.0,"event_name":"Aknamkanon\u0027s Tomb","player_choice":"Dig - random Duelist relic","duelist":true,"floor":38.0,"gold_loss":0.0,"damage_taken":0.0},{"damage_healed":0.0,"max_hp_gain":0.0,"max_hp_loss":0.0,"gold_gain":0.0,"event_name":"MindBloom","player_choice":"Fight","floor":44.0,"gold_loss":0.0,"damage_taken":0.0}],"is_beta":false,"boss_relics":[{"not_picked":["Runic Pyramid","HoveringKite"],"picked":"theDuelist:GamblerChip"},{"not_picked":["Runic Dome","Sozu"],"picked":"Cursed Key"}],"items_purged_floors":[5,14,24,37],"is_endless":false,"potions_floor_spawned":[2,4,10,16,18,23,27,28,30,39,41,44],"ascension_level":2}}