{"host":"6p0attdrtjqaih7v","time":1611040247,"event":{"mods":["2.2 Compatiblity","AchievementEnabler","Bard","BaseMod","Better Skull","Better Third Choice","Colored Powertips","Hermit","Highlight Path","Jorbs\u0027s Wanderer Trilogy","Key Reminder","Minty Spire (QoL Compilation)","Permanent Neow","Quick Restart","Random Character Button","Relic Stats","Replay The Spire","Robot Space Explorer","StSLib"],"gold_per_floor":[211,223,52,52,69,69,100,100,100,100,127,127,146,177,177,249,249,268,268,0,14,30,30,65,78,78,78,94,94,121,140,140,217,217,233,233,248,262,280,280,6,31,31,51,51,69,104,116,116,116,116,116],"floor_reached":51,"language":"ENG","playtime":3882,"items_purged":["Shame","Strike_G"],"score":1538,"play_id":"c210039f-27dd-4a09-b877-ac0cb46a735e","local_time":"20210119021047","is_ascension_mode":true,"campfire_choices":[{"data":"Neutralize","floor":6,"key":"SMITH"},{"floor":8,"key":"REST"},{"data":"ReplayTheSpireMod:Speed Training","floor":10,"key":"SMITH"},{"data":"Prepared","floor":12,"key":"SMITH"},{"data":"A Thousand Cuts","floor":15,"key":"SMITH"},{"data":"Crippling Poison","floor":23,"key":"SMITH"},{"floor":29,"key":"REST"},{"floor":32,"key":"REST"},{"floor":40,"key":"REST"},{"data":"Replay:Bag of Tricks","floor":45,"key":"SMITH"},{"floor":49,"key":"REST"}],"circlet_count":0,"master_deck":["AscendersBane","Strike_G","Strike_G+1","Defend_G","Defend_G+1","Defend_G","Defend_G","Defend_G","Survivor","Neutralize+1","Quick Slash","Blade Dance","ReplayTheSpireMod:Speed Training+1","Quick Slash","Blade Dance","Prepared+1","Sucker Punch","A Thousand Cuts+1","After Image","Draining Mist","Well Laid Plans","Crippling Poison+1","Noxious Fumes","Dagger Spray","Glass Knife","Blur","Escape Plan","Backflip","Replay:Bag of Tricks+1","Backflip","Dash","Pot Of Greed","Pot Of Greed","Pot Of Greed","Blade Dance","PiercingWail","Acrobatics","ReplayTheSpireMod:Speed Training","PiercingWail+1","Pot Of Greed"],"relics":["Ring of the Snake","PreservedInsect","ReplayTheSpireMod:CursedCoin","InkBottle","Simple Rune","Nunchaku","Bag of Marbles","Replay:Bronze Core","Akabeko","TungstenRod","Pondfish Scales","Ring of Chaos","Shuriken","Grinning Jar","Ancient Tea Set","Vajra"],"acts_visited":["Exordium","TheCity","TheBeyond"],"potions_floor_usage":[14,22,24,35,35,38,44,47,51],"damage_taken":[{"damage":10,"enemies":"Jaw Worm","floor":1,"turns":8},{"damage":0,"enemies":"2 Louse","floor":2,"turns":2},{"damage":0,"enemies":"Cultist","floor":5,"turns":3},{"damage":16,"enemies":"Replay:BlueRogue","floor":7,"turns":8},{"damage":10,"enemies":"Lagavulin","floor":11,"turns":5},{"damage":5,"enemies":"2 Fungi Beasts","floor":13,"turns":5},{"damage":7,"enemies":"3 Sentries","floor":14,"turns":6},{"damage":14,"enemies":"The Guardian","floor":16,"turns":14},{"damage":3,"enemies":"2 Thieves","floor":18,"turns":4},{"damage":0,"enemies":"3 Byrds","floor":21,"turns":7},{"damage":5,"enemies":"Centurion and Healer","floor":22,"turns":8},{"damage":11,"enemies":"Gremlin Leader","floor":24,"turns":5},{"damage":6,"enemies":"Snake Plant","floor":25,"turns":4},{"damage":11,"enemies":"Sentry and Sphere","floor":28,"turns":6},{"damage":0,"enemies":"Slavers","floor":30,"turns":1},{"damage":5,"enemies":"Shelled Parasite and Fungi","floor":31,"turns":5},{"damage":10,"enemies":"Automaton","floor":33,"turns":12},{"damage":2,"enemies":"3 Darklings","floor":35,"turns":5},{"damage":7,"enemies":"3 Shapes","floor":37,"turns":8},{"damage":28,"enemies":"3 Darklings","floor":38,"turns":5},{"damage":2,"enemies":"4 Shapes","floor":39,"turns":6},{"damage":5,"enemies":"Nemesis","floor":42,"turns":5},{"damage":0,"enemies":"Maw","floor":44,"turns":8},{"damage":0,"enemies":"Writhing Mass","floor":46,"turns":8},{"damage":22,"enemies":"Reptomancer","floor":47,"turns":5},{"damage":8,"enemies":"Jaw Worm Horde","floor":48,"turns":6},{"damage":4,"enemies":"Awakened One","floor":50,"turns":11},{"damage":33,"enemies":"Donu and Deca","floor":51,"turns":8}],"seed_played":"5041079926324554433","potions_obtained":[{"floor":2,"key":"Elixir"},{"floor":5,"key":"Elixir"},{"floor":11,"key":"BlessingOfTheForge"},{"floor":16,"key":"CunningPotion"},{"floor":21,"key":"Adrenaline Potion"},{"floor":25,"key":"PowerPotion"},{"floor":31,"key":"SmokeBomb"},{"floor":33,"key":"Swift Potion"},{"floor":35,"key":"SkillPotion"},{"floor":38,"key":"PowerPotion"},{"floor":44,"key":"Toxic Potion"},{"floor":47,"key":"FearPotion"}],"is_trial":false,"path_per_floor":["M","M","$","?","M","R","E","R","T","R","E","R","M","E","R","B",null,"M","?","$","M","M","R","E","M","T","?","M","R","E","M","R","B",null,"M","?","M","M","M","R","$","E","T","M","R","M","E","M","R","B","B"],"character_chosen":"THE_SILENT","items_purchased":["PreservedInsect","ReplayTheSpireMod:CursedCoin","ReplayTheSpireMod:Speed Training","Well Laid Plans","Crippling Poison","Shuriken"],"campfire_rested":5,"item_purchase_floors":[3,3,3,20,20,41],"current_hp_per_floor":[49,49,49,42,42,42,26,45,45,45,35,35,30,23,23,9,52,49,49,49,49,44,44,33,27,27,27,16,35,35,30,49,39,59,57,57,50,22,20,39,39,34,34,34,34,34,12,4,23,19,0,0],"gold":116,"neow_bonus":"HUNDRED_GOLD","is_daily":false,"chose_seed":false,"campfire_upgraded":6,"win_rate":0.0,"timestamp":1611040247,"path_taken":["M","M","$","?","M","R","E","R","T","R","E","R","M","E","R","BOSS","M","?","$","M","M","R","E","M","T","?","M","R","E","?","R","BOSS","M","?","?","M","M","R","$","E","T","M","R","M","E","M","R","BOSS","BOSS"],"items_purchased_type":["Relic","Relic","Card","Card","Card","Relic"],"build_version":"2020-12-22","purchased_purges":2,"victory":false,"max_hp_per_floor":[66,66,66,66,66,66,66,66,66,66,66,66,66,66,66,66,66,66,66,66,66,66,66,66,66,66,66,66,66,66,66,66,66,66,66,66,66,66,66,66,66,66,66,66,66,66,66,66,66,66,66,66],"relic_stats":{"Nunchaku":[44],"counters":[28,178],"Shuriken":[36],"PreservedInsect":341,"obtain_stats":[{"ReplayTheSpireMod:CursedCoin":3,"Vajra":47,"PreservedInsect":3,"Ring of Chaos":34,"Ancient Tea Set":43,"Akabeko":24,"Nunchaku":11,"Pondfish Scales":30,"Shuriken":41,"Replay:Bronze Core":17,"Simple Rune":9,"Bag of Marbles":14,"Grinning Jar":42,"InkBottle":7,"TungstenRod":26,"Ring of the Snake":0},{"ReplayTheSpireMod:CursedCoin":2,"Vajra":25,"PreservedInsect":2,"Ring of Chaos":17,"Ancient Tea Set":22,"Akabeko":12,"Nunchaku":5,"Pondfish Scales":15,"Shuriken":21,"Replay:Bronze Core":8,"Simple Rune":4,"Bag of Marbles":7,"Grinning Jar":22,"InkBottle":4,"TungstenRod":13,"Ring of the Snake":0},{"ReplayTheSpireMod:CursedCoin":10,"Vajra":153,"PreservedInsect":10,"Ring of Chaos":103,"Ancient Tea Set":132,"Akabeko":75,"Nunchaku":26,"Pondfish Scales":86,"Shuriken":127,"Replay:Bronze Core":51,"Simple Rune":21,"Bag of Marbles":37,"Grinning Jar":132,"InkBottle":21,"TungstenRod":79,"Ring of the Snake":0}],"InkBottle":[96],"TungstenRod":31,"Ring of the Snake":[56]},"card_choices":[{"not_picked":["Replay:Poison Smokescreen","Eviscerate"],"picked":"Quick Slash","floor":1},{"not_picked":["Dagger Spray","Prepared"],"picked":"Blade Dance","floor":2},{"not_picked":["Prepared","PiercingWail"],"picked":"Quick Slash","floor":5},{"not_picked":["Bullet Time","Masterful Stab"],"picked":"Blade Dance","floor":7},{"not_picked":["Bane","Setup"],"picked":"Prepared","floor":11},{"not_picked":["PiercingWail","Flying Knee"],"picked":"Sucker Punch","floor":13},{"not_picked":["Bane","Catalyst"],"picked":"A Thousand Cuts","floor":14},{"not_picked":["Envenom","Bullet Time"],"picked":"After Image","floor":16},{"not_picked":["Deadly Poison","Slice"],"picked":"Draining Mist","floor":18},{"not_picked":["PiercingWail","Dagger Spray"],"picked":"Noxious Fumes","floor":21},{"not_picked":["Reflex","Flying Knee"],"picked":"Dagger Spray","floor":22},{"not_picked":["Masterful Stab","All Out Attack"],"picked":"Glass Knife","floor":24},{"not_picked":["Calculated Gamble","Masterful Stab+1"],"picked":"Blur","floor":25},{"not_picked":["Blade Dance","Sucker Punch"],"picked":"Escape Plan","floor":28},{"not_picked":["Quick Slash+1","Poisoned Stab","Infinite Blades"],"picked":"SKIP","floor":30},{"not_picked":["Bouncing Flask","Cloak And Dagger"],"picked":"Backflip","floor":31},{"not_picked":["Doppelganger","Envenom"],"picked":"Replay:Bag of Tricks","floor":33},{"not_picked":["Dodge and Roll","Backstab"],"picked":"Backflip","floor":35},{"not_picked":["Bane","Underhanded Strike+1","All Out Attack"],"picked":"SKIP","floor":37},{"not_picked":["Caltrops","Crippling Poison","Tools of the Trade"],"picked":"SKIP","floor":38},{"not_picked":["Outmaneuver","Deflect"],"picked":"Dash","floor":39},{"not_picked":["Bane","Flying Knee"],"picked":"Blade Dance","floor":42},{"not_picked":["Outmaneuver","Slice"],"picked":"PiercingWail","floor":44},{"not_picked":["Outmaneuver","Dagger Spray"],"picked":"Acrobatics","floor":46},{"not_picked":["Cloak And Dagger","Dagger Spray"],"picked":"ReplayTheSpireMod:Speed Training","floor":47},{"not_picked":["Dodge and Roll","Predator"],"picked":"PiercingWail+1","floor":48}],"player_experience":872216,"relics_obtained":[{"floor":7,"key":"InkBottle"},{"floor":9,"key":"Simple Rune"},{"floor":11,"key":"Nunchaku"},{"floor":14,"key":"Bag of Marbles"},{"floor":24,"key":"Akabeko"},{"floor":26,"key":"TungstenRod"},{"floor":30,"key":"Pondfish Scales"},{"floor":42,"key":"Grinning Jar"},{"floor":43,"key":"Ancient Tea Set"},{"floor":47,"key":"Vajra"}],"event_choices":[{"cards_removed":["Strike_G"],"damage_healed":0,"gold_gain":0,"player_choice":"Card Removal","damage_taken":7,"max_hp_gain":0,"max_hp_loss":0,"event_name":"Golden Wing","floor":4,"gold_loss":0},{"damage_healed":0,"gold_gain":0,"player_choice":"0 cards matched","damage_taken":0,"max_hp_gain":0,"max_hp_loss":0,"event_name":"Match and Keep!","floor":27,"gold_loss":0,"cards_obtained":[]},{"cards_removed":["Strike_G"],"damage_healed":0,"gold_gain":0,"player_choice":"Purged","damage_taken":0,"max_hp_gain":0,"max_hp_loss":0,"event_name":"Purifier","floor":36,"gold_loss":0}],"is_beta":false,"boss_relics":[{"not_picked":["ReplayTheSpireMod:DimensionalGlitch","Snecko Eye"],"picked":"Replay:Bronze Core"},{"not_picked":["Velvet Choker","Replay:Wanted Poster"],"picked":"Ring of Chaos"}],"items_purged_floors":[3,20],"is_endless":false,"potions_floor_spawned":[2,5,11,16,21,25,31,33,35,38,44,47],"killed_by":"Donu and Deca","ascension_level":20}}