{"host":"obplhmlw33xb91v8","time":1611086878,"event":{"mods":["BaseMod","Block Reminder","Curses Come First","Evolution","Minty Spire (QoL Compilation)","Quick Restart","Relic Stats","Spicy Shops","StSLib","Uncapped","Waifu the Spire","slay the spire mod where everything is the same but ironclad has a cowboy hat"],"gold_per_floor":[116,136,66,83,43,75,87,87,113,113,130,150,150,162,162,162,162],"floor_reached":16,"language":"ENG","playtime":615,"items_purged":[],"score":104,"play_id":"248067ae-5e55-4716-9808-43eb92c8fd04","local_time":"20210119150758","is_ascension_mode":false,"campfire_choices":[{"data":"Crescendo","floor":8,"key":"SMITH"},{"data":"Worship","floor":10,"key":"SMITH"},{"floor":15,"key":"REST"}],"circlet_count":0,"master_deck":["Strike_P","Strike_P","Strike_P","Defend_P","Defend_P","Defend_P","Defend_P","Eruption","Vigilance","ClearTheMind","Crescendo+1","CrushJoints","BowlingBash","EmptyBody","Worship+1","SandsOfTime","PathToVictory"],"relics":["PureWater","EVO:Axolotl","NeowsBlessing","Nunchaku","Smiling Mask"],"acts_visited":["Exordium"],"potions_floor_usage":[6,6,16],"damage_taken":[{"damage":0,"enemies":"2 Louse","floor":1,"turns":1},{"damage":0,"enemies":"Cultist","floor":2,"turns":1},{"damage":0,"enemies":"Small Slimes","floor":4,"turns":1},{"damage":31,"enemies":"3 Sentries","floor":6,"turns":5},{"damage":9,"enemies":"Red Slaver","floor":7,"turns":4},{"damage":13,"enemies":"Exordium Wildlife","floor":11,"turns":4},{"damage":7,"enemies":"Looter","floor":12,"turns":4},{"damage":2,"enemies":"2 Fungi Beasts","floor":14,"turns":2},{"damage":31,"enemies":"Slime Boss","floor":16,"turns":9}],"seed_played":"-4401567435377652992","potions_obtained":[{"floor":5,"key":"Fire Potion"},{"floor":5,"key":"Ambrosia"},{"floor":5,"key":"Fire Potion"},{"floor":7,"key":"Energy Potion"},{"floor":12,"key":"EssenceOfSteel"}],"is_trial":false,"path_per_floor":["M","M","$","M","?","E","M","R","T","R","M","M","?","M","R","B"],"character_chosen":"WATCHER","items_purchased":["CrushJoints"],"campfire_rested":1,"item_purchase_floors":[3],"current_hp_per_floor":[72,72,72,72,72,41,32,32,32,32,19,12,12,10,31,0,0],"gold":162,"neow_bonus":"THREE_ENEMY_KILL","is_daily":false,"chose_seed":false,"campfire_upgraded":2,"win_rate":0.0,"timestamp":1611086878,"path_taken":["M","M","$","M","?","E","M","R","T","R","?","M","?","M","R","BOSS"],"items_purchased_type":["Card"],"build_version":"2020-12-22","purchased_purges":0,"victory":false,"max_hp_per_floor":[72,72,72,72,72,72,72,72,72,72,72,72,72,72,72,72,72],"relic_stats":{"Nunchaku":[3],"counters":[9,31],"Smiling Mask":0,"obtain_stats":[{"Nunchaku":6,"NeowsBlessing":0,"EVO:Axolotl":0,"PureWater":0,"Smiling Mask":9},{"Nunchaku":4,"NeowsBlessing":0,"EVO:Axolotl":0,"PureWater":0,"Smiling Mask":5},{"Nunchaku":8,"NeowsBlessing":0,"EVO:Axolotl":0,"PureWater":0,"Smiling Mask":12}]},"card_choices":[{"not_picked":["Indignation","LikeWater"],"picked":"ClearTheMind","floor":1},{"not_picked":["FearNoEvil","PathToVictory"],"picked":"Crescendo","floor":2},{"not_picked":["Collect","FlurryOfBlows"],"picked":"BowlingBash","floor":4},{"not_picked":["JustLucky","EmptyMind"],"picked":"EmptyBody","floor":6},{"not_picked":["CarveReality","Evaluate"],"picked":"Worship","floor":7},{"not_picked":["Pray","SashWhip"],"picked":"SandsOfTime","floor":11},{"not_picked":["EmptyMind","JustLucky","ClearTheMind"],"picked":"SKIP","floor":12},{"not_picked":["Consecrate","SashWhip"],"picked":"PathToVictory","floor":14}],"player_experience":212238,"relics_obtained":[{"floor":6,"key":"Nunchaku"},{"floor":9,"key":"Smiling Mask"}],"event_choices":[{"damage_healed":0,"gold_gain":0,"player_choice":"Bought 3 Potions","damage_taken":0,"max_hp_gain":0,"max_hp_loss":0,"event_name":"The Woman in Blue","floor":5,"gold_loss":0},{"cards_removed":["Strike_P"],"damage_healed":0,"gold_gain":0,"player_choice":"Offered Basic","damage_taken":0,"max_hp_gain":0,"max_hp_loss":0,"event_name":"Bonfire Elementals","floor":13,"gold_loss":0}],"is_beta":false,"boss_relics":[],"items_purged_floors":[],"is_endless":false,"potions_floor_spawned":[7,12],"killed_by":"Slime Boss","ascension_level":0}}