{"host":"hqxy2g3i5ker09hc","time":1611026679,"event":{"mods":["2.2 Compatiblity","AlwaysNeverKeys","Aspiration","BaseMod","Beaked The Cultist","Better Match","Better Note","Better Sensory Stone","Better Silent Start","Better Third Choice","Better-Laid Plans","CCEM","CatGirl Mod","Chen","Conspire","Fireblade Mod","GifTheSpireLib","Gold Saver","Hubris","Ironclad Rager","Minty Spire (QoL Compilation)","MostiFishMod","Permanent Neow","Quarter Circle Forward PUNCH!","Quick Restart","Replay The Spire","Shop Mod","Small Relic Pack","Spikes Relics","StSLib","Stuff the Spire","The Animator","The Bug Knight","The Forsaken","The Wild Card","vexMod"],"gold_per_floor":[1302,1302,1331,581,581,46,66,66,120,120,130,57,57,79,79,180,180,206,224,35,35,35,35,51,51,131,62,62,62,94,94,94,196,196,215,232,287,287,299,299,299,299,299,34,50,0,0,35,35,67,67,67,11,41,41],"floor_reached":56,"language":"ENG","playtime":5575,"items_purged":[],"score":1176,"play_id":"467ceabe-3e8d-4bf5-ad71-09e8f43056de","local_time":"20210119042439","is_ascension_mode":false,"campfire_choices":[{"data":"animator:YachiyoNanami","floor":8,"key":"SMITH"},{"data":"animator:Hibiki","floor":8,"key":"SMITH"},{"data":"animator:Megumin+1","floor":10,"key":"SMITH"},{"data":"animator:Defend_Konosuba","floor":10,"key":"SMITH"},{"data":"animator:Darkness","floor":13,"key":"SMITH"},{"data":"animator:Bozes","floor":13,"key":"SMITH"},{"data":"animator:Kazuma","floor":15,"key":"SMITH"},{"data":"animator:YunYun","floor":15,"key":"SMITH"},{"data":"animator:Urushihara","floor":23,"key":"SMITH"},{"data":"animator:Megumin+7","floor":23,"key":"SMITH"},{"data":"animator:YunYun","floor":28,"key":"SMITH"},{"data":"animator:Megumin+8","floor":28,"key":"SMITH"},{"floor":32,"key":"DIG"},{"floor":40,"key":"DIG"},{"floor":47,"key":"REST"},{"floor":49,"key":"REST"},{"floor":52,"key":"DIG"}],"circlet_count":0,"master_deck":["animator:Strike_Konosuba","animator:Defend_Konosuba+1","animator:Strike","animator:Strike","animator:Defend","animator:Defend","animator:Defend","animator:Kazuma+1","animator:Aqua+1","animator:Megumin+18","animator:Nanami+1","animator:YachiyoNanami+1","animator:Magilou+1","animator:ShinjiMatou+1","Pot Of Greed+1","Pot Of Greed+1","animator:Darkness+1","animator:Bozes+1","animator:YunYun+1","animator:Kyubey+1","animator:MetalKnight","animator:NarberalGamma+1","animator:Urushihara+1","animator:Kazuma+1","Pot Of Greed+1","animator:YunYun+1","animator:Sonic+1","animator:MadokaKaname+1","animator:Saber","MostiFishMod:FlyOverUtopia+1","ReplayTheSpireMod:LeadingStrike+1","animator:HigakiRinne+1","animator:Kazuma+1","Spot Weakness+1","Rage+1","conspire:SpireCoStock+1","animator:Aqua+1","Pot Of Greed+1","Shrug It Off+1","animator:Demiurge+1","Shrug It Off+1"],"relics":["animator:LivingPicture","animator:TheMissingPiece","DaveBox","animator:PurgingStone","Replay:Arrowhead","SynthV:TestCard","animator:CerealBox","Toxic Egg 2","WizardHat","CCEMRelics:JestersCrown","Grinning Jar","ChiXiaoBlade","SpikesRelics:ToyHorsey","Shovel","LugNut","aspiration:IroncladSkillbook","conspire:GiftBox","Lizard Tail","The Courier","Shuriken","Strange Spoon","aspiration:EmptySkull","ImprovedEquipment","qcfpunch:White_Boots"],"acts_visited":["Exordium","TheCity","TheBeyond","TheEnding"],"potions_floor_usage":[19,19,22,54,55],"damage_taken":[{"damage":0,"enemies":"Small Slimes","floor":1,"turns":5},{"damage":0,"enemies":"Cultist","floor":3,"turns":5},{"damage":0,"enemies":"2 Louse","floor":7,"turns":2},{"damage":4,"enemies":"Exordium Wildlife","floor":11,"turns":3},{"damage":4,"enemies":"2 Fungi Beasts","floor":14,"turns":4},{"damage":11,"enemies":"The Guardian","floor":16,"turns":10},{"damage":17,"enemies":"Spheric Guardian","floor":18,"turns":6},{"damage":13,"enemies":"Shell Parasite","floor":19,"turns":4},{"damage":10,"enemies":"3 Cultists","floor":24,"turns":3},{"damage":27,"enemies":"Book of Stabbing","floor":30,"turns":5},{"damage":53,"enemies":"Automaton","floor":33,"turns":9},{"damage":9,"enemies":"Orb Walker","floor":35,"turns":3},{"damage":9,"enemies":"3 Shapes","floor":36,"turns":3},{"damage":16,"enemies":"2 Orb Walkers","floor":37,"turns":4},{"damage":31,"enemies":"Jaw Worm Horde","floor":39,"turns":4},{"damage":4,"enemies":"Maw","floor":45,"turns":6},{"damage":11,"enemies":"4 Shapes","floor":48,"turns":3},{"damage":109,"enemies":"Time Eater","floor":50,"turns":13},{"damage":8,"enemies":"Shield and Spear","floor":54,"turns":5},{"damage":27,"enemies":"The Heart","floor":55,"turns":8}],"seed_played":"4505368255096047050","potions_obtained":[{"floor":3,"key":"Reflective Coating"},{"floor":11,"key":"SteroidPotion"},{"floor":14,"key":"Toxic Potion"},{"floor":18,"key":"Regen Potion"},{"floor":22,"key":"Fruit Juice"},{"floor":22,"key":"DuplicationPotion"},{"floor":36,"key":"Adrenaline Potion"}],"is_trial":false,"path_per_floor":["M","?","M","$","?","$","M","R","T","R","M","$","R","M","R","B",null,"M","M","$","?","?","R","M","?","T","$","R","$","E","?","R","B",null,"M","M","?","?","M","R","?","T","T","$","M","?","R","M","R","B",null,"R","$","E","B",null],"character_chosen":"THE_ANIMATOR","items_purchased":["animator:CerealBox","Toxic Egg 2","WizardHat","animator:Nanami+1","CCEMRelics:JestersCrown","animator:Hibiki","animator:YachiyoNanami","animator:Magilou+1","animator:ShinjiMatou+1","animator:Bozes","animator:Urushihara","FairyPotion","animator:Sonic+1","Strange Spoon","Spot Weakness+1","aspiration:EmptySkull","Shrug It Off+1","animator:Demiurge+1"],"campfire_rested":2,"item_purchase_floors":[4,4,4,4,6,6,6,6,6,12,20,20,27,44,44,44,53,53],"current_hp_per_floor":[66,66,66,66,66,66,66,66,66,66,63,63,63,62,62,54,67,50,49,49,77,82,82,72,72,72,72,72,72,48,48,48,4,82,77,72,63,53,32,32,32,32,32,32,35,35,59,58,82,28,82,82,82,82,67],"gold":41,"neow_bonus":"ONE_RARE_RELIC","is_daily":false,"chose_seed":false,"campfire_upgraded":12,"win_rate":0.0,"timestamp":1611026679,"path_taken":["M","?","M","?","?","$","M","R","T","R","M","$","R","?","R","BOSS","M","M","$","?","?","R","M","?","T","?","R","$","E","?","R","BOSS","M","M","?","?","M","R","?","?","T","$","M","?","R","M","R","BOSS","R","$","E","BOSS"],"items_purchased_type":["Relic","Relic","Relic","Card","Relic","Card","Card","Card","Card","Card","Card","Potion","Card","Relic","Card","Relic","Card","Card"],"build_version":"2020-12-22","purchased_purges":0,"victory":true,"max_hp_per_floor":[66,66,66,66,66,66,66,66,66,66,67,67,67,67,67,67,67,67,67,67,77,82,82,82,82,82,82,82,82,82,82,82,82,82,82,82,82,82,82,82,82,82,82,82,82,82,82,82,82,82,82,82,82,82,82],"card_choices":[{"not_picked":["animator:TukaLunaMarceau","animator:Tyuule","animator:Chung"],"picked":"SKIP","floor":1},{"not_picked":["animator:IrohaTamaki","animator:HiiragiShinya","animator:Tatsumaki","animator:Lu"],"picked":"animator:Megumin","floor":3},{"not_picked":["animator:Assassin","animator:Mikaela","animator:MamiTomoe","animator:Caster+1","animator:Verdia+1"],"picked":"SKIP","floor":7},{"not_picked":["animator:Kazuma+1","animator:Vanir","animator:Mitsurugi","animator:Chomusuke"],"picked":"animator:Darkness","floor":11},{"not_picked":["animator:Alexander","animator:SakuraMatou+1","animator:Azekura+1","animator:Yuuichirou"],"picked":"animator:YunYun","floor":14},{"not_picked":["animator:Gilgamesh","animator:HigakiRinne+1","animator:ItamiYouji","animator:FeridBathory"],"picked":"animator:Kyubey+1","floor":16},{"not_picked":["animator:Hitei","animator:TukaLunaMarceau+1","animator:Konayuki+1","animator:Ciel+1"],"picked":"animator:MetalKnight","floor":18},{"not_picked":["animator:Mikaela","animator:MamiTomoe","animator:Bozes","animator:Elsword+1"],"picked":"animator:NarberalGamma+1","floor":19},{"not_picked":["animator:Chris","animator:Vanir","animator:YunYun","animator:Mitsurugi"],"picked":"animator:Kazuma+1","floor":24},{"not_picked":["animator:Archer","animator:Shinoa+1","animator:Gilgamesh","animator:Rider+1"],"picked":"animator:MadokaKaname+1","floor":30},{"not_picked":["animator:Guren+1","animator:Albedo","animator:FeridBathory","animator:Eve"],"picked":"animator:Saber","floor":33},{"not_picked":["Havoc+1","ReplayTheSpireMod:Strike From Hell","animator:Togame+1","animator:Kazuma+1","ReplayTheSpireMod:Stacked+1","animator:HiiragiShinya+1"],"picked":"SKIP","floor":35},{"not_picked":["Cleave","conspire:ExplosiveBarrier+1","Replay:Undeath\u0027s Touch","Power Through+1","animator:KrulTepes+1","animator:Nanami+1"],"picked":"SKIP","floor":36},{"not_picked":["Impervious+1","Exhume+1"],"picked":"MostiFishMod:FlyOverUtopia+1","floor":37},{"not_picked":["animator:TukaLunaMarceau+1","StuffTheSpire:RagingBull","Run Through","animator:Tatsumaki+1","animator:KrulTepes+1"],"picked":"ReplayTheSpireMod:LeadingStrike+1","floor":37},{"not_picked":["animator:Mitsurugi","animator:Megumin","animator:YunYun","animator:Hans","animator:Darkness"],"picked":"animator:Kazuma+1","floor":39},{"not_picked":["animator:YunYun","animator:YachiyoNanami","StuffTheSpire:Incineration","StuffTheSpire:RagingBull+1","animator:Cocytus+1"],"picked":"Rage+1","floor":45},{"not_picked":["Twin Strike+1","animator:Cocytus","animator:Elesis","animator:Sonic+1","animator:Yoichi+1"],"picked":"animator:Aqua+1","floor":48},{"not_picked":["Entrench+1","Combust+1","Rage+1","Pommel Strike","Clothesline+1"],"picked":"Shrug It Off+1","floor":54}],"player_experience":634436,"relics_obtained":[{"floor":1,"key":"SynthV:TestCard"},{"floor":9,"key":"Grinning Jar"},{"floor":26,"key":"SpikesRelics:ToyHorsey"},{"floor":30,"key":"Shovel"},{"floor":32,"key":"LugNut"},{"floor":37,"key":"conspire:GiftBox"},{"floor":40,"key":"Lizard Tail"},{"floor":42,"key":"The Courier"},{"floor":43,"key":"Shuriken"},{"floor":52,"key":"ImprovedEquipment"},{"floor":54,"key":"qcfpunch:White_Boots"}],"event_choices":[{"cards_removed":["animator:Curse_GriefSeed"],"damage_healed":0,"gold_gain":0,"player_choice":"Purged","damage_taken":0,"max_hp_gain":0,"max_hp_loss":0,"event_name":"Purifier","floor":2,"gold_loss":0},{"damage_healed":0,"gold_gain":0,"player_choice":"Grow","damage_taken":0,"max_hp_gain":0,"max_hp_loss":0,"event_name":"Living Wall","floor":5,"gold_loss":0,"cards_upgraded":["animator:Aqua"]},{"cards_removed":["animator:Hibiki"],"damage_healed":18,"gold_gain":0,"player_choice":"Offered Rare","damage_taken":0,"max_hp_gain":10,"max_hp_loss":0,"event_name":"Bonfire Elementals","floor":21,"gold_loss":0},{"damage_healed":0,"gold_gain":0,"player_choice":"Got Potions","damage_taken":0,"max_hp_gain":0,"max_hp_loss":0,"event_name":"Lab","floor":22,"gold_loss":0},{"damage_healed":0,"gold_gain":0,"cards_transformed":["animator:Strike"],"player_choice":"Transformed","damage_taken":0,"max_hp_gain":0,"max_hp_loss":0,"event_name":"Transmorgrifier","floor":25,"gold_loss":0,"cards_obtained":["animator:YunYun"]},{"damage_healed":0,"gold_gain":0,"player_choice":"Fight","damage_taken":0,"max_hp_gain":0,"max_hp_loss":0,"event_name":"Mysterious Sphere","floor":37,"gold_loss":0},{"damage_healed":0,"gold_gain":0,"player_choice":"Embrace Madness","damage_taken":10,"max_hp_gain":0,"max_hp_loss":0,"event_name":"Winding Halls","floor":38,"gold_loss":0,"cards_obtained":["animator:HigakiRinne"]},{"damage_healed":0,"gold_gain":0,"player_choice":"Invest 1","damage_taken":0,"max_hp_gain":0,"max_hp_loss":0,"event_name":"conspire:Investor","floor":46,"gold_loss":0}],"is_beta":false,"boss_relics":[{"not_picked":["aspiration:RunicSpoon","Cursed Key"],"picked":"ChiXiaoBlade"},{"not_picked":["aspiration:PoetsPen_weak","EE1DDrone"],"picked":"aspiration:IroncladSkillbook"}],"items_purged_floors":[],"is_endless":false,"potions_floor_spawned":[3,11,14,18,36,37,39],"ascension_level":0}}