{"host":"6bsan6hkua32tfq7","time":1611019965,"event":{"mods":["BaseMod","Better Third Choice","Colored Map","Highlight Path","Minty Spire (QoL Compilation)","StSLib"],"gold_per_floor":[18,18,28,28,47,82,82,109,133,133,87,98,98,115,115,186,186,186,111,11,0,0,0,0,0,0,0,0,0,0,0,0,0,0,0,0,0,0,0,0,0,0,0,0,0,0,0,0,0,0,0],"floor_reached":50,"language":"ENG","playtime":5999,"items_purged":["Strike_G","Strike_G"],"score":1100,"play_id":"8c8cbaf8-e8ca-4f41-82b8-95eacfa06229","local_time":"20210119023245","is_ascension_mode":true,"campfire_choices":[{"data":"All Out Attack","floor":7.0,"key":"SMITH"},{"floor":10.0,"key":"REST"},{"data":"Die Die Die","floor":15.0,"key":"SMITH"},{"floor":23.0,"key":"REST"},{"data":"Bouncing Flask","floor":25.0,"key":"SMITH"},{"floor":27.0,"key":"REST"},{"floor":32.0,"key":"REST"},{"floor":40,"key":"REST"},{"floor":42,"key":"REST"},{"floor":45,"key":"REST"},{"floor":49,"key":"REST"}],"circlet_count":0,"master_deck":["AscendersBane","Strike_G","Strike_G","Strike_G","Defend_G","Defend_G","Survivor","Neutralize","After Image","Blade Dance","Blade Dance","All Out Attack+1","Dagger Throw","Die Die Die+1","Predator","Bouncing Flask+1","Leg Sweep","Glass Knife","Dagger Spray+1","Bouncing Flask","Finisher","Well Laid Plans","Infinite Blades","Caltrops+1","A Thousand Cuts","Corpse Explosion","Discovery","Blur","Footwork","Deadly Poison","Discovery","Deadly Poison"],"relics":["Ring of the Snake","Ancient Tea Set","Dream Catcher","Snake Skull","betterThird:SlimedRelic","Ectoplasm","Matryoshka","Regal Pillow","MealTicket","Omamori","Calling Bell","MawBank","Ninja Scroll","Torii","Red Mask","Bottled Flame","Smiling Mask","Blood Vial","Toy Ornithopter"],"acts_visited":["Exordium","TheCity","TheBeyond"],"potions_floor_usage":[33,35,48,50],"damage_taken":[{"damage":7.0,"enemies":"Jaw Worm","floor":1.0,"turns":4.0},{"damage":0.0,"enemies":"Small Slimes","floor":3.0,"turns":3.0},{"damage":5.0,"enemies":"2 Louse","floor":5.0,"turns":2.0},{"damage":28.0,"enemies":"Gremlin Nob","floor":6.0,"turns":4.0},{"damage":3.0,"enemies":"3 Sentries","floor":8.0,"turns":4.0},{"damage":0.0,"enemies":"Blue Slaver","floor":12.0,"turns":3.0},{"damage":0.0,"enemies":"Large Slime","floor":14.0,"turns":4.0},{"damage":2.0,"enemies":"The Guardian","floor":16.0,"turns":9.0},{"damage":9.0,"enemies":"Shell Parasite","floor":18.0,"turns":6.0},{"damage":12.0,"enemies":"2 Thieves","floor":21.0,"turns":2.0},{"damage":23.0,"enemies":"Snake Plant","floor":22.0,"turns":4.0},{"damage":2.0,"enemies":"Slavers","floor":24.0,"turns":4.0},{"damage":27.0,"enemies":"Book of Stabbing","floor":29.0,"turns":5.0},{"damage":29.0,"enemies":"Shelled Parasite and Fungi","floor":30.0,"turns":4.0},{"damage":0.0,"enemies":"Chosen and Byrds","floor":31.0,"turns":3.0},{"damage":37,"enemies":"Champ","floor":33,"turns":12},{"damage":25,"enemies":"3 Darklings","floor":35,"turns":4},{"damage":0,"enemies":"Orb Walker","floor":37,"turns":2},{"damage":17,"enemies":"Jaw Worm Horde","floor":39,"turns":4},{"damage":36,"enemies":"Reptomancer","floor":41,"turns":7},{"damage":52,"enemies":"Nemesis","floor":44,"turns":7},{"damage":30,"enemies":"Maw","floor":47,"turns":8},{"damage":1,"enemies":"4 Shapes","floor":48,"turns":4},{"damage":68,"enemies":"Awakened One","floor":50,"turns":5}],"seed_played":"-6993291071054021122","potions_obtained":[{"floor":5.0,"key":"SkillPotion"},{"floor":6.0,"key":"AttackPotion"},{"floor":8.0,"key":"Strength Potion"},{"floor":22.0,"key":"Fire Potion"},{"floor":39,"key":"Ancient Potion"},{"floor":44,"key":"DistilledChaos"},{"floor":48,"key":"Fire Potion"}],"is_trial":false,"path_per_floor":["M","?","M","?","M","E","R","E","T","R","?","M","?","M","R","B",null,"M","$","$","M","M","R","E","R","T","R","$","E","M","M","R","B",null,"M","?","M","?","M","R","E","R","T","E","R","?","M","M","R","B"],"character_chosen":"THE_SILENT","items_purchased":[],"campfire_rested":8,"item_purchase_floors":[],"current_hp_per_floor":[52,52,52,57,52,24,24,21,21,42,31,31,31,31,31,29,61,52,52,52,40,17,38,36,36,36,71,71,44,15,15,51,14,57,32,32,32,32,15,51,15,51,51,1,37,37,9,15,51,0,0],"gold":0,"neow_bonus":"TRANSFORM_TWO_CARDS","is_daily":false,"chose_seed":false,"campfire_upgraded":3,"win_rate":0.0,"timestamp":1611019965,"path_taken":["M","?","M","?","M","E","R","E","T","R","?","?","?","M","R","BOSS","M","?","$","M","M","R","E","R","T","R","$","E","?","M","R","BOSS","M","?","M","?","M","R","E","R","T","E","R","?","?","M","R","BOSS"],"items_purchased_type":[],"build_version":"2020-12-22","purchased_purges":2,"victory":false,"max_hp_per_floor":[66,66,66,71,71,71,71,71,71,71,71,71,71,71,71,71,71,71,71,71,71,71,71,71,71,71,71,71,71,71,71,71,71,71,71,71,71,71,71,71,71,71,71,71,71,71,71,71,71,71,71],"card_choices":[{"not_picked":["Riddle With Holes","Flying Knee"],"picked":"Blade Dance","floor":1.0},{"not_picked":["Flechettes","Escape Plan"],"picked":"All Out Attack","floor":3.0},{"not_picked":["Underhanded Strike","Backflip"],"picked":"Dagger Throw","floor":5.0},{"not_picked":["PiercingWail","Leg Sweep"],"picked":"Die Die Die","floor":6.0},{"not_picked":["Bullet Time","Tactician"],"picked":"Predator","floor":8.0},{"not_picked":["Blur","Bane"],"picked":"Bouncing Flask","floor":10.0},{"not_picked":["Calculated Gamble","Cloak And Dagger"],"picked":"Leg Sweep","floor":12.0},{"not_picked":["Masterful Stab","Slice","Tactician"],"picked":"SKIP","floor":14.0},{"not_picked":["Envenom","Doppelganger"],"picked":"Glass Knife","floor":16.0},{"not_picked":["Dodge and Roll","Prepared"],"picked":"Dagger Spray+1","floor":18.0},{"not_picked":["Infinite Blades","Endless Agony"],"picked":"Bouncing Flask","floor":21.0},{"not_picked":["Outmaneuver","Finisher","Slice"],"picked":"SKIP","floor":22.0},{"not_picked":["Slice","Escape Plan"],"picked":"Finisher","floor":23.0},{"not_picked":["Dagger Spray","Setup"],"picked":"Well Laid Plans","floor":24.0},{"not_picked":["Underhanded Strike","Prepared"],"picked":"Infinite Blades","floor":27.0},{"not_picked":["Leg Sweep","Sucker Punch"],"picked":"Caltrops+1","floor":29.0},{"not_picked":["Infinite Blades","Sucker Punch","Heel Hook"],"picked":"SKIP","floor":30.0},{"not_picked":["Poisoned Stab","Cloak And Dagger","Blade Dance"],"picked":"SKIP","floor":31.0},{"not_picked":["Dagger Throw","Tactician"],"picked":"A Thousand Cuts","floor":32.0},{"not_picked":["After Image","Bullet Time"],"picked":"Corpse Explosion","floor":33},{"not_picked":["Prepared","Acrobatics+1","Caltrops"],"picked":"SKIP","floor":35},{"not_picked":["PanicButton","Madness"],"picked":"Discovery","floor":36},{"not_picked":["Sucker Punch","Distraction+1","Dagger Spray"],"picked":"SKIP","floor":37},{"not_picked":["Masterful Stab","Deflect","Cloak And Dagger"],"picked":"SKIP","floor":39},{"not_picked":["Dagger Spray+1","Dagger Throw+1"],"picked":"Blur","floor":40},{"not_picked":["Dodge and Roll","Terror"],"picked":"Footwork","floor":41},{"not_picked":["Cloak And Dagger","Flechettes+1"],"picked":"Deadly Poison","floor":44},{"not_picked":["Cloak And Dagger","Acrobatics","Prepared"],"picked":"SKIP","floor":47},{"not_picked":["Choke","Deadly Poison+1","Storm of Steel"],"picked":"SKIP","floor":48},{"not_picked":["Deflect","Setup"],"picked":"Deadly Poison","floor":49}],"player_experience":5305467,"relics_obtained":[{"floor":6.0,"key":"Ancient Tea Set"},{"floor":8.0,"key":"Dream Catcher"},{"floor":9.0,"key":"Snake Skull"},{"floor":24.0,"key":"Matryoshka"},{"floor":26.0,"key":"Regal Pillow"},{"floor":26.0,"key":"MealTicket"},{"floor":29.0,"key":"Omamori"},{"floor":34,"key":"MawBank"},{"floor":34,"key":"Ninja Scroll"},{"floor":34,"key":"Torii"},{"floor":41,"key":"Bottled Flame"},{"floor":43,"key":"Smiling Mask"},{"floor":43,"key":"Blood Vial"},{"floor":44,"key":"Toy Ornithopter"}],"event_choices":[{"cards_removed":["Defend_G"],"damage_healed":0.0,"max_hp_gain":0.0,"max_hp_loss":0.0,"gold_gain":0.0,"event_name":"Living Wall","player_choice":"Forget","floor":2.0,"gold_loss":0.0,"damage_taken":0.0},{"damage_healed":0.0,"max_hp_gain":5.0,"max_hp_loss":0.0,"gold_gain":0.0,"event_name":"Big Fish","player_choice":"Donut","floor":4.0,"gold_loss":0.0,"damage_taken":0.0},{"damage_healed":0.0,"max_hp_gain":0.0,"max_hp_loss":0.0,"gold_gain":0.0,"event_name":"betterThird:BetterGoop","player_choice":"Slimed","floor":11.0,"gold_loss":46.0,"damage_taken":11.0},{"damage_healed":0.0,"max_hp_gain":0.0,"max_hp_loss":0.0,"gold_gain":0.0,"event_name":"Lab","player_choice":"Got Potions","floor":13.0,"gold_loss":0.0,"damage_taken":0.0},{"damage_healed":0,"gold_gain":0,"player_choice":"Memory 1","damage_taken":0,"max_hp_gain":0,"max_hp_loss":0,"event_name":"SensoryStone","floor":36,"gold_loss":0},{"damage_healed":0,"gold_gain":0,"player_choice":"Paid","damage_taken":0,"relics_obtained":["Red Mask"],"max_hp_gain":0,"max_hp_loss":0,"event_name":"Tomb of Lord Red Mask","floor":38,"gold_loss":0},{"damage_healed":0,"gold_gain":0,"player_choice":"Copied","damage_taken":0,"max_hp_gain":0,"max_hp_loss":0,"event_name":"Duplicator","floor":46,"gold_loss":0,"cards_obtained":["Discovery"]}],"is_beta":false,"boss_relics":[{"not_picked":["Coffee Dripper","Runic Dome"],"picked":"Ectoplasm"},{"not_picked":["Philosopher\u0027s Stone","Empty Cage"],"picked":"Calling Bell"}],"items_purged_floors":[19,20],"is_endless":false,"potions_floor_spawned":[5,6,8,12,22,30,31,39,44,48],"killed_by":"Awakened One","ascension_level":20}}