{"host":"51f0ad793vly1w6u","time":1611032402,"event":{"mods":["BaseMod","Colored Map","DeckTracker","Minty Spire (QoL Compilation)","Replay The Spire","StSLib","SuperFastMode"],"gold_per_floor":[367,378,95,106,154,154,167,192,192,220,231,231,80,80,80,176,176,187,187,187,206,206,206,206,217,262,282,298,298,317,27,27,122,122,141,160,160,160,160,160,179,192,192,192,192,212,225,100,100,100,100,100,38,67,67,67],"floor_reached":55,"language":"KOR","playtime":1484,"items_purged":["Defend_B","Defend_P","Strike_B"],"score":804,"play_id":"d9e05be8-a4ff-4c6f-aa76-1d15c3201809","local_time":"20210119140002","is_ascension_mode":false,"campfire_choices":[{"data":"Zap","floor":6.0,"key":"SMITH"},{"data":"Mirror Shield","floor":12.0,"key":"SMITH"},{"data":"Dualcast","floor":15.0,"key":"SMITH"},{"floor":23,"key":"REST"},{"data":"ReplayTheSpireMod:Calculation Training","floor":29,"key":"SMITH"},{"data":"Panacea","floor":40,"key":"SMITH"},{"floor":49,"key":"REST"},{"data":"Purity","floor":52,"key":"SMITH"}],"circlet_count":0,"master_deck":["Strike_B","Defend_B","Defend_B","Defend_B","Zap+1","Dualcast+1","m_Survivalism","Cold Snap","Genetic Algorithm","Ball Lightning+1","Reinforced Body","Coolheaded+1","Mirror Shield+1","FIFO Queue+1","Electrodynamics","Redo+1","ReplayTheSpireMod:Calculation Training+1","Turbo+1","Skim+1","All For One+1","Barrage+1","Lockon+1","Purity+1","Panacea+1","Writhe","Heatsinks+1","Capacitor+1","Crystallizer+1","ReplayTheSpireMod:Calculation Training+1","White Noise+1","Panic Button+1","Hologram+1","ReplayTheSpireMod:Calculation Training+1"],"relics":["Cracked Core","Replay:Frozen Program","Symbiotic Virus","Garlic","Molten Egg 2","Pear","SlaversCollar","Bronze Scales","Emotion Chip","Philosopher\u0027s Stone","Prayer Wheel","Toxic Egg 2","Strawberry"],"acts_visited":["Exordium","TheCity","TheBeyond","TheEnding"],"potions_floor_usage":[33,33,46,54,55],"damage_taken":[{"damage":2.0,"enemies":"Jaw Worm","floor":1.0,"turns":4.0},{"damage":5.0,"enemies":"Small Slimes","floor":2.0,"turns":3.0},{"damage":5.0,"enemies":"2 Louse","floor":4.0,"turns":2.0},{"damage":0.0,"enemies":"Large Slime","floor":7.0,"turns":4.0},{"damage":4.0,"enemies":"Lagavulin","floor":8.0,"turns":6.0},{"damage":0.0,"enemies":"3 Sentries","floor":10.0,"turns":6.0},{"damage":1.0,"enemies":"2 Fungi Beasts","floor":11.0,"turns":3.0},{"damage":0.0,"enemies":"Hexaghost","floor":16.0,"turns":9.0},{"damage":2.0,"enemies":"3 Byrds","floor":18.0,"turns":4.0},{"damage":11,"enemies":"Shell Parasite","floor":21,"turns":4},{"damage":7,"enemies":"Shelled Parasite and Fungi","floor":25,"turns":5},{"damage":10,"enemies":"Sentry and Sphere","floor":27,"turns":4},{"damage":0,"enemies":"Snecko","floor":28,"turns":4},{"damage":0,"enemies":"Snake Plant","floor":30,"turns":3},{"damage":0,"enemies":"Automaton","floor":33,"turns":7},{"damage":4,"enemies":"Orb Walker","floor":35,"turns":3},{"damage":37,"enemies":"3 Darklings","floor":36,"turns":6},{"damage":7,"enemies":"Spire Growth","floor":41,"turns":3},{"damage":14,"enemies":"Jaw Worm Horde","floor":42,"turns":5},{"damage":13,"enemies":"Writhing Mass","floor":46,"turns":3},{"damage":0,"enemies":"4 Shapes","floor":47,"turns":5},{"damage":39,"enemies":"Donu and Deca","floor":50,"turns":7},{"damage":45,"enemies":"Shield and Spear","floor":54,"turns":5},{"damage":57,"enemies":"The Heart","floor":55,"turns":5}],"seed_played":"367602528569757068","potions_obtained":[{"floor":1.0,"key":"Strength Potion"},{"floor":5.0,"key":"Fruit Juice"},{"floor":8.0,"key":"Explosive Potion"},{"floor":10.0,"key":"Block Potion"},{"floor":21,"key":"Toxic Potion"},{"floor":25,"key":"AttackPotion"},{"floor":35,"key":"Weak Potion"},{"floor":41,"key":"Block Potion"}],"is_trial":false,"path_per_floor":["M","M","$","M","?","R","M","E","T","E","M","R","$","?","R_BF","B",null,"M","?","?","M","?","R","?","M","T","M","M","R","M","$","R_BF","B",null,"M","M","?","?","?","R","M","M","T","?","?","M","M","$","R","B",null,"R","$","E","B"],"character_chosen":"DEFECT","items_purchased":["Replay:Frozen Program","Ball Lightning","FIFO Queue+1","Emotion Chip","Hologram+1","Elixir"],"campfire_rested":2,"item_purchase_floors":[3,3,13,31,53,53],"current_hp_per_floor":[73,68,68,63,50,50,50,46,46,56,55,55,55,55,55,55,90,88,88,88,77,59,87,87,80,80,70,70,70,70,70,95,95,95,91,54,54,44,68,68,61,47,47,47,47,34,34,34,62,23,95,95,95,57,0,0],"gold":67,"neow_bonus":"TWO_FIFTY_GOLD","is_daily":false,"chose_seed":false,"campfire_upgraded":6,"win_rate":0.0,"timestamp":1611032402,"path_taken":["M","M","$","M","?","R","M","E","T","E","M","R","$","?","R_BF","BOSS","M","?","?","M","?","R","?","M","T","M","?","R","?","$","R_BF","BOSS","M","M","?","?","?","R","M","M","T","?","?","M","?","?","R","BOSS","R","$","E","BOSS"],"items_purchased_type":["Relic","Card","Card","Relic","Card","Potion"],"build_version":"2020-12-22","purchased_purges":3,"victory":false,"max_hp_per_floor":[75,75,75,75,80,80,80,80,80,90,90,90,90,90,90,90,90,90,90,90,90,95,95,95,95,95,95,95,95,95,95,95,95,95,95,95,95,95,95,95,95,95,95,95,95,95,95,95,95,95,95,95,95,102,102,102],"card_choices":[{"not_picked":["Hello World","Rip and Tear"],"picked":"Cold Snap","floor":1.0},{"not_picked":["Streamline","Time Bomb"],"picked":"Genetic Algorithm","floor":2.0},{"not_picked":["ReplayTheSpireMod:GoodbyeWorld","Rebound","Steam"],"picked":"SKIP","floor":4.0},{"not_picked":["Loop","Recycle"],"picked":"Reinforced Body","floor":5.0},{"not_picked":["Scrape","Tempest"],"picked":"Coolheaded","floor":7.0},{"not_picked":["Rebound","Reinforced Body","BootSequence"],"picked":"SKIP","floor":8.0},{"not_picked":["Rebound+1","Beam Cell+1","Genetic Algorithm"],"picked":"SKIP","floor":10.0},{"not_picked":["Rebound+1","Stack"],"picked":"Mirror Shield","floor":11.0},{"not_picked":["Core Surge+1","Reboot"],"picked":"Electrodynamics","floor":16.0},{"not_picked":["Steam+1","BasicCrystalCard+1"],"picked":"Redo+1","floor":18.0},{"not_picked":["Streamline+1","Redo"],"picked":"Turbo+1","floor":21},{"not_picked":["BasicCrystalCard","ReplaySort"],"picked":"Skim+1","floor":25},{"not_picked":["Cold Snap+1","BasicCrystalCard"],"picked":"All For One+1","floor":27},{"not_picked":["Skim","ReplaySolidLightProjector","Turbo+1"],"picked":"SKIP","floor":28},{"not_picked":["Turbo","Hologram"],"picked":"Barrage+1","floor":30},{"not_picked":["Fission","Electrodynamics"],"picked":"ReplayTheSpireMod:Fabricate Wheel","floor":33},{"not_picked":["Cold Snap+1","ReplayTheSpireMod:Repulse+1","Crystallizer"],"picked":"SKIP","floor":35},{"not_picked":["Conserve Battery","ReplaySolidLightProjector","Redo+1"],"picked":"SKIP","floor":35},{"not_picked":["Leap+1","Turbo+1"],"picked":"Lockon+1","floor":36},{"not_picked":["Scrape+1","Turbo","Streamline+1"],"picked":"SKIP","floor":36},{"not_picked":["Flash of Steel+1","Forethought"],"picked":"Purity","floor":38},{"not_picked":["Finesse","HandOfGreed+1"],"picked":"Panacea","floor":38},{"not_picked":["Panic Button","Steam"],"picked":"Heatsinks+1","floor":41},{"not_picked":["Compile Driver+1","Rebound+1"],"picked":"Capacitor+1","floor":41},{"not_picked":["Skim","Steam+1"],"picked":"Crystallizer+1","floor":42},{"not_picked":["Compile Driver+1","Fusion","FTL+1"],"picked":"SKIP","floor":42},{"not_picked":["Rebound+1","Stack+1","Compile Driver+1"],"picked":"SKIP","floor":46},{"not_picked":["Barrage+1","Redo+1","Go for the Eyes+1"],"picked":"SKIP","floor":46},{"not_picked":["Sunder+1","FIFO Queue"],"picked":"White Noise+1","floor":47},{"not_picked":["Hologram+1","Cold Snap+1"],"picked":"Panic Button+1","floor":47},{"not_picked":["Redo+1","Rebound+1"],"picked":"ReplayTheSpireMod:Calculation Training+1","floor":54}],"player_experience":1399593,"relics_obtained":[{"floor":5.0,"key":"Symbiotic Virus"},{"floor":8.0,"key":"Garlic"},{"floor":9.0,"key":"Molten Egg 2"},{"floor":10.0,"key":"Pear"},{"floor":26,"key":"Bronze Scales"},{"floor":43,"key":"Toxic Egg 2"},{"floor":54,"key":"Strawberry"}],"event_choices":[{"damage_healed":0.0,"max_hp_gain":0.0,"max_hp_loss":0.0,"gold_gain":0.0,"event_name":"Living Wall","player_choice":"Grow","floor":14.0,"gold_loss":0.0,"damage_taken":0.0,"cards_upgraded":["Coolheaded"]},{"damage_healed":0,"gold_gain":0,"player_choice":"Ignored","damage_taken":0,"max_hp_gain":0,"max_hp_loss":0,"event_name":"Cursed Tome","floor":19,"gold_loss":0},{"damage_healed":0,"gold_gain":0,"player_choice":"Read","damage_taken":0,"max_hp_gain":0,"max_hp_loss":0,"event_name":"The Library","floor":20,"gold_loss":0,"cards_obtained":["ReplayTheSpireMod:Calculation Training"]},{"damage_healed":0,"gold_gain":0,"player_choice":"Shed Blood","damage_taken":23,"max_hp_gain":5,"max_hp_loss":0,"event_name":"Forgotten Altar","floor":22,"gold_loss":0},{"cards_removed":["Strike_B"],"damage_healed":0,"gold_gain":0,"player_choice":"Elegance","damage_taken":0,"max_hp_gain":0,"max_hp_loss":0,"event_name":"Back to Basics","floor":24,"gold_loss":0},{"damage_healed":0,"gold_gain":0,"player_choice":"Ignored","damage_taken":0,"max_hp_gain":0,"max_hp_loss":0,"event_name":"Tomb of Lord Red Mask","floor":37,"gold_loss":0},{"damage_healed":0,"gold_gain":0,"player_choice":"Memory 3","damage_taken":10,"max_hp_gain":0,"max_hp_loss":0,"event_name":"SensoryStone","floor":38,"gold_loss":0},{"damage_healed":24,"gold_gain":0,"player_choice":"Writhe","damage_taken":0,"max_hp_gain":0,"max_hp_loss":0,"event_name":"Winding Halls","floor":39,"gold_loss":0,"cards_obtained":["Writhe"]},{"cards_removed":["Strike_B"],"damage_healed":0,"gold_gain":0,"player_choice":"Removed Attack","damage_taken":0,"max_hp_gain":0,"max_hp_loss":0,"event_name":"Falling","floor":44,"gold_loss":0},{"damage_healed":0,"gold_gain":0,"player_choice":"Copied","damage_taken":0,"max_hp_gain":0,"max_hp_loss":0,"event_name":"Duplicator","floor":45,"gold_loss":0,"cards_obtained":["ReplayTheSpireMod:Calculation Training"]}],"is_beta":false,"boss_relics":[{"not_picked":["Cursed Key","Replay:Bronze Core"],"picked":"SlaversCollar"},{"not_picked":["ChewingGum","Replay:Wanted Poster"],"picked":"Philosopher\u0027s Stone"}],"items_purged_floors":[3,13,48],"is_endless":false,"potions_floor_spawned":[1,8,10,21,25,35,41],"killed_by":"The Heart","ascension_level":0}}