{"host":"d5i1qeb9dejicw1z","time":1611099326,"event":{"mods":["AchievementEnabler","BaseMod","Better Note","BetterRewards","Downfall","Gold Saver","Hermit","Minty Spire (QoL Compilation)","StSLib"],"gold_per_floor":[497,118,132,150,150,182,182,197,197,272,272,36,71,129,129,204,204,224,224,50,50,66,83,83,83,137,137,137,152,187,88,88,165,165,177,177,194,0,0,0],"floor_reached":39,"language":"ENG","playtime":2421,"items_purged":["Defend_G","Defend_G","Writhe"],"score":689,"play_id":"8a9dbfec-a7b0-4c55-9acf-8433bf07548b","local_time":"20210119153526","is_ascension_mode":true,"campfire_choices":[{"data":"Blur","floor":7,"key":"SMITH"},{"floor":11,"key":"REST"},{"floor":15,"key":"REST"},{"floor":24,"key":"REST"},{"floor":28,"key":"REST"},{"floor":32,"key":"REST"}],"circlet_count":0,"master_deck":["AscendersBane","Strike_G","Strike_G","Strike_G","Strike_G","Strike_G","Defend_G","Defend_G","Defend_G","Survivor","Neutralize","Backflip","Die Die Die","Blur+1","Caltrops","A Thousand Cuts","Caltrops","Flying Knee","PiercingWail","Blur","A Thousand Cuts","PiercingWail+1","Flying Knee+1"],"relics":["Ring of the Snake","Anchor","Bronze Scales","Blue Candle","Ornamental Fan","StrikeDummy","Darkstone Periapt","SlaversCollar","Membership Card","MutagenicStrength","Bag of Preparation","Happy Flower","TungstenRod","Sozu","Red Mask"],"acts_visited":["Exordium","TheCity","TheBeyond"],"potions_floor_usage":[6,16,23,33,33],"damage_taken":[{"damage":3,"enemies":"Cultist","floor":1,"turns":5},{"damage":0,"enemies":"2 Louse","floor":3,"turns":2},{"damage":0,"enemies":"Small Slimes","floor":4,"turns":2},{"damage":50,"enemies":"Gremlin Nob","floor":6,"turns":5},{"damage":0,"enemies":"Blue Slaver","floor":8,"turns":4},{"damage":8,"enemies":"3 Sentries","floor":13,"turns":6},{"damage":16,"enemies":"The Guardian","floor":16,"turns":14},{"damage":0,"enemies":"3 Byrds","floor":18,"turns":3},{"damage":34,"enemies":"Spheric Guardian","floor":22,"turns":5},{"damage":27,"enemies":"Snecko","floor":23,"turns":5},{"damage":8,"enemies":"Centurion and Healer","floor":29,"turns":10},{"damage":24,"enemies":"Book of Stabbing","floor":30,"turns":5},{"damage":56,"enemies":"Automaton","floor":33,"turns":14},{"damage":26,"enemies":"Orb Walker","floor":35,"turns":4},{"damage":13,"enemies":"3 Darklings","floor":37,"turns":5},{"damage":25,"enemies":"Spire Growth","floor":39,"turns":5}],"seed_played":"-5983546489728203813","potions_obtained":[{"floor":4,"key":"Regen Potion"},{"floor":6,"key":"FearPotion"},{"floor":13,"key":"AttackPotion"},{"floor":18,"key":"CunningPotion"},{"floor":30,"key":"hexamod:SoulburnPotion"}],"is_trial":false,"path_per_floor":["M","$","M","M","?","E","R","M","T","?","R","$","E","?","R","B",null,"M","?","$","?","M","M","R","?","T","?","R","M","E","$","R","B",null,"M","?","M","?","M"],"character_chosen":"THE_SILENT","items_purchased":["Bronze Scales","Die Die Die","Caltrops","FairyPotion","Membership Card","Caltrops","Regen Potion"],"campfire_rested":5,"item_purchase_floors":[2,2,12,12,20,20,31],"current_hp_per_floor":[56,56,56,56,53,17,17,17,17,6,25,25,17,17,36,20,55,55,55,55,55,21,19,38,38,38,44,65,57,33,33,54,13,57,31,31,18,18,0,0],"gold":0,"neow_bonus":"RANDOM_COMMON_RELIC","is_daily":false,"chose_seed":false,"campfire_upgraded":1,"win_rate":0.0,"timestamp":1611099326,"path_taken":["M","$","M","?","?","E","R","M","T","?","R","$","E","?","R","BOSS","M","?","$","?","M","M","R","?","T","?","R","M","E","$","R","BOSS","M","?","M","?","M"],"items_purchased_type":["Relic","Card","Card","Potion","Relic","Card","Potion"],"build_version":"2020-12-22","purchased_purges":3,"victory":false,"max_hp_per_floor":[66,66,66,66,66,66,66,66,66,66,66,66,66,66,66,66,66,66,66,66,66,66,66,66,66,66,72,72,72,72,72,72,72,72,72,72,72,72,72,72],"card_choices":[{"not_picked":["Poisoned Stab","Dodge and Roll"],"picked":"Backflip","floor":1},{"not_picked":["Outmaneuver","Deadly Poison","Deflect"],"picked":"SKIP","floor":3},{"not_picked":["Well Laid Plans","Bouncing Flask","Outmaneuver"],"picked":"SKIP","floor":4},{"not_picked":["Dagger Throw","Bouncing Flask"],"picked":"Blur","floor":6},{"not_picked":["Prepared","Leg Sweep","Envenom"],"picked":"SKIP","floor":8},{"not_picked":["Flechettes","Outmaneuver","Finisher"],"picked":"SKIP","floor":13},{"not_picked":["Tools of the Trade","Phantasmal Killer"],"picked":"A Thousand Cuts","floor":16},{"not_picked":["Outmaneuver","Blade Dance","Skewer"],"picked":"SKIP","floor":18},{"not_picked":["Masterful Stab+1","Deflect"],"picked":"Flying Knee","floor":22},{"not_picked":["Tactician","Sucker Punch"],"picked":"PiercingWail","floor":23},{"not_picked":["Dash","Quick Slash","Dagger Throw+1"],"picked":"SKIP","floor":29},{"not_picked":["Acrobatics","Poisoned Stab"],"picked":"Blur","floor":30},{"not_picked":["Storm of Steel","Doppelganger"],"picked":"A Thousand Cuts","floor":33},{"not_picked":["Endless Agony","Predator"],"picked":"PiercingWail+1","floor":35},{"not_picked":["Dagger Throw","Dash"],"picked":"Flying Knee+1","floor":37}],"player_experience":1252274,"relics_obtained":[{"floor":6,"key":"Ornamental Fan"},{"floor":9,"key":"StrikeDummy"},{"floor":13,"key":"Darkstone Periapt"},{"floor":26,"key":"Bag of Preparation"},{"floor":30,"key":"TungstenRod"}],"event_choices":[{"damage_healed":0,"gold_gain":0,"player_choice":"Success","damage_taken":3,"relics_obtained":["Blue Candle"],"max_hp_gain":0,"max_hp_loss":0,"event_name":"Scrap Ooze","floor":5,"gold_loss":0},{"damage_healed":0,"gold_gain":75,"player_choice":"Gather Gold","damage_taken":11,"max_hp_gain":0,"max_hp_loss":0,"event_name":"World of Goop","floor":10,"gold_loss":0},{"damage_healed":0,"gold_gain":58,"player_choice":"Gained Gold","damage_taken":0,"max_hp_gain":0,"max_hp_loss":0,"event_name":"Golden Wing","floor":14,"gold_loss":0},{"damage_healed":0,"gold_gain":0,"player_choice":"Ignored","damage_taken":0,"max_hp_gain":0,"max_hp_loss":0,"event_name":"Beggar","floor":19,"gold_loss":0},{"damage_healed":0,"gold_gain":0,"player_choice":"Ignored","damage_taken":0,"max_hp_gain":0,"max_hp_loss":0,"event_name":"Ghosts","floor":21,"gold_loss":0},{"damage_healed":0,"gold_gain":0,"player_choice":"Inject Mutagens","damage_taken":0,"relics_obtained":["MutagenicStrength"],"max_hp_gain":0,"max_hp_loss":0,"event_name":"Drug Dealer","floor":25,"gold_loss":0},{"damage_healed":0,"gold_gain":0,"player_choice":"Opened","damage_taken":0,"relics_obtained":["Happy Flower"],"max_hp_gain":0,"max_hp_loss":0,"event_name":"The Mausoleum","floor":27,"gold_loss":0,"cards_obtained":["Writhe"]},{"damage_healed":0,"gold_gain":0,"player_choice":"Ignored","damage_taken":0,"max_hp_gain":0,"max_hp_loss":0,"event_name":"The Moai Head","floor":36,"gold_loss":0},{"damage_healed":0,"gold_gain":0,"player_choice":"Paid","damage_taken":0,"relics_obtained":["Red Mask"],"max_hp_gain":0,"max_hp_loss":0,"event_name":"Tomb of Lord Red Mask","floor":38,"gold_loss":194}],"is_beta":false,"boss_relics":[{"not_picked":["Runic Dome","Tiny House"],"picked":"SlaversCollar"},{"not_picked":["Black Star","Snecko Eye"],"picked":"Sozu"}],"items_purged_floors":[2,12,31],"is_endless":false,"potions_floor_spawned":[4,6,13,18,22,30,37],"killed_by":"Spire Growth","ascension_level":14}}