{"host":"d9m9v0h6vo0edadb","time":1611057295,"event":{"mods":["BaseMod","Hermit","Keyboard Shortcuts","Minty Spire (QoL Compilation)","StSLib","SuperFastMode","The Cursed"],"gold_per_floor":[114,134,209,209,134,165,165,203,203,216,235,235,268,268,268,361,361,386,386,227,227,246,246,266,266,266,293,293,293,323,423,423,497,497,515,535,552,427,445,445,462,490,540,551,551,570,792,396,396,396,396],"floor_reached":52,"language":"KOR","playtime":1492,"items_purged":["Strike_G","Strike_G","Defend_G","Strike_G+1"],"score":1861,"play_id":"91dcbb5a-a7c7-48f7-acb4-f9070d85e49b","local_time":"20210119205455","is_ascension_mode":true,"campfire_choices":[{"data":"Cloak And Dagger","floor":7.0,"key":"SMITH"},{"data":"Blade Dance","floor":12.0,"key":"SMITH"},{"floor":15.0,"key":"REST"},{"data":"Prepared","floor":23.0,"key":"SMITH"},{"data":"Phantasmal Killer","floor":29.0,"key":"SMITH"},{"data":"Acrobatics","floor":32.0,"key":"SMITH"},{"data":"Calculated Gamble","floor":40,"key":"SMITH"},{"data":"Tactician","floor":45,"key":"SMITH"},{"floor":49,"key":"REST"}],"circlet_count":0,"master_deck":["AscendersBane","Defend_G","Defend_G","Defend_G","Defend_G","Survivor","Neutralize","Eviscerate","Backflip","Cloak And Dagger+1","Malaise","Blade Dance+1","Footwork","Phantasmal Killer+1","Acrobatics+1","Prepared+1","Tactician+1","PiercingWail","Acrobatics","After Image","Calculated Gamble+1","Accuracy"],"relics":["Ring of the Snake","NeowsBlessing","Bloody Idol","Shuriken","Pocketwatch","Bottled Lightning","Whetstone","HoveringKite","Bag of Marbles","Nunchaku","Red Mask","Shovel","Blue Candle","Empty Cage","Blood Vial","Omamori"],"acts_visited":["Exordium","TheCity","TheBeyond"],"potions_floor_usage":[33,51,51],"damage_taken":[{"damage":0.0,"enemies":"2 Louse","floor":1.0,"turns":1.0},{"damage":0.0,"enemies":"Jaw Worm","floor":2.0,"turns":1.0},{"damage":0.0,"enemies":"Lagavulin","floor":6.0,"turns":1.0},{"damage":10.0,"enemies":"3 Sentries","floor":8.0,"turns":8.0},{"damage":0.0,"enemies":"Cultist","floor":10.0,"turns":4.0},{"damage":4.0,"enemies":"3 Louse","floor":11.0,"turns":4.0},{"damage":4.0,"enemies":"Lagavulin","floor":13.0,"turns":7.0},{"damage":11.0,"enemies":"Hexaghost","floor":16.0,"turns":8.0},{"damage":12.0,"enemies":"Spheric Guardian","floor":18.0,"turns":5.0},{"damage":2.0,"enemies":"3 Byrds","floor":22.0,"turns":7.0},{"damage":0.0,"enemies":"Centurion and Healer","floor":24.0,"turns":6.0},{"damage":6.0,"enemies":"Slavers","floor":27.0,"turns":4.0},{"damage":11.0,"enemies":"Masked Bandits","floor":30.0,"turns":4.0},{"damage":0.0,"enemies":"Colosseum Slavers","floor":31.0,"turns":3.0},{"damage":0.0,"enemies":"Colosseum Nobs","floor":31.0,"turns":5.0},{"damage":31,"enemies":"Champ","floor":33,"turns":9},{"damage":0,"enemies":"Orb Walker","floor":35,"turns":2},{"damage":0,"enemies":"3 Shapes","floor":36,"turns":4},{"damage":0,"enemies":"Writhing Mass","floor":37,"turns":7},{"damage":10,"enemies":"Jaw Worm Horde","floor":39,"turns":5},{"damage":7,"enemies":"4 Shapes","floor":41,"turns":5},{"damage":10,"enemies":"Giant Head","floor":42,"turns":6},{"damage":23,"enemies":"Spire Growth","floor":44,"turns":4},{"damage":7,"enemies":"3 Darklings","floor":46,"turns":3},{"damage":9,"enemies":"Donu and Deca","floor":50,"turns":7},{"damage":14,"enemies":"Awakened One","floor":51,"turns":7}],"seed_played":"-2189679394402041873","potions_obtained":[{"floor":1.0,"key":"SteroidPotion"},{"floor":2.0,"key":"CunningPotion"},{"floor":16.0,"key":"EssenceOfSteel"},{"floor":22.0,"key":"BlessingOfTheForge"},{"floor":24.0,"key":"GamblersBrew"},{"floor":31.0,"key":"AttackPotion"},{"floor":37,"key":"Dexterity Potion"},{"floor":39,"key":"ColorlessPotion"},{"floor":44,"key":"Strength Potion"}],"is_trial":false,"path_per_floor":["M","M","?","?","$","E","R","E","T","M","M","R","E","?","R","B",null,"M","?","$","?","M","R","M","?","T","E","?","R","?","?","R","B",null,"M","M","M","$","M","R","M","E","T","M","R","M","?","$","R","B","B",null],"character_chosen":"THE_SILENT","items_purchased":["Prepared","Omamori","Accuracy"],"campfire_rested":2,"item_purchase_floors":[20,48,48],"current_hp_per_floor":[59,59,48,48,48,48,48,38,38,38,34,34,30,30,48,37,54,42,42,42,36,39,39,44,44,44,43,43,43,37,42,42,16,49,54,59,60,60,55,55,53,48,53,37,37,37,42,42,60,51,39],"gold":396,"neow_bonus":"THREE_ENEMY_KILL","is_daily":false,"chose_seed":false,"campfire_upgraded":7,"win_rate":0.0,"timestamp":1611057295,"path_taken":["M","M","?","?","?","E","R","E","T","M","M","R","E","?","R","BOSS","M","?","$","?","?","R","M","?","T","E","?","R","?","?","R","BOSS","M","M","M","$","M","R","M","E","T","M","R","M","?","$","R","BOSS","BOSS"],"items_purchased_type":["Card","Relic","Card"],"build_version":"2020-12-22","purchased_purges":4,"victory":true,"max_hp_per_floor":[66,66,66,60,60,60,60,60,60,60,60,60,60,60,60,60,60,60,60,60,60,60,60,60,60,60,60,60,60,60,60,60,60,60,60,60,60,60,60,60,60,60,60,60,60,60,60,60,60,60,60],"card_choices":[{"not_picked":["Riddle With Holes","Dagger Throw"],"picked":"Eviscerate","floor":1.0},{"not_picked":["Quick Slash","Poisoned Stab"],"picked":"Backflip","floor":2.0},{"not_picked":["Masterful Stab","Bane"],"picked":"Cloak And Dagger","floor":6.0},{"not_picked":["Footwork","Poisoned Stab"],"picked":"Malaise","floor":8.0},{"not_picked":["Slice","Dagger Throw"],"picked":"Blade Dance","floor":10.0},{"not_picked":["Distraction","Noxious Fumes","Dagger Throw"],"picked":"SKIP","floor":11.0},{"not_picked":["Skewer","Grand Finale"],"picked":"Footwork","floor":13.0},{"not_picked":["Die Die Die","Storm of Steel"],"picked":"Phantasmal Killer","floor":16.0},{"not_picked":["Slice","Dash"],"picked":"Acrobatics","floor":18.0},{"not_picked":["PiercingWail","Blade Dance"],"picked":"Tactician","floor":22.0},{"not_picked":["Crippling Poison","Slice","Outmaneuver"],"picked":"SKIP","floor":24.0},{"not_picked":["PiercingWail","Quick Slash","Masterful Stab+1"],"picked":"SKIP","floor":27.0},{"not_picked":["Quick Slash","Masterful Stab+1"],"picked":"PiercingWail","floor":27.0},{"not_picked":["Storm of Steel","Envenom"],"picked":"After Image","floor":33},{"not_picked":["Outmaneuver","Predator","Quick Slash+1"],"picked":"SKIP","floor":35},{"not_picked":["Flying Knee","Cloak And Dagger","Backflip"],"picked":"SKIP","floor":36},{"not_picked":["Backflip","Dagger Spray+1","Quick Slash+1"],"picked":"SKIP","floor":37},{"not_picked":["Dagger Spray","PiercingWail"],"picked":"Calculated Gamble","floor":39},{"not_picked":["Acrobatics","Cloak And Dagger","Deflect"],"picked":"SKIP","floor":41},{"not_picked":["Dodge and Roll","Accuracy+1","Phantasmal Killer"],"picked":"SKIP","floor":42},{"not_picked":["Blur","Sucker Punch","Acrobatics"],"picked":"SKIP","floor":44},{"not_picked":["Expertise+1","Distraction","Quick Slash"],"picked":"SKIP","floor":46}],"player_experience":978696,"relics_obtained":[{"floor":6.0,"key":"Shuriken"},{"floor":8.0,"key":"Pocketwatch"},{"floor":9.0,"key":"Bottled Lightning"},{"floor":13.0,"key":"Whetstone"},{"floor":26.0,"key":"Bag of Marbles"},{"floor":27.0,"key":"Nunchaku"},{"floor":30.0,"key":"Red Mask"},{"floor":31.0,"key":"Shovel"},{"floor":31.0,"key":"Blue Candle"},{"floor":42,"key":"Blood Vial"}],"event_choices":[{"damage_healed":0.0,"max_hp_gain":0.0,"max_hp_loss":0.0,"gold_gain":75.0,"event_name":"World of Goop","player_choice":"Gather Gold","floor":3.0,"gold_loss":0.0,"damage_taken":11.0},{"damage_healed":0.0,"max_hp_gain":0.0,"max_hp_loss":6.0,"gold_gain":0.0,"event_name":"Golden Idol","player_choice":"Lose Max HP","floor":4.0,"gold_loss":0.0,"damage_taken":0.0,"relics_obtained":["Golden Idol"]},{"damage_healed":0.0,"max_hp_gain":0.0,"max_hp_loss":0.0,"gold_gain":0.0,"event_name":"Dead Adventurer","player_choice":"Searched \u00270\u0027 times","floor":14.0,"gold_loss":0.0,"damage_taken":0.0},{"damage_healed":0.0,"max_hp_gain":0.0,"max_hp_loss":0.0,"gold_gain":0.0,"event_name":"Forgotten Altar","player_choice":"Gave Idol","floor":19.0,"relics_lost":["Golden Idol"],"gold_loss":0.0,"damage_taken":0.0,"relics_obtained":["Bloody Idol"]},{"damage_healed":0.0,"max_hp_gain":0.0,"max_hp_loss":0.0,"gold_gain":0.0,"event_name":"Knowing Skull","player_choice":"","floor":21.0,"potions_obtained":[],"gold_loss":0.0,"damage_taken":6.0,"cards_obtained":[]},{"damage_healed":0.0,"max_hp_gain":0.0,"max_hp_loss":0.0,"gold_gain":0.0,"event_name":"Vampires","player_choice":"Ignored","floor":25.0,"gold_loss":0.0,"damage_taken":0.0},{"damage_healed":0.0,"max_hp_gain":0.0,"max_hp_loss":0.0,"gold_gain":0.0,"event_name":"The Library","player_choice":"Read","floor":28.0,"gold_loss":0.0,"damage_taken":0.0,"cards_obtained":["Acrobatics"]},{"damage_healed":0.0,"max_hp_gain":0.0,"max_hp_loss":0.0,"gold_gain":0.0,"event_name":"Masked Bandits","player_choice":"Fought Bandits","floor":30.0,"gold_loss":0.0,"damage_taken":0.0},{"damage_healed":0.0,"max_hp_gain":0.0,"max_hp_loss":0.0,"gold_gain":0.0,"event_name":"Colosseum","player_choice":"Fight","floor":31.0,"gold_loss":0.0,"damage_taken":0.0},{"damage_healed":0.0,"max_hp_gain":0.0,"max_hp_loss":0.0,"gold_gain":0.0,"event_name":"Colosseum","player_choice":"Fought Nobs","floor":31.0,"gold_loss":0.0,"damage_taken":0.0},{"damage_healed":0,"gold_gain":222,"player_choice":"Wore Mask","damage_taken":0,"max_hp_gain":0,"max_hp_loss":0,"event_name":"Tomb of Lord Red Mask","floor":47,"gold_loss":0}],"is_beta":false,"boss_relics":[{"not_picked":["Runic Pyramid","Calling Bell"],"picked":"HoveringKite"},{"not_picked":["Cursed Key","Busted Crown"],"picked":"Empty Cage"}],"items_purged_floors":[5,20,38,48],"is_endless":false,"potions_floor_spawned":[1,2,16,22,24,31,37,39,44],"ascension_level":20}}