{"host":"guv5thfpx4d8ikzb","time":1611082593,"event":{"mods":["2.2 Compatiblity","AchievementEnabler","BaseMod","Block Reminder","Colored Map","Colored Powertips","Downfall","Minty Spire (QoL Compilation)","Permanent Neow","Quick Restart","Relic Stats","StSLib"],"gold_per_floor":[197,197,208,208,208,221,254,279,279,298,332,336,336],"floor_reached":14,"language":"ENG","playtime":433,"items_purged":[],"score":461,"play_id":"e4bd15d3-dc7d-4459-b296-18c311430487","local_time":"20210119135633","is_ascension_mode":true,"campfire_choices":[{"floor":2.0,"key":"RECALL"},{"data":"bronze:CleanCode","floor":12.0,"key":"SMITH"}],"circlet_count":0,"master_deck":["bronze:Replicate","bronze:Goto","bronze:RecursiveStrike","bronze:BronzeArmor","bronze:DarkDash","bronze:ChildClass","bronze:Branch","bronze:BronzeOrb","bronze:Break","bronze:HyperBeam","bronze:Deprecate","bronze:Repair","bronze:Boost","bronze:ChosenStrike","bronze:InfiniteBeams","bronze:RecursiveStrike","bronze:Boost+1","bronze:CleanCode+1","bronze:Break"],"relics":["bronze:BronzeCore","Smiling Mask","Pandora\u0027s Box","bronze:SilverBullet","Vajra","Strawberry","downfall:HeartBlessingRed","Runic Dome"],"acts_visited":["Exordium","TheCity","TheBeyond"],"potions_floor_usage":[],"damage_taken":[{"damage":0.0,"enemies":"SI_SHIV_ARCHETYPE","floor":0.0,"turns":1.0},{"damage":18.0,"enemies":"3 Byrds","floor":3.0,"turns":6.0},{"damage":12.0,"enemies":"Spheric Guardian","floor":6.0,"turns":5.0},{"damage":0.0,"enemies":"Book of Stabbing","floor":7.0,"turns":1.0},{"damage":0.0,"enemies":"Chosen and Byrds","floor":10.0,"turns":5.0},{"damage":0.0,"enemies":"Gremlin Leader","floor":11.0,"turns":1.0},{"damage":0.0,"enemies":"WA_ARCHETYPE_CALM","floor":12.0,"turns":1.0},{"damage":0,"enemies":"DF_ARCHETYPE_ORBS","floor":13,"turns":1}],"seed_played":"9068116188396687391","potions_obtained":[{"floor":5.0,"key":"CultistPotion"},{"floor":7.0,"key":"Swift Potion"},{"floor":10.0,"key":"SpeedPotion"}],"is_trial":false,"path_per_floor":[null,"R","M","?","?","M","E","T","?","M","E","R",null,null],"character_chosen":"THE_AUTOMATON","items_purchased":[],"campfire_rested":0,"item_purchase_floors":[],"current_hp_per_floor":[70,70,52,52,52,47,47,47,47,47,54,54,77],"gold":336,"neow_bonus":"RANDOM_COMMON_RELIC","is_daily":false,"chose_seed":false,"campfire_upgraded":1,"win_rate":0.0,"timestamp":1611082593,"path_taken":["BOSS","R","M","?","?","M","E","T","?","M","E","R","BOSS","BOSS"],"items_purchased_type":[],"build_version":"2020-12-22","purchased_purges":0,"victory":true,"max_hp_per_floor":[70,70,70,70,70,70,70,70,70,70,77,77,77],"relic_stats":{"counters":[8,21],"Pandora\u0027s Box":["bronze:BronzeArmor","bronze:DarkDash","bronze:ChildClass","bronze:Branch","bronze:BronzeOrb","bronze:Break","bronze:HyperBeam","bronze:Deprecate"],"Smiling Mask":0,"obtain_stats":[{"Runic Dome":13,"bronze:BronzeCore":0,"downfall:HeartBlessingRed":12,"Strawberry":11,"Vajra":8,"Pandora\u0027s Box":1,"Smiling Mask":0,"bronze:SilverBullet":7},{"Runic Dome":7,"bronze:BronzeCore":0,"downfall:HeartBlessingRed":6,"Strawberry":6,"Vajra":4,"Pandora\u0027s Box":1,"Smiling Mask":0,"bronze:SilverBullet":4},{"Runic Dome":20,"bronze:BronzeCore":0,"downfall:HeartBlessingRed":19,"Strawberry":19,"Vajra":13,"Pandora\u0027s Box":1,"Smiling Mask":0,"bronze:SilverBullet":13}]},"card_choices":[{"not_picked":["bronze:Assembly","bronze:SpaghettiCode"],"picked":"bronze:RecursiveStrike","floor":0.0},{"not_picked":["bronze:BronzeArmor","bronze:MaxOutput"],"picked":"bronze:Repair","floor":3.0},{"not_picked":["bronze:ForceShield","bronze:Invalidate"],"picked":"bronze:ChosenStrike","floor":6.0},{"not_picked":["bronze:Deprecate","bronze:ForLoop"],"picked":"bronze:InfiniteBeams","floor":7.0},{"not_picked":["bronze:Backtrace","bronze:DelayedSlice"],"picked":"bronze:Boost+1","floor":10.0},{"not_picked":["bronze:InfiniteBeams","bronze:ItsAFeature"],"picked":"bronze:CleanCode","floor":11.0},{"not_picked":["bronze:ShipIt","bronze:ThunderWave"],"picked":"bronze:Break","floor":12.0}],"player_experience":1072744,"relics_obtained":[{"floor":7.0,"key":"bronze:SilverBullet"},{"floor":8.0,"key":"Vajra"},{"floor":11.0,"key":"Strawberry"}],"event_choices":[{"damage_healed":0.0,"max_hp_gain":0.0,"max_hp_loss":0.0,"gold_gain":0.0,"event_name":"The Library","player_choice":"Read","floor":4.0,"gold_loss":0.0,"damage_taken":0.0,"cards_obtained":["bronze:Boost"]}],"is_beta":false,"boss_relics":[{"not_picked":["Astrolabe","Cursed Key"],"picked":"Pandora\u0027s Box"},{"not_picked":["Coffee Dripper","Calling Bell"],"picked":"Runic Dome"}],"items_purged_floors":[],"is_endless":false,"potions_floor_spawned":[7,10],"ascension_level":1}}