{"host":"4hkuu26ltn0le3bk","time":1611085811,"event":{"mods":["100% Spire Juice","Arknights The Spire","Astrologer","BaseMod","BetterRewards","Clockwork Mod","Colored Map","Colored Powertips","Downfall","Friendly Minions","Gremlin Mod","Hermit","Marisa????????","Minty Spire (QoL Compilation)","Quick Restart","StSLib","Td1madao Mod","The Bug Knight","The Construct","The Cursed","The Disciple","The Factory","The Hierophant","The Jungle","The Servant 0.9.4"],"gold_per_floor":[114,45,45,64,76,109,109,124,124,136,61,61,78,3,3,102,102,116,127,127,27,27,53,66,84,84,99,113,38,67,83,83,184,184,194,34,34,34],"floor_reached":37,"language":"ENG","playtime":4360,"items_purged":["hermit:Strike_Hermit","hermit:Defend_Hermit","hermit:Strike_Hermit"],"score":488,"play_id":"f6ba9763-ff58-4d94-a9db-c9907efc71ca","local_time":"20210119145011","is_ascension_mode":false,"campfire_choices":[{"data":"hermit:CalledShot","floor":7.0,"key":"SMITH"},{"data":"hermit:TakeAim","floor":12.0,"key":"SMITH"},{"data":"hermit:Combo","floor":15.0,"key":"SMITH"},{"floor":32,"key":"RECALL"}],"circlet_count":0,"master_deck":["hermit:Strike_Hermit","hermit:Strike_Hermit","hermit:Defend_Hermit","hermit:Defend_Hermit","hermit:Snapshot","hermit:Covet","hermit:EyeOfTheStorm","hermit:Deadeye","hermit:Dive","hermit:EyeOfTheStorm","hermit:CalledShot+1","hermit:Dive","hermit:Combo+1","hermit:TakeAim+1","hermit:BlackWind","hermit:Quickdraw","hermit:BigShot+1","hermit:EyeOfTheStorm","hermit:Virtue","hermit:Snipe+1","hermit:BigShot"],"relics":["hermit:Momento","Pear","construct:ClawGrip","White Beast Statue","Tiny Chest","HornCleat","Matryoshka","Dream Catcher","Coffee Dripper"],"acts_visited":["Exordium","TheCity","TheBeyond"],"potions_floor_usage":[19,24],"damage_taken":[{"damage":0.0,"enemies":"Cultist","floor":1.0,"turns":3.0},{"damage":0.0,"enemies":"Small Slimes","floor":4.0,"turns":4.0},{"damage":0.0,"enemies":"2 Louse","floor":5.0,"turns":3.0},{"damage":23.0,"enemies":"Lagavulin","floor":6.0,"turns":16.0},{"damage":2.0,"enemies":"Blue Slaver","floor":8.0,"turns":3.0},{"damage":2.0,"enemies":"Looter","floor":10.0,"turns":3.0},{"damage":12.0,"enemies":"2 Fungi Beasts","floor":13.0,"turns":4.0},{"damage":38.0,"enemies":"The Guardian","floor":16.0,"turns":10.0},{"damage":10,"enemies":"2 Thieves","floor":18,"turns":3},{"damage":1,"enemies":"Shell Parasite","floor":19,"turns":4},{"damage":7,"enemies":"Book of Stabbing","floor":23,"turns":3},{"damage":4,"enemies":"Snecko","floor":24,"turns":6},{"damage":4,"enemies":"Sentry and Sphere","floor":25,"turns":4},{"damage":0,"enemies":"Snake Plant","floor":27,"turns":2},{"damage":7,"enemies":"Shelled Parasite and Fungi","floor":28,"turns":5},{"damage":0,"enemies":"Gremlin Leader","floor":30,"turns":3},{"damage":8,"enemies":"Centurion and Healer","floor":31,"turns":4},{"damage":12,"enemies":"Champ","floor":33,"turns":7},{"damage":2,"enemies":"Orb Walker","floor":35,"turns":3},{"damage":17,"enemies":"Orin","floor":37,"turns":4}],"seed_played":"1375565107590513320","potions_obtained":[{"floor":4.0,"key":"Dexterity Potion"},{"floor":5.0,"key":"Energy Potion"},{"floor":6.0,"key":"PowerPotion"},{"floor":13.0,"key":"Block Potion"},{"floor":23,"key":"Fire Potion"},{"floor":24,"key":"BlessingOfTheForge"},{"floor":25,"key":"bronze:BurnAndBuffPotion"},{"floor":30,"key":"Weak Potion"},{"floor":31,"key":"LiquidMemories"}],"is_trial":false,"path_per_floor":["M","$","?","M","M","E","R","M","T","M","$","R","M","$","R","B",null,"M","M","?","$","?","E","M","M","T","M","M","?","E","M","R","B",null,"M","$","?"],"character_chosen":"HERMIT","items_purchased":["hermit:Deadeye","hermit:TakeAim","hermit:BigShot"],"campfire_rested":0,"item_purchase_floors":[2,11,36],"current_hp_per_floor":[82,82,82,82,82,69,69,67,67,65,65,65,53,53,53,15,92,82,81,81,81,81,74,70,66,66,66,59,59,59,51,51,39,92,90,90,73,73],"gold":34,"neow_bonus":"TEN_PERCENT_HP_BONUS","is_daily":false,"chose_seed":false,"campfire_upgraded":3,"win_rate":0.0,"timestamp":1611085811,"path_taken":["M","$","?","M","M","E","R","M","T","M","$","R","M","$","R","BOSS","M","M","?","$","?","E","M","M","T","M","?","?","E","M","R","BOSS","M","$","?"],"items_purchased_type":["Card","Card","Card"],"build_version":"2020-12-22","purchased_purges":3,"victory":false,"max_hp_per_floor":[82,82,82,82,82,92,92,92,92,92,92,92,92,92,92,92,92,92,92,92,92,92,92,92,92,92,92,92,92,92,92,92,92,92,92,92,92,92],"card_choices":[{"not_picked":["hermit:LowProfile","hermit:Snipe"],"picked":"hermit:EyeOfTheStorm","floor":1.0},{"not_picked":["hermit:TakeCover","hermit:Spite"],"picked":"hermit:Dive","floor":4.0},{"not_picked":["hermit:SprayPray","hermit:Malice"],"picked":"hermit:EyeOfTheStorm","floor":5.0},{"not_picked":["hermit:WideOpen","hermit:TakeAim"],"picked":"hermit:CalledShot","floor":6.0},{"not_picked":["hermit:LowProfile","hermit:HoleUp"],"picked":"hermit:Dive","floor":8.0},{"not_picked":["hermit:Desperado","hermit:Virtue"],"picked":"hermit:Combo","floor":10.0},{"not_picked":["hermit:Midnight","hermit:Purgatory","hermit:Feint"],"picked":"SKIP","floor":13.0},{"not_picked":["hermit:Purgatory","hermit:Roughhouse"],"picked":"hermit:BlackWind","floor":16.0},{"not_picked":["hermit:Grudge+1","hermit:Desperado"],"picked":"hermit:Quickdraw","floor":18},{"not_picked":["hermit:ItchyTrigger","hermit:Brawl+1"],"picked":"hermit:BigShot+1","floor":19},{"not_picked":["hermit:BodyArmor","hermit:Deadeye","hermit:Ricochet"],"picked":"SKIP","floor":23},{"not_picked":["hermit:BodyArmor","hermit:LoneWolf","hermit:Misfire+1"],"picked":"SKIP","floor":24},{"not_picked":["hermit:Misfire","hermit:NoHoldsBarred"],"picked":"hermit:EyeOfTheStorm","floor":25},{"not_picked":["hermit:ItchyTrigger","hermit:HoleUp","hermit:ShadowCloak"],"picked":"SKIP","floor":27},{"not_picked":["hermit:HighCaliber","hermit:Brawl","hermit:TakeCover+1"],"picked":"SKIP","floor":28},{"not_picked":["hermit:Malice","hermit:HighCaliber+1","hermit:BodyArmor"],"picked":"SKIP","floor":30},{"not_picked":["hermit:GoldenBullet+1","hermit:Combo"],"picked":"hermit:Virtue","floor":31},{"not_picked":["hermit:BigShot","hermit:ItchyTrigger"],"picked":"hermit:Snipe+1","floor":35}],"player_experience":244057,"relics_obtained":[{"floor":6.0,"key":"Pear"},{"floor":23,"key":"HornCleat"},{"floor":26,"key":"Matryoshka"},{"floor":30,"key":"Dream Catcher"}],"event_choices":[{"damage_healed":0.0,"max_hp_gain":0.0,"max_hp_loss":0.0,"gold_gain":0.0,"event_name":"The Cleric","player_choice":"Leave","floor":3.0,"gold_loss":0.0,"damage_taken":0.0},{"damage_healed":0,"gold_gain":0,"player_choice":"Opened","damage_taken":0,"relics_obtained":["White Beast Statue"],"max_hp_gain":0,"max_hp_loss":0,"event_name":"The Mausoleum","floor":20,"gold_loss":0},{"damage_healed":0,"gold_gain":0,"player_choice":"Gave Potion","damage_taken":0,"relics_obtained":["Tiny Chest"],"max_hp_gain":0,"max_hp_loss":0,"event_name":"WeMeetAgain","floor":22,"gold_loss":0},{"cards_removed":["hermit:Defend_Hermit"],"damage_healed":0,"gold_gain":0,"player_choice":"Gave Gold","damage_taken":0,"max_hp_gain":0,"max_hp_loss":0,"event_name":"Beggar","floor":29,"gold_loss":75},{"damage_healed":0,"gold_gain":0,"player_choice":"Fight","damage_taken":0,"max_hp_gain":0,"max_hp_loss":0,"event_name":"OrinTheCat","floor":37,"gold_loss":0}],"is_beta":false,"boss_relics":[{"not_picked":["Busted Crown","Astrolabe"],"picked":"construct:ClawGrip"},{"not_picked":["Snecko Eye","Tiny House"],"picked":"Coffee Dripper"}],"items_purged_floors":[14,21,36],"is_endless":false,"potions_floor_spawned":[4,5,6,13,18,23,24,25,27,28,30,31,33,35],"killed_by":"Orin","ascension_level":0}}