{"host":"htrf3ac8hcpiz3aq","time":1611052091,"event":{"mods":["Act Like it!","BaseMod","Colored Map","Colored Powertips","Gensokyo","Highlight Path","Marisa£®ÏF”Í°°ƒß¿Ì…≥£©","Minty Spire (QoL Compilation)","Reimu£®≤©¿ˆ¡È√Œ£©","Replay The Spire","StSLib"],"gold_per_floor":[119,169,169,169,244,276,256,256,283,311,311,311,335,359,359,381,381,385,385],"floor_reached":18,"language":"ZHS","playtime":324,"items_purged":[],"score":208,"play_id":"05d20fd2-fc06-45e1-82fc-b4f8b00ab627","local_time":"20210119182811","is_ascension_mode":true,"campfire_choices":[{"floor":8,"key":"REST"},{"floor":12,"key":"REST"},{"data":"Spot Weakness","floor":15,"key":"SMITH"},{"floor":17,"key":"DIG"}],"circlet_count":0,"master_deck":["AscendersBane","Strike_R","Strike_R","Strike_R","Strike_R","Strike_R","Defend_R","Defend_R","Defend_R","Defend_R","Bash","Violence","Rage","Spreading Infection","Spot Weakness+1","Metallicize","Sword Boomerang","Anger","CommonCold","Infernal Blade"],"relics":["Burning Blood","ReplayTheSpireMod:Ring of Exchange","Ring of Greed","Replay:Bandana","Smiling Mask","Lantern","Replay:PocketPolymizer"],"acts_visited":["Exordium"],"potions_floor_usage":[16],"damage_taken":[{"damage":12,"enemies":"Small Slimes","floor":1,"turns":4},{"damage":1,"enemies":"Cultist","floor":6,"turns":3},{"damage":19,"enemies":"Jaw Worm","floor":9,"turns":5},{"damage":13,"enemies":"Blue Slaver","floor":10,"turns":4},{"damage":10,"enemies":"Looter","floor":13,"turns":3},{"damage":14,"enemies":"2 Fungi Beasts","floor":14,"turns":4},{"damage":17,"enemies":"Exordium Wildlife","floor":16,"turns":5},{"damage":0,"enemies":"Hexaghost","floor":18,"turns":1}],"seed_played":"2027858591464262569","potions_obtained":[{"floor":1,"key":"LiquidBronze"},{"floor":7,"key":"Venom Potion"},{"floor":10,"key":"Swift Potion"}],"is_trial":false,"path_per_floor":["M","?","PTL","PTL","?","M","?","R","M","M","T","R","M","M","R","M","R_BF","B"],"character_chosen":"IRONCLAD","items_purchased":[],"campfire_rested":2,"item_purchase_floors":[],"current_hp_per_floor":[44,44,44,44,33,38,38,60,47,40,40,62,58,50,50,39,39,39,39],"gold":385,"neow_bonus":"RANDOM_COLORLESS_2","is_daily":false,"chose_seed":false,"campfire_upgraded":1,"win_rate":0.0,"timestamp":1611052091,"path_taken":["M","?","PTL","PTL","?","M","?","R","M","M","T","R","M","M","R","?","R_BF","BOSS"],"items_purchased_type":[],"build_version":"2020-12-22","purchased_purges":0,"victory":false,"max_hp_per_floor":[75,75,75,75,75,75,75,75,75,75,75,75,75,75,75,75,75,75,75],"card_choices":[{"not_picked":["Chrysalis","Midas Touch"],"picked":"Violence","floor":0},{"not_picked":["Pommel Strike","Whirlwind"],"picked":"Rage","floor":1},{"not_picked":["Warcry","Sentinel","Havoc"],"picked":"SKIP","floor":6},{"not_picked":["Replay:Many Hands","Shockwave"],"picked":"Spot Weakness","floor":9},{"not_picked":["Life Link","Dark Embrace"],"picked":"Metallicize","floor":10},{"not_picked":["ReplayTheSpireMod:Corrosion Curse","Pommel Strike"],"picked":"Sword Boomerang","floor":13},{"not_picked":["ReplayTheSpireMod:Strike From Hell","True Grit"],"picked":"Anger","floor":14},{"not_picked":["Pommel Strike","Shrug It Off"],"picked":"Infernal Blade","floor":16}],"player_experience":460815,"relics_obtained":[{"floor":2,"key":"ReplayTheSpireMod:Ring of Exchange"},{"floor":2,"key":"Ring of Greed"},{"floor":2,"key":"Replay:Bandana"},{"floor":2,"key":"Smiling Mask"},{"floor":11,"key":"Lantern"},{"floor":17,"key":"Replay:PocketPolymizer"}],"event_choices":[{"damage_healed":0,"gold_gain":75,"player_choice":"Gather Gold","damage_taken":11,"max_hp_gain":0,"max_hp_loss":0,"event_name":"World of Goop","floor":5,"gold_loss":0},{"damage_healed":0,"gold_gain":0,"player_choice":"Bought 1 Potion","damage_taken":0,"max_hp_gain":0,"max_hp_loss":0,"event_name":"The Woman in Blue","floor":7,"gold_loss":0}],"is_beta":false,"boss_relics":[],"items_purged_floors":[],"is_endless":false,"potions_floor_spawned":[1,10,14],"killed_by":"Hexaghost","ascension_level":20}}