{"host":"Berg","time":1611070503,"event":{"mods":["AchievementEnabler","BaseMod","Colored Map","Highlight Path","Minty Spire (QoL Compilation)","Relic Stats","StSLib"],"gold_per_floor":[110,110,43,62,62,95,95,128,128,128,53,78,78,96,96,191,191,202,202,202,216,235,235,235,245,295,329,340,368,197,215,215,311,311,321,196,215,242,255,255,284,83,106,117,142,161,188,203,203,203],"floor_reached":51,"language":"ENG","playtime":1803,"items_purged":["Strike_R","Strike_R","Strike_R","Strike_R"],"score":989,"play_id":"9f29754e-9190-4382-a454-ca8b95290f95","local_time":"20210119103503","is_ascension_mode":true,"campfire_choices":[{"data":"Searing Blow+1","floor":7,"key":"SMITH"},{"data":"Searing Blow+2","floor":10,"key":"SMITH"},{"data":"Searing Blow+3","floor":13,"key":"SMITH"},{"data":"Searing Blow+4","floor":15,"key":"SMITH"},{"data":"Searing Blow+5","floor":23,"key":"SMITH"},{"data":"Searing Blow+6","floor":32,"key":"SMITH"},{"floor":40,"key":"REST"},{"floor":49,"key":"REST"}],"circlet_count":0,"master_deck":["Strike_R+1","Defend_R","Defend_R","Defend_R","Defend_R+1","Bash","Searing Blow+7","Bludgeon","Entrench","Immolate","Shockwave","Limit Break","Disarm","Headbutt+1","Seeing Red","Shrug It Off","Metallicize","Demon Form","Feed","Flame Barrier+1","Spot Weakness+1","Armaments+1","Heavy Blade","True Grit+1","Evolve","Heavy Blade+1","Shrug It Off+1"],"relics":["Burning Blood","NeowsBlessing","Champion Belt","Omamori","Pocketwatch","Bag of Preparation","SlaversCollar","Anchor","Sundial","Pen Nib","Boot","Gremlin Horn","Black Star","Strawberry","Bag of Marbles","Turnip","Juzu Bracelet","Oddly Smooth Stone","Question Card","Blood Vial","MealTicket"],"acts_visited":["Exordium","TheCity","TheBeyond"],"potions_floor_usage":[16,31,46],"damage_taken":[{"damage":0,"enemies":"Small Slimes","floor":1,"turns":1},{"damage":0,"enemies":"Cultist","floor":4,"turns":1},{"damage":0,"enemies":"Gremlin Nob","floor":6,"turns":1},{"damage":23,"enemies":"3 Sentries","floor":8,"turns":7},{"damage":13,"enemies":"Lagavulin","floor":12,"turns":4},{"damage":1,"enemies":"Jaw Worm","floor":14,"turns":2},{"damage":0,"enemies":"Slime Boss","floor":16,"turns":4},{"damage":20,"enemies":"2 Thieves","floor":18,"turns":3},{"damage":0,"enemies":"Chosen","floor":21,"turns":3},{"damage":5,"enemies":"Centurion and Healer","floor":22,"turns":4},{"damage":2,"enemies":"Cultist and Chosen","floor":25,"turns":5},{"damage":8,"enemies":"Gremlin Leader","floor":27,"turns":3},{"damage":17,"enemies":"Sentry and Sphere","floor":28,"turns":4},{"damage":15,"enemies":"Book of Stabbing","floor":29,"turns":3},{"damage":0,"enemies":"3 Cultists","floor":31,"turns":2},{"damage":15,"enemies":"Champ","floor":33,"turns":8},{"damage":13,"enemies":"Orb Walker","floor":35,"turns":3},{"damage":16,"enemies":"3 Darklings","floor":37,"turns":4},{"damage":40,"enemies":"Spire Growth","floor":39,"turns":4},{"damage":13,"enemies":"Giant Head","floor":41,"turns":7},{"damage":0,"enemies":"Sphere and 2 Shapes","floor":44,"turns":3},{"damage":48,"enemies":"Nemesis","floor":45,"turns":5},{"damage":0,"enemies":"Writhing Mass","floor":46,"turns":11},{"damage":0,"enemies":"Reptomancer","floor":47,"turns":3},{"damage":0,"enemies":"4 Shapes","floor":48,"turns":5},{"damage":53,"enemies":"Donu and Deca","floor":50,"turns":6}],"seed_played":"4054025057425535911","potions_obtained":[{"floor":1,"key":"Regen Potion"},{"floor":8,"key":"AttackPotion"},{"floor":14,"key":"Block Potion"},{"floor":18,"key":"ColorlessPotion"},{"floor":22,"key":"AttackPotion"},{"floor":33,"key":"FearPotion"},{"floor":48,"key":"Weak Potion"}],"is_trial":false,"path_per_floor":["M","?","$","M","?","E","R","E","T","R","$","E","R","M","R","B",null,"M","?","?","M","M","R","T","M","T","E","M","E","$","M","R","B",null,"M","$","M","T","M","R","E","$","T","M","E","M","E","M","R","B",null],"character_chosen":"IRONCLAD","items_purchased":["Bludgeon","Metallicize","Heavy Blade"],"campfire_rested":2,"item_purchase_floors":[3,30,42],"current_hp_per_floor":[80,80,80,80,64,70,70,53,53,53,53,46,46,51,51,57,80,66,66,66,72,73,73,73,77,77,75,64,55,55,61,61,52,80,73,73,66,73,39,66,59,59,59,68,26,32,41,52,81,39],"gold":203,"neow_bonus":"THREE_ENEMY_KILL","is_daily":false,"chose_seed":false,"campfire_upgraded":6,"win_rate":0.0,"timestamp":1611070503,"path_taken":["M","?","$","?","?","E","R","E","T","R","$","E","R","M","R","BOSS","M","?","?","M","?","R","?","M","T","E","M","E","$","M","R","BOSS","M","$","M","?","?","R","E","$","T","M","E","M","E","M","R","BOSS"],"items_purchased_type":["Card","Card","Card"],"build_version":"2020-12-18","purchased_purges":4,"victory":true,"max_hp_per_floor":[80,80,80,80,80,80,80,80,80,80,80,80,80,80,80,80,80,80,80,80,80,80,80,80,80,80,80,80,80,80,80,80,80,80,80,80,83,90,90,90,90,90,90,93,93,93,96,99,99,102],"relic_stats":{"Gremlin Horn":[14,14],"counters":[26,106],"Pen Nib":[7],"Bag of Preparation":[42],"Juzu Bracelet":0,"Boot":[1],"Question Card":3,"Burning Blood":144,"Blood Vial":4,"Sundial":[12],"MealTicket":0,"Turnip":[5],"Black Star":3,"Champion Belt":[33],"obtain_stats":[{"NeowsBlessing":0,"Gremlin Horn":29,"Oddly Smooth Stone":45,"Pen Nib":26,"Omamori":8,"Bag of Preparation":12,"Juzu Bracelet":43,"Boot":27,"Question Card":45,"Burning Blood":0,"Blood Vial":47,"SlaversCollar":17,"Anchor":20,"Sundial":24,"Strawberry":38,"MealTicket":47,"Turnip":41,"Black Star":34,"Bag of Marbles":41,"Champion Belt":6,"Pocketwatch":9},{"NeowsBlessing":0,"Gremlin Horn":14,"Oddly Smooth Stone":22,"Pen Nib":11,"Omamori":4,"Bag of Preparation":5,"Juzu Bracelet":20,"Boot":12,"Question Card":22,"Burning Blood":0,"Blood Vial":24,"SlaversCollar":7,"Anchor":8,"Sundial":10,"Strawberry":18,"MealTicket":24,"Turnip":20,"Black Star":16,"Bag of Marbles":20,"Champion Belt":3,"Pocketwatch":4},{"NeowsBlessing":0,"Gremlin Horn":45,"Oddly Smooth Stone":81,"Pen Nib":35,"Omamori":10,"Bag of Preparation":14,"Juzu Bracelet":73,"Boot":38,"Question Card":81,"Burning Blood":0,"Blood Vial":95,"SlaversCollar":20,"Anchor":23,"Sundial":30,"Strawberry":62,"MealTicket":95,"Turnip":73,"Black Star":55,"Bag of Marbles":73,"Champion Belt":3,"Pocketwatch":10}],"Pocketwatch":[180]},"card_choices":[{"not_picked":["Intimidate","Perfected Strike"],"picked":"Searing Blow","floor":1},{"not_picked":["Searing Blow","Second Wind","Perfected Strike"],"picked":"SKIP","floor":4},{"not_picked":["Twin Strike","Armaments"],"picked":"Entrench","floor":6},{"not_picked":["Headbutt","Power Through","Uppercut"],"picked":"SKIP","floor":8},{"not_picked":["Perfected Strike","Headbutt"],"picked":"Immolate","floor":12},{"not_picked":["Combust","Headbutt"],"picked":"Shockwave","floor":14},{"not_picked":["Bludgeon","Immolate"],"picked":"Limit Break","floor":16},{"not_picked":["Flex","Second Wind"],"picked":"Disarm","floor":18},{"not_picked":["Dual Wield","Havoc"],"picked":"Headbutt+1","floor":21},{"not_picked":["Thunderclap","Intimidate","Rampage"],"picked":"SKIP","floor":22},{"not_picked":["Uppercut","Heavy Blade+1","Armaments"],"picked":"SKIP","floor":25},{"not_picked":["Shrug It Off+1","Flex+1"],"picked":"Seeing Red","floor":27},{"not_picked":["Infernal Blade","Anger"],"picked":"Shrug It Off","floor":28},{"not_picked":["Rupture","Whirlwind","Flame Barrier"],"picked":"SKIP","floor":29},{"not_picked":["Anger","Pummel+1"],"picked":"Demon Form","floor":31},{"not_picked":["Demon Form","Reaper"],"picked":"Feed","floor":33},{"not_picked":["Reckless Charge+1","Carnage+1"],"picked":"Flame Barrier+1","floor":35},{"not_picked":["Clash","Cleave+1"],"picked":"Spot Weakness+1","floor":37},{"not_picked":["Clothesline+1","Twin Strike+1"],"picked":"Armaments+1","floor":39},{"not_picked":["Warcry+1","Anger+1","Clothesline"],"picked":"SKIP","floor":41},{"not_picked":["Warcry+1","Armaments"],"picked":"True Grit+1","floor":44},{"not_picked":["Twin Strike+1","Shockwave"],"picked":"Evolve","floor":45},{"not_picked":["Uppercut+1","Flex","Thunderclap","Second Wind"],"picked":"SKIP","floor":46},{"not_picked":["Second Wind","Juggernaut","Pommel Strike"],"picked":"Heavy Blade+1","floor":47},{"not_picked":["Perfected Strike","Sword Boomerang","Wild Strike+1"],"picked":"Shrug It Off+1","floor":48}],"player_experience":1341272,"relics_obtained":[{"floor":6,"key":"Champion Belt"},{"floor":8,"key":"Omamori"},{"floor":9,"key":"Pocketwatch"},{"floor":12,"key":"Bag of Preparation"},{"floor":24,"key":"Sundial"},{"floor":26,"key":"Pen Nib"},{"floor":27,"key":"Boot"},{"floor":29,"key":"Gremlin Horn"},{"floor":38,"key":"Strawberry"},{"floor":41,"key":"Bag of Marbles"},{"floor":41,"key":"Turnip"},{"floor":43,"key":"Juzu Bracelet"},{"floor":45,"key":"Oddly Smooth Stone"},{"floor":45,"key":"Question Card"},{"floor":47,"key":"Blood Vial"},{"floor":47,"key":"MealTicket"}],"event_choices":[{"damage_healed":0,"gold_gain":0,"player_choice":"Upgraded","damage_taken":0,"max_hp_gain":0,"max_hp_loss":0,"event_name":"Upgrade Shrine","floor":2,"gold_loss":0,"cards_upgraded":["Searing Blow"]},{"damage_healed":0,"gold_gain":0,"player_choice":"Entered Light","damage_taken":16,"max_hp_gain":0,"max_hp_loss":0,"event_name":"Shining Light","floor":5,"gold_loss":0,"cards_upgraded":["Strike_R","Defend_R"]},{"damage_healed":0,"gold_gain":0,"player_choice":"Ignored","damage_taken":0,"max_hp_gain":0,"max_hp_loss":0,"event_name":"Ghosts","floor":19,"gold_loss":0},{"damage_healed":0,"gold_gain":0,"player_choice":"Gave Potion","damage_taken":0,"relics_obtained":["Anchor"],"max_hp_gain":0,"max_hp_loss":0,"event_name":"WeMeetAgain","floor":20,"gold_loss":0}],"is_beta":true,"boss_relics":[{"not_picked":["Calling Bell","Empty Cage"],"picked":"SlaversCollar"},{"not_picked":["Runic Cube","SacredBark"],"picked":"Black Star"}],"items_purged_floors":[11,30,36,42],"is_endless":false,"potions_floor_spawned":[1,8,14,18,22,27,33,35,37,45,48],"ascension_level":1}}