{"host":"g5ztulhog0otympt","time":1611074250,"event":{"mods":["AchievementEnabler","BaseMod","Downfall","Hermit","Minty Spire (QoL Compilation)","StSLib","The Cursed"],"gold_per_floor":[112,112,130,147,147,147,158,158,158,172,172,198,223,262,262,359,359,374,126,146,160,160,160,160],"floor_reached":23,"language":"ENG","playtime":515,"items_purged":[],"score":193,"play_id":"48e285af-f991-4dfb-9a85-b72ffe1e046c","local_time":"20210119183730","is_ascension_mode":false,"campfire_choices":[{"data":"Jack Of All Trades","floor":6,"key":"SMITH"},{"floor":11,"key":"REST"},{"floor":15,"key":"REST"}],"circlet_count":0,"master_deck":["Strike_B","Strike_B","Strike_B","Strike_B+1","Defend_B","Defend_B","Defend_B","Defend_B","Zap+1","Dualcast","Jack Of All Trades+1","White Noise","Conserve Battery","FTL","Reboot","Electrodynamics","Gash+1","Hologram+1","Core Surge"],"relics":["Cracked Core","CultistMask","Oddly Smooth Stone","Gremlin Horn","Happy Flower","bronze:MakeshiftBattery","Bronze Scales"],"acts_visited":["Exordium","TheCity"],"potions_floor_usage":[16,20,23],"damage_taken":[{"damage":2,"enemies":"2 Louse","floor":1,"turns":2},{"damage":6,"enemies":"Jaw Worm","floor":3,"turns":2},{"damage":0,"enemies":"Cultist","floor":4,"turns":3},{"damage":4,"enemies":"Exordium Wildlife","floor":7,"turns":2},{"damage":0,"enemies":"2 Fungi Beasts","floor":10,"turns":2},{"damage":41,"enemies":"Gremlin Nob","floor":12,"turns":3},{"damage":0,"enemies":"3 Louse","floor":14,"turns":2},{"damage":36,"enemies":"The Guardian","floor":16,"turns":8},{"damage":20,"enemies":"2 Thieves","floor":18,"turns":3},{"damage":10,"enemies":"Spheric Guardian","floor":20,"turns":3},{"damage":8,"enemies":"Chosen and Byrds","floor":21,"turns":5},{"damage":16,"enemies":"Book of Stabbing","floor":23,"turns":3}],"seed_played":"5748894858903322049","potions_obtained":[{"floor":4,"key":"SpeedPotion"},{"floor":12,"key":"FearPotion"},{"floor":18,"key":"Regen Potion"},{"floor":20,"key":"bronze:BurnAndBuffPotion"}],"is_trial":false,"path_per_floor":["M","?","M","M","$","R","M","?","T","M","R","E","T","M","R","B",null,"M","$","M","M","?","E"],"character_chosen":"DEFECT","items_purchased":["FairyPotion","Bronze Scales"],"campfire_rested":2,"item_purchase_floors":[19,19],"current_hp_per_floor":[73,58,52,52,52,52,48,48,48,48,70,29,29,29,51,15,75,55,55,54,46,46,30,30],"gold":160,"neow_bonus":"RANDOM_COLORLESS","is_daily":false,"chose_seed":false,"campfire_upgraded":1,"win_rate":0.0,"timestamp":1611074250,"path_taken":["M","?","M","M","$","R","M","?","T","?","R","E","?","M","R","BOSS","M","$","M","M","?","E"],"items_purchased_type":["Potion","Relic"],"build_version":"2020-12-22","purchased_purges":0,"victory":false,"max_hp_per_floor":[75,75,75,75,75,75,75,75,75,75,75,75,75,75,75,75,75,75,75,75,75,75,75,75],"card_choices":[{"not_picked":["Panacea","Impatience"],"picked":"Jack Of All Trades","floor":0},{"not_picked":["Sweeping Beam","Barrage","Doom and Gloom"],"picked":"SKIP","floor":1},{"not_picked":["Rebound","Leap"],"picked":"White Noise","floor":3},{"not_picked":["Rebound","Melter"],"picked":"Conserve Battery","floor":4},{"not_picked":["Redo","Recycle","Hologram"],"picked":"SKIP","floor":7},{"not_picked":["Turbo","Hologram"],"picked":"FTL","floor":10},{"not_picked":["Turbo","Go for the Eyes"],"picked":"Reboot","floor":12},{"not_picked":["Double Energy","Lockon","Hologram"],"picked":"SKIP","floor":14},{"not_picked":["Biased Cognition","Seek"],"picked":"Electrodynamics","floor":16},{"not_picked":["Sweeping Beam","Leap+1"],"picked":"Gash+1","floor":18},{"not_picked":["Barrage","Sweeping Beam"],"picked":"Hologram+1","floor":20},{"not_picked":["Conserve Battery","Steam Power"],"picked":"Core Surge","floor":21}],"player_experience":104001,"relics_obtained":[{"floor":9,"key":"Oddly Smooth Stone"},{"floor":12,"key":"Gremlin Horn"},{"floor":13,"key":"Happy Flower"}],"event_choices":[{"damage_healed":0,"gold_gain":0,"player_choice":"Entered Light","damage_taken":15,"max_hp_gain":0,"max_hp_loss":0,"event_name":"Shining Light","floor":2,"gold_loss":0,"cards_upgraded":["Zap","Strike_B"]},{"damage_healed":0,"gold_gain":0,"player_choice":"Trade","damage_taken":0,"relics_obtained":["CultistMask"],"max_hp_gain":0,"max_hp_loss":0,"event_name":"FaceTrader","floor":8,"gold_loss":0},{"damage_healed":0,"gold_gain":0,"player_choice":"Ignored","damage_taken":0,"max_hp_gain":0,"max_hp_loss":0,"event_name":"Ghosts","floor":22,"gold_loss":0}],"is_beta":false,"boss_relics":[{"not_picked":["Astrolabe","SacredBark"],"picked":"bronze:MakeshiftBattery"}],"items_purged_floors":[],"is_endless":false,"potions_floor_spawned":[4,7,12,18,20],"killed_by":"Book of Stabbing","ascension_level":0}}