{"host":"k2mw1od0xoi9pcfj","time":1611087305,"event":{"mods":["Act Like it!","Aspiration","BaseMod","Downfall","Energized Spire","Highlight Path","Minty Spire (QoL Compilation)","Relic Stats","Retaliation","StSLib","TheHeartMod"],"gold_per_floor":[111,111,121,41,52,52,127,145,145,158,158,168,202,216,216,311,311,321,321,340,300,314,314,332,332,386,310,328,343,371,405,405,507,507,517,617,635,697,722,764,776,788,788],"floor_reached":42,"language":"ENG","playtime":3353,"items_purged":[],"score":722,"play_id":"84728696-0598-43f8-bf37-68b084cc6ce9","local_time":"20210119141505","daily_mods":["SealedDeck","Vintage","Heirloom","DeadlyEvents","Uncertain Future"],"is_ascension_mode":false,"campfire_choices":[{"data":"True Grit","floor":15,"key":"SMITH"},{"data":"Well Laid Plans","floor":23,"key":"SMITH"},{"data":"Metallicize","floor":25,"key":"SMITH"},{"data":"Seeing Red","floor":32,"key":"SMITH"},{"data":"Berserk","floor":41,"key":"SMITH"}],"circlet_count":0,"master_deck":["Searing Blow","DDmod:PokeAttack","DDmod:PokeAttack+1","Heavy Blade","Shrug It Off","Shrug It Off","Well Laid Plans+1","Survivor","Poisoned Stab","Metallicize+1","True Grit+1","Feed+1","Seeing Red+1","Bloodletting+1","Metallicize","Double Tap+1","downfall:Bewildered","CurseOfTheBell","Writhe","Fiend Fire","Shame","Shame","True Grit+1","Berserk+1"],"relics":["Unceasing Top","TungstenRod","Centennial Puzzle","aspiration:ArtOfWarUpgrade","aspiration:VileToxins","Meat on the Bone","Lizard Tail","Pen Nib","Boot","Pear","Potion Belt","aspiration:PoetsPen_weak","Slimebound:StickyStick","aspiration:HummingbirdHeart","Peace Pipe","Self Forming Clay","Tiny Chest","Paper Frog","Calipers","Toxic Egg 2","Question Card","Philosopher\u0027s Stone","Dream Catcher","Calling Bell","Bag of Marbles","Darkstone Periapt","Champion Belt","MawBank","Shovel","aspiration:ChemicalBlood","aspiration:SeaSaltIceCream","aspiration:PoetsPen_weak"],"acts_visited":["Exordium","TheCity","TheBeyond"],"potions_floor_usage":[],"damage_taken":[{"damage":1,"enemies":"Jaw Worm","floor":1,"turns":4},{"damage":0,"enemies":"Cultist","floor":3,"turns":4},{"damage":3,"enemies":"Small Slimes","floor":5,"turns":4},{"damage":1,"enemies":"Looter","floor":8,"turns":3},{"damage":0,"enemies":"3 Louse","floor":10,"turns":5},{"damage":4,"enemies":"Lots of Slimes","floor":12,"turns":5},{"damage":0,"enemies":"Lagavulin","floor":13,"turns":4},{"damage":0,"enemies":"Large Slime","floor":14,"turns":2},{"damage":13,"enemies":"Slime Boss","floor":16,"turns":9},{"damage":0,"enemies":"Chosen","floor":18,"turns":3},{"damage":3,"enemies":"Shell Parasite","floor":20,"turns":3},{"damage":0,"enemies":"Snake Plant","floor":22,"turns":4},{"damage":10,"enemies":"Sentry and Sphere","floor":24,"turns":5},{"damage":0,"enemies":"Snecko","floor":28,"turns":4},{"damage":0,"enemies":"Chosen and Byrds","floor":29,"turns":4},{"damage":14,"enemies":"Gremlin Leader","floor":30,"turns":5},{"damage":2,"enemies":"Book of Stabbing","floor":31,"turns":3},{"damage":35,"enemies":"Collector","floor":33,"turns":10},{"damage":0,"enemies":"Orb Walker","floor":35,"turns":3},{"damage":8,"enemies":"3 Shapes","floor":37,"turns":5},{"damage":2,"enemies":"Mind Bloom Boss Battle","floor":38,"turns":5},{"damage":0,"enemies":"Spire Growth","floor":39,"turns":5},{"damage":81,"enemies":"Giant Head","floor":40,"turns":9},{"damage":0,"enemies":"Sphere and 2 Shapes","floor":42,"turns":1}],"seed_played":"-7356942507305957135","potions_obtained":[{"floor":5,"key":"AttackPotion"},{"floor":8,"key":"Fire Potion"},{"floor":24,"key":"BloodPotion"},{"floor":31,"key":"Block Potion"},{"floor":33,"key":"Block Potion"},{"floor":40,"key":"Weak Potion"}],"is_trial":true,"path_per_floor":["M","?","M","$","M","R","?","M","T","M","R","M","E","M","R","B",null,"M","?","M","?","M","R","M","R","T","$","M","M","E","E","R","B",null,"M","?","M","?","M","E","R","M"],"character_chosen":"IRONCLAD","items_purchased":["Metallicize","Seeing Red"],"campfire_rested":0,"item_purchase_floors":[4,27],"current_hp_per_floor":[79,79,79,79,76,76,66,65,65,65,65,61,71,71,71,58,90,90,90,90,90,94,94,88,88,88,88,88,92,78,80,80,57,109,113,136,132,134,134,69,69,69,69],"gold":788,"neow_bonus":"","is_daily":false,"chose_seed":false,"campfire_upgraded":5,"win_rate":0.0,"timestamp":1611087305,"path_taken":["M","?","M","$","?","R","?","M","T","M","R","M","E","M","R","BOSS","M","?","M","?","M","R","M","R","T","$","M","M","?","E","R","BOSS","M","?","M","?","M","E","R","M"],"items_purchased_type":["Card","Card"],"build_version":"2020-12-22","purchased_purges":0,"victory":false,"max_hp_per_floor":[80,80,80,80,80,80,80,80,80,80,80,80,90,90,90,90,90,90,90,93,93,97,97,101,101,101,101,101,105,105,109,109,109,109,113,136,140,144,144,148,148,148,148],"relic_stats":{"Darkstone Periapt":18,"counters":[24,109],"Self Forming Clay":[57],"Pen Nib":[26],"Boot":[690],"Question Card":5,"MawBank":60,"Peace Pipe":0,"Centennial Puzzle":[36],"Lizard Tail":0,"Dream Catcher":0,"Shovel":0,"Tiny Chest":0,"Champion Belt":[15],"obtain_stats":[{"Darkstone Periapt":36,"Calipers":29,"aspiration:PoetsPen_weak":17,"Boot":12,"Centennial Puzzle":1,"Lizard Tail":9,"Dream Catcher":35,"Shovel":38,"Slimebound:StickyStick":18,"aspiration:ArtOfWarUpgrade":11,"Tiny Chest":26,"Philosopher\u0027s Stone":34,"Toxic Egg 2":30,"Paper Frog":28,"aspiration:ChemicalBlood":39,"aspiration:VileToxins":5,"Potion Belt":14,"Pear":13,"Self Forming Clay":24,"Pen Nib":10,"aspiration:HummingbirdHeart":20,"aspiration:SeaSaltIceCream":40,"Question Card":31,"MawBank":37,"Peace Pipe":22,"Calling Bell":36,"Art of War":3,"Bag of Marbles":36,"Champion Belt":36,"Unceasing Top":0,"TungstenRod":0,"Meat on the Bone":8},{"Darkstone Periapt":19,"Calipers":15,"aspiration:PoetsPen_weak":9,"Boot":6,"Centennial Puzzle":1,"Lizard Tail":4,"Dream Catcher":19,"Shovel":21,"Slimebound:StickyStick":10,"aspiration:ArtOfWarUpgrade":5,"Tiny Chest":13,"Philosopher\u0027s Stone":18,"Toxic Egg 2":16,"Paper Frog":14,"aspiration:ChemicalBlood":22,"aspiration:VileToxins":3,"Potion Belt":8,"Pear":7,"Self Forming Clay":13,"Pen Nib":5,"aspiration:HummingbirdHeart":11,"aspiration:SeaSaltIceCream":23,"Question Card":17,"MawBank":20,"Peace Pipe":12,"Calling Bell":19,"Art of War":2,"Bag of Marbles":19,"Champion Belt":19,"Unceasing Top":0,"TungstenRod":0,"Meat on the Bone":4},{"Darkstone Periapt":84,"Calipers":63,"aspiration:PoetsPen_weak":40,"Boot":25,"Centennial Puzzle":4,"Lizard Tail":15,"Dream Catcher":84,"Shovel":94,"Slimebound:StickyStick":43,"aspiration:ArtOfWarUpgrade":20,"Tiny Chest":55,"Philosopher\u0027s Stone":81,"Toxic Egg 2":68,"Paper Frog":59,"aspiration:ChemicalBlood":99,"aspiration:VileToxins":12,"Potion Belt":31,"Pear":29,"Self Forming Clay":55,"Pen Nib":20,"aspiration:HummingbirdHeart":46,"aspiration:SeaSaltIceCream":108,"Question Card":71,"MawBank":89,"Peace Pipe":50,"Calling Bell":84,"Art of War":8,"Bag of Marbles":84,"Champion Belt":84,"Unceasing Top":0,"TungstenRod":0,"Meat on the Bone":15}],"Unceasing Top":[10],"TungstenRod":33,"Meat on the Bone":24},"card_choices":[{"not_picked":["Thunderclap","Flex"],"picked":"True Grit","floor":13},{"not_picked":["Juggernaut","DDmod:GrandUltimatumAttack"],"picked":"Feed","floor":16},{"not_picked":["DDmod:PokeAttack","Feel No Pain"],"picked":"Bloodletting+1","floor":30},{"not_picked":["DDmod:UnstoppableAttack","Spot Weakness+1"],"picked":"Metallicize","floor":31},{"not_picked":["DDmod:AllInSkill+1","DDmod:SpikeShotSkill+1","Limit Break+1"],"picked":"Double Tap+1","floor":33},{"not_picked":["Wild Strike","Sword Boomerang+1","Heavy Blade+1"],"picked":"True Grit+1","floor":38},{"not_picked":["Headbutt","Carnage","Metallicize"],"picked":"Berserk","floor":40}],"player_experience":651095,"relics_obtained":[{"floor":1,"key":"Centennial Puzzle"},{"floor":3,"key":"Art of War"},{"floor":5,"key":"aspiration:VileToxins"},{"floor":8,"key":"Meat on the Bone"},{"floor":9,"key":"Lizard Tail"},{"floor":10,"key":"Pen Nib"},{"floor":12,"key":"Boot"},{"floor":13,"key":"Pear"},{"floor":14,"key":"Potion Belt"},{"floor":18,"key":"Slimebound:StickyStick"},{"floor":20,"key":"aspiration:HummingbirdHeart"},{"floor":22,"key":"Peace Pipe"},{"floor":24,"key":"Self Forming Clay"},{"floor":26,"key":"Tiny Chest"},{"floor":28,"key":"Paper Frog"},{"floor":29,"key":"Calipers"},{"floor":30,"key":"Toxic Egg 2"},{"floor":31,"key":"Question Card"},{"floor":35,"key":"Dream Catcher"},{"floor":36,"key":"Bag of Marbles"},{"floor":36,"key":"Darkstone Periapt"},{"floor":36,"key":"Champion Belt"},{"floor":37,"key":"MawBank"},{"floor":38,"key":"Shovel"},{"floor":39,"key":"aspiration:ChemicalBlood"},{"floor":40,"key":"aspiration:SeaSaltIceCream"}],"event_choices":[{"damage_healed":0,"gold_gain":75,"player_choice":"Gather Gold","damage_taken":11,"max_hp_gain":0,"max_hp_loss":0,"event_name":"World of Goop","floor":7,"gold_loss":0},{"cards_removed":["Sentinel"],"damage_healed":0,"gold_gain":0,"player_choice":"Elegance","damage_taken":0,"max_hp_gain":0,"max_hp_loss":0,"event_name":"Back to Basics","floor":19,"gold_loss":0},{"damage_healed":0,"gold_gain":0,"player_choice":"Upgraded Two","damage_taken":0,"max_hp_gain":0,"max_hp_loss":0,"event_name":"Designer","floor":21,"gold_loss":40,"cards_upgraded":["Feed","DDmod:PokeAttack"]},{"damage_healed":0,"gold_gain":0,"player_choice":"Fight","damage_taken":0,"max_hp_gain":0,"max_hp_loss":0,"event_name":"MindBloom","floor":38,"gold_loss":0}],"is_beta":false,"boss_relics":[{"not_picked":["aspiration:RunicSpoon","aspiration:SecretTechniqueScroll"],"picked":"aspiration:PoetsPen_weak"},{"not_picked":["SlaversCollar","energizedSpire:DeadBattery"],"picked":"Philosopher\u0027s Stone"}],"items_purged_floors":[],"is_endless":true,"potions_floor_spawned":[5,8,24,31,33,39],"killed_by":"Sphere and 2 Shapes","ascension_level":0}}