{"host":"o5or1zybx7au40zl","time":1611092092,"event":{"mods":["Act Like it!","Aspiration","BaseMod","Better Third Choice","Conspire","Dota2Spire","GungeonMod","Halation","Hubris","Infinite Spire","Minty Spire (QoL Compilation)","Replay The Spire","Robot Space Explorer","StSLib","The Jungle","Yuri Mod","vexMod"],"gold_per_floor":[115,115,65,65,75,101,101,111,136,153,173,202,212,212,212,316,316,335,348,348,362,381,412,412,442,442,462,26,39,39,19,19,114,114,131,141,196,196,296,296,329,339,339,45,69,87,103,53,53,53],"floor_reached":51,"language":"ENG","playtime":1889,"items_purged":["RobotSpaceExplorer:Strike"],"score":854,"play_id":"829638d2-405c-4aef-ba6b-e673f7b128fa","local_time":"20210119223452","is_ascension_mode":false,"campfire_choices":[{"data":"RobotSpaceExplorer:MiniLasers","floor":7.0,"key":"SMITH"},{"floor":30.0,"key":"REST"},{"floor":32.0,"key":"REST"},{"floor":40,"key":"REST"},{"floor":49,"key":"REST"}],"circlet_count":0,"master_deck":["RobotSpaceExplorer:Strike","RobotSpaceExplorer:Strike","RobotSpaceExplorer:Defend","RobotSpaceExplorer:Defend","RobotSpaceExplorer:Defend","RobotSpaceExplorer:Defend","RobotSpaceExplorer:Scan","RobotSpaceExplorer:MiniLasers+1","RobotSpaceExplorer:StarLightning+1","RobotSpaceExplorer:Electroshield","RobotSpaceExplorer:Smokescreen","Sunder","RobotSpaceExplorer:FrostMissile","RobotSpaceExplorer:MiniDrones+1","RobotSpaceExplorer:DroneSwarm+1","RobotSpaceExplorer:Asteroid","RobotSpaceExplorer:LaserBurst+1","RobotSpaceExplorer:Blaster","RobotSpaceExplorer:MiniDrones","RobotSpaceExplorer:BigMissile+1","RobotSpaceExplorer:Blitz","RobotSpaceExplorer:Fix","Apotheosis","RobotSpaceExplorer:HighVoltage","RobotSpaceExplorer:ScrapMissile+1","infinitespire:SevenWalls","Bandage Up","RobotSpaceExplorer:MetalStrike+1","RobotSpaceExplorer:Pulsar+1","RobotSpaceExplorer:ShockKick+1"],"relics":["RobotSpaceExplorer:RoboCore","NeowsBlessing","hubris:DisguiseKit","Nunchaku","halation:LettersToHer","Smiling Mask","DemoMod:RiddleOfLead","hubris:Backtick","Shuriken","Dota2Spire:Butterfly","Replay:Bottled Eggs","Dota2Spire:Satanic","DemoMod:GundromedaStrain","Omamori","ReplayTheSpireMod:CursedCoin","vexMod:BigBerry","Dead Branch","vexMod:PlasmaPancake","aspiration:Lifesprig","hubris:HerbalPaste","DemoMod:WeirdEgg","Replay:Mystery Machine"],"acts_visited":["Exordium","Exordium","TheBeyond"],"potions_floor_usage":[50,50],"damage_taken":[{"damage":0.0,"enemies":"conspire:RoseBush","floor":1.0,"turns":1.0},{"damage":0.0,"enemies":"Cultist","floor":5.0,"turns":1.0},{"damage":0.0,"enemies":"Lagavulin","floor":6.0,"turns":1.0},{"damage":0.0,"enemies":"2 Louse","floor":8.0,"turns":4.0},{"damage":0.0,"enemies":"Gremlin Gang","floor":10.0,"turns":3.0},{"damage":7.0,"enemies":"Lots of Slimes","floor":11.0,"turns":4.0},{"damage":5.0,"enemies":"Gremlin Nob","floor":12.0,"turns":4.0},{"damage":10.0,"enemies":"Exordium Wildlife","floor":13.0,"turns":3.0},{"damage":27.0,"enemies":"Hexaghost","floor":16.0,"turns":13.0},{"damage":0.0,"enemies":"Shell Parasite","floor":18.0,"turns":4.0},{"damage":0.0,"enemies":"theJungle:GiantWrat","floor":19.0,"turns":4.0},{"damage":23.0,"enemies":"theJungle:Snecko_Cultist_And_Trap","floor":21.0,"turns":4.0},{"damage":3.0,"enemies":"theJungle:JungleHuntersEncounter","floor":22.0,"turns":4.0},{"damage":14.0,"enemies":"theJungle:2_Phrogs","floor":23.0,"turns":7.0},{"damage":14.0,"enemies":"theJungle:MamaSnecko","floor":25.0,"turns":4.0},{"damage":21.0,"enemies":"theJungle:2_Flameangoes","floor":27.0,"turns":4.0},{"damage":6.0,"enemies":"theJungle:Snecko_Cultist_And_Trap","floor":29.0,"turns":2.0},{"damage":0.0,"enemies":"theJungle:FunGuy","floor":33.0,"turns":6.0},{"damage":2.0,"enemies":"3 Darklings","floor":35.0,"turns":4.0},{"damage":4.0,"enemies":"Orb Walker","floor":36.0,"turns":3.0},{"damage":17.0,"enemies":"2 Orb Walkers","floor":37.0,"turns":4.0},{"damage":9.0,"enemies":"infinitespire:Three Voidlings","floor":39.0,"turns":3.0},{"damage":91.0,"enemies":"Nightmare_Alpha","floor":39.0,"turns":10.0},{"damage":19,"enemies":"Giant Head","floor":41,"turns":7},{"damage":8,"enemies":"Writhing Mass","floor":42,"turns":5},{"damage":12,"enemies":"Maw","floor":46,"turns":5},{"damage":5,"enemies":"Sphere and 2 Shapes","floor":47,"turns":4},{"damage":76,"enemies":"infinitespire:MassOfShapes","floor":50,"turns":10}],"seed_played":"4645516278011513882","potions_obtained":[{"floor":10.0,"key":"Energy Potion"},{"floor":11.0,"key":"LifebloodPotion"},{"floor":13.0,"key":"Reflective Coating"},{"floor":16.0,"key":"GamblersBrew"},{"floor":27.0,"key":"BlessingOfTheForge"},{"floor":35.0,"key":"Fire Potion"},{"floor":39,"key":"FearPotion"},{"floor":46,"key":"SpeedPotion"}],"is_trial":false,"path_per_floor":["M","?","?","?","M","E","R","M","T","M","M","E","M","?","R","B",null,"M","M","AVR","M","M","E","?","E","T","M","$","M","R","$","R","B",null,"M","M","?","?","?","R","E","M","T","$","T","M","M","$","R","B",null],"character_chosen":"RobotSpaceExplorer","items_purchased":["DemoMod:GundromedaStrain","Omamori","ReplayTheSpireMod:CursedCoin","Apotheosis","hubris:HerbalPaste","DemoMod:WeirdEgg"],"campfire_rested":4,"item_purchase_floors":[28,28,31,31,44,44],"current_hp_per_floor":[75,75,75,75,75,75,75,75,75,75,68,63,53,53,75,48,85,85,85,85,62,59,45,45,31,31,10,10,19,44,44,69,75,115,113,109,96,96,18,54,43,43,43,43,43,43,48,48,84,52],"gold":53,"neow_bonus":"THREE_ENEMY_KILL","is_daily":false,"chose_seed":false,"campfire_upgraded":1,"win_rate":0.0,"timestamp":1611092092,"path_taken":["M","?","?","?","M","E","R","M","T","M","?","E","M","?","R","BOSS","M","?","AVR","?","M","E","?","E","T","M","$","M","R","$","R","BOSS","M","M","?","?","?","R","E","M","T","$","?","?","M","?","R","BOSS"],"items_purchased_type":["Relic","Relic","Relic","Card","Relic","Relic"],"build_version":"2020-12-22","purchased_purges":1,"victory":true,"max_hp_per_floor":[75,75,75,75,75,75,75,75,75,75,75,75,75,75,75,75,85,85,85,85,85,85,85,85,85,85,85,85,85,85,85,85,85,115,115,115,115,115,121,121,121,121,121,121,121,121,121,121,121,121],"card_choices":[{"not_picked":["RobotSpaceExplorer:ShockKick","RobotSpaceExplorer:ToxicBomb"],"picked":"RobotSpaceExplorer:StarLightning","floor":1.0},{"not_picked":["RobotSpaceExplorer:SurgingShield","RobotSpaceExplorer:GlueShot","Leap"],"picked":"RobotSpaceExplorer:Electroshield","floor":5.0},{"not_picked":["RobotSpaceExplorer:DualCore","RobotSpaceExplorer:MetalStrike","Hello World"],"picked":"RobotSpaceExplorer:Smokescreen","floor":6.0},{"not_picked":["RobotSpaceExplorer:Pulsar","RobotSpaceExplorer:MiniDrones","RobotSpaceExplorer:SwiftStep"],"picked":"Sunder","floor":8.0},{"not_picked":["RobotSpaceExplorer:SurgingStrike","RobotSpaceExplorer:ShockKick","Go for the Eyes"],"picked":"RobotSpaceExplorer:FrostMissile","floor":10.0},{"not_picked":["RobotSpaceExplorer:GlueShot","RobotSpaceExplorer:Ammunition","Sweeping Beam"],"picked":"RobotSpaceExplorer:MiniDrones","floor":11.0},{"not_picked":["RobotSpaceExplorer:TurboDodge","RobotSpaceExplorer:SlimeMissile","Gash"],"picked":"RobotSpaceExplorer:DroneSwarm","floor":12.0},{"not_picked":["RobotSpaceExplorer:ShovelStrike","RobotSpaceExplorer:Probe","RobotSpaceExplorer:DualCore","Gash"],"picked":"SKIP","floor":13.0},{"not_picked":["RobotSpaceExplorer:Multitool","RobotSpaceExplorer:Autoloader","Seek"],"picked":"RobotSpaceExplorer:Asteroid","floor":16.0},{"not_picked":["RobotSpaceExplorer:ScrapMissile+1","RobotSpaceExplorer:SlimeMissile+1","Steam"],"picked":"RobotSpaceExplorer:LaserBurst+1","floor":18.0},{"not_picked":["RobotSpaceExplorer:Blitz","RobotSpaceExplorer:SelfCleaning","Go for the Eyes"],"picked":"RobotSpaceExplorer:Blaster","floor":19.0},{"not_picked":["RobotSpaceExplorer:Pulsar","RobotSpaceExplorer:DualCore","Steam"],"picked":"RobotSpaceExplorer:MiniDrones","floor":21.0},{"not_picked":["RobotSpaceExplorer:MetalStrike","RobotSpaceExplorer:MakeshiftVolley","Cold Snap"],"picked":"RobotSpaceExplorer:BigMissile+1","floor":22.0},{"not_picked":["RobotSpaceExplorer:SlimeMissile+1","RobotSpaceExplorer:BigMissile","RobotSpaceExplorer:ScrapMissile","Reinforced Body"],"picked":"SKIP","floor":23.0},{"not_picked":["RobotSpaceExplorer:Pulsar","RobotSpaceExplorer:ShovelStrike","RobotSpaceExplorer:StunGrenade","Gash"],"picked":"SKIP","floor":25.0},{"not_picked":["RobotSpaceExplorer:RigExplosive","RobotSpaceExplorer:SwiftStep","ReplayTheSpireMod:Repulse"],"picked":"RobotSpaceExplorer:Blitz","floor":27.0},{"not_picked":["RobotSpaceExplorer:GlueShot","RobotSpaceExplorer:Probe+1","Gash"],"picked":"RobotSpaceExplorer:Fix","floor":29.0},{"not_picked":["RobotSpaceExplorer:Multitool","RobotSpaceExplorer:Blaster","Amplify"],"picked":"RobotSpaceExplorer:HighVoltage","floor":33.0},{"not_picked":["RobotSpaceExplorer:ExhaustFan","RobotSpaceExplorer:PowerGlove","RobotSpaceExplorer:SlimeMissile","Consume"],"picked":"SKIP","floor":35.0},{"not_picked":["RobotSpaceExplorer:IronShell","RobotSpaceExplorer:Counterblock+1","Ball Lightning"],"picked":"RobotSpaceExplorer:ScrapMissile+1","floor":36.0},{"not_picked":["infinitespire:FinalStrike","infinitespire:Execution"],"picked":"infinitespire:SevenWalls","floor":39},{"not_picked":["Forethought","Impatience"],"picked":"Bandage Up","floor":39},{"not_picked":["RobotSpaceExplorer:DoubleBlock+1","RobotSpaceExplorer:GlueShot","Sunder"],"picked":"RobotSpaceExplorer:MetalStrike+1","floor":41},{"not_picked":["RobotSpaceExplorer:ShovelStrike+1","RobotSpaceExplorer:ImprovisedAttack+1","Conserve Battery"],"picked":"RobotSpaceExplorer:Pulsar+1","floor":42},{"not_picked":["RobotSpaceExplorer:IronShell","RobotSpaceExplorer:Explosion","RobotSpaceExplorer:MetalStrike+1","Doom and Gloom"],"picked":"SKIP","floor":46},{"not_picked":["RobotSpaceExplorer:Probe","RobotSpaceExplorer:SurgingShield","Loop"],"picked":"RobotSpaceExplorer:ShockKick+1","floor":47}],"player_experience":982344,"relics_obtained":[{"floor":6.0,"key":"Nunchaku"},{"floor":9.0,"key":"halation:LettersToHer"},{"floor":12.0,"key":"Smiling Mask"},{"floor":23.0,"key":"Dota2Spire:Butterfly"},{"floor":25.0,"key":"Replay:Bottled Eggs"},{"floor":26.0,"key":"halation:LettersToHer"},{"floor":26.0,"key":"Dota2Spire:Satanic"},{"floor":37.0,"key":"Dead Branch"},{"floor":39,"key":"vexMod:PlasmaPancake"},{"floor":41,"key":"aspiration:Lifesprig"},{"floor":43,"key":"halation:LettersToHer"},{"floor":45,"key":"halation:LettersToHer"},{"floor":45,"key":"Replay:Mystery Machine"}],"event_choices":[{"cards_removed":["RobotSpaceExplorer:Strike"],"damage_healed":0.0,"max_hp_gain":0.0,"max_hp_loss":0.0,"gold_gain":0.0,"event_name":"The Cleric","player_choice":"Card Removal","floor":3.0,"gold_loss":50.0,"damage_taken":0.0},{"damage_healed":0.0,"max_hp_gain":0.0,"max_hp_loss":0.0,"gold_gain":0.0,"event_name":"Upgrade Shrine","player_choice":"Upgraded","floor":4.0,"gold_loss":0.0,"damage_taken":0.0,"cards_upgraded":["RobotSpaceExplorer:StarLightning"]},{"damage_healed":0.0,"max_hp_gain":0.0,"max_hp_loss":0.0,"gold_gain":0.0,"event_name":"The Woman in Blue","player_choice":"Bought 0 Potions","floor":14.0,"gold_loss":0.0,"damage_taken":0.0},{"damage_healed":0.0,"max_hp_gain":0.0,"max_hp_loss":0.0,"gold_gain":0.0,"event_name":"Wheel of Change","player_choice":"Gold","floor":24.0,"gold_loss":0.0,"damage_taken":0.0},{"damage_healed":0.0,"max_hp_gain":0.0,"max_hp_loss":0.0,"gold_gain":0.0,"event_name":"Mysterious Sphere","player_choice":"Fight","floor":37.0,"gold_loss":0.0,"damage_taken":0.0},{"damage_healed":0.0,"max_hp_gain":0.0,"max_hp_loss":0.0,"gold_gain":0.0,"event_name":"SensoryStone","player_choice":"Memory 1","floor":38.0,"gold_loss":0.0,"damage_taken":0.0},{"damage_healed":0,"gold_gain":0,"player_choice":"Memory 1","damage_taken":0,"max_hp_gain":0,"max_hp_loss":0,"event_name":"SensoryStone","floor":39,"gold_loss":0}],"is_beta":false,"boss_relics":[{"not_picked":["conspire:SlowCooker","halation:LoveArrow"],"picked":"DemoMod:RiddleOfLead"},{"not_picked":["infinitespire:Cupcake","halation:ForbiddenBikini"],"picked":"vexMod:BigBerry"}],"items_purged_floors":[48],"is_endless":false,"potions_floor_spawned":[10,11,13,16,18,21,23,27,35,36,39,46],"ascension_level":0}}