{"host":"5ty8fyb0ngp9gspj","time":1611050661,"event":{"mods":["2.2 Compatiblity","AchievementEnabler","Act Like it!","BaseMod","Colored Map","Downfall","Minty Spire (QoL Compilation)","Rare Cards Sparkle","Relic Stats","StSLib","The Jungle","slay the spire mod where everything is the same but ironclad has a cowboy hat"],"gold_per_floor":[99,110,130,146,146,146,146],"floor_reached":6,"language":"ENG","playtime":317,"items_purged":[],"score":40,"play_id":"b64e83ab-c6e1-4c5b-80e3-aaaa93e9cc3a","local_time":"20210119210421","is_ascension_mode":true,"campfire_choices":[{"data":"sneckomod:TailWhip","floor":1,"key":"SMITH"}],"circlet_count":0,"master_deck":["sneckomod:Strike","sneckomod:Strike","sneckomod:Strike","sneckomod:Defend","sneckomod:Defend","sneckomod:Defend","sneckomod:TailWhip+1","sneckomod:SnekBite","sneckomod:Unknown","sneckomod:Unknown","sneckomod:SoulExchange","sneckomod:UnknownUncommonAttack","sneckomod:UnknownUncommonSkill","sneckomod:UnknownDexterity"],"relics":["sneckomod:SneckoSoul","downfall:ShatteredFragment"],"acts_visited":["Exordium"],"potions_floor_usage":[6],"damage_taken":[{"damage":5,"enemies":"2 Louse","floor":2,"turns":5},{"damage":0,"enemies":"Small Slimes","floor":3,"turns":2},{"damage":0,"enemies":"Jaw Worm","floor":4,"turns":3},{"damage":74,"enemies":"3 Sentries","floor":6,"turns":7}],"seed_played":"5570747892594679171","potions_obtained":[{"floor":3,"key":"Block Potion"},{"floor":4,"key":"CultistPotion"}],"is_trial":false,"path_per_floor":["R","M","M","M","?","E"],"character_chosen":"THE_SNECKO","items_purchased":[],"campfire_rested":0,"item_purchase_floors":[],"current_hp_per_floor":[90,90,90,90,69,0,0],"gold":146,"neow_bonus":"ONE_RANDOM_RARE_CARD","is_daily":false,"chose_seed":false,"campfire_upgraded":1,"win_rate":0.0,"timestamp":1611050661,"path_taken":["R","M","M","M","?","E"],"items_purchased_type":[],"build_version":"2020-12-22","purchased_purges":0,"victory":false,"max_hp_per_floor":[90,90,90,90,90,90,90],"relic_stats":{"counters":[4,17],"obtain_stats":[{"downfall:ShatteredFragment":5,"sneckomod:SneckoSoul":0},{"downfall:ShatteredFragment":3,"sneckomod:SneckoSoul":0},{"downfall:ShatteredFragment":10,"sneckomod:SneckoSoul":0}]},"card_choices":[{"not_picked":["sneckomod:IronFang","sneckomod:SlitherStrike"],"picked":"sneckomod:UnknownUncommonAttack","floor":2},{"not_picked":["sneckomod:DefensiveFlair","sneckomod:DiceBoulder"],"picked":"sneckomod:UnknownUncommonSkill","floor":3},{"not_picked":["sneckomod:RainOfDice","sneckomod:SoulDraw"],"picked":"sneckomod:UnknownDexterity","floor":4}],"player_experience":408317,"relics_obtained":[],"event_choices":[],"is_beta":false,"boss_relics":[],"items_purged_floors":[],"is_endless":false,"potions_floor_spawned":[3,4],"killed_by":"3 Sentries","ascension_level":2}}