{"host":"obplhmlw33xb91v8","time":1611075009,"event":{"mods":["BaseMod","Block Reminder","Curses Come First","Evolution","Minty Spire (QoL Compilation)","Quick Restart","Relic Stats","Spicy Shops","StSLib","Uncapped","Waifu the Spire","slay the spire mod where everything is the same but ironclad has a cowboy hat"],"gold_per_floor":[113,132,156,8,22,53,53,80,134,146,174,93,93,18,18,117,117,135,135,78,90,90,116,116,116,116],"floor_reached":25,"language":"ENG","playtime":1076,"items_purged":["Strike_R"],"score":272,"play_id":"24afaf84-c2b4-462d-ae08-d92083d38300","local_time":"20210119115009","is_ascension_mode":true,"campfire_choices":[{"data":"True Grit","floor":7.0,"key":"SMITH"},{"data":"Pommel Strike","floor":13.0,"key":"SMITH"},{"data":"Wild Strike","floor":15.0,"key":"SMITH"},{"floor":24,"key":"REST"}],"circlet_count":0,"master_deck":["Cleave","Cleave","Cleave","Strike_R","Defend_R","Defend_R","Defend_R","Defend_R","Bash","Shrug It Off","Wild Strike+1","True Grit+1","Shrug It Off+1","Pommel Strike+1","True Grit+1"],"relics":["Burning Blood","EVO:Axolotl","NeowsBlessing","Strawberry","FossilizedHelix","Medical Kit","Bird Faced Urn","Toxic Egg 2","Omamori","Odd Mushroom","Dead Branch","SlaversCollar","Anchor","Juzu Bracelet","MutagenicStrength","Bottled Lightning"],"acts_visited":["Exordium","TheCity"],"potions_floor_usage":[23],"damage_taken":[{"damage":0.0,"enemies":"Cultist","floor":1.0,"turns":1.0},{"damage":0.0,"enemies":"Jaw Worm","floor":2.0,"turns":1.0},{"damage":0.0,"enemies":"2 Louse","floor":5.0,"turns":1.0},{"damage":18.0,"enemies":"Gremlin Nob","floor":6.0,"turns":5.0},{"damage":26.0,"enemies":"3 Sentries","floor":8.0,"turns":6.0},{"damage":3.0,"enemies":"Looter","floor":10.0,"turns":3.0},{"damage":6.0,"enemies":"The Mushroom Lair","floor":11.0,"turns":3.0},{"damage":38,"enemies":"The Guardian","floor":16,"turns":13},{"damage":22,"enemies":"Spheric Guardian","floor":18,"turns":4},{"damage":21,"enemies":"Shell Parasite","floor":21,"turns":8},{"damage":30,"enemies":"Slavers","floor":23,"turns":4},{"damage":75,"enemies":"Book of Stabbing","floor":25,"turns":6}],"seed_played":"-1661744344495972806","potions_obtained":[{"floor":2.0,"key":"SkillPotion"},{"floor":6.0,"key":"Block Potion"}],"is_trial":false,"path_per_floor":["M","M","T","$","M","E","R","E","T","M","?","$","R","$","R","B",null,"M","?","$","M","?","E","R","E"],"character_chosen":"IRONCLAD","items_purchased":["FossilizedHelix","Medical Kit","Dead Branch","Juzu Bracelet"],"campfire_rested":1,"item_purchase_floors":[4,4,12,20],"current_hp_per_floor":[80,80,87,87,87,75,75,55,55,58,58,58,58,58,58,26,87,71,71,71,60,60,38,64,0,0],"gold":116,"neow_bonus":"THREE_ENEMY_KILL","is_daily":false,"chose_seed":false,"campfire_upgraded":3,"win_rate":0.0,"timestamp":1611075009,"path_taken":["M","M","?","$","M","E","R","E","T","M","?","$","R","$","R","BOSS","M","?","$","M","?","E","R","E"],"items_purchased_type":["Relic","Relic","Relic","Relic"],"build_version":"2020-12-22","purchased_purges":1,"victory":false,"max_hp_per_floor":[80,80,87,87,87,87,87,87,87,87,87,87,87,87,87,87,87,87,87,87,87,87,87,87,87,87],"relic_stats":{"counters":[12,55],"Bird Faced Urn":[10],"Dead Branch":[39],"Juzu Bracelet":0,"Medical Kit":[27],"obtain_stats":[{"NeowsBlessing":0,"Dead Branch":12,"Omamori":9,"Juzu Bracelet":20,"EVO:Axolotl":0,"Odd Mushroom":11,"Medical Kit":4,"Burning Blood":0,"SlaversCollar":17,"Anchor":19,"Strawberry":3,"Bird Faced Urn":6,"MutagenicStrength":22,"Bottled Lightning":23,"Toxic Egg 2":8,"FossilizedHelix":4},{"NeowsBlessing":0,"Dead Branch":7,"Omamori":5,"Juzu Bracelet":9,"EVO:Axolotl":0,"Odd Mushroom":7,"Medical Kit":2,"Burning Blood":0,"SlaversCollar":8,"Anchor":9,"Strawberry":2,"Bird Faced Urn":4,"MutagenicStrength":10,"Bottled Lightning":11,"Toxic Egg 2":5,"FossilizedHelix":2},{"NeowsBlessing":0,"Dead Branch":20,"Omamori":14,"Juzu Bracelet":37,"EVO:Axolotl":0,"Odd Mushroom":20,"Medical Kit":2,"Burning Blood":0,"SlaversCollar":33,"Anchor":37,"Strawberry":2,"Bird Faced Urn":8,"MutagenicStrength":45,"Bottled Lightning":49,"Toxic Egg 2":14,"FossilizedHelix":2}],"Burning Blood":48},"card_choices":[{"not_picked":["Uppercut","Carnage"],"picked":"Shrug It Off","floor":1.0},{"not_picked":["Whirlwind","Cleave"],"picked":"Wild Strike","floor":2.0},{"not_picked":["Iron Wave","Anger"],"picked":"True Grit","floor":5.0},{"not_picked":["Sever Soul","Whirlwind","Clash"],"picked":"SKIP","floor":6.0},{"not_picked":["Pommel Strike","Perfected Strike"],"picked":"Shrug It Off+1","floor":8.0},{"not_picked":["Second Wind+1","Searing Blow","Barricade"],"picked":"SKIP","floor":10.0},{"not_picked":["Anger","Wild Strike"],"picked":"Pommel Strike","floor":11.0},{"not_picked":["Warcry+1","Hemokinesis"],"picked":"True Grit+1","floor":18},{"not_picked":["Battle Trance+1","Rage+1","Sword Boomerang"],"picked":"SKIP","floor":21},{"not_picked":["Thunderclap","Whirlwind","Headbutt"],"picked":"SKIP","floor":23}],"player_experience":200274,"relics_obtained":[{"floor":3.0,"key":"Strawberry"},{"floor":6.0,"key":"Bird Faced Urn"},{"floor":8.0,"key":"Toxic Egg 2"},{"floor":9.0,"key":"Omamori"},{"floor":11.0,"key":"Odd Mushroom"},{"floor":23,"key":"Bottled Lightning"}],"event_choices":[{"damage_healed":0.0,"max_hp_gain":0.0,"max_hp_loss":0.0,"gold_gain":0.0,"event_name":"Mushrooms","player_choice":"Fought Mushrooms","floor":11.0,"gold_loss":0.0,"damage_taken":0.0},{"damage_healed":0,"gold_gain":0,"player_choice":"Opened","damage_taken":0,"relics_obtained":["Anchor"],"max_hp_gain":0,"max_hp_loss":0,"event_name":"The Mausoleum","floor":19,"gold_loss":0},{"damage_healed":0,"gold_gain":0,"player_choice":"Inject Mutagens","damage_taken":0,"relics_obtained":["MutagenicStrength"],"max_hp_gain":0,"max_hp_loss":0,"event_name":"Drug Dealer","floor":22,"gold_loss":0}],"is_beta":false,"boss_relics":[{"not_picked":["Cursed Key","Astrolabe"],"picked":"SlaversCollar"}],"items_purged_floors":[14],"is_endless":false,"potions_floor_spawned":[2,6,8,11,16,23],"killed_by":"Book of Stabbing","ascension_level":4}}