{"host":"w97dq1whmpm6b2tc","time":1611088023,"event":{"mods":["BaseMod","Downfall","Minty Spire (QoL Compilation)","StSLib"],"gold_per_floor":[99,99,99,99,129,160,160,160,260,17,17,49,49,61,76,179,179,79,98,98,115,200,232,232,232,32,32,49,59,76,409,421,520,520,520,531,549,549,567,567,593,182,60,95,111,146,146,161,176,176,176,203,28,28,28,28,28,28],"floor_reached":56,"language":"ENG","playtime":4527,"items_purged":["bronze:Defend","bronze:Strike","bronze:Strike"],"score":853,"play_id":"427537ce-1d69-4704-9c0d-b7726779f511","local_time":"20210119222703","is_ascension_mode":false,"campfire_choices":[{"floor":1.0,"key":"RECALL"},{"data":"bronze:Replicate","floor":13.0,"key":"SMITH"},{"data":"bronze:FollowUp","floor":18.0,"key":"SMITH"},{"data":"RitualDagger","floor":26.0,"key":"SMITH"},{"data":"bronze:WhirlingStrike","floor":35.0,"key":"SMITH"},{"data":"expansioncontent:Chronoboost","floor":54,"key":"SMITH"}],"circlet_count":0,"master_deck":["bronze:Defend","bronze:Defend","bronze:Defend+1","bronze:Replicate+1","bronze:Goto","bronze:Iterate+1","bronze:ClassDefault","bronze:FollowUp+1","bronze:Repulsor","bronze:Backtrace","bronze:ThunderWave","bronze:Frontload","RitualDagger+1","bronze:WhirlingStrike+1","bronze:Iterate","bronze:ForceShield","bronze:Frontload+1","bronze:Repair+1","bronze:WhirlingStrike","bronze:DelayedSlice+1","bronze:Backtrace","bronze:Frontload+1","bronze:DelayedSlice","bronze:Assembly","expansioncontent:AwakenDeath","expansioncontent:Chronoboost+1","expansioncontent:YouAreMine","bronze:DelayedGuard","bronze:BronzeOrb+1","bronze:Backtrace+1","bronze:WhirlingStrike+1"],"relics":["bronze:BronzeCore","downfall:HeartsMalice","downfall:ShatteredFragment","bronze:ProtectiveGoggles","bronze:SilverBullet","Lee\u0027s Waffle","Du-Vu Doll","Coffee Dripper","downfall:HeartBlessingRed","Potion Belt","bronze:BottledCode","downfall:HeartBlessingGreen","downfall:HeartBlessingBlue","Old Coin","Runic Pyramid","Blood Vial","ClockworkSouvenir","Guardian:PocketSentry","Sundial","CaptainsWheel","Molten Egg 2","Bird Faced Urn"],"acts_visited":["Exordium","TheCity","TheBeyond","TheEnding"],"potions_floor_usage":[50,50,50,55,55,55],"damage_taken":[{"damage":0.0,"enemies":"Jaw Worm","floor":3.0,"turns":1.0},{"damage":0.0,"enemies":"Gremlin Nob","floor":6.0,"turns":1.0},{"damage":0.0,"enemies":"Small Slimes","floor":8.0,"turns":1.0},{"damage":37.0,"enemies":"downfall:Heads","floor":9.0,"turns":5.0},{"damage":0.0,"enemies":"downfall:FleeingMerchant","floor":10.0,"turns":4.0},{"damage":12.0,"enemies":"3 Sentries","floor":12.0,"turns":5.0},{"damage":0.0,"enemies":"Cultist","floor":14.0,"turns":2.0},{"damage":4.0,"enemies":"Blue Slaver","floor":15.0,"turns":4.0},{"damage":56.0,"enemies":"WA_ARCHETYPE_RETAIN","floor":16.0,"turns":7.0},{"damage":0.0,"enemies":"Spheric Guardian","floor":19.0,"turns":1.0},{"damage":0.0,"enemies":"Chosen","floor":21.0,"turns":3.0},{"damage":14.0,"enemies":"Slavers","floor":23.0,"turns":5.0},{"damage":0.0,"enemies":"Centurion and Healer","floor":28.0,"turns":3.0},{"damage":0.0,"enemies":"Sentry and Sphere","floor":29.0,"turns":3.0},{"damage":12.0,"enemies":"Snake Plant","floor":30.0,"turns":4.0},{"damage":2.0,"enemies":"Book of Stabbing","floor":31.0,"turns":4.0},{"damage":0.0,"enemies":"Chosen and Byrds","floor":32.0,"turns":5.0},{"damage":24.0,"enemies":"IC_MUSHROOM_ARCHETYPE","floor":33.0,"turns":7.0},{"damage":1.0,"enemies":"3 Darklings","floor":36.0,"turns":5.0},{"damage":3.0,"enemies":"3 Shapes","floor":37.0,"turns":1.0},{"damage":0.0,"enemies":"Jaw Worm Horde","floor":39.0,"turns":3.0},{"damage":0.0,"enemies":"downfall:FleeingMerchant","floor":42.0,"turns":4.0},{"damage":2.0,"enemies":"downfall:FleeingMerchant","floor":43.0,"turns":3.0},{"damage":8.0,"enemies":"Nemesis","floor":44.0,"turns":3.0},{"damage":0.0,"enemies":"Spire Growth","floor":45.0,"turns":3.0},{"damage":0.0,"enemies":"Reptomancer","floor":46.0,"turns":3.0},{"damage":0.0,"enemies":"3 Darklings","floor":48.0,"turns":2.0},{"damage":0.0,"enemies":"Jaw Worm Horde","floor":49.0,"turns":4.0},{"damage":69,"enemies":"SI_POISON_ARCHETYPE","floor":50,"turns":6},{"damage":87,"enemies":"downfall:CharBossMerchant","floor":52,"turns":9},{"damage":29,"enemies":"downfall:NeowBoss","floor":55,"turns":12},{"damage":52,"enemies":"downfall:NeowBossFinal","floor":56,"turns":5}],"seed_played":"-1851453205458663904","potions_obtained":[{"floor":6.0,"key":"GamblersBrew"},{"floor":9.0,"key":"Regen Potion"},{"floor":15.0,"key":"BlessingOfTheForge"},{"floor":16.0,"key":"Swift Potion"},{"floor":21.0,"key":"Block Potion"},{"floor":30.0,"key":"DistilledChaos"},{"floor":32.0,"key":"Energy Potion"},{"floor":33.0,"key":"Block Potion"},{"floor":39.0,"key":"Block Potion"},{"floor":44.0,"key":"SteroidPotion"},{"floor":46.0,"key":"DistilledChaos"},{"floor":48.0,"key":"Ancient Potion"},{"floor":49.0,"key":"LiquidBronze"}],"is_trial":false,"path_per_floor":["R","?","M","?","?","E","T","M","?","$","?","E","R","M","M","B",null,"R","M","?","M","?","E","T","?","R","?","M","M","M","E","M","B",null,"R","M","M","?","M","?","T","$","$","E","M","E","?","M","M","B",null,"E","$","R","B","B"],"character_chosen":"THE_AUTOMATON","items_purchased":["Lee\u0027s Waffle","ClockworkSouvenir","Guardian:PocketSentry","bronze:Backtrace","Sundial","bronze:Backtrace+1","bronze:WhirlingStrike+1","DistilledChaos"],"campfire_rested":0,"item_purchase_floors":[10,42,42,43,43,53,53,53],"current_hp_per_floor":[70,49,49,49,49,49,49,49,12,77,77,65,65,65,61,5,77,77,77,71,71,57,43,43,43,53,53,53,53,41,39,39,15,77,77,76,73,65,75,75,75,77,75,69,77,77,67,77,77,14,77,20,20,20,31,0,0,0],"gold":28,"neow_bonus":"THREE_ENEMY_KILL","is_daily":false,"chose_seed":false,"campfire_upgraded":5,"win_rate":0.0,"timestamp":1611088023,"path_taken":["R","?","M","?","?","E","T","M","?","$","?","E","R","M","M","BOSS","R","M","?","M","?","E","T","?","R","?","?","M","M","E","M","BOSS","R","M","M","?","?","?","T","?","$","E","?","E","?","M","M","BOSS","E","$","R","BOSS","BOSS"],"items_purchased_type":["Relic","Relic","Relic","Card","Relic","Card","Card","Potion"],"build_version":"2020-12-22","purchased_purges":3,"victory":false,"max_hp_per_floor":[70,70,70,70,70,70,70,70,70,77,77,77,77,77,77,77,77,77,77,77,77,77,77,77,67,77,77,77,77,77,77,77,77,77,77,77,77,77,77,77,77,77,77,77,77,77,77,77,77,77,77,77,77,77,77,77,77,77],"card_choices":[{"not_picked":["bronze:Invalidate","bronze:OilSpill"],"picked":"bronze:Iterate","floor":3.0},{"not_picked":["bronze:Constructor","bronze:Overheat","bronze:Invalidate"],"picked":"SKIP","floor":6.0},{"not_picked":["bronze:Separator","bronze:BronzeArmor"],"picked":"bronze:ClassDefault","floor":8.0},{"not_picked":["bronze:DelayedSlice","bronze:Overheat","bronze:CutThrough"],"picked":"SKIP","floor":10.0},{"not_picked":["bronze:Shell","bronze:DelayedGuard"],"picked":"bronze:FollowUp","floor":12.0},{"not_picked":["bronze:ForceShield","bronze:WhirlingStrike"],"picked":"bronze:Repulsor","floor":14.0},{"not_picked":["bronze:Assembly","bronze:Deprecate"],"picked":"bronze:Backtrace","floor":15.0},{"not_picked":["bronze:FindAndReplace","bronze:Break"],"picked":"bronze:ThunderWave","floor":16.0},{"not_picked":["bronze:BuggyMess","bronze:BugBarrage"],"picked":"bronze:Frontload","floor":19.0},{"not_picked":["bronze:Overheat+1","bronze:BurnOut","bronze:BugBarrage"],"picked":"SKIP","floor":21.0},{"not_picked":["bronze:Return+1","bronze:BitShift+1"],"picked":"bronze:WhirlingStrike","floor":23.0},{"not_picked":["bronze:Overheat+1","bronze:Shield","bronze:Invalidate"],"picked":"SKIP","floor":28.0},{"not_picked":["bronze:Turbo+1","bronze:Repulsor+1"],"picked":"bronze:Iterate","floor":29.0},{"not_picked":["bronze:DelayedGuard","bronze:Frontload+1"],"picked":"bronze:ForceShield","floor":30.0},{"not_picked":["bronze:ShipIt","bronze:DelayedGuard","bronze:Shield"],"picked":"SKIP","floor":31.0},{"not_picked":["bronze:GetLatest","bronze:Deprecate"],"picked":"bronze:Frontload+1","floor":32.0},{"not_picked":["bronze:Return+1","bronze:Optimize+1"],"picked":"bronze:Repair+1","floor":36.0},{"not_picked":["bronze:ForLoop","bronze:WildBeam","bronze:Constructor"],"picked":"SKIP","floor":37.0},{"not_picked":["bronze:Invalidate+1","bronze:CutThrough+1"],"picked":"bronze:WhirlingStrike","floor":39.0},{"not_picked":["bronze:Mutator","bronze:DelayedGuard","bronze:BugBarrage+1"],"picked":"SKIP","floor":42.0},{"not_picked":["bronze:Invalidate","bronze:ShipIt"],"picked":"bronze:DelayedSlice+1","floor":43.0},{"not_picked":["bronze:Deprecate+1","bronze:BuggyMess"],"picked":"bronze:Frontload+1","floor":44.0},{"not_picked":["bronze:WildBeam","bronze:Shield"],"picked":"bronze:DelayedSlice","floor":45.0},{"not_picked":["bronze:BronzeArmor","bronze:Optimize"],"picked":"bronze:Assembly","floor":46.0},{"not_picked":["expansioncontent:Hexaburn","expansioncontent:GuardianWhirl+1"],"picked":"expansioncontent:AwakenDeath","floor":47.0},{"not_picked":["expansioncontent:PrepareCrush","expansioncontent:Hexaburn"],"picked":"expansioncontent:Chronoboost","floor":47.0},{"not_picked":["expansioncontent:PolyBeam+1","expansioncontent:LastStand"],"picked":"expansioncontent:YouAreMine","floor":47.0},{"not_picked":["bronze:MaxOutput","bronze:Allocate","bronze:Shield+1"],"picked":"SKIP","floor":48.0},{"not_picked":["bronze:Turbo+1","bronze:ForLoop"],"picked":"bronze:DelayedGuard","floor":49.0},{"not_picked":["bronze:Optimize","bronze:Flail+1"],"picked":"bronze:BronzeOrb+1","floor":52}],"player_experience":3710211,"relics_obtained":[{"floor":6.0,"key":"bronze:SilverBullet"},{"floor":12.0,"key":"Du-Vu Doll"},{"floor":23.0,"key":"Potion Belt"},{"floor":31.0,"key":"Old Coin"},{"floor":41.0,"key":"Blood Vial"},{"floor":44.0,"key":"CaptainsWheel"},{"floor":46.0,"key":"Molten Egg 2"},{"floor":52,"key":"Bird Faced Urn"}],"event_choices":[],"is_beta":false,"boss_relics":[{"not_picked":["Velvet Choker","bronze:MakeshiftBattery"],"picked":"Coffee Dripper"},{"not_picked":["Philosopher\u0027s Stone","Runic Dome"],"picked":"Runic Pyramid"}],"items_purged_floors":[10,42,43],"is_endless":false,"potions_floor_spawned":[6,9,15,16,21,30,32,33,39,44,46,48,49],"killed_by":"downfall:NeowBossFinal","ascension_level":0}}