{"host":"njb27ds59h4j3ikk","time":1611087016,"event":{"mods":["AchievementEnabler","BaseMod","Better Altar","Better Match","Better Note","Better Sensory Stone","Better Skull","Better Third Choice","BetterRewards","Downfall","Hermit","Hubris","Minty Spire (QoL Compilation)","Permanent Neow","Quarter Circle Forward PUNCH!","Quick Restart","Rare Cards Sparkle","Shop Mod","StSLib","Trackpad","Transform Curses"],"gold_per_floor":[99,110,162,175,190,205,205,205,311,323,353,384,384,414,427,523,523,523,540,540,554,554,597,597,635,435,479,503,524,524,308,329,437,437,337,361,515,515,538,567,567,593,593,619,639,187,212,255,273,273,273,308,12,12,12,12,12,12],"floor_reached":56,"language":"ENG","playtime":6314,"items_purged":[],"score":1305,"play_id":"379ccd4d-6d1a-4c55-875f-169fc4ee0f15","local_time":"20210119151016","is_ascension_mode":true,"campfire_choices":[{"data":"champ:Taunt","floor":1.0,"key":"SMITH"},{"data":"champ:FlashCut","floor":13.0,"key":"SMITH"},{"data":"champ:GutPunch","floor":18.0,"key":"SMITH"},{"data":"champ:ShieldSigil","floor":26,"key":"SMITH"},{"floor":30,"key":"RECALL"},{"data":"champ:FalseCounter","floor":35,"key":"SMITH"},{"data":"champ:Parry","floor":43,"key":"SMITH"},{"floor":54,"key":"REST"}],"circlet_count":0,"master_deck":["champ:Execute","champ:Taunt+1","champ:DefensiveShout","champ:FlashCut+1","champ:EnGarde","champ:BringItOn","champ:AdrenalArmor","champ:ViciousMockery","champ:ShieldSigil+1","champ:RageSigil","champ:EnchantShield","champ:PerfectedStrike","champ:Endure","champ:LastStand","champ:GutPunch+1","champ:ArenaPreparation","champ:Devastate","champ:TornadoPunch+1","champ:GladiatorForm","champ:FocusedBerserking","Pain","champ:FanOfKnives+1","champ:Haymaker","champ:SwordSigil","champ:Encircle","champ:PreemptiveStrike+1","champ:CrownThrow","champ:FalseCounter+1","champ:StanceDance","champ:EnchantSword","champ:FancyFootwork+1","champ:Shatter","champ:Parry+1","downfall:Icky","hubris:Gluttony","Pain","hubris:Despair","Clumsy","champ:SwordThrow+1","champ:CalledShot","champ:Circumvent","champ:ShieldSigil+1","champ:EnGarde+1","The Bomb","champ:FalseCounter+1","champ:PreciseThrust+1","champ:RapidStrikes+1"],"relics":["champ:ChampionCrown","champ:DefensiveTrainingManual","Pen Nib","hubris:Icosahedron","qcfpunch:Red_Beret","trackpad:ByrdBGone","hubris:MysteriousPyramids","hubris:Potato","Pandora\u0027s Box","WarpedTongs","CeramicFish","qcfpunch:Not_Strongest_Fighting_Style_Guidebook","Ice Cream","downfall:HeartBlessingGreen","downfall:HeartBlessingBlue","qcfpunch:Combat_Fatigues","Philosopher\u0027s Stone","downfall:HeartBlessingRed","trackpad:PetRock","Du-Vu Doll","trackpad:GuardianSpirit","Bird Faced Urn","trackpad:FieryHotPepper","Pantograph","Blue Candle","champ:FightingForDummies","Whetstone"],"acts_visited":["Exordium","TheCity","TheBeyond","TheEnding"],"potions_floor_usage":[25,31,31,33,33,48,50,55,55],"damage_taken":[{"damage":17.0,"enemies":"Cultist","floor":2.0,"turns":4.0},{"damage":12.0,"enemies":"Jaw Worm","floor":4.0,"turns":3.0},{"damage":0.0,"enemies":"2 Louse","floor":5.0,"turns":2.0},{"damage":27.0,"enemies":"Gremlin Gang","floor":6.0,"turns":5.0},{"damage":20.0,"enemies":"Large Slime","floor":10.0,"turns":5.0},{"damage":25.0,"enemies":"Lagavulin","floor":12.0,"turns":5.0},{"damage":20.0,"enemies":"3 Sentries","floor":14.0,"turns":5.0},{"damage":0.0,"enemies":"2 Fungi Beasts","floor":15.0,"turns":2.0},{"damage":11.0,"enemies":"DF_ARCHETYPE_STREAMLINE","floor":16.0,"turns":9.0},{"damage":0.0,"enemies":"Spheric Guardian","floor":19.0,"turns":3.0},{"damage":5.0,"enemies":"Snecko","floor":21.0,"turns":3.0},{"damage":0.0,"enemies":"Book of Stabbing","floor":23.0,"turns":3.0},{"damage":0,"enemies":"Slavers","floor":25,"turns":4},{"damage":30,"enemies":"Gremlin Leader","floor":27,"turns":4},{"damage":0,"enemies":"Centurion and Healer","floor":28,"turns":4},{"damage":0,"enemies":"3 Cultists","floor":29,"turns":3},{"damage":0,"enemies":"downfall:FleeingMerchant","floor":31,"turns":4},{"damage":15,"enemies":"Snake Plant","floor":32,"turns":3},{"damage":63,"enemies":"IC_MUSHROOM_ARCHETYPE","floor":33,"turns":6},{"damage":0,"enemies":"downfall:FleeingMerchant","floor":36,"turns":2},{"damage":0,"enemies":"3 Shapes","floor":39,"turns":1},{"damage":12,"enemies":"Giant Head","floor":40,"turns":5},{"damage":0,"enemies":"Orb Walker","floor":42,"turns":1},{"damage":0,"enemies":"Spire Growth","floor":44,"turns":2},{"damage":0,"enemies":"Transient","floor":45,"turns":5},{"damage":10,"enemies":"4 Shapes","floor":47,"turns":2},{"damage":13,"enemies":"Reptomancer","floor":48,"turns":3},{"damage":6,"enemies":"3 Darklings","floor":49,"turns":3},{"damage":7,"enemies":"SI_POISON_ARCHETYPE","floor":50,"turns":7},{"damage":83,"enemies":"downfall:CharBossMerchant","floor":52,"turns":7},{"damage":24,"enemies":"downfall:NeowBoss","floor":55,"turns":12},{"damage":160,"enemies":"downfall:NeowBossFinal","floor":56,"turns":8}],"seed_played":"-2995787044977815051","potions_obtained":[{"floor":0.0,"key":"LiquidMemories"},{"floor":0.0,"key":"FearPotion"},{"floor":0.0,"key":"hexamod:SoulburnPotion"},{"floor":6.0,"key":"sneckomod:MuddlingPotion"},{"floor":10.0,"key":"bronze:BurnAndBuffPotion"},{"floor":16.0,"key":"SmokeBomb"},{"floor":21.0,"key":"PowerPotion"},{"floor":23.0,"key":"DistilledChaos"},{"floor":29,"key":"Weak Potion"},{"floor":32,"key":"Ancient Potion"},{"floor":39,"key":"Explosive Potion"},{"floor":49,"key":"SkillPotion"},{"floor":52,"key":"AttackPotion"}],"is_trial":false,"path_per_floor":["R","M","T","M","M","M","T","?","?","M","?","E","R","E","M","B",null,"R","M","?","M","?","E","T","E","R","E","M","M","R","$","M","B",null,"R","?","?","?","M","E","T","M","R","M","M","$","M","E","M","B",null,"E","$","R","B","B"],"character_chosen":"THE_CHAMP","items_purchased":["champ:FalseCounter","EssenceOfSteel","PowerPotion","champ:Shatter","trackpad:PetRock","champ:TechniquePotion","champ:Parry","trackpad:FieryHotPepper","The Bomb","champ:FightingForDummies","Whetstone"],"campfire_rested":1,"item_purchase_floors":[31,31,31,36,36,36,36,46,46,53,53],"current_hp_per_floor":[90,83,83,81,81,69,69,69,38,80,80,75,75,75,75,90,90,90,90,90,90,57,82,82,90,100,100,100,100,100,100,85,66,100,100,100,105,105,105,98,98,98,98,105,105,105,105,97,101,105,105,39,39,70,105,0,0,0],"gold":12,"neow_bonus":"THREE_SMALL_POTIONS","is_daily":false,"chose_seed":false,"campfire_upgraded":6,"win_rate":0.0,"timestamp":1611087016,"path_taken":["R","M","?","?","M","M","T","?","?","?","?","E","R","E","M","BOSS","R","M","?","M","?","E","T","E","R","E","M","?","R","$","M","BOSS","R","?","?","?","M","E","T","M","R","M","?","$","M","E","M","BOSS","E","$","R","BOSS","BOSS"],"items_purchased_type":["Card","Potion","Potion","Card","Relic","Potion","Card","Relic","Card","Relic","Relic"],"build_version":"2020-12-22","purchased_purges":0,"victory":false,"max_hp_per_floor":[90,90,90,90,90,90,90,90,90,90,90,90,90,90,90,90,90,90,90,90,90,90,90,90,90,100,100,100,100,100,100,100,100,100,100,100,105,105,105,105,105,105,105,105,105,105,105,105,105,105,105,105,105,105,105,105,105,105],"card_choices":[{"not_picked":["champ:Encircle","champ:ShieldWall"],"picked":"champ:DefensiveShout","floor":2.0},{"not_picked":["champ:BerserkersShout","champ:ShieldSigil"],"picked":"champ:FlashCut","floor":4.0},{"not_picked":["champ:EndlessRage","champ:FlashCut"],"picked":"champ:EnGarde","floor":5.0},{"not_picked":["champ:Circumvent","champ:PreciseThrust"],"picked":"champ:BringItOn","floor":6.0},{"not_picked":["champ:FocusedBerserking","champ:ShieldThrow"],"picked":"champ:AdrenalArmor","floor":10.0},{"not_picked":["champ:Backstep","champ:BladeFlurry"],"picked":"champ:ViciousMockery","floor":12.0},{"not_picked":["champ:FocusedBerserking","champ:FancyFootwork"],"picked":"champ:ShieldSigil","floor":14.0},{"not_picked":["champ:FancyFootwork","champ:CrookedStrike"],"picked":"champ:RageSigil","floor":15.0},{"not_picked":["champ:CheapShot","champ:LastStand"],"picked":"champ:EnchantShield","floor":16.0},{"not_picked":["champ:PerfectedStrike","champ:Endure"],"picked":"champ:FocusedBerserking","floor":19.0},{"not_picked":["champ:BerserkersShout","champ:GladiatorStyle"],"picked":"champ:FanOfKnives","floor":21.0},{"not_picked":["champ:GladiatorStyle","champ:FanOfKnives"],"picked":"champ:Haymaker","floor":23.0},{"not_picked":["champ:Shatter","champ:HeartStrike"],"picked":"champ:SwordSigil","floor":25},{"not_picked":["champ:EnGarde+1","champ:RecklessLeap"],"picked":"champ:Encircle","floor":27},{"not_picked":["champ:AdrenalArmor","champ:PreciseThrust"],"picked":"champ:PreemptiveStrike+1","floor":28},{"not_picked":["champ:EnchantShield","champ:PreemptiveStrike+1"],"picked":"champ:CrownThrow","floor":29},{"not_picked":["champ:PerfectedStrike","champ:Backstep","champ:BerserkersShout"],"picked":"SKIP","floor":31},{"not_picked":["champ:Parry","champ:TornadoPunch"],"picked":"champ:StanceDance","floor":32},{"not_picked":["champ:GladiatorForm","champ:DancingMaster"],"picked":"champ:EnchantSword","floor":33},{"not_picked":["champ:AdrenalArmor+1","champ:BerserkersShout+1"],"picked":"champ:FancyFootwork+1","floor":36},{"not_picked":["champ:Haymaker+1","champ:Duel"],"picked":"champ:CalledShot","floor":39},{"not_picked":["champ:Duel+1","champ:CrookedStrike+1","champ:BringItOn"],"picked":"SKIP","floor":40},{"not_picked":["champ:FanOfKnives","champ:BerserkersShout+1"],"picked":"champ:Circumvent","floor":42},{"not_picked":["champ:HeartStrike","champ:EnragedBash"],"picked":"champ:ShieldSigil+1","floor":44},{"not_picked":["champ:CrownThrow+1","champ:Duel"],"picked":"champ:EnGarde+1","floor":45},{"not_picked":["champ:BringItOn+1","champ:TornadoPunch"],"picked":"champ:FalseCounter+1","floor":47},{"not_picked":["champ:ShieldSigil","champ:Haymaker"],"picked":"champ:PreciseThrust+1","floor":48},{"not_picked":["champ:FanOfKnives","champ:FancyFootwork","champ:GutPunch"],"picked":"SKIP","floor":49},{"not_picked":["champ:EnchantCrown","champ:StanceDance+1"],"picked":"champ:RapidStrikes+1","floor":52}],"player_experience":1252972,"relics_obtained":[{"floor":3.0,"key":"champ:DefensiveTrainingManual"},{"floor":7.0,"key":"Pen Nib"},{"floor":12.0,"key":"hubris:MysteriousPyramids"},{"floor":14.0,"key":"hubris:Potato"},{"floor":23.0,"key":"qcfpunch:Not_Strongest_Fighting_Style_Guidebook"},{"floor":25,"key":"Ice Cream"},{"floor":27,"key":"qcfpunch:Combat_Fatigues"},{"floor":40,"key":"trackpad:GuardianSpirit"},{"floor":41,"key":"Bird Faced Urn"},{"floor":48,"key":"Pantograph"},{"floor":52,"key":"Blue Candle"}],"event_choices":[{"damage_healed":0.0,"max_hp_gain":0.0,"max_hp_loss":0.0,"gold_gain":106.0,"event_name":"betterSkull:BetterSkull","player_choice":"RE GO ","floor":9.0,"gold_loss":0.0,"damage_taken":34.0,"cards_upgraded":[],"relics_obtained":["qcfpunch:Red_Beret"]},{"damage_healed":0.0,"max_hp_gain":0.0,"max_hp_loss":0.0,"gold_gain":0.0,"event_name":"Accursed Blacksmith","player_choice":"Rummage","floor":20.0,"gold_loss":0.0,"damage_taken":0.0,"relics_obtained":["WarpedTongs"],"cards_obtained":["Pain"]},{"damage_healed":0.0,"max_hp_gain":0.0,"max_hp_loss":0.0,"gold_gain":0.0,"event_name":"betterSkull:BetterSkull","player_choice":"UP RE ","floor":22.0,"gold_loss":0.0,"damage_taken":37.0,"cards_upgraded":["champ:TornadoPunch"],"relics_obtained":["CeramicFish"]}],"is_beta":false,"boss_relics":[{"not_picked":["Runic Dome","Coffee Dripper"],"picked":"Pandora\u0027s Box"},{"not_picked":["hubris:BlackHole","Velvet Choker"],"picked":"Philosopher\u0027s Stone"}],"items_purged_floors":[],"is_endless":false,"potions_floor_spawned":[6,10,14,16,21,23,29,32,39,40,47,49,52],"killed_by":"downfall:NeowBossFinal","ascension_level":1}}