{"host":"c7yluuzpqlymemjk","time":1611071948,"event":{"mods":["BaseMod","Colored Map","GifTheSpireLib","Minty Spire (QoL Compilation)","Relic Stats","StSLib","slay the spire mod where everything is the same but ironclad has a cowboy hat"],"gold_per_floor":[119,130,146,161,178,212,12,12,12,43,56,70,245,245,245,347,347,357,357,369,369,381,392,422,435,435,435,435],"floor_reached":27,"language":"ENG","playtime":1948,"items_purged":[],"score":274,"play_id":"f1854b7d-5d79-429c-b34e-d7612f543684","local_time":"20210119075908","is_ascension_mode":true,"campfire_choices":[{"data":"Envenom","floor":8,"key":"SMITH"},{"floor":15,"key":"REST"}],"circlet_count":0,"master_deck":["Strike_G","Strike_G","Strike_G","Strike_G","Strike_G","Defend_G","Defend_G","Defend_G","Defend_G","Defend_G","Survivor","Neutralize","Trip","Quick Slash","Cloak And Dagger","Cloak And Dagger","Choke","Envenom+1","Acrobatics","Dagger Spray","Deflect","Doubt","Malaise","PiercingWail","Quick Slash+1","Outmaneuver","Noxious Fumes","Cloak And Dagger","Glass Knife","Dagger Spray+1","Pain"],"relics":["Ring of the Snake","Calipers","Oddly Smooth Stone","Bottled Tornado","Lizard Tail","Cursed Key","Ornamental Fan"],"acts_visited":["Exordium","TheCity"],"potions_floor_usage":[6,16,16,24,27,27],"damage_taken":[{"damage":0,"enemies":"Small Slimes","floor":1,"turns":3},{"damage":2,"enemies":"Jaw Worm","floor":2,"turns":4},{"damage":0,"enemies":"Cultist","floor":3,"turns":3},{"damage":8,"enemies":"3 Louse","floor":4,"turns":4},{"damage":0,"enemies":"2 Fungi Beasts","floor":5,"turns":4},{"damage":15,"enemies":"Lagavulin","floor":6,"turns":5},{"damage":17,"enemies":"Gremlin Nob","floor":10,"turns":5},{"damage":15,"enemies":"Gremlin Gang","floor":11,"turns":8},{"damage":1,"enemies":"Blue Slaver","floor":12,"turns":4},{"damage":37,"enemies":"The Guardian","floor":16,"turns":14},{"damage":8,"enemies":"Spheric Guardian","floor":18,"turns":7},{"damage":5,"enemies":"Shell Parasite","floor":20,"turns":7},{"damage":13,"enemies":"Snecko","floor":22,"turns":5},{"damage":36,"enemies":"Chosen and Byrds","floor":23,"turns":7},{"damage":29,"enemies":"Slavers","floor":24,"turns":8},{"damage":16,"enemies":"Cultist and Chosen","floor":25,"turns":7},{"damage":7,"enemies":"Shelled Parasite and Fungi","floor":27,"turns":2}],"seed_played":"-179542396491675292","potions_obtained":[{"floor":1,"key":"Explosive Potion"},{"floor":4,"key":"CunningPotion"},{"floor":6,"key":"Strength Potion"},{"floor":20,"key":"Swift Potion"},{"floor":25,"key":"EssenceOfSteel"}],"is_trial":false,"path_per_floor":["M","M","M","M","M","E","$","R","T","E","M","M","?","?","R","B",null,"M","?","M","?","M","M","E","M","T","M"],"character_chosen":"THE_SILENT","items_purchased":["Oddly Smooth Stone","Block Potion"],"campfire_rested":1,"item_purchase_floors":[7,7],"current_hp_per_floor":[70,68,68,60,60,45,45,45,45,28,13,12,12,17,39,2,75,67,67,62,62,49,13,21,5,5,0,0],"gold":435,"neow_bonus":"RANDOM_COLORLESS","is_daily":false,"chose_seed":false,"campfire_upgraded":1,"win_rate":0.0,"timestamp":1611071948,"path_taken":["M","M","M","M","M","E","$","R","T","E","M","M","?","?","R","BOSS","M","?","M","?","M","M","E","?","T","M"],"items_purchased_type":["Relic","Potion"],"build_version":"2020-12-22","purchased_purges":0,"victory":false,"max_hp_per_floor":[70,70,70,70,70,70,70,70,70,70,70,70,70,75,75,75,75,75,75,75,75,75,75,75,75,75,75,75],"relic_stats":{"Lizard Tail":37,"counters":[17,97],"Ornamental Fan":[12],"Cursed Key":1,"obtain_stats":[{"Lizard Tail":10,"Calipers":6,"Ornamental Fan":24,"Oddly Smooth Stone":7,"Bottled Tornado":9,"Cursed Key":17,"Ring of the Snake":0},{"Lizard Tail":7,"Calipers":6,"Ornamental Fan":15,"Oddly Smooth Stone":6,"Bottled Tornado":6,"Cursed Key":10,"Ring of the Snake":0},{"Lizard Tail":28,"Calipers":23,"Ornamental Fan":88,"Oddly Smooth Stone":23,"Bottled Tornado":23,"Cursed Key":54,"Ring of the Snake":0}],"Ring of the Snake":[34]},"card_choices":[{"not_picked":["Bandage Up","Jack Of All Trades"],"picked":"Trip","floor":0},{"not_picked":["Footwork","Deadly Poison"],"picked":"Quick Slash","floor":1},{"not_picked":["Poisoned Stab","Distraction"],"picked":"Cloak And Dagger","floor":2},{"not_picked":["Dagger Spray","Noxious Fumes"],"picked":"Cloak And Dagger","floor":3},{"not_picked":["Eviscerate","Deadly Poison","Poisoned Stab"],"picked":"SKIP","floor":4},{"not_picked":["Quick Slash","Prepared"],"picked":"Choke","floor":5},{"not_picked":["Dagger Spray","Cloak And Dagger"],"picked":"Envenom","floor":6},{"not_picked":["Underhanded Strike","Finisher"],"picked":"Acrobatics","floor":10},{"not_picked":["Bouncing Flask","Outmaneuver"],"picked":"Dagger Spray","floor":11},{"not_picked":["Quick Slash","Leg Sweep"],"picked":"Deflect","floor":12},{"not_picked":["Unload","Venomology"],"picked":"Malaise","floor":16},{"not_picked":["Blade Dance","Poisoned Stab"],"picked":"PiercingWail","floor":18},{"not_picked":["Blade Dance","Escape Plan+1"],"picked":"Quick Slash+1","floor":20},{"not_picked":["Dash","Deadly Poison"],"picked":"Noxious Fumes","floor":22},{"not_picked":["Quick Slash","Deadly Poison"],"picked":"Cloak And Dagger","floor":23},{"not_picked":["Setup","Heel Hook"],"picked":"Glass Knife","floor":24},{"not_picked":["Cloak And Dagger","Underhanded Strike"],"picked":"Dagger Spray+1","floor":25}],"player_experience":344795,"relics_obtained":[{"floor":6,"key":"Calipers"},{"floor":9,"key":"Bottled Tornado"},{"floor":10,"key":"Lizard Tail"},{"floor":24,"key":"Ornamental Fan"}],"event_choices":[{"damage_healed":0,"gold_gain":175,"player_choice":"AGREE","damage_taken":0,"max_hp_gain":0,"max_hp_loss":0,"event_name":"Liars Game","floor":13,"gold_loss":0,"cards_obtained":["Doubt"]},{"damage_healed":0,"gold_gain":0,"player_choice":"Donut","damage_taken":0,"max_hp_gain":5,"max_hp_loss":0,"event_name":"Big Fish","floor":14,"gold_loss":0},{"damage_healed":0,"gold_gain":0,"player_choice":"Ignored","damage_taken":0,"max_hp_gain":0,"max_hp_loss":0,"event_name":"Vampires","floor":19,"gold_loss":0},{"damage_healed":0,"gold_gain":0,"player_choice":"Read","damage_taken":0,"max_hp_gain":0,"max_hp_loss":0,"event_name":"The Library","floor":21,"gold_loss":0,"cards_obtained":["Outmaneuver"]}],"is_beta":false,"boss_relics":[{"not_picked":["Fusion Hammer","Coffee Dripper"],"picked":"Cursed Key"}],"items_purged_floors":[],"is_endless":false,"potions_floor_spawned":[1,4,6,10,11,20,25],"killed_by":"Shelled Parasite and Fungi","ascension_level":2}}