{"host":"f5mjulaw5aqlqmd7","time":1611083539,"event":{"mods":["Act Like it!","BaseMod","Colored Map","GifTheSpireLib","Hallownest","Minty Spire (QoL Compilation)","StSLib","The Bug Knight"],"gold_per_floor":[118,128,8,26,39,39,39],"floor_reached":6,"language":"ENG","playtime":317,"items_purged":[],"score":38,"play_id":"753b9a49-ee1e-4625-8a07-a8373b65eb30","local_time":"20210119141219","is_ascension_mode":false,"campfire_choices":[],"circlet_count":0,"master_deck":["HollowMod:NailStrikeStart","HollowMod:NailStrikeStart","HollowMod:NailStrikeStart","HollowMod:NailStrikeStart","HollowMod:QuickDashStart","HollowMod:QuickDashStart","HollowMod:QuickDashStart","HollowMod:QuickDashStart","HollowMod:FocusHealStart","HollowMod:PogoStrike","HollowMod:BlackTendrils","HollowMod:CycloneSlash","HollowMod:MantisMark","HollowMod:SoulStrike","HollowMod:RecoilStrike","HollowMod:DescendingDark"],"relics":["HollowMod:VesselMask","NeowsBlessing"],"acts_visited":["Exordium"],"potions_floor_usage":[],"damage_taken":[{"damage":0,"enemies":"Cultist","floor":1,"turns":1},{"damage":0,"enemies":"2 Louse","floor":2,"turns":1},{"damage":0,"enemies":"Jaw Worm","floor":4,"turns":1},{"damage":51,"enemies":"Exordium Thugs","floor":5,"turns":6},{"damage":36,"enemies":"Gremlin Nob","floor":6,"turns":3}],"seed_played":"-7505425736061318594","potions_obtained":[{"floor":1,"key":"DistilledChaos"},{"floor":5,"key":"LiquidBronze"}],"is_trial":false,"path_per_floor":["M","M","$","M","M","E"],"character_chosen":"THE_BUGKNIGHT","items_purchased":["HollowMod:MantisMark","HollowMod:SoulStrike"],"campfire_rested":0,"item_purchase_floors":[3,3],"current_hp_per_floor":[75,75,75,75,32,0,0],"gold":39,"neow_bonus":"THREE_ENEMY_KILL","is_daily":false,"chose_seed":false,"campfire_upgraded":0,"win_rate":0.0,"timestamp":1611083539,"path_taken":["M","?","$","M","M","E"],"items_purchased_type":["Card","Card"],"build_version":"2020-12-22","purchased_purges":0,"victory":false,"max_hp_per_floor":[75,75,75,75,75,75,75],"card_choices":[{"not_picked":["HollowMod:NewGlowingWomb","HollowMod:BrokenVessel"],"picked":"HollowMod:BlackTendrils","floor":1},{"not_picked":["HollowMod:QuirrelsAssistance","HollowMod:GreatSlash"],"picked":"HollowMod:CycloneSlash","floor":2},{"not_picked":["HollowMod:GoodIntentions","HollowMod:SoulEater"],"picked":"HollowMod:RecoilStrike","floor":4},{"not_picked":["HollowMod:HowlingWraiths","HollowMod:SoulEater"],"picked":"HollowMod:DescendingDark","floor":5}],"player_experience":54864,"relics_obtained":[],"event_choices":[],"is_beta":false,"boss_relics":[],"items_purged_floors":[],"is_endless":false,"potions_floor_spawned":[1,5],"killed_by":"Gremlin Nob","ascension_level":0}}