{"host":"j4g6ia6asvpyu2b0","time":1611100179,"event":{"mods":["BaseMod","Colored Map","Minty Spire (QoL Compilation)","Permanent Neow","Quick Restart","Relic Stats","StSLib","Unceasing Turn Reminder"],"gold_per_floor":[368,49,49,49,69,69,105,105,128,149,170,170,206,381,381,381,381],"floor_reached":16,"language":"ENG","playtime":291,"items_purged":["Pain"],"score":173,"play_id":"6f25e087-823f-4f6b-a34b-2c880d87dce6","local_time":"20210119164939","is_ascension_mode":true,"campfire_choices":[{"data":"Zap","floor":6,"key":"SMITH"},{"data":"Consume","floor":8,"key":"SMITH"},{"floor":12,"key":"REST"},{"floor":15,"key":"REST"}],"circlet_count":0,"master_deck":["AscendersBane","Strike_B","Strike_B","Strike_B","Defend_B","Defend_B","Defend_B","Defend_B","Zap+1","Dualcast","Consume+1","Gash+1","Gash+1","Melter+1","Barrage+1","Gash+1","Doubt"],"relics":["Cracked Core","Molten Egg 2","Golden Idol","Smiling Mask","MealTicket"],"acts_visited":["Exordium"],"potions_floor_usage":[13,16,16],"damage_taken":[{"damage":8,"enemies":"Small Slimes","floor":1,"turns":4},{"damage":0,"enemies":"Cultist","floor":5,"turns":3},{"damage":25,"enemies":"Lagavulin","floor":7,"turns":6},{"damage":3,"enemies":"2 Louse","floor":10,"turns":2},{"damage":13,"enemies":"Large Slime","floor":11,"turns":3},{"damage":16,"enemies":"Gremlin Nob","floor":13,"turns":3},{"damage":46,"enemies":"The Guardian","floor":16,"turns":8}],"seed_played":"1217972562359760152","potions_obtained":[{"floor":7,"key":"LiquidBronze"},{"floor":10,"key":"Fire Potion"},{"floor":13,"key":"SteroidPotion"}],"is_trial":false,"path_per_floor":["M","$","?","?","M","R","E","R","T","M","M","R","E","?","R","B"],"character_chosen":"DEFECT","items_purchased":["Molten Egg 2"],"campfire_rested":2,"item_purchase_floors":[2],"current_hp_per_floor":[60,60,60,60,60,60,35,35,35,32,19,39,23,23,43,0,0],"gold":381,"neow_bonus":"TWO_FIFTY_GOLD","is_daily":false,"chose_seed":false,"campfire_upgraded":2,"win_rate":0.0,"timestamp":1611100179,"path_taken":["M","$","?","?","M","R","E","R","T","?","M","R","E","?","R","BOSS"],"items_purchased_type":["Relic"],"build_version":"2020-12-22","purchased_purges":1,"victory":false,"max_hp_per_floor":[75,75,69,69,69,69,69,69,69,69,69,69,69,69,69,69,69],"relic_stats":{"counters":[7,29],"Golden Idol":26,"MealTicket":0,"Smiling Mask":0,"obtain_stats":[{"Golden Idol":3,"Molten Egg 2":2,"MealTicket":13,"Cracked Core":0,"Smiling Mask":7},{"Golden Idol":1,"Molten Egg 2":1,"MealTicket":6,"Cracked Core":0,"Smiling Mask":3},{"Golden Idol":4,"Molten Egg 2":4,"MealTicket":21,"Cracked Core":0,"Smiling Mask":13}]},"card_choices":[{"not_picked":["Steam Power","Chaos"],"picked":"Consume","floor":1},{"not_picked":["Rebound+1","Redo"],"picked":"Gash+1","floor":5},{"not_picked":["Compile Driver+1","Leap"],"picked":"Gash+1","floor":7},{"not_picked":["Conserve Battery","Reboot"],"picked":"Melter+1","floor":10},{"not_picked":["Double Energy","Chaos"],"picked":"Barrage+1","floor":11},{"not_picked":["Coolheaded","Blizzard+1"],"picked":"Gash+1","floor":13}],"player_experience":868551,"relics_obtained":[{"floor":7,"key":"Smiling Mask"},{"floor":13,"key":"MealTicket"}],"event_choices":[{"damage_healed":0,"gold_gain":0,"player_choice":"Lose Max HP","damage_taken":0,"relics_obtained":["Golden Idol"],"max_hp_gain":0,"max_hp_loss":6,"event_name":"Golden Idol","floor":3,"gold_loss":0},{"cards_removed":["Strike_B"],"damage_healed":0,"gold_gain":0,"player_choice":"Purged","damage_taken":0,"max_hp_gain":0,"max_hp_loss":0,"event_name":"Purifier","floor":4,"gold_loss":0},{"damage_healed":0,"gold_gain":175,"player_choice":"AGREE","damage_taken":0,"max_hp_gain":0,"max_hp_loss":0,"event_name":"Liars Game","floor":14,"gold_loss":0,"cards_obtained":["Doubt"]}],"is_beta":false,"boss_relics":[],"items_purged_floors":[2],"is_endless":false,"potions_floor_spawned":[7,10,13],"killed_by":"The Guardian","ascension_level":12}}