{"host":"f5mjulaw5aqlqmd7","time":1611084691,"event":{"mods":["Act Like it!","BaseMod","Colored Map","GifTheSpireLib","Hallownest","Minty Spire (QoL Compilation)","StSLib","The Bug Knight"],"gold_per_floor":[109,123,141,118,132,160,160,22,76,76,89,106,121,146,146,146,146],"floor_reached":16,"language":"ENG","playtime":793,"items_purged":[],"score":114,"play_id":"7c577bcc-7621-44d5-b729-5fe29e4cd481","local_time":"20210119143131","is_ascension_mode":false,"campfire_choices":[{"data":"HollowMod:ShadowDash","floor":7,"key":"SMITH"},{"floor":15,"key":"REST"}],"circlet_count":0,"master_deck":["HollowMod:NailStrikeStart","HollowMod:NailStrikeStart","HollowMod:NailStrikeStart","HollowMod:NailStrikeStart","HollowMod:QuickDashStart","HollowMod:QuickDashStart","HollowMod:QuickDashStart","HollowMod:QuickDashStart","HollowMod:FocusHealStart","HollowMod:PogoStrike","HollowMod:CycloneSlash","HollowMod:DescendingDark","HollowMod:ShadowDash+1","HollowMod:SoulStrike","HollowMod:BlackTendrils","HollowMod:LifebloodCore","HollowMod:WraithStrike","Bandage Up","HollowMod:SharpenedShadows+1","HollowMod:SoulStrike","HollowMod:VengefulVoid","HollowMod:GoodIntentions"],"relics":["HollowMod:VesselMask","NeowsBlessing","Darkstone Periapt","Bronze Scales","Frozen Egg 2","Smiling Mask"],"acts_visited":["Exordium"],"potions_floor_usage":[],"damage_taken":[{"damage":0,"enemies":"Cultist","floor":1,"turns":1},{"damage":0,"enemies":"Jaw Worm","floor":2,"turns":1},{"damage":0,"enemies":"2 Louse","floor":3,"turns":1},{"damage":10,"enemies":"Red Slaver","floor":5,"turns":3},{"damage":18,"enemies":"3 Sentries","floor":6,"turns":6},{"damage":0,"enemies":"3 Louse","floor":11,"turns":2},{"damage":2,"enemies":"2 Fungi Beasts","floor":12,"turns":3},{"damage":16,"enemies":"Blue Slaver","floor":13,"turns":2},{"damage":36,"enemies":"Gremlin Nob","floor":14,"turns":4},{"damage":42,"enemies":"The Guardian","floor":16,"turns":2}],"seed_played":"428228957247486029","potions_obtained":[{"floor":2,"key":"AttackPotion"},{"floor":3,"key":"Regen Potion"},{"floor":13,"key":"Swift Potion"},{"floor":14,"key":"BlessingOfTheForge"}],"is_trial":false,"path_per_floor":["M","M","M","$","M","E","R","$","T","T","M","M","M","E","R","B"],"character_chosen":"THE_BUGKNIGHT","items_purchased":["HollowMod:SoulStrike","HollowMod:WraithStrike","Bandage Up"],"campfire_rested":1,"item_purchase_floors":[4,8,8],"current_hp_per_floor":[75,75,75,75,65,49,49,49,49,49,53,55,45,11,33,0,0],"gold":146,"neow_bonus":"THREE_ENEMY_KILL","is_daily":false,"chose_seed":false,"campfire_upgraded":1,"win_rate":0.0,"timestamp":1611084691,"path_taken":["M","M","M","$","M","E","R","$","T","?","M","M","M","E","R","BOSS"],"items_purchased_type":["Card","Card","Card"],"build_version":"2020-12-22","purchased_purges":0,"victory":false,"max_hp_per_floor":[75,75,75,75,75,75,75,75,75,75,75,75,75,75,75,75,75],"card_choices":[{"not_picked":["HollowMod:GrimmsGift","HollowMod:CoiledNail"],"picked":"HollowMod:CycloneSlash","floor":1},{"not_picked":["HollowMod:SiblingsShadow","HollowMod:FastStrike"],"picked":"HollowMod:DescendingDark","floor":2},{"not_picked":["HollowMod:GoodIntentions","HollowMod:InfectedCysts"],"picked":"HollowMod:ShadowDash","floor":3},{"not_picked":["HollowMod:SharpenedNail","HollowMod:SoulSplash"],"picked":"HollowMod:BlackTendrils","floor":5},{"not_picked":["HollowMod:GrimmsGift","HollowMod:HeavyBlow"],"picked":"HollowMod:LifebloodCore","floor":6},{"not_picked":["HollowMod:InfectedAttack","HollowMod:HeavyBlow"],"picked":"HollowMod:SharpenedShadows+1","floor":11},{"not_picked":["HollowMod:GoodIntentions","HollowMod:DungDefenderAura"],"picked":"HollowMod:SoulStrike","floor":12},{"not_picked":["HollowMod:InfectedCysts","HollowMod:SlysStrikes+1"],"picked":"HollowMod:VengefulVoid","floor":13},{"not_picked":["HollowMod:ChannelNail","HollowMod:NewLittleFool"],"picked":"HollowMod:GoodIntentions","floor":14}],"player_experience":55514,"relics_obtained":[{"floor":6,"key":"Darkstone Periapt"},{"floor":9,"key":"Bronze Scales"},{"floor":10,"key":"Frozen Egg 2"},{"floor":14,"key":"Smiling Mask"}],"event_choices":[],"is_beta":false,"boss_relics":[],"items_purged_floors":[],"is_endless":false,"potions_floor_spawned":[2,3,13,14],"killed_by":"The Guardian","ascension_level":0}}