{"host":"f5mjulaw5aqlqmd7","time":1611036997,"event":{"mods":["Act Like it!","BaseMod","Colored Map","GifTheSpireLib","Hallownest","Minty Spire (QoL Compilation)","StSLib","The Bug Knight"],"gold_per_floor":[119,137,151,166,12,12,12,46,69,80,80,93,0,0,0,105,105,124,124,141,36,36,36,64,64,64,64,64],"floor_reached":27,"language":"ENG","playtime":1630,"items_purged":[],"score":231,"play_id":"171b26db-ba8d-426a-b4e2-77c635b9bc32","local_time":"20210119011637","is_ascension_mode":false,"campfire_choices":[{"data":"HollowMod:InfectionAssault","floor":6,"key":"SMITH"},{"floor":15,"key":"REST"},{"floor":23,"key":"REST"}],"circlet_count":0,"master_deck":["HollowMod:NailStrikeStart","HollowMod:NailStrikeStart","HollowMod:NailStrikeStart","HollowMod:NailStrikeStart","HollowMod:QuickDashStart","HollowMod:QuickDashStart","HollowMod:QuickDashStart","HollowMod:QuickDashStart","HollowMod:FocusHealStart","HollowMod:PogoStrike","HollowMod:CloakDash","HollowMod:InfectedCysts","HollowMod:InfectedCysts","HollowMod:InfectionAssault+1","HollowMod:MothsMistake","HollowMod:InfectedAttack","HollowMod:NewJinnsSoul","HollowMod:GoodIntentions","HollowMod:DashSlash","Bandage Up","HollowMod:SlysStrikes","HollowMod:CloakDash+1","HollowMod:CloakDash+1","HollowMod:BrokenVessel","HollowMod:TaintedHusks+1","HollowMod:TaintedHusks+1"],"relics":["HollowMod:VesselMask","NeowsBlessing","Regal Pillow","Tiny Chest","Kunai","Sozu","Toxic Egg 2","Oddly Smooth Stone","Bottled Lightning","Anchor"],"acts_visited":["Exordium","TheCity"],"potions_floor_usage":[],"damage_taken":[{"damage":0,"enemies":"Cultist","floor":1,"turns":1},{"damage":0,"enemies":"Small Slimes","floor":2,"turns":1},{"damage":0,"enemies":"2 Louse","floor":3,"turns":1},{"damage":22,"enemies":"Large Slime","floor":4,"turns":6},{"damage":26,"enemies":"Gremlin Nob","floor":8,"turns":4},{"damage":14,"enemies":"Blue Slaver","floor":10,"turns":4},{"damage":12,"enemies":"Gremlin Gang","floor":12,"turns":3},{"damage":59,"enemies":"Hexaghost","floor":16,"turns":9},{"damage":38,"enemies":"2 Thieves","floor":18,"turns":3},{"damage":10,"enemies":"Chosen","floor":20,"turns":4},{"damage":58,"enemies":"Gremlin Leader","floor":24,"turns":6},{"damage":34,"enemies":"Book of Stabbing","floor":27,"turns":4}],"seed_played":"-4050870766157293040","potions_obtained":[{"floor":3,"key":"SpeedPotion"},{"floor":4,"key":"CultistPotion"},{"floor":12,"key":"SkillPotion"}],"is_trial":false,"path_per_floor":["M","M","M","M","$","R","$","E","T","M","?","M","$","T","R","B",null,"M","T","M","$","?","R","E","T","T","E"],"character_chosen":"THE_BUGKNIGHT","items_purchased":["HollowMod:MothsMistake","HollowMod:InfectedAttack","HollowMod:NewJinnsSoul","Bandage Up","HollowMod:BrokenVessel","HollowMod:TaintedHusks+1"],"campfire_rested":2,"item_purchase_floors":[5,5,5,13,21,21],"current_hp_per_floor":[75,75,75,53,53,53,53,27,27,19,24,12,12,12,49,4,75,41,41,35,35,53,75,21,21,21,0,0],"gold":64,"neow_bonus":"THREE_ENEMY_KILL","is_daily":false,"chose_seed":false,"campfire_upgraded":1,"win_rate":0.0,"timestamp":1611036997,"path_taken":["M","M","M","M","?","R","$","E","T","M","?","?","$","?","R","BOSS","M","?","M","$","?","R","E","?","T","E"],"items_purchased_type":["Card","Card","Card","Card","Card","Card"],"build_version":"2020-12-22","purchased_purges":0,"victory":false,"max_hp_per_floor":[75,75,75,75,75,75,75,75,75,75,75,75,75,75,75,75,75,75,75,75,75,75,75,75,75,75,75,75],"card_choices":[{"not_picked":["HollowMod:MothsMistake","HollowMod:CycloneSlash"],"picked":"HollowMod:CloakDash","floor":1},{"not_picked":["HollowMod:FastStrike","HollowMod:HeavyBlow"],"picked":"HollowMod:InfectedCysts","floor":2},{"not_picked":["HollowMod:WraithStrike","HollowMod:NewLittleFool"],"picked":"HollowMod:InfectedCysts","floor":3},{"not_picked":["HollowMod:DashSlash","HollowMod:MantisMark"],"picked":"HollowMod:InfectionAssault","floor":4},{"not_picked":["HollowMod:CornifersMapStart","HollowMod:VengefulVoid"],"picked":"HollowMod:GoodIntentions","floor":8},{"not_picked":["HollowMod:SoulSplash","HollowMod:VengefulSpirit"],"picked":"HollowMod:InfectedCysts","floor":10},{"not_picked":["HollowMod:SoulMaster","HollowMod:InfectedCysts"],"picked":"HollowMod:DashSlash","floor":12},{"not_picked":["HollowMod:LifebloodCore","HollowMod:ElderbugsWisdom"],"picked":"HollowMod:SlysStrikes","floor":16},{"not_picked":["HollowMod:VengefulSpirit","HollowMod:SoulSplash"],"picked":"HollowMod:CloakDash+1","floor":18},{"not_picked":["HollowMod:DreamGate+1","HollowMod:MonarchWings+1"],"picked":"HollowMod:CloakDash+1","floor":20},{"not_picked":["HollowMod:QuirrelsAssistance","HollowMod:CornifersMapStart+1"],"picked":"HollowMod:TaintedHusks+1","floor":24}],"player_experience":44113,"relics_obtained":[{"floor":8,"key":"Regal Pillow"},{"floor":9,"key":"Tiny Chest"},{"floor":14,"key":"Kunai"},{"floor":19,"key":"Toxic Egg 2"},{"floor":24,"key":"Oddly Smooth Stone"},{"floor":25,"key":"Bottled Lightning"},{"floor":26,"key":"Anchor"}],"event_choices":[{"cards_removed":["HollowMod:InfectedCysts"],"damage_healed":5,"gold_gain":0,"player_choice":"Offered Common","damage_taken":0,"max_hp_gain":0,"max_hp_loss":0,"event_name":"Bonfire Elementals","floor":11,"gold_loss":0},{"cards_removed":["HollowMod:InfectedCysts"],"damage_healed":5,"gold_gain":0,"player_choice":"Offered Special","damage_taken":0,"max_hp_gain":0,"max_hp_loss":0,"event_name":"Bonfire Elementals","floor":11,"gold_loss":0}],"is_beta":false,"boss_relics":[{"not_picked":["Snecko Eye","Ectoplasm"],"picked":"Sozu"}],"items_purged_floors":[],"is_endless":false,"potions_floor_spawned":[3,4,12,18],"killed_by":"Book of Stabbing","ascension_level":0}}