{"host":"cy2xqrw0a4jjdcnp","time":1611072870,"event":{"mods":["AchievementEnabler","BaseMod","Colored Map","Minty Spire (QoL Compilation)","Permanent Neow","Relic Filter"],"gold_per_floor":[17,17,17,33,10,10,46,46,100,100,129,129,149,185,185,309,309,324,343,88,28,42,42,73,86,86,122,142,165,165,196,196,319,319,337,403,373,396,414,449,474,215,215,255,255,0,0,41,41,41,41,41,4,48,48,48],"floor_reached":55,"language":"ENG","playtime":4946,"items_purged":["Strike_R","Defend_R"],"score":1195,"play_id":"785a04c8-dac9-420c-a221-942ea51b4bdb","local_time":"20210119141430","is_ascension_mode":true,"campfire_choices":[{"floor":6.0,"key":"REST"},{"data":"Demon Form","floor":10.0,"key":"SMITH"},{"data":"Armaments","floor":12.0,"key":"SMITH"},{"data":"True Grit","floor":15.0,"key":"SMITH"},{"data":"Flame Barrier","floor":23.0,"key":"SMITH"},{"data":"Heavy Blade","floor":30.0,"key":"SMITH"},{"data":"Bash","floor":32.0,"key":"SMITH"},{"data":"Berserk","floor":45,"key":"SMITH"},{"data":"Trip","floor":47,"key":"SMITH"},{"floor":49,"key":"RECALL"},{"data":"Power Through","floor":52,"key":"SMITH"}],"circlet_count":0,"master_deck":["Strike_R","Strike_R","Strike_R","Defend_R","Defend_R","Defend_R","Bash+1","Demon Form+1","Thunderclap","Hemokinesis","True Grit+1","Impervious","Armaments+1","Flame Barrier+1","Flame Barrier","Reaper","Shrug It Off","Clothesline+1","Master of Strategy","Power Through+1","Heavy Blade+1","Brutality","Second Wind","Berserk+1","Whirlwind","True Grit+1","Warcry+1","Ghostly Armor+1","Trip+1","Uppercut"],"relics":["Burning Blood","Golden Idol","Paper Frog","FossilizedHelix","Oddly Smooth Stone","Odd Mushroom","Torii","Black Star","Self Forming Clay","HornCleat","Pear","PreservedInsect","Omamori","Anchor","Regal Pillow","Coffee Dripper","Incense Burner","Pocketwatch","Smiling Mask","Toxic Egg 2","Red Skull","Red Mask","StoneCalendar","Shuriken","Gambling Chip","Thread and Needle"],"acts_visited":["Exordium","TheCity","TheBeyond","TheEnding"],"potions_floor_usage":[36,36,39,39,44,50,54],"damage_taken":[{"damage":12.0,"enemies":"Jaw Worm","floor":1.0,"turns":2.0},{"damage":6.0,"enemies":"Cultist","floor":4.0,"turns":3.0},{"damage":27.0,"enemies":"3 Sentries","floor":7.0,"turns":7.0},{"damage":19.0,"enemies":"The Mushroom Lair","floor":11.0,"turns":5.0},{"damage":0.0,"enemies":"2 Louse","floor":13.0,"turns":3.0},{"damage":2.0,"enemies":"Lagavulin","floor":14.0,"turns":6.0},{"damage":4.0,"enemies":"The Guardian","floor":16.0,"turns":9.0},{"damage":21.0,"enemies":"Spheric Guardian","floor":18.0,"turns":6.0},{"damage":19.0,"enemies":"Chosen","floor":19.0,"turns":6.0},{"damage":24.0,"enemies":"Snake Plant","floor":22.0,"turns":7.0},{"damage":55.0,"enemies":"Slavers","floor":24.0,"turns":10.0},{"damage":0.0,"enemies":"Snecko","floor":25.0,"turns":5.0},{"damage":1.0,"enemies":"Gremlin Leader","floor":27.0,"turns":7.0},{"damage":22.0,"enemies":"3 Cultists","floor":28.0,"turns":8.0},{"damage":34.0,"enemies":"Shelled Parasite and Fungi","floor":29.0,"turns":13.0},{"damage":44.0,"enemies":"Slavers","floor":31.0,"turns":10.0},{"damage":104.0,"enemies":"Collector","floor":33.0,"turns":15.0},{"damage":3.0,"enemies":"Orb Walker","floor":35.0,"turns":6.0},{"damage":19,"enemies":"2 Orb Walkers","floor":36,"turns":7},{"damage":0,"enemies":"3 Shapes","floor":38,"turns":7},{"damage":32,"enemies":"3 Darklings","floor":39,"turns":7},{"damage":33,"enemies":"Reptomancer","floor":40,"turns":6},{"damage":22,"enemies":"Jaw Worm Horde","floor":41,"turns":7},{"damage":0,"enemies":"Nemesis","floor":44,"turns":7},{"damage":22,"enemies":"Reptomancer","floor":48,"turns":7},{"damage":20,"enemies":"Donu and Deca","floor":50,"turns":8},{"damage":25,"enemies":"Shield and Spear","floor":54,"turns":8},{"damage":113,"enemies":"The Heart","floor":55,"turns":8}],"seed_played":"-5433261767485906137","potions_obtained":[{"floor":1.0,"key":"GamblersBrew"},{"floor":11.0,"key":"GamblersBrew"},{"floor":14.0,"key":"Weak Potion"},{"floor":16.0,"key":"EssenceOfSteel"},{"floor":18.0,"key":"EssenceOfSteel"},{"floor":22.0,"key":"Swift Potion"},{"floor":27.0,"key":"FairyPotion"},{"floor":33.0,"key":"Weak Potion"},{"floor":35.0,"key":"HeartOfIron"},{"floor":36,"key":"PowerPotion"},{"floor":37,"key":"FairyPotion"},{"floor":37,"key":"Energy Potion"},{"floor":48,"key":"Energy Potion"}],"is_trial":false,"path_per_floor":["M","?","?","M","$","R","E","?","T","R","?","R","M","E","R","B",null,"M","M","$","?","M","R","E","M","T","E","M","M","R","E","R","B",null,"M","?","?","M","M","E","M","$","T","E","R","?","R","E","R","B",null,"R","$","E","B"],"character_chosen":"IRONCLAD","items_purchased":["True Grit","Master of Strategy","Regen Potion","PowerPotion","Trip","Uppercut"],"campfire_rested":1,"item_purchase_floors":[5,20,42,42,42,53],"current_hp_per_floor":[74,54,36,36,36,60,39,44,44,44,31,31,37,41,41,43,75,60,47,47,47,32,32,13,23,33,95,95,67,67,63,63,11,74,81,87,87,95,75,48,38,38,38,73,73,73,73,70,70,56,85,85,85,81,0,0],"gold":48,"neow_bonus":"THREE_RARE_CARDS","is_daily":false,"chose_seed":false,"campfire_upgraded":9,"win_rate":0.0,"timestamp":1611072870,"path_taken":["M","?","?","?","?","R","E","?","T","R","?","R","M","E","R","BOSS","M","M","$","?","M","R","E","?","T","E","M","M","R","E","R","BOSS","M","?","?","M","M","E","?","$","T","E","R","?","R","E","R","BOSS","R","$","E","BOSS"],"items_purchased_type":["Card","Card","Potion","Potion","Card","Card"],"build_version":"2020-12-22","purchased_purges":2,"victory":false,"max_hp_per_floor":[80,80,80,80,80,80,80,85,85,85,85,85,85,85,85,85,85,85,85,85,85,85,85,85,85,95,95,95,95,95,95,95,95,95,95,95,95,95,95,95,95,95,95,95,95,95,95,95,95,95,95,95,95,95,95,95],"card_choices":[{"not_picked":["Limit Break","Corruption"],"picked":"Demon Form","floor":0.0},{"not_picked":["Searing Blow","Rampage"],"picked":"Thunderclap","floor":1.0},{"not_picked":["Flex","Perfected Strike"],"picked":"Hemokinesis","floor":4.0},{"not_picked":["Thunderclap","Fiend Fire"],"picked":"Impervious","floor":7.0},{"not_picked":["True Grit","Body Slam"],"picked":"Armaments","floor":11.0},{"not_picked":["Evolve","Body Slam"],"picked":"Flame Barrier","floor":13.0},{"not_picked":["Clash","Entrench"],"picked":"Flame Barrier","floor":14.0},{"not_picked":["Barricade","Juggernaut"],"picked":"Reaper","floor":16.0},{"not_picked":["Sever Soul+1","Perfected Strike"],"picked":"Shrug It Off","floor":18.0},{"not_picked":["Flex","True Grit"],"picked":"Clothesline+1","floor":19.0},{"not_picked":["Bloodletting","Burning Pact"],"picked":"Power Through","floor":22.0},{"not_picked":["Havoc","Iron Wave"],"picked":"Heavy Blade","floor":24.0},{"not_picked":["Body Slam","Twin Strike","Wild Strike"],"picked":"SKIP","floor":25.0},{"not_picked":["Perfected Strike","Bloodletting","Anger"],"picked":"SKIP","floor":27.0},{"not_picked":["Spot Weakness+1","Iron Wave"],"picked":"Brutality","floor":28.0},{"not_picked":["Anger","Dark Embrace","Iron Wave"],"picked":"SKIP","floor":29.0},{"not_picked":["Clash","Pommel Strike"],"picked":"Second Wind","floor":31.0},{"not_picked":["Limit Break","Brutality"],"picked":"Berserk","floor":33.0},{"not_picked":["Armaments","Havoc+1"],"picked":"Whirlwind","floor":35.0},{"not_picked":["Perfected Strike","Pommel Strike"],"picked":"True Grit+1","floor":36},{"not_picked":["Perfected Strike+1","Reckless Charge+1"],"picked":"Warcry+1","floor":38},{"not_picked":["Rampage","Power Through","Searing Blow+1"],"picked":"SKIP","floor":39},{"not_picked":["Reaper","Armaments","Iron Wave+1"],"picked":"SKIP","floor":40},{"not_picked":["Wild Strike+1","True Grit"],"picked":"Ghostly Armor+1","floor":41},{"not_picked":["Rage+1","Clash","Body Slam"],"picked":"SKIP","floor":44},{"not_picked":["Inflame","Heavy Blade+1","Hemokinesis+1"],"picked":"SKIP","floor":48},{"not_picked":["Body Slam","Thunderclap+1","Wild Strike+1"],"picked":"SKIP","floor":54}],"player_experience":1437670,"relics_obtained":[{"floor":7.0,"key":"FossilizedHelix"},{"floor":9.0,"key":"Oddly Smooth Stone"},{"floor":11.0,"key":"Odd Mushroom"},{"floor":14.0,"key":"Torii"},{"floor":24.0,"key":"Self Forming Clay"},{"floor":24.0,"key":"HornCleat"},{"floor":26.0,"key":"Pear"},{"floor":27.0,"key":"PreservedInsect"},{"floor":27.0,"key":"Omamori"},{"floor":31.0,"key":"Anchor"},{"floor":31.0,"key":"Regal Pillow"},{"floor":36,"key":"Incense Burner"},{"floor":40,"key":"Pocketwatch"},{"floor":40,"key":"Smiling Mask"},{"floor":44,"key":"Toxic Egg 2"},{"floor":44,"key":"Red Skull"},{"floor":48,"key":"StoneCalendar"},{"floor":48,"key":"Shuriken"},{"floor":54,"key":"Gambling Chip"},{"floor":54,"key":"Thread and Needle"}],"event_choices":[{"damage_healed":0.0,"max_hp_gain":0.0,"max_hp_loss":0.0,"gold_gain":0.0,"event_name":"Golden Idol","player_choice":"Take Damage","floor":2.0,"gold_loss":0.0,"damage_taken":20.0,"relics_obtained":["Golden Idol"]},{"damage_healed":0.0,"max_hp_gain":0.0,"max_hp_loss":0.0,"gold_gain":0.0,"event_name":"Scrap Ooze","player_choice":"Success","floor":3.0,"gold_loss":0.0,"damage_taken":18.0,"relics_obtained":["Paper Frog"]},{"damage_healed":0.0,"max_hp_gain":5.0,"max_hp_loss":0.0,"gold_gain":0.0,"event_name":"Big Fish","player_choice":"Donut","floor":8.0,"gold_loss":0.0,"damage_taken":0.0},{"damage_healed":0.0,"max_hp_gain":0.0,"max_hp_loss":0.0,"gold_gain":0.0,"event_name":"Mushrooms","player_choice":"Fought Mushrooms","floor":11.0,"gold_loss":0.0,"damage_taken":0.0},{"cards_removed":["Strike_R"],"damage_healed":0.0,"max_hp_gain":0.0,"max_hp_loss":0.0,"gold_gain":0.0,"event_name":"Designer","player_choice":"Single Remove","floor":21.0,"gold_loss":60.0,"damage_taken":0.0},{"damage_healed":0,"gold_gain":0,"player_choice":"Fight","damage_taken":0,"max_hp_gain":0,"max_hp_loss":0,"event_name":"Mysterious Sphere","floor":36,"gold_loss":0},{"damage_healed":0,"gold_gain":0,"player_choice":"Bought 2 Potions","damage_taken":0,"max_hp_gain":0,"max_hp_loss":0,"event_name":"The Woman in Blue","floor":37,"gold_loss":0},{"damage_healed":0,"gold_gain":0,"player_choice":"Paid","damage_taken":0,"relics_obtained":["Red Mask"],"max_hp_gain":0,"max_hp_loss":0,"event_name":"Tomb of Lord Red Mask","floor":46,"gold_loss":255}],"is_beta":false,"boss_relics":[{"not_picked":["Runic Pyramid","Runic Cube"],"picked":"Black Star"},{"not_picked":["Black Blood","Astrolabe"],"picked":"Coffee Dripper"}],"items_purged_floors":[20,42],"is_endless":false,"potions_floor_spawned":[1,11,14,16,18,22,27,33,35,36,48],"killed_by":"The Heart","ascension_level":5}}