{"host":"27wa8ufp4ryspt1p","time":1611048084,"event":{"mods":["2.2 Compatiblity","Abigail Mod","Act Like it!","Aspiration","BaseMod","Better Altar","Better Note","Better Skull","Better Third Choice","Colored Map","Conspire","Dota2Spire","Downfall-Rebalance","Elementarium","Energized Spire","Fox Events","Friendly Minions","Gensokyo","GifTheSpireLib","Gold Saver","Halation","Hallownest","HololiveMod","Hubris","HumanHunterMod(????mod)","Humility","Infinite Spire","Keyboard Shortcuts","Menagerie","Mimic Mod","Minty Spire (QoL Compilation)","Pale of the Ancients","Poor People Problems","Quarter Circle Forward PUNCH!","Reimu??????","Relic Sorter","Relic Stats","Replay The Spire","Reworked Bosses","Robot Space Explorer","Shop Mod","Spicy Shops","Spikes Relics","StSLib","Stuff the Spire","SuperFastMode","The Cursed","The Exalted","The Factory","The Judge","The Marked","The Necromancer","Trackpad","Waifu the Spire","Wandering Minibosses","[IsaacMod]????","??????REMEMod","????"],"gold_per_floor":[1709,940,953,969,988,988,1115,1130,1246,1346,1224,1224,1224,1242,1242,1321,1321,1340,1201,1418,1109,1109,1109,1170,1170,1201,1229,1229,1229,1229],"floor_reached":29,"language":"SPA","playtime":1126,"items_purged":[],"score":493,"play_id":"c5d18796-5cd0-4e15-a9ef-c4db967ec223","local_time":"20210119032124","daily_mods":["SealedDeck","Colorless Cards","Heirloom","Elite Swarm","Lethality"],"is_ascension_mode":true,"campfire_choices":[{"data":"Hololive_CallYozoraMel","floor":6,"key":"SMITH"},{"floor":12,"key":"RECALL"},{"data":"EpicFetus","floor":15,"key":"SMITH"},{"data":"Hololive_DurableLive","floor":23,"key":"SMITH"},{"data":"Reforge","floor":25,"key":"SMITH"}],"circlet_count":0,"master_deck":["AscendersBane","EpicFetus+1","expansioncontent:TimeRipple","Hololive_CallMurasakiShion","Hololive_Rebound","Hololive_Rebound","Hololive_CallOmaruPolka","Hololive_Rebound","Hololive_CallYozoraMel+1","Hololive_FlyingPonyTail","Hololive_StrengthChampion","Hololive_CallUsadaPekora","Bromod:Intensify","Hololive_CallOkamiMio","ReplayUltimateDefense","Hololive_CallTokoyamiTowa","Hololive_RevenueBasedLive+1","Hololive_HuntDinosaur+1","REME_Flogging","Dramatic Entrance","Hololive_CallTokinoSora","Hololive_CallTsunomakiWatame","Hololive_HuntDinosaur","Reforge+1","Hololive_DurableLive+1","Hololive_HuntDinosaur","expansioncontent:Collect","Elementarium:GildedForm","Hololive_AWSL","Hololive_IdolExercise","Elementarium:StickyTar","Elementarium:StickyTar"],"relics":["Hololive_TheStar","BloodDonationBag","HushsDoor","REME_ComplimentaryCards","Bromod:ArcaneFury","MerchantsRug","infinitespire:CheckeredPen","aspiration:StickyExplosives","Guardian:BottledAnomaly","halation:PinkSoulGem","Dota2Spire:Bloodstone","Bromod:ArcaneEnergize","wanderingMiniBosses:CarrionFlame","Dota2Spire:AghanimScepter","War Paint","Quantum Egg","trackpad:BottledTsunami","hubris:TinFlute","BelialBook"],"acts_visited":["Menagerie:Menagerie","Elementarium:Elementarium"],"potions_floor_usage":[24],"damage_taken":[{"damage":0,"enemies":"Menagerie:WhisperingWraith","floor":3,"turns":3},{"damage":0,"enemies":"Menagerie:StygianBoar","floor":4,"turns":2},{"damage":0,"enemies":"Menagerie:MonstrousExperiment","floor":5,"turns":2},{"damage":11,"enemies":"Menagerie:MaskedSummoner","floor":7,"turns":9},{"damage":8,"enemies":"Menagerie:KEEPER_AND_YOUNG_SUNEATER","floor":8,"turns":3},{"damage":5,"enemies":"Menagerie:BEAST_MAGE_AND_PROWLING_AMALGAM","floor":9,"turns":5},{"damage":0,"enemies":"Menagerie:BEAST_MAGE_AND_PROWLING_AMALGAM","floor":14,"turns":3},{"damage":14,"enemies":"Menagerie:AVATARS","floor":16,"turns":4},{"damage":0,"enemies":"Elementarium:2_ELEMENTALS","floor":18,"turns":3},{"damage":16,"enemies":"Elementarium:MUD_AND_TAR_GOLEMS","floor":20,"turns":12},{"damage":8,"enemies":"Elementarium:ElementalPortal","floor":24,"turns":6},{"damage":0,"enemies":"Elementarium:Hydrostalker","floor":26,"turns":4},{"damage":28,"enemies":"Elementarium:WarGolem","floor":27,"turns":3},{"damage":17,"enemies":"Elementarium:FIRE_NOBILITY","floor":29,"turns":1}],"seed_played":"546958425680143486","potions_obtained":[{"floor":4,"key":"PowerPotion"},{"floor":5,"key":"Toxic Potion"},{"floor":16,"key":"ZuzhouPotion:ReiMu"},{"floor":24,"key":"Fruit Juice"}],"is_trial":true,"path_per_floor":["?","$","M","M","M","R","E","M","MIM","?","$","R","?","M","R","B",null,"M","$","M","$","?","R","E","R","MIM","E","?","E"],"character_chosen":"Hololive_HololiveCharacter","items_purchased":["Hololive_CallOkamiMio","MerchantsRug","ReplayUltimateDefense","infinitespire:CheckeredPen","Guardian:BottledAnomaly","Hololive_DurableLive","Lee\u0027s Waffle","Hololive_HuntDinosaur","Dota2Spire:AghanimScepter","War Paint"],"campfire_rested":0,"item_purchase_floors":[2,2,2,2,11,19,19,19,21,21],"current_hp_per_floor":[27,27,27,27,27,27,30,30,29,29,29,29,29,29,29,30,30,30,17,37,37,31,31,36,36,37,10,10,0,0],"gold":1229,"neow_bonus":"","is_daily":false,"chose_seed":false,"campfire_upgraded":4,"win_rate":0.0,"timestamp":1611048084,"path_taken":["?","$","M","M","M","R","E","M","MIM","?","?","R","?","M","R","BOSS","M","$","M","$","?","R","E","R","MIM","E","?","E"],"items_purchased_type":["Card","Relic","Card","Relic","Relic","Card","Relic","Card","Relic","Relic"],"build_version":"2020-12-22","purchased_purges":0,"victory":false,"max_hp_per_floor":[30,30,30,30,30,30,30,30,30,30,30,30,30,30,30,30,30,30,37,37,37,31,31,36,36,37,38,38,39,39],"relic_stats":{"counters":[14,59],"War Paint":["Hololive_HuntDinosaur","Hololive_RevenueBasedLive"],"obtain_stats":[{"KeepersGift":0,"MerchantsRug":2,"aspiration:StickyExplosives":7,"Lee\u0027s Waffle":19,"Replay:Grab Bag":17,"Quantum Egg":24,"BelialBook":28,"Dota2Spire:Bloodstone":17,"infinitespire:CheckeredPen":2,"War Paint":21,"Dota2Spire:AghanimScepter":21,"wanderingMiniBosses:CarrionFlame":20,"Hololive_TheStar":0,"Bromod:ArcaneEnergize":17,"BloodDonationBag":19,"Guardian:BottledAnomaly":11,"HushsDoor":0,"halation:PinkSoulGem":13,"trackpad:BottledTsunami":26,"hubris:TinFlute":27,"REME_ComplimentaryCards":0,"Bromod:ArcaneFury":0,"BloodDonationMachine":0},{"KeepersGift":0,"MerchantsRug":0,"aspiration:StickyExplosives":4,"Lee\u0027s Waffle":9,"Replay:Grab Bag":8,"Quantum Egg":11,"BelialBook":13,"Dota2Spire:Bloodstone":8,"infinitespire:CheckeredPen":0,"War Paint":10,"Dota2Spire:AghanimScepter":10,"wanderingMiniBosses:CarrionFlame":10,"Hololive_TheStar":0,"Bromod:ArcaneEnergize":8,"BloodDonationBag":9,"Guardian:BottledAnomaly":6,"HushsDoor":0,"halation:PinkSoulGem":6,"trackpad:BottledTsunami":12,"hubris:TinFlute":13,"REME_ComplimentaryCards":0,"Bromod:ArcaneFury":0,"BloodDonationMachine":0},{"KeepersGift":0,"MerchantsRug":0,"aspiration:StickyExplosives":16,"Lee\u0027s Waffle":33,"Replay:Grab Bag":30,"Quantum Egg":51,"BelialBook":58,"Dota2Spire:Bloodstone":30,"infinitespire:CheckeredPen":0,"War Paint":45,"Dota2Spire:AghanimScepter":45,"wanderingMiniBosses:CarrionFlame":45,"Hololive_TheStar":0,"Bromod:ArcaneEnergize":30,"BloodDonationBag":33,"Guardian:BottledAnomaly":24,"HushsDoor":0,"halation:PinkSoulGem":24,"trackpad:BottledTsunami":55,"hubris:TinFlute":58,"REME_ComplimentaryCards":0,"Bromod:ArcaneFury":0,"BloodDonationMachine":0}]},"card_choices":[{"not_picked":[],"picked":"EpicFetus","floor":0},{"not_picked":["expansioncontent:DonusPower","PanicButton","Enlightenment"],"picked":"Hololive_CallTokoyamiTowa","floor":3},{"not_picked":["Hololive_OvertimeWork","Hololive_Breathe","Hololive_LuckPotion"],"picked":"Hololive_RevenueBasedLive","floor":4},{"not_picked":["Hololive_Psychosis","PlatinumSkin","Hololive_Sequa"],"picked":"Hololive_HuntDinosaur","floor":5},{"not_picked":["Magnetism","Hololive_Rebirth","REME_HeartOfCthun"],"picked":"REME_Flogging","floor":7},{"not_picked":["Hololive_Drill","Hololive_Psychosis","Hololive_CocoNews"],"picked":"Dramatic Entrance","floor":8},{"not_picked":["Hololive_Breathe","Hololive_FlyingPonyTail","Blind"],"picked":"Hololive_CallTokinoSora","floor":9},{"not_picked":["Degenerate","expansioncontent:AwakenDeath","REME_FirmDetermination"],"picked":"Hololive_CallTsunomakiWatame","floor":10},{"not_picked":["Hololive_LuckPotion","Hololive_FlyingPonyTail","Degenerate"],"picked":"Hololive_HuntDinosaur","floor":14},{"not_picked":["Thinking Ahead","Battery","REME_BuildACard"],"picked":"Reforge","floor":16},{"not_picked":["Hololive_OvertimeWork","Degenerate","Hololive_FlyingPonyTail","Hololive_LuckPotion"],"picked":"SKIP","floor":18},{"not_picked":["Hololive_OvertimeWork+1","Hololive_LuckPotion","Hololive_FlyingPonyTail"],"picked":"expansioncontent:Collect","floor":20},{"not_picked":["Sadistic Nature","Hololive_Rebirth","ReplayTheSpireMod:Brewmster"],"picked":"Hololive_AWSL","floor":24},{"not_picked":["Hololive_StarCraft","REME_WheelOfFate","Master of Strategy"],"picked":"Hololive_IdolExercise","floor":27}],"player_experience":3930049,"relics_obtained":[{"floor":7,"key":"aspiration:StickyExplosives"},{"floor":20,"key":"wanderingMiniBosses:CarrionFlame"},{"floor":24,"key":"Quantum Egg"},{"floor":26,"key":"trackpad:BottledTsunami"},{"floor":27,"key":"hubris:TinFlute"}],"event_choices":[{"damage_healed":0,"gold_gain":0,"player_choice":"Dive in","damage_taken":0,"max_hp_gain":0,"max_hp_loss":6,"event_name":"Elementarium:FountainOfGold","floor":22,"gold_loss":0,"cards_obtained":["Elementarium:GildedForm"]},{"damage_healed":0,"gold_gain":0,"player_choice":"Open","damage_taken":0,"relics_obtained":["BelialBook"],"max_hp_gain":0,"max_hp_loss":0,"event_name":"Elementarium:TarCoveredCasket","floor":28,"gold_loss":0,"cards_obtained":["Elementarium:StickyTar","Elementarium:StickyTar"]}],"is_beta":false,"boss_relics":[{"not_picked":["Bromod:ArcaneBarrier","qcfpunch:Killian_Engine_Alpha"],"picked":"Replay:Grab Bag"},{"not_picked":["Painkiller Herb","StuffTheSpire:ModemDavis"],"picked":"Dota2Spire:Bloodstone"},{"not_picked":["aspiration:RunicSpoon","halation:LoveArrow"],"picked":"Bromod:ArcaneEnergize"},{"not_picked":[]}],"items_purged_floors":[],"is_endless":false,"potions_floor_spawned":[4,5,16,24],"killed_by":"Elementarium:FIRE_NOBILITY","ascension_level":20}}