{"host":"i0avyit1s6jb1siw","time":1611048692,"event":{"mods":["BaseMod","DeckTracker","Dota2Spire","Highlight Path","Minty Spire (QoL Compilation)","Quick Restart","StSLib","SuperFastMode"],"gold_per_floor":[109,122,132,132,149,166,166,166,91,91,91,125,144,162,172,15,47,47,126,126,138,156,169,44,44,44,59,84,97,144,156,191,30,48,68,68,68,140,140,159,174,174,219,230,230,263,283,296,296,342,371,371,385,410,410,410,422,422,422,422,422,422,422,48,75,75],"floor_reached":67,"language":"ENG","playtime":4018,"items_purged":["Strike_G","Strike_G","Strike_G"],"score":3402,"play_id":"31f1014a-adbb-4a72-b3f2-158e6e536d6f","local_time":"20210119103132","is_ascension_mode":true,"campfire_choices":[{"data":"Poisoned Stab","floor":8,"key":"SMITH"},{"floor":18,"key":"REST"},{"data":"Blade Dance","floor":26,"key":"SMITH"},{"data":"Terror","floor":36,"key":"SMITH"},{"data":"Blur","floor":37,"key":"SMITH"},{"data":"Envenom","floor":45,"key":"SMITH"},{"data":"Deflect","floor":52,"key":"SMITH"},{"data":"Accuracy","floor":55,"key":"SMITH"},{"floor":58,"key":"RECALL"},{"floor":59,"key":"REST"},{"data":"After Image","floor":63,"key":"SMITH"}],"circlet_count":0,"master_deck":["AscendersBane","Defend_G","Defend_G","Defend_G","Defend_G","Survivor","Neutralize+1","Backstab","Poisoned Stab+1","Escape Plan","Dagger Throw","Catalyst+1","Dagger Spray","PiercingWail","Backstab","Deadly Poison","Backstab+1","Blade Dance+1","Backflip","Terror+1","Blur+1","After Image+1","Catalyst+1","Backflip+1","Deflect+1","Envenom+1","Dash+1","Storm of Steel+1","Escape Plan","PiercingWail+1","Blade Dance+1","Accuracy+1","Acrobatics+1"],"relics":["Ring of the Snake","Snake Skull","WarpedTongs","Kunai","Dota2Spire:MaskOfMadness","Dota2Spire:MonkeyKingBar","Dota2Spire:Bloodstone","HornCleat","InkBottle","DollysMirror","Astrolabe","Gambling Chip","Dota2Spire:AssaultCuirass","Dota2Spire:DrumOfEndurance","Dota2Spire:PhaseBoots","Boot","Dota2Spire:EyeOfSkadi","Lantern","OrangePellets","Art of War"],"acts_visited":["Exordium","TheCity","TheBeyond","TheEnding"],"potions_floor_usage":[12,19,19,19,32,34,38,43,48,61,65,66],"damage_taken":[{"damage":8,"enemies":"Small Slimes","floor":1,"turns":6},{"damage":4,"enemies":"Cultist","floor":2,"turns":5},{"damage":0,"enemies":"2 Louse","floor":3,"turns":2},{"damage":19,"enemies":"Lots of Slimes","floor":5,"turns":5},{"damage":3,"enemies":"Exordium Thugs","floor":6,"turns":4},{"damage":2,"enemies":"Lagavulin","floor":12,"turns":5},{"damage":0,"enemies":"2 Fungi Beasts","floor":13,"turns":3},{"damage":0,"enemies":"Looter","floor":14,"turns":2},{"damage":7,"enemies":"Large Slime","floor":15,"turns":6},{"damage":8,"enemies":"Gremlin Nob","floor":17,"turns":3},{"damage":21,"enemies":"Slime Boss","floor":19,"turns":9},{"damage":5,"enemies":"2 Thieves","floor":21,"turns":2},{"damage":0,"enemies":"Spheric Guardian","floor":22,"turns":3},{"damage":12,"enemies":"Shelled Parasite and Fungi","floor":23,"turns":4},{"damage":0,"enemies":"Sentry and Sphere","floor":27,"turns":2},{"damage":0,"enemies":"Gremlin Leader","floor":28,"turns":5},{"damage":0,"enemies":"Snecko","floor":29,"turns":1},{"damage":0,"enemies":"Chosen and Byrds","floor":31,"turns":3},{"damage":0,"enemies":"Book of Stabbing","floor":32,"turns":3},{"damage":0,"enemies":"Snake Plant","floor":34,"turns":3},{"damage":0,"enemies":"Snecko","floor":35,"turns":2},{"damage":0,"enemies":"Collector","floor":38,"turns":6},{"damage":0,"enemies":"3 Shapes","floor":40,"turns":2},{"damage":0,"enemies":"Orb Walker","floor":41,"turns":2},{"damage":10,"enemies":"2 Orb Walkers","floor":43,"turns":4},{"damage":0,"enemies":"Transient","floor":44,"turns":6},{"damage":9,"enemies":"Reptomancer","floor":46,"turns":4},{"damage":0,"enemies":"Jaw Worm Horde","floor":47,"turns":3},{"damage":0,"enemies":"Sphere and 2 Shapes","floor":48,"turns":5},{"damage":0,"enemies":"Giant Head","floor":51,"turns":5},{"damage":0,"enemies":"3 Darklings","floor":53,"turns":4},{"damage":0,"enemies":"Mind Bloom Boss Battle","floor":54,"turns":4},{"damage":0,"enemies":"Maw","floor":57,"turns":3},{"damage":0,"enemies":"Donu and Deca","floor":60,"turns":6},{"damage":36,"enemies":"Time Eater","floor":61,"turns":11},{"damage":3,"enemies":"Shield and Spear","floor":65,"turns":6},{"damage":0,"enemies":"The Heart","floor":66,"turns":6}],"seed_played":"-6684312875185946613","potions_obtained":[{"floor":1,"key":"Weak Potion"},{"floor":3,"key":"BlessingOfTheForge"},{"floor":13,"key":"ColorlessPotion"},{"floor":15,"key":"EntropicBrew"},{"floor":19,"key":"SpeedPotion"},{"floor":31,"key":"Block Potion"},{"floor":34,"key":"DistilledChaos"},{"floor":38,"key":"Fruit Juice"},{"floor":40,"key":"FearPotion"},{"floor":47,"key":"Swift Potion"},{"floor":48,"key":"BlessingOfTheForge"},{"floor":65,"key":"Poison Potion"}],"is_trial":false,"path_per_floor":["M","M","M","?","M","M","?","R","$","?","T","E","M","M","M","$","E","R","B",null,"M","M","M","$","?","R","M","E","M","T","M","E","$","M","M","R","R","B",null,"M","M","?","?","M","R","E","M","M","T","T","E","R","M","?","R","?","M","R","R","B","B",null,"R","$","E","B",null],"character_chosen":"THE_SILENT","items_purchased":["Deadly Poison","DollysMirror","Lantern","OrangePellets","Swift Potion"],"campfire_rested":2,"item_purchase_floors":[16,33,64,64,64],"current_hp_per_floor":[51,47,47,47,28,25,25,25,25,25,25,23,23,23,16,16,8,27,6,51,46,46,34,34,34,34,34,34,34,34,34,34,34,34,34,34,34,34,58,58,58,58,48,48,48,39,39,44,44,44,44,44,44,49,49,49,49,49,70,70,34,63,63,63,60,72],"gold":75,"neow_bonus":"RANDOM_COMMON_RELIC","is_daily":false,"chose_seed":false,"campfire_upgraded":8,"win_rate":0.0,"timestamp":1611048692,"path_taken":["M","M","M","?","?","M","?","R","$","?","T","E","M","M","M","$","E","R","BOSS","M","?","M","$","?","R","M","E","?","T","M","E","$","M","M","R","R","BOSS","M","M","?","?","M","R","E","M","M","T","T","E","R","M","?","R","?","M","R","R","BOSS","BOSS","R","$","E","BOSS"],"items_purchased_type":["Card","Relic","Relic","Relic","Potion"],"build_version":"2020-12-22","purchased_purges":3,"victory":true,"max_hp_per_floor":[66,66,66,66,66,66,66,66,66,66,66,66,66,66,66,66,66,66,66,66,66,66,66,66,66,66,66,66,66,66,66,66,66,66,66,66,66,66,66,66,66,66,66,66,66,66,66,71,71,71,71,71,71,76,76,72,72,72,72,72,72,72,72,72,72,72],"card_choices":[{"not_picked":["Finisher","Acrobatics"],"picked":"Backstab","floor":1},{"not_picked":["Sucker Punch","Backflip"],"picked":"Poisoned Stab","floor":2},{"not_picked":["PiercingWail","Bane"],"picked":"Escape Plan","floor":3},{"not_picked":["Infinite Blades","Reflex"],"picked":"Dagger Throw","floor":5},{"not_picked":["Acrobatics","Dash"],"picked":"Catalyst","floor":6},{"not_picked":["Dagger Spray","Sucker Punch","Poisoned Stab"],"picked":"SKIP","floor":12},{"not_picked":["Sucker Punch","Poisoned Stab"],"picked":"Dagger Spray","floor":12},{"not_picked":["Outmaneuver","Flying Knee"],"picked":"PiercingWail","floor":13},{"not_picked":["Dodge and Roll","Dagger Throw","Grand Finale"],"picked":"SKIP","floor":14},{"not_picked":["Skewer","Deflect"],"picked":"Backstab","floor":15},{"not_picked":["Terror","Accuracy","Caltrops"],"picked":"SKIP","floor":17},{"not_picked":["Cloak And Dagger","Quick Slash"],"picked":"Backstab+1","floor":21},{"not_picked":["Cloak And Dagger","Dagger Throw","Sucker Punch"],"picked":"SKIP","floor":22},{"not_picked":["Heel Hook","Slice"],"picked":"Blade Dance","floor":23},{"not_picked":["Underhanded Strike","Cloak And Dagger"],"picked":"Backflip","floor":27},{"not_picked":["Backflip","Deadly Poison+1"],"picked":"Terror","floor":28},{"not_picked":["Sucker Punch","Underhanded Strike"],"picked":"Blur","floor":29},{"not_picked":["Footwork","Acrobatics"],"picked":"After Image","floor":31},{"not_picked":["Choke","Masterful Stab","Flying Knee"],"picked":"SKIP","floor":32},{"not_picked":["Deflect","Prepared"],"picked":"Backflip+1","floor":34},{"not_picked":["Dodge and Roll","Dagger Spray"],"picked":"Deflect","floor":35},{"not_picked":["Storm of Steel","A Thousand Cuts"],"picked":"Envenom","floor":38},{"not_picked":["Predator","Backflip","Flying Knee"],"picked":"SKIP","floor":40},{"not_picked":["Poisoned Stab+1","Caltrops","Backflip"],"picked":"SKIP","floor":41},{"not_picked":["Finisher","Flying Knee"],"picked":"Escape Plan","floor":43},{"not_picked":["Backstab+1","Acrobatics+1","Outmaneuver"],"picked":"SKIP","floor":44},{"not_picked":["Predator","Reflex"],"picked":"PiercingWail+1","floor":46},{"not_picked":["Bouncing Flask","Prepared","Noxious Fumes"],"picked":"SKIP","floor":47},{"not_picked":["Dodge and Roll","Acrobatics"],"picked":"Blade Dance+1","floor":48},{"not_picked":["Deadly Poison","Distraction","Dodge and Roll+1"],"picked":"SKIP","floor":51},{"not_picked":["Slice","Night Terror"],"picked":"Accuracy","floor":53},{"not_picked":["Cloak And Dagger","Riddle With Holes","Acrobatics"],"picked":"SKIP","floor":57},{"not_picked":["All Out Attack","Outmaneuver"],"picked":"Acrobatics+1","floor":65}],"player_experience":2286374,"relics_obtained":[{"floor":11,"key":"Kunai"},{"floor":12,"key":"Dota2Spire:MaskOfMadness"},{"floor":17,"key":"Dota2Spire:MonkeyKingBar"},{"floor":28,"key":"HornCleat"},{"floor":32,"key":"InkBottle"},{"floor":43,"key":"Gambling Chip"},{"floor":46,"key":"Dota2Spire:AssaultCuirass"},{"floor":49,"key":"Dota2Spire:DrumOfEndurance"},{"floor":50,"key":"Dota2Spire:PhaseBoots"},{"floor":51,"key":"Boot"},{"floor":54,"key":"Dota2Spire:EyeOfSkadi"},{"floor":65,"key":"Art of War"}],"event_choices":[{"damage_healed":0,"gold_gain":0,"player_choice":"Rummage","damage_taken":0,"relics_obtained":["WarpedTongs"],"max_hp_gain":0,"max_hp_loss":0,"event_name":"Accursed Blacksmith","floor":4,"gold_loss":0,"cards_obtained":["Pain"]},{"damage_healed":0,"gold_gain":0,"player_choice":"Grow","damage_taken":0,"max_hp_gain":0,"max_hp_loss":0,"event_name":"Living Wall","floor":7,"gold_loss":0,"cards_upgraded":["Catalyst"]},{"cards_removed":["Pain"],"damage_healed":0,"gold_gain":0,"player_choice":"Removed Curses","damage_taken":0,"max_hp_gain":0,"max_hp_loss":0,"event_name":"Fountain of Cleansing","floor":10,"gold_loss":0},{"damage_healed":0,"gold_gain":0,"player_choice":"Upgraded","damage_taken":0,"max_hp_gain":0,"max_hp_loss":0,"event_name":"Upgrade Shrine","floor":25,"gold_loss":0,"cards_upgraded":["Neutralize"]},{"cards_removed":["Riddle With Holes"],"damage_healed":0,"gold_gain":0,"player_choice":"Removed Attack","damage_taken":0,"max_hp_gain":0,"max_hp_loss":0,"event_name":"Falling","floor":42,"gold_loss":0},{"damage_healed":0,"gold_gain":0,"player_choice":"Fight","damage_taken":0,"max_hp_gain":0,"max_hp_loss":0,"event_name":"Mysterious Sphere","floor":43,"gold_loss":0},{"damage_healed":0,"gold_gain":0,"player_choice":"Fight","damage_taken":0,"max_hp_gain":0,"max_hp_loss":0,"event_name":"MindBloom","floor":54,"gold_loss":0},{"damage_healed":0,"gold_gain":0,"player_choice":"Max HP","damage_taken":0,"max_hp_gain":0,"max_hp_loss":4,"event_name":"Winding Halls","floor":56,"gold_loss":0}],"is_beta":false,"boss_relics":[{"not_picked":["Cursed Key","Snecko Eye"],"picked":"Dota2Spire:Bloodstone"},{"not_picked":["Dota2Spire:RefresherOrb","Busted Crown"],"picked":"Astrolabe"}],"items_purged_floors":[9,16,24],"is_endless":false,"potions_floor_spawned":[1,3,13,15,19,22,23,31,34,38,40,47,48,65],"ascension_level":20}}