{"host":"irrizrmw64do51k7","time":1611078326,"event":{"mods":["AchievementEnabler","BaseMod","BetterRewards","Card Forge","Colored Map","Colored Powertips","Curses Come First","Good Game Mod","Minty Spire (QoL Compilation)","Shop Mod","StSLib"],"gold_per_floor":[118,131,146,221,241,241,147,180,227,227,227,253,273,288,288,387,387,406,422,440,197,213,213,247,247,297,311,311,324,26,40,40,141,141,154,166,0,0,0,34,83,83,83,83,94,104,133,152,152,152,152],"floor_reached":50,"language":"ENG","playtime":3159,"items_purged":[],"score":1267,"play_id":"5f524561-fe6b-4870-ab82-760e8e7a4803","local_time":"20210119094526","is_ascension_mode":true,"campfire_choices":[{"floor":6,"key":"REST"},{"data":"Capacitor","floor":11,"key":"SMITH"},{"data":"Genetic Algorithm","floor":15,"key":"SMITH"},{"data":"Creative AI","floor":23,"key":"SMITH"},{"data":"Machine Learning","floor":32,"key":"SMITH"},{"floor":42,"key":"RECALL"},{"data":"Seek","floor":44,"key":"SMITH"},{"data":"Machine Learning","floor":49,"key":"SMITH"}],"circlet_count":0,"master_deck":["AscendersBane","Strike_B","Defend_B","Defend_B","Defend_B","Zap+1","Dualcast","Coolheaded","Loop+1","Sweeping Beam","Wallop+1","White Noise+1","Self Repair","Genetic Algorithm+1","Ball Lightning","Self Repair","Ball Lightning","Coolheaded","Capacitor+1","Machine Learning+1","Coolheaded","Cold Snap","Machine Learning+1","Creative AI+1","Reinforced Body+1","Gash+1","Coolheaded+1","Streamline+1","Storm","Coolheaded+1","Self Repair+1","Genetic Algorithm","Loop+1","Glacier","Defragment+1","Storm+1","Seek+1","Barrage+1","Double Energy","Storm+1","Sweeping Beam+1","Conserve Battery+1"],"relics":["Cracked Core","Hammer of Thor","Seething Fire","Anvil of the Gods","REME:ComplimentaryCards","Unceasing Top","Dead Branch","Runic Capacitor","Turnip","Gremlin Horn","Eternal Feather","MerchantsRug","Ancient Tea Set","Dream Catcher","Meat on the Bone","Astrolabe","Frozen Egg 2","TungstenRod","Tiny Chest","CaptainsWheel","Nuclear Battery","Red Mask","Thread and Needle","Nunchaku","Du-Vu Doll","Question Card"],"acts_visited":["Exordium","TheCity","TheBeyond"],"potions_floor_usage":[5,18,22,24,24,33,35,41,45,45,47,50],"damage_taken":[{"damage":8,"enemies":"2 Louse","floor":1,"turns":2},{"damage":3,"enemies":"Small Slimes","floor":2,"turns":3},{"damage":0,"enemies":"Cultist","floor":3,"turns":3},{"damage":3,"enemies":"Exordium Wildlife","floor":5,"turns":3},{"damage":0,"enemies":"Lagavulin","floor":8,"turns":6},{"damage":18,"enemies":"3 Sentries","floor":12,"turns":5},{"damage":7,"enemies":"Looter","floor":13,"turns":3},{"damage":6,"enemies":"2 Fungi Beasts","floor":14,"turns":4},{"damage":29,"enemies":"Hexaghost","floor":16,"turns":9},{"damage":10,"enemies":"3 Byrds","floor":18,"turns":7},{"damage":7,"enemies":"Spheric Guardian","floor":19,"turns":4},{"damage":20,"enemies":"Snake Plant","floor":20,"turns":5},{"damage":39,"enemies":"3 Cultists","floor":22,"turns":6},{"damage":68,"enemies":"Gremlin Leader","floor":24,"turns":8},{"damage":25,"enemies":"Chosen and Byrds","floor":27,"turns":6},{"damage":37,"enemies":"Cultist and Chosen","floor":29,"turns":6},{"damage":7,"enemies":"Snecko","floor":31,"turns":5},{"damage":0,"enemies":"Collector","floor":33,"turns":5},{"damage":12,"enemies":"3 Darklings","floor":35,"turns":4},{"damage":14,"enemies":"Orb Walker","floor":36,"turns":4},{"damage":30,"enemies":"Nemesis","floor":40,"turns":5},{"damage":0,"enemies":"2 Orb Walkers","floor":41,"turns":3},{"damage":0,"enemies":"3 Darklings","floor":45,"turns":2},{"damage":12,"enemies":"Maw","floor":46,"turns":5},{"damage":4,"enemies":"Reptomancer","floor":47,"turns":4},{"damage":22,"enemies":"4 Shapes","floor":48,"turns":3},{"damage":85,"enemies":"Awakened One","floor":50,"turns":5}],"seed_played":"-6466300257821975325","potions_obtained":[{"floor":2,"key":"ColorlessPotion"},{"floor":12,"key":"Weak Potion"},{"floor":14,"key":"FearPotion"},{"floor":16,"key":"Fruit Juice"},{"floor":19,"key":"SteroidPotion"},{"floor":22,"key":"FocusPotion"},{"floor":31,"key":"DistilledChaos"},{"floor":33,"key":"SpeedPotion"},{"floor":35,"key":"FearPotion"},{"floor":40,"key":"DistilledChaos"},{"floor":41,"key":"AttackPotion"},{"floor":46,"key":"Energy Potion"},{"floor":48,"key":"FearPotion"}],"is_trial":false,"path_per_floor":["M","M","M","?","M","R","$","E","T","?","R","E","M","M","R","B",null,"M","M","M","$","M","R","E","?","T","M","?","M","$","M","R","B",null,"M","M","?","?","T","E","?","R","T","R","M","M","E","M","R","B"],"character_chosen":"DEFECT","items_purchased":["Dead Branch","Runic Capacitor","Turnip","Loop","Gremlin Horn","Sweeping Beam","MerchantsRug","Capacitor","Frozen Egg 2","CaptainsWheel"],"campfire_rested":1,"item_purchase_floors":[0,0,0,0,0,0,7,7,21,30],"current_hp_per_floor":[13,17,17,6,10,44,44,58,58,58,70,66,66,74,75,60,71,73,73,67,67,54,72,40,40,40,44,44,43,43,58,79,80,80,80,80,80,80,80,67,80,80,80,80,80,80,80,72,80,0,0],"gold":152,"neow_bonus":"","is_daily":false,"chose_seed":false,"campfire_upgraded":6,"win_rate":0.0,"timestamp":1611078326,"path_taken":["M","M","M","?","M","R","$","E","T","?","R","E","M","M","R","BOSS","M","M","?","$","M","R","E","?","T","M","?","M","$","M","R","BOSS","M","M","?","?","?","E","?","R","T","R","M","M","E","M","R","BOSS"],"items_purchased_type":["Relic","Relic","Relic","Card","Relic","Card","Relic","Card","Relic","Relic"],"build_version":"2020-12-22","purchased_purges":0,"victory":false,"max_hp_per_floor":[75,75,75,75,75,75,75,75,75,75,75,75,75,75,75,75,75,80,80,80,80,80,80,80,80,80,80,80,80,80,80,80,80,80,80,80,80,80,80,80,80,80,80,80,80,80,80,80,80,80,80],"card_choices":[{"not_picked":["Compile Driver","Go for the Eyes"],"picked":"Ball Lightning","floor":1},{"not_picked":["Force Field","Hologram"],"picked":"Self Repair","floor":2},{"not_picked":["Turbo","Darkness"],"picked":"Ball Lightning","floor":3},{"not_picked":["Barrage","Ball Lightning"],"picked":"Coolheaded","floor":5},{"not_picked":["FTL","Sweeping Beam"],"picked":"Machine Learning","floor":8},{"not_picked":["Conserve Battery","Turbo"],"picked":"Coolheaded","floor":12},{"not_picked":["Redo","Coolheaded"],"picked":"Cold Snap","floor":13},{"not_picked":["Aggregate","Steam"],"picked":"Machine Learning","floor":14},{"not_picked":["Electrodynamics","Hyperbeam"],"picked":"Creative AI","floor":16},{"not_picked":["Beam Cell+1","Coolheaded"],"picked":"Streamline+1","floor":18},{"not_picked":["Compile Driver","Barrage"],"picked":"Storm","floor":19},{"not_picked":["Aggregate+1","Steam"],"picked":"Coolheaded+1","floor":20},{"not_picked":["Gash+1","Multi-Cast"],"picked":"Self Repair+1","floor":22},{"not_picked":["Steam Power","Redo+1"],"picked":"Genetic Algorithm","floor":24},{"not_picked":["Stack","Auto Shields"],"picked":"Glacier","floor":27},{"not_picked":["Hologram","Multi-Cast"],"picked":"Defragment+1","floor":29},{"not_picked":["Darkness+1","Steam Power"],"picked":"Storm+1","floor":31},{"not_picked":["Meteor Strike","Thunder Strike"],"picked":"Seek","floor":33},{"not_picked":["Coolheaded+1","Rip and Tear"],"picked":"Barrage+1","floor":35},{"not_picked":["Chill+1","Self Repair+1"],"picked":"Double Energy","floor":36},{"not_picked":["Coolheaded","Steam Power+1"],"picked":"Storm+1","floor":40},{"not_picked":["Hologram","Force Field+1","Rainbow"],"picked":"SKIP","floor":45},{"not_picked":["Capacitor+1","Stack"],"picked":"Sweeping Beam+1","floor":46},{"not_picked":["Darkness","Cold Snap","Ball Lightning"],"picked":"SKIP","floor":47},{"not_picked":["Steam+1","Double Energy","Reprogram+1"],"picked":"Conserve Battery+1","floor":48}],"player_experience":445598,"relics_obtained":[{"floor":8,"key":"Ancient Tea Set"},{"floor":9,"key":"Dream Catcher"},{"floor":12,"key":"Meat on the Bone"},{"floor":24,"key":"TungstenRod"},{"floor":26,"key":"Tiny Chest"},{"floor":39,"key":"Thread and Needle"},{"floor":40,"key":"Nunchaku"},{"floor":41,"key":"Du-Vu Doll"},{"floor":47,"key":"Question Card"}],"event_choices":[{"damage_healed":0,"gold_gain":75,"player_choice":"Gather Gold","damage_taken":11,"max_hp_gain":0,"max_hp_loss":0,"event_name":"World of Goop","floor":4,"gold_loss":0},{"damage_healed":0,"gold_gain":0,"player_choice":"Upgraded","damage_taken":0,"max_hp_gain":0,"max_hp_loss":0,"event_name":"Upgrade Shrine","floor":10,"gold_loss":0,"cards_upgraded":["White Noise"]},{"damage_healed":0,"gold_gain":0,"player_choice":"Read","damage_taken":0,"max_hp_gain":0,"max_hp_loss":0,"event_name":"The Library","floor":25,"gold_loss":0,"cards_obtained":["Loop"]},{"damage_healed":0,"gold_gain":0,"player_choice":"Ignored","damage_taken":0,"max_hp_gain":0,"max_hp_loss":0,"event_name":"Vampires","floor":28,"gold_loss":0},{"damage_healed":0,"gold_gain":0,"player_choice":"Paid","damage_taken":0,"relics_obtained":["Red Mask"],"max_hp_gain":0,"max_hp_loss":0,"event_name":"Tomb of Lord Red Mask","floor":37,"gold_loss":166},{"damage_healed":0,"gold_gain":0,"player_choice":"Ignored","damage_taken":0,"max_hp_gain":0,"max_hp_loss":0,"event_name":"SecretPortal","floor":38,"gold_loss":0},{"damage_healed":0,"gold_gain":0,"player_choice":"Fight","damage_taken":0,"max_hp_gain":0,"max_hp_loss":0,"event_name":"Mysterious Sphere","floor":41,"gold_loss":0}],"is_beta":false,"boss_relics":[{"not_picked":["Ectoplasm","Calling Bell"],"picked":"Astrolabe"},{"not_picked":["Snecko Eye","Cursed Key"],"picked":"Nuclear Battery"}],"items_purged_floors":[],"is_endless":false,"potions_floor_spawned":[2,12,14,16,19,22,31,33,35,40,41,46,48],"killed_by":"Awakened One","ascension_level":10}}