{"host":"tq99ucv8ezzqzioe","time":1611092824,"event":{"mods":["BaseMod","Colored Map","Downfall","Highlight Path","Minty Spire (QoL Compilation)","StSLib"],"gold_per_floor":[149,166,186,28,43,74,98,98,129,140,157,157,307,326,344,344,344,344],"floor_reached":16,"language":"ENG","playtime":1184,"items_purged":[],"score":114,"play_id":"201b6b64-4c15-440a-b415-cd5be9a11506","local_time":"20210119164704","is_ascension_mode":false,"campfire_choices":[{"floor":1,"key":"RECALL"}],"circlet_count":0,"master_deck":["bronze:Strike","bronze:Strike","bronze:Strike","bronze:Defend+1","bronze:Defend","bronze:Defend","bronze:Defend","bronze:Replicate","bronze:Goto","bronze:GetLatest","bronze:DigitalCarnage","bronze:WildBeam","bronze:Branch","bronze:BurnOut","bronze:CutThrough","bronze:ClassDefault","bronze:DelayedSlice","bronze:Format","bronze:Overheat","downfall:Icky","bronze:Turbo"],"relics":["Tiny House","Centennial Puzzle","Letter Opener"],"acts_visited":["Exordium"],"potions_floor_usage":[9,16,16],"damage_taken":[{"damage":0,"enemies":"2 Louse","floor":2,"turns":3},{"damage":0,"enemies":"Small Slimes","floor":3,"turns":3},{"damage":5,"enemies":"downfall:FleeingMerchant","floor":4,"turns":4},{"damage":1,"enemies":"Jaw Worm","floor":5,"turns":3},{"damage":32,"enemies":"3 Sentries","floor":6,"turns":7},{"damage":8,"enemies":"Gremlin Nob","floor":9,"turns":3},{"damage":13,"enemies":"2 Fungi Beasts","floor":10,"turns":3},{"damage":0,"enemies":"Blue Slaver","floor":11,"turns":3},{"damage":4,"enemies":"Exordium Wildlife","floor":14,"turns":3},{"damage":0,"enemies":"Large Slime","floor":15,"turns":2},{"damage":41,"enemies":"DF_ARCHETYPE_STREAMLINE","floor":16,"turns":9}],"seed_played":"-4689884545285045596","potions_obtained":[{"floor":0.0,"key":"FairyPotion"},{"floor":2,"key":"sneckomod:MuddlingPotion"},{"floor":3,"key":"SpeedPotion"},{"floor":9,"key":"DuplicationPotion"},{"floor":11,"key":"DuplicationPotion"}],"is_trial":false,"path_per_floor":["R","M","M","$","M","E","T","?","E","M","M","?","?","M","M","B"],"character_chosen":"THE_AUTOMATON","items_purchased":["bronze:BurnOut"],"campfire_rested":0,"item_purchase_floors":[4],"current_hp_per_floor":[75,75,75,70,69,37,37,37,29,16,16,16,16,12,12,0,0,0],"gold":344,"neow_bonus":"BOSS_RELIC","is_daily":false,"chose_seed":false,"campfire_upgraded":0,"win_rate":0.0,"timestamp":1611092824,"path_taken":["R","M","M","$","M","E","T","?","E","M","M","?","?","M","M","BOSS"],"items_purchased_type":["Card"],"build_version":"2020-12-22","purchased_purges":0,"victory":false,"max_hp_per_floor":[75,75,75,75,75,75,75,75,75,75,75,75,75,75,75,75,75,75],"card_choices":[{"not_picked":["bronze:Overheat","bronze:ChosenStrike"],"picked":"bronze:GetLatest","floor":0.0},{"not_picked":["bronze:Frontload","bronze:Deprecate"],"picked":"bronze:DigitalCarnage","floor":2},{"not_picked":["bronze:DelayedGuard","bronze:Shell"],"picked":"bronze:WildBeam","floor":3},{"not_picked":["bronze:Turbo","bronze:OilSpill"],"picked":"bronze:Branch","floor":4},{"not_picked":["bronze:DelayedSlice","bronze:BronzeArmor"],"picked":"bronze:CutThrough","floor":5},{"not_picked":["bronze:Safeguard","bronze:DarkDash"],"picked":"bronze:ClassDefault","floor":6},{"not_picked":["bronze:Invalidate","bronze:Shell"],"picked":"bronze:DelayedSlice","floor":9},{"not_picked":["bronze:OilSpill","bronze:DigitalCarnage"],"picked":"bronze:Format","floor":10},{"not_picked":["bronze:Shield","bronze:ForLoop"],"picked":"bronze:Overheat","floor":11},{"not_picked":["bronze:DarkDash","bronze:Iterate"],"picked":"bronze:Turbo","floor":14},{"not_picked":["bronze:ForLoop","bronze:FindAndReplace","bronze:BuggyMess"],"picked":"SKIP","floor":15}],"player_experience":710144,"relics_obtained":[{"floor":6,"key":"Centennial Puzzle"},{"floor":9,"key":"Letter Opener"}],"event_choices":[],"is_beta":false,"boss_relics":[],"items_purged_floors":[],"is_endless":false,"potions_floor_spawned":[2,3,9,11,14],"killed_by":"DF_ARCHETYPE_STREAMLINE","ascension_level":0}}