{"host":"3a5itcmwo6ddh3id","time":1611086064,"event":{"mods":["BaseMod","Colored Map","Colored Powertips","Minty Spire (QoL Compilation)","Relic Stats"],"gold_per_floor":[114,129,21,21,39,39,67,79,79,79,93,119,119,119,119,197,197,217,217,230,230,75,75,90,123,123,148,148,173,17,28,28,28,28],"floor_reached":33,"language":"ENG","playtime":1677,"items_purged":["Strike_R"],"score":625,"play_id":"d863a41b-0444-4308-ac25-9534be08db1b","local_time":"20210119135424","is_ascension_mode":true,"campfire_choices":[{"data":"Combust","floor":6.0,"key":"SMITH"},{"floor":10.0,"key":"REST"},{"data":"Juggernaut","floor":13.0,"key":"SMITH"},{"floor":15.0,"key":"REST"},{"data":"True Grit","floor":23.0,"key":"SMITH"},{"floor":28,"key":"REST"},{"floor":32,"key":"REST"}],"circlet_count":0,"master_deck":["AscendersBane","Strike_R","Strike_R","Strike_R","Strike_R","Defend_R","Defend_R","Defend_R","Defend_R","Bash+1","Twin Strike","Battle Trance","Combust+1","Shrug It Off","Blood for Blood","Cleave","Juggernaut+1","Impervious","Flame Barrier","Flame Barrier","True Grit+1","Shrug It Off","Hemokinesis","Limit Break","Inflame"],"relics":["Snecko Eye","StoneCalendar","Pantograph","Darkstone Periapt","SlaversCollar","WarpedTongs","Spirit Poop","Omamori","Akabeko","Pen Nib","Strawberry"],"acts_visited":["Exordium","TheCity"],"potions_floor_usage":[29,29,33],"damage_taken":[{"damage":9.0,"enemies":"Jaw Worm","floor":1.0,"turns":4.0},{"damage":0.0,"enemies":"2 Louse","floor":2.0,"turns":3.0},{"damage":4.0,"enemies":"Small Slimes","floor":5.0,"turns":3.0},{"damage":12.0,"enemies":"Gremlin Nob","floor":7.0,"turns":3.0},{"damage":8.0,"enemies":"Looter","floor":8.0,"turns":4.0},{"damage":4.0,"enemies":"Exordium Thugs","floor":11.0,"turns":3.0},{"damage":32.0,"enemies":"Lagavulin","floor":12.0,"turns":7.0},{"damage":38.0,"enemies":"Slime Boss","floor":16.0,"turns":7.0},{"damage":3.0,"enemies":"Spheric Guardian","floor":18.0,"turns":3.0},{"damage":21.0,"enemies":"3 Byrds","floor":20.0,"turns":3.0},{"damage":1.0,"enemies":"Snake Plant","floor":24.0,"turns":3.0},{"damage":13.0,"enemies":"Slavers","floor":25.0,"turns":5.0},{"damage":17,"enemies":"Gremlin Leader","floor":27,"turns":5},{"damage":35,"enemies":"Book of Stabbing","floor":29,"turns":5},{"damage":3,"enemies":"Centurion and Healer","floor":31,"turns":5},{"damage":83,"enemies":"Automaton","floor":33,"turns":12}],"seed_played":"-4767852013419463361","potions_obtained":[{"floor":7.0,"key":"ElixirPotion"},{"floor":8.0,"key":"SneckoOil"},{"floor":12.0,"key":"Regen Potion"},{"floor":16.0,"key":"PowerPotion"},{"floor":27,"key":"ElixirPotion"},{"floor":29,"key":"DistilledChaos"},{"floor":31,"key":"Ancient Potion"}],"is_trial":false,"path_per_floor":["M","M","$","?","M","R","E","M","T","R","M","E","R","?","R","B",null,"M","?","M","?","$","R","M","E","T","E","R","E","$","M","R","B"],"character_chosen":"IRONCLAD","items_purchased":["Combust","Shrug It Off","True Grit","Shrug It Off","Inflame","DuplicationPotion"],"campfire_rested":4,"item_purchase_floors":[3,3,22,22,30,30],"current_hp_per_floor":[59,59,59,59,55,55,43,35,35,57,53,21,21,3,25,27,63,60,66,45,45,45,45,44,31,31,14,38,10,10,7,33,0,0],"gold":28,"neow_bonus":"BOSS_RELIC","is_daily":false,"chose_seed":false,"campfire_upgraded":3,"win_rate":0.0,"timestamp":1611086064,"path_taken":["M","M","$","?","M","R","E","M","T","R","M","E","R","?","R","BOSS","M","?","?","?","$","R","M","E","T","E","R","E","$","?","R","BOSS"],"items_purchased_type":["Card","Card","Card","Card","Card","Potion"],"build_version":"2020-12-22","purchased_purges":1,"victory":false,"max_hp_per_floor":[75,75,75,75,75,75,75,75,75,75,75,75,75,75,75,75,75,75,81,81,81,81,81,81,81,81,81,81,88,88,88,88,88,88],"relic_stats":{"Darkstone Periapt":6,"counters":[16,75],"Pantograph":50,"Snecko Eye":[127,154,149,125],"StoneCalendar":[131],"Pen Nib":[2],"obtain_stats":[{"Darkstone Periapt":12,"SlaversCollar":17,"Pantograph":9,"Strawberry":29,"Snecko Eye":0,"Spirit Poop":21,"StoneCalendar":7,"Pen Nib":27,"Omamori":25,"Burning Blood":0,"Akabeko":26,"WarpedTongs":19},{"Darkstone Periapt":7,"SlaversCollar":8,"Pantograph":5,"Strawberry":14,"Snecko Eye":0,"Spirit Poop":10,"StoneCalendar":4,"Pen Nib":13,"Omamori":12,"Burning Blood":0,"Akabeko":12,"WarpedTongs":9},{"Darkstone Periapt":27,"SlaversCollar":34,"Pantograph":17,"Strawberry":58,"Snecko Eye":0,"Spirit Poop":40,"StoneCalendar":13,"Pen Nib":53,"Omamori":48,"Burning Blood":0,"Akabeko":48,"WarpedTongs":37}],"WarpedTongs":[38]},"card_choices":[{"not_picked":["Perfected Strike","Evolve"],"picked":"Twin Strike","floor":1.0},{"not_picked":["Havoc","Power Through"],"picked":"Battle Trance","floor":2.0},{"not_picked":["Evolve","Power Through","Armaments"],"picked":"SKIP","floor":5.0},{"not_picked":["Flex","Twin Strike"],"picked":"Blood for Blood","floor":7.0},{"not_picked":["Wild Strike","Twin Strike"],"picked":"Cleave","floor":8.0},{"not_picked":["Fire Breathing","Bloodletting","Reckless Charge"],"picked":"SKIP","floor":11.0},{"not_picked":["Perfected Strike","Twin Strike"],"picked":"Juggernaut","floor":12.0},{"not_picked":["Berserk","Double Tap"],"picked":"Impervious","floor":16.0},{"not_picked":["Havoc","Shrug It Off"],"picked":"Flame Barrier","floor":18.0},{"not_picked":["Twin Strike","Searing Blow"],"picked":"Flame Barrier","floor":20.0},{"not_picked":["Sword Boomerang","Searing Blow","Iron Wave"],"picked":"SKIP","floor":24.0},{"not_picked":["Pummel","Pommel Strike"],"picked":"Hemokinesis","floor":25.0},{"not_picked":["Heavy Blade","Combust+1"],"picked":"Limit Break","floor":27},{"not_picked":["Whirlwind","Pommel Strike","Clash"],"picked":"SKIP","floor":29},{"not_picked":["Perfected Strike","Second Wind","Power Through"],"picked":"SKIP","floor":31}],"player_experience":1079262,"relics_obtained":[{"floor":7.0,"key":"StoneCalendar"},{"floor":9.0,"key":"Pantograph"},{"floor":12.0,"key":"Darkstone Periapt"},{"floor":25.0,"key":"Omamori"},{"floor":26.0,"key":"Akabeko"},{"floor":27,"key":"Pen Nib"},{"floor":29,"key":"Strawberry"}],"event_choices":[{"damage_healed":0.0,"max_hp_gain":0.0,"max_hp_loss":0.0,"gold_gain":0.0,"event_name":"Living Wall","player_choice":"Grow","floor":4.0,"gold_loss":0.0,"damage_taken":0.0,"cards_upgraded":["Bash"]},{"damage_healed":0.0,"max_hp_gain":0.0,"max_hp_loss":0.0,"gold_gain":0.0,"event_name":"Scrap Ooze","player_choice":"Fled","floor":14.0,"gold_loss":0.0,"damage_taken":18.0},{"damage_healed":0.0,"max_hp_gain":0.0,"max_hp_loss":0.0,"gold_gain":0.0,"event_name":"Accursed Blacksmith","player_choice":"Rummage","floor":19.0,"gold_loss":0.0,"damage_taken":0.0,"relics_obtained":["WarpedTongs"],"cards_obtained":["Pain"]},{"cards_removed":["Pain"],"damage_healed":0.0,"max_hp_gain":0.0,"max_hp_loss":0.0,"gold_gain":0.0,"event_name":"Bonfire Elementals","player_choice":"Offered Curse","floor":21.0,"gold_loss":0.0,"damage_taken":0.0,"relics_obtained":["Spirit Poop"]}],"is_beta":false,"boss_relics":[{"not_picked":["Ectoplasm","Philosopher\u0027s Stone"],"picked":"SlaversCollar"}],"items_purged_floors":[22],"is_endless":false,"potions_floor_spawned":[7,8,12,16,27,29,31],"killed_by":"Automaton","ascension_level":20}}