{"host":"s94qw0zkfz86dnmr","time":1611086530,"event":{"mods":["AchievementEnabler","BaseMod","Highlight Path","Minty Spire (QoL Compilation)"],"gold_per_floor":[116,116,129,17,17,17,52,52,52,52,65,89,89,123,123,243,243,268,282,282,197,221,221,242,15,15,59,59,59,59],"floor_reached":29,"language":"POL","playtime":787,"items_purged":["Injury","Strike_B"],"score":326,"play_id":"fe2bb492-3317-46b2-933c-f5d448565c07","local_time":"20210119210210","is_ascension_mode":true,"campfire_choices":[{"data":"Static Discharge","floor":6.0,"key":"SMITH"},{"data":"Lockon","floor":8.0,"key":"SMITH"},{"floor":10.0,"key":"REST"},{"data":"Zap","floor":13.0,"key":"SMITH"},{"data":"Dualcast","floor":15.0,"key":"SMITH"},{"data":"Thunder Strike","floor":23.0,"key":"SMITH"},{"data":"Loop","floor":28.0,"key":"SMITH"}],"circlet_count":0,"master_deck":["Defend_B","Defend_B","Defend_B","Defend_B","Zap+1","Dualcast+1","Lockon+1","Static Discharge+1","Seek","Seek","Thunder Strike+1","Heatsinks+1","Defragment+1","Loop+1","Conserve Battery","Stack+1"],"relics":["Cracked Core","Golden Idol","Vajra","Sundial","Pantograph","Sozu","Blood Vial","Pocketwatch","Anchor","Pear"],"acts_visited":[],"potions_floor_usage":[],"damage_taken":[{"damage":1.0,"enemies":"Cultist","floor":1.0,"turns":4.0},{"damage":7.0,"enemies":"Jaw Worm","floor":3.0,"turns":2.0},{"damage":20.0,"enemies":"Lagavulin","floor":7.0,"turns":6.0},{"damage":1.0,"enemies":"2 Louse","floor":11.0,"turns":2.0},{"damage":11.0,"enemies":"Looter","floor":12.0,"turns":2.0},{"damage":20.0,"enemies":"3 Sentries","floor":14.0,"turns":4.0},{"damage":17.0,"enemies":"The Guardian","floor":16.0,"turns":7.0},{"damage":4.0,"enemies":"3 Byrds","floor":18.0,"turns":2.0},{"damage":6.0,"enemies":"Spheric Guardian","floor":19.0,"turns":3.0},{"damage":8.0,"enemies":"Snecko","floor":22.0,"turns":3.0},{"damage":19.0,"enemies":"Snake Plant","floor":24.0,"turns":2.0},{"damage":11.0,"enemies":"Book of Stabbing","floor":27.0,"turns":3.0},{"damage":0,"enemies":"Gremlin Leader","floor":29,"turns":1}],"seed_played":"-7270631821239482919","potions_obtained":[{"floor":1.0,"key":"PowerPotion"},{"floor":7.0,"key":"SteroidPotion"},{"floor":11.0,"key":"Ancient Potion"},{"floor":14.0,"key":"EssenceOfSteel"}],"is_trial":false,"path_per_floor":["M","?","M","$","?","R","E","R","T","R","M","M","R","E","R","B",null,"M","M","?","?","M","R","M","$","T","E","R","E"],"character_chosen":"DEFECT","items_purchased":["Static Discharge","Loop","Conserve Battery"],"campfire_rested":1,"item_purchase_floors":[4,25,25],"current_hp_per_floor":[49,49,42,42,35,35,15,15,15,37,36,25,25,5,5,13,60,56,50,50,50,44,44,27,27,27,28,28,30,30],"gold":59,"neow_bonus":"REMOVE_TWO","is_daily":false,"chose_seed":false,"campfire_upgraded":6,"win_rate":0.0,"timestamp":1611086530,"path_taken":["M","?","M","$","?","R","E","R","T","R","M","M","R","E","R","BOSS","M","M","?","?","M","R","M","$","T","E","R","E"],"items_purchased_type":["Card","Card","Card"],"build_version":"2020-12-22","purchased_purges":2,"victory":false,"max_hp_per_floor":[75,75,75,75,75,75,75,75,75,75,75,75,75,75,75,75,75,75,75,75,75,75,75,75,75,75,85,85,85,85],"card_choices":[{"not_picked":["Skim","Hologram"],"picked":"Lockon","floor":1.0},{"not_picked":["Leap","Cold Snap","Beam Cell"],"picked":"SKIP","floor":3.0},{"not_picked":["White Noise","Leap","Barrage"],"picked":"SKIP","floor":7.0},{"not_picked":["Chaos","Streamline"],"picked":"Seek","floor":11.0},{"not_picked":["Barrage","Coolheaded","Rebound"],"picked":"SKIP","floor":12.0},{"not_picked":["Beam Cell","Leap"],"picked":"Seek","floor":14.0},{"not_picked":["Meteor Strike","Creative AI"],"picked":"Thunder Strike","floor":16.0},{"not_picked":["Steam+1","Sweeping Beam"],"picked":"Heatsinks+1","floor":18.0},{"not_picked":["Streamline+1","Beam Cell"],"picked":"Defragment+1","floor":19.0},{"not_picked":["Hologram","Sweeping Beam+1","Turbo"],"picked":"SKIP","floor":22.0},{"not_picked":["Cold Snap","Rebound+1","Turbo"],"picked":"SKIP","floor":24.0},{"not_picked":["Heatsinks+1","Lockon"],"picked":"Stack+1","floor":27.0}],"player_experience":273261,"relics_obtained":[{"floor":7.0,"key":"Vajra"},{"floor":9.0,"key":"Sundial"},{"floor":14.0,"key":"Pantograph"},{"floor":26.0,"key":"Anchor"},{"floor":27.0,"key":"Pear"}],"event_choices":[{"damage_healed":0.0,"max_hp_gain":0.0,"max_hp_loss":0.0,"gold_gain":0.0,"event_name":"Golden Idol","player_choice":"Take Wound","floor":2.0,"gold_loss":0.0,"damage_taken":0.0,"relics_obtained":["Golden Idol"],"cards_obtained":["Injury"]},{"cards_removed":["Strike_B"],"damage_healed":0.0,"max_hp_gain":0.0,"max_hp_loss":0.0,"gold_gain":0.0,"event_name":"Golden Wing","player_choice":"Card Removal","floor":5.0,"gold_loss":0.0,"damage_taken":7.0},{"damage_healed":0.0,"max_hp_gain":0.0,"max_hp_loss":0.0,"gold_gain":0.0,"event_name":"The Mausoleum","player_choice":"Opened","floor":20.0,"gold_loss":0.0,"damage_taken":0.0,"relics_obtained":["Blood Vial"]},{"damage_healed":0.0,"max_hp_gain":0.0,"max_hp_loss":0.0,"gold_gain":0.0,"event_name":"Addict","player_choice":"Obtained Relic","floor":21.0,"gold_loss":85.0,"damage_taken":0.0,"relics_obtained":["Pocketwatch"]}],"is_beta":false,"boss_relics":[{"not_picked":["Pandora\u0027s Box","Ectoplasm"],"picked":"Sozu"}],"items_purged_floors":[4,25],"is_endless":false,"potions_floor_spawned":[1,7,11,14,18,22,24],"killed_by":"Gremlin Leader","ascension_level":6}}