{"host":"m1hsm1cztz438mir","time":1611082827,"event":{"mods":["100% Spire Juice","2.2 Compatiblity","AchievementEnabler","Act Like it!","Aspiration","BaseMod","Better Altar","Better Match","Better Sensory Stone","Better Skull","Better Third Choice","Colored Map","Curses Come First","Halation","HololiveMod","Minty Spire (QoL Compilation)","Permanent Neow","Relic Stats","Replay The Spire","Robot Space Explorer","Shop Mod","StSLib"],"gold_per_floor":[117,134,134,150,6,40,40,70,70,70,85,85,85,96,112,138,138,240,240,258,275,122,133,153,153,185,185,265,283,300,315,315,341,341,341,341],"floor_reached":35,"language":"ENG","playtime":2770,"items_purged":["RobotSpaceExplorer:Defend"],"score":346,"play_id":"e885ee8f-880c-4b09-aa04-5d8981f6940e","local_time":"20210119190027","is_ascension_mode":false,"campfire_choices":[{"data":"RobotSpaceExplorer:Calculate","floor":7,"key":"SMITH"},{"data":"RobotSpaceExplorer:PowerGlove","floor":17,"key":"SMITH"},{"data":"RobotSpaceExplorer:Accelerator","floor":25,"key":"SMITH"},{"data":"RobotSpaceExplorer:PlasmaMissile","floor":27,"key":"SMITH"},{"data":"RobotSpaceExplorer:Electropulse","floor":32,"key":"SMITH"},{"data":"RobotSpaceExplorer:RigExplosive","floor":34,"key":"SMITH"}],"circlet_count":0,"master_deck":["RobotSpaceExplorer:Strike","RobotSpaceExplorer:Strike","RobotSpaceExplorer:Strike","RobotSpaceExplorer:Strike","RobotSpaceExplorer:Defend","RobotSpaceExplorer:Defend","RobotSpaceExplorer:Scan","RobotSpaceExplorer:MiniLasers","RobotSpaceExplorer:RigExplosive+1","RobotSpaceExplorer:PowerGlove+1","RobotSpaceExplorer:GearShield","RobotSpaceExplorer:Calculate+1","RobotSpaceExplorer:PlasmaMissile+1","RobotSpaceExplorer:Discharger","RobotSpaceExplorer:FreezeRay","RobotSpaceExplorer:Pulsar","RobotSpaceExplorer:LaserBurst","RobotSpaceExplorer:Accelerator+1","RobotSpaceExplorer:SlimeMissile+1","RobotSpaceExplorer:Ammunition+1","RobotSpaceExplorer:Electropulse+1","RobotSpaceExplorer:MetalStrike","RobotSpaceExplorer:SurgingShield+1","RobotSpaceExplorer:SlimeMissile","RobotSpaceExplorer:SelfCleaning","RobotSpaceExplorer:ShockKick+1","RobotSpaceExplorer:SelfCleaning+1"],"relics":["RobotSpaceExplorer:RoboCore","aspiration:Nostalgia","Burning Blood","Replay:Mystery Machine","PreservedInsect","Dead Branch","aspiration:FetidBarrel","Chameleon Ring","Shuriken","aspiration:RunicSpoon","Pen Nib","Replay:Multitool"],"acts_visited":["Exordium","TheCity"],"potions_floor_usage":[2,4,6,11,11,14,15,16,18,18,20,20,21,21,21,23,23,24,26,30,30,33,35],"damage_taken":[{"damage":4,"enemies":"Jaw Worm","floor":1,"turns":5},{"damage":1,"enemies":"2 Louse","floor":2,"turns":2},{"damage":5,"enemies":"Small Slimes","floor":4,"turns":2},{"damage":17,"enemies":"3 Sentries","floor":6,"turns":8},{"damage":15,"enemies":"Replay:BlueRogue","floor":8,"turns":4},{"damage":0,"enemies":"3 Louse","floor":11,"turns":1},{"damage":7,"enemies":"Exordium Thugs","floor":14,"turns":4},{"damage":1,"enemies":"Lots of Slimes","floor":15,"turns":3},{"damage":0,"enemies":"Gremlin Nob","floor":16,"turns":2},{"damage":49,"enemies":"Hexaghost","floor":18,"turns":11},{"damage":0,"enemies":"Chosen","floor":20,"turns":4},{"damage":15,"enemies":"Shell Parasite","floor":21,"turns":4},{"damage":14,"enemies":"Centurion and Healer","floor":23,"turns":4},{"damage":2,"enemies":"Snecko","floor":24,"turns":5},{"damage":9,"enemies":"Replay:Snechameleon","floor":26,"turns":5},{"damage":9,"enemies":"3 Cultists","floor":29,"turns":4},{"damage":18,"enemies":"Centurion and Healer","floor":30,"turns":4},{"damage":18,"enemies":"Shelled Parasite and Fungi","floor":31,"turns":5},{"damage":21,"enemies":"Slavers","floor":33,"turns":3},{"damage":28,"enemies":"Champ","floor":35,"turns":3}],"seed_played":"-2450451112340657659","potions_obtained":[{"floor":11,"key":"Fire Potion"},{"floor":14,"key":"Death Potion"},{"floor":16,"key":"GamblersBrew"},{"floor":18,"key":"RobotSpaceExplorer:LiquidFusion"},{"floor":20,"key":"BlessingOfTheForge"},{"floor":23,"key":"Weak Potion"},{"floor":31,"key":"PowerPotion"},{"floor":33,"key":"GamblersBrew"}],"is_trial":false,"path_per_floor":["M","M","?","M","$","E","R","E","T","?","M","PTL","PTL","M","M","E","R","B",null,"M","M","$","M","M","R","E","R","T","M","M","M","R","E","R","B"],"character_chosen":"RobotSpaceExplorer","items_purchased":["PreservedInsect","RobotSpaceExplorer:Electropulse","RobotSpaceExplorer:MetalStrike"],"campfire_rested":0,"item_purchase_floors":[5,22,22],"current_hp_per_floor":[75,75,57,58,58,47,47,38,38,38,44,44,44,43,48,54,54,11,75,75,66,66,58,62,62,59,59,59,56,44,32,32,17,17,0,0],"gold":341,"neow_bonus":"NOSTALGIA","is_daily":false,"chose_seed":false,"campfire_upgraded":6,"win_rate":0.0,"timestamp":1611082827,"path_taken":["M","M","?","M","$","E","R","E","T","?","M","PTL","PTL","M","M","E","R","BOSS","M","M","$","M","M","R","E","R","T","M","M","M","R","E","R","BOSS"],"items_purchased_type":["Relic","Card","Card"],"build_version":"2020-12-22","purchased_purges":1,"victory":false,"max_hp_per_floor":[75,75,75,75,75,75,75,75,75,75,75,75,75,75,75,75,75,75,75,75,75,75,75,75,75,75,75,75,75,75,75,75,75,75,75,75],"relic_stats":{"counters":[20,83],"Shuriken":[11],"Dead Branch":[71],"aspiration:RunicSpoon":[48],"PreservedInsect":151,"Pen Nib":[3],"obtain_stats":[{"Chameleon Ring":9,"aspiration:Nostalgia":0,"aspiration:FetidBarrel":8,"Shuriken":16,"Dead Branch":6,"aspiration:RunicSpoon":19,"RobotSpaceExplorer:RoboCore":0,"PreservedInsect":5,"Pen Nib":26,"Replay:Multitool":33,"Replay:Mystery Machine":3,"Burning Blood":0},{"Chameleon Ring":5,"aspiration:Nostalgia":0,"aspiration:FetidBarrel":5,"Shuriken":9,"Dead Branch":4,"aspiration:RunicSpoon":10,"RobotSpaceExplorer:RoboCore":0,"PreservedInsect":3,"Pen Nib":15,"Replay:Multitool":19,"Replay:Mystery Machine":2,"Burning Blood":0},{"Chameleon Ring":21,"aspiration:Nostalgia":0,"aspiration:FetidBarrel":21,"Shuriken":31,"Dead Branch":17,"aspiration:RunicSpoon":42,"RobotSpaceExplorer:RoboCore":0,"PreservedInsect":9,"Pen Nib":64,"Replay:Multitool":80,"Replay:Mystery Machine":7,"Burning Blood":0}],"Burning Blood":101},"card_choices":[{"not_picked":["RobotSpaceExplorer:Counterblock","RobotSpaceExplorer:Probe"],"picked":"RobotSpaceExplorer:RigExplosive","floor":1},{"not_picked":["RobotSpaceExplorer:FranticSearch","RobotSpaceExplorer:IronShell"],"picked":"RobotSpaceExplorer:PowerGlove","floor":2},{"not_picked":["RobotSpaceExplorer:StunGrenade","RobotSpaceExplorer:GlueShot"],"picked":"RobotSpaceExplorer:GearShield","floor":4},{"not_picked":["RobotSpaceExplorer:Jetpack","RobotSpaceExplorer:FreezingShield"],"picked":"RobotSpaceExplorer:Calculate","floor":6},{"not_picked":["RobotSpaceExplorer:StunGrenade","RobotSpaceExplorer:ExhaustFan"],"picked":"RobotSpaceExplorer:PlasmaMissile","floor":8},{"not_picked":["RobotSpaceExplorer:DroneSwarm","RobotSpaceExplorer:Ammunition"],"picked":"RobotSpaceExplorer:Discharger","floor":11},{"not_picked":["RobotSpaceExplorer:Ammunition","RobotSpaceExplorer:Counterblock"],"picked":"RobotSpaceExplorer:FreezeRay","floor":14},{"not_picked":["RobotSpaceExplorer:SurgingStrike","RobotSpaceExplorer:Jetpack"],"picked":"RobotSpaceExplorer:Pulsar","floor":15},{"not_picked":["RobotSpaceExplorer:Ammunition","RobotSpaceExplorer:MiniDrones"],"picked":"RobotSpaceExplorer:LaserBurst","floor":16},{"not_picked":["RobotSpaceExplorer:ChargingLaser","RobotSpaceExplorer:Asteroid"],"picked":"RobotSpaceExplorer:Accelerator","floor":18},{"not_picked":["RobotSpaceExplorer:ExhaustFan","RobotSpaceExplorer:DualCore"],"picked":"RobotSpaceExplorer:SlimeMissile+1","floor":20},{"not_picked":["RobotSpaceExplorer:FrostMissile","RobotSpaceExplorer:LuckyStrike"],"picked":"RobotSpaceExplorer:Ammunition+1","floor":21},{"not_picked":["RobotSpaceExplorer:FrostMissile","RobotSpaceExplorer:Blitz"],"picked":"RobotSpaceExplorer:SurgingShield+1","floor":23},{"not_picked":["RobotSpaceExplorer:MetalStrike","RobotSpaceExplorer:ExhaustFan"],"picked":"RobotSpaceExplorer:SlimeMissile","floor":24},{"not_picked":["RobotSpaceExplorer:ShovelStrike","RobotSpaceExplorer:DoubleFind+1","RobotSpaceExplorer:IronShell"],"picked":"SKIP","floor":26},{"not_picked":["RobotSpaceExplorer:Probe","RobotSpaceExplorer:LuckyStrike"],"picked":"RobotSpaceExplorer:SelfCleaning","floor":29},{"not_picked":["RobotSpaceExplorer:Reload","RobotSpaceExplorer:DualCore"],"picked":"RobotSpaceExplorer:ShockKick+1","floor":30},{"not_picked":["RobotSpaceExplorer:ImprovisedAttack+1","RobotSpaceExplorer:GlueSpray+1","RobotSpaceExplorer:BigMissile"],"picked":"SKIP","floor":31},{"not_picked":["RobotSpaceExplorer:ScrapShield","RobotSpaceExplorer:Wormhole"],"picked":"RobotSpaceExplorer:SelfCleaning+1","floor":33}],"player_experience":275606,"relics_obtained":[{"floor":6,"key":"Dead Branch"},{"floor":8,"key":"aspiration:FetidBarrel"},{"floor":9,"key":"Chameleon Ring"},{"floor":16,"key":"Shuriken"},{"floor":26,"key":"Pen Nib"},{"floor":33,"key":"Replay:Multitool"}],"event_choices":[{"damage_healed":0,"gold_gain":0,"player_choice":"Relic ","damage_taken":18,"max_hp_gain":0,"max_hp_loss":0,"event_name":"betterThird:BetterScrap","floor":3,"gold_loss":0,"cards_obtained":["Replay:Poison Smokescreen"]},{"cards_removed":["RobotSpaceExplorer:Defend"],"damage_healed":0,"gold_gain":0,"player_choice":"Forget","damage_taken":0,"max_hp_gain":0,"max_hp_loss":0,"event_name":"Living Wall","floor":10,"gold_loss":0}],"is_beta":false,"boss_relics":[{"not_picked":["Snecko Eye","halation:Yufonium"],"picked":"aspiration:RunicSpoon"}],"items_purged_floors":[22],"is_endless":false,"potions_floor_spawned":[11,14,16,18,20,23,31,33],"killed_by":"Champ","ascension_level":0}}