{"host":"saki","time":1611043072,"event":{"mods":["BaseMod","Marisa（F雨　魔理沙）","Minty Spire (QoL Compilation)","Nova Terra(诺娃・泰拉)","Reimu（博丽灵梦）","StSLib","TestMod","Waifu the Spire"],"gold_per_floor":[116,116,40,40,51,81,81,108,108,38,67,78,78,93,93,197,197,209,220,220,233,244,244,270,298,368,369,369,379,379,65,65,165,165,185,0,17,17,29,29,57,57,57,57,457,457,6,6,6,0],"floor_reached":51,"language":"ZHS","playtime":1722,"items_purged":[],"score":1074,"play_id":"fea8fa92-9ad0-4bda-b706-04f370de84a8","local_time":"20210119155752","is_ascension_mode":true,"campfire_choices":[{"data":"FoulBorder2:ReiMu","floor":7,"key":"SMITH"},{"data":"Crusade:ReiMu","floor":15,"key":"SMITH"},{"data":"Determination:ReiMu","floor":23,"key":"SMITH"},{"data":"OctopathBindingBorder2:ReiMu","floor":28,"key":"SMITH"},{"floor":32,"key":"REST"},{"floor":40,"key":"REST"},{"floor":42,"key":"REST"},{"floor":46,"key":"REST"},{"floor":49,"key":"REST"}],"circlet_count":0,"master_deck":["Strike_Lin:ReiMu","Strike_Lin:ReiMu","Defend_Lin:ReiMu","Defend_Lin:ReiMu+1","Defend_Lin:ReiMu","Defend_Lin:ReiMu","NB:ReiMu","Stagnation:ReiMu","Pride","testmod-Lust","testmod-Wrath","testmod-Sloth","testmod-Envy","testmod-Greed","testmod-Gluttony","testmod-Gluttony","Amulet:ReiMu","FantasyMoon:ReiMu","Dreaming2:ReiMu","TightArray:ReiMu","FoulBorder2:ReiMu+1","FoulBorder2:ReiMu","PayForSelf:ReiMu","DoubleButterfly:ReiMu","AirManeuver:ReiMu","Crusade:ReiMu+1","Determination:ReiMu+1","PassingAway:ReiMu","OctopathBindingBorder2:ReiMu+1","CareerPray:ReiMu+1","BarrageOfMoneybags:ReiMu+1","SubAcupoint:ReiMu+1","SpreadBorder2:ReiMu+1","Discovery+1","InherentArray:ReiMu","SpreadBorder2:ReiMu+1","Secret Technique+1","KyokaiOfKami:ReiMu","testmod-BloodBlade","TightArray:ReiMu+1","Poor:ReiMu","testmod-Gluttony","FineLineFantasy:ReiMu","Shame","testmod-Gluttony","Madness+1","Madness+1","KamiRite:ReiMu+1","Doubt","testmod-Gluttony"],"relics":["FlyPower:ReiMu","testmod-SevenDeadlySins","Du-Vu Doll","Darkstone Periapt","Blue Candle","testmod-ConstraintPeriapt","Centennial Puzzle","Turnip","Gambling Chip","testmod-TestBox","testmod-SaigiyounoYou","SlaversCollar","War Paint","CrazyTorch:ReiMu","Tea:ReiMu","Toxic Egg 2","Lantern","Cursed Key","Fusion Hammer","testmod-EqualTreatment","Bag of Marbles","White Beast Statue","KaguraBell:ReiMu"],"acts_visited":["Exordium","TheCity","TheBeyond"],"potions_floor_usage":[16,16,25,50],"damage_taken":[{"damage":20,"enemies":"2 Louse","floor":1,"turns":5},{"damage":0,"enemies":"Cultist","floor":5,"turns":1},{"damage":0,"enemies":"Gremlin Nob","floor":6,"turns":1},{"damage":15,"enemies":"3 Sentries","floor":8,"turns":3},{"damage":20,"enemies":"Lagavulin","floor":11,"turns":5},{"damage":2,"enemies":"Small Slimes","floor":12,"turns":3},{"damage":4,"enemies":"Looter","floor":14,"turns":2},{"damage":74,"enemies":"The Guardian","floor":16,"turns":11},{"damage":117,"enemies":"Shell Parasite","floor":18,"turns":7},{"damage":1,"enemies":"3 Byrds","floor":19,"turns":1},{"damage":8,"enemies":"Cultist and Chosen","floor":21,"turns":3},{"damage":39,"enemies":"3 Cultists","floor":22,"turns":4},{"damage":13,"enemies":"Book of Stabbing","floor":25,"turns":3},{"damage":16,"enemies":"Gremlin Leader","floor":27,"turns":5},{"damage":15,"enemies":"Snecko","floor":29,"turns":4},{"damage":46,"enemies":"Champ","floor":33,"turns":8},{"damage":7,"enemies":"3 Darklings","floor":35,"turns":3},{"damage":1,"enemies":"3 Shapes","floor":37,"turns":2},{"damage":120,"enemies":"Transient","floor":39,"turns":5},{"damage":31,"enemies":"Giant Head","floor":41,"turns":7},{"damage":153,"enemies":"Time Eater","floor":50,"turns":10}],"seed_played":"-2929985297206053167","potions_obtained":[{"floor":1,"key":"FairyPotion"},{"floor":2,"key":"testmod-TimePotion"},{"floor":2,"key":"LiquidFlight:ReiMu"},{"floor":8,"key":"HakureiPotion:ReiMu"},{"floor":16,"key":"Block Potion"},{"floor":19,"key":"Swift Potion"},{"floor":22,"key":"FairyPotion"},{"floor":33,"key":"Regen Potion"}],"is_trial":false,"path_per_floor":["M","?","$","?","M","E","R","E","T","$","E","M","?","M","R","B",null,"M","M","?","M","M","R","T","E","T","E","R","M","?","$","R","B",null,"M","$","M","T","M","R","E","R","T","?","?","R","$","?","R","B",null],"character_chosen":"REIMU","items_purchased":["FantasyMoon:ReiMu","PayForSelf:ReiMu","Lantern","Secret Technique+1","testmod-BloodBlade","KamiRite:ReiMu+1","KaguraBell:ReiMu"],"campfire_rested":5,"item_purchase_floors":[3,10,31,31,36,47,47],"current_hp_per_floor":[93,93,93,93,93,93,93,82,82,82,72,73,73,72,72,13,113,23,34,34,47,30,30,30,30,30,39,39,37,37,37,70,46,113,113,113,113,125,13,87,87,124,136,119,119,137,137,149,149,43],"gold":0,"neow_bonus":"THREE_ENEMY_KILL","is_daily":false,"chose_seed":false,"campfire_upgraded":4,"win_rate":0.0,"timestamp":1611043072,"path_taken":["M","?","?","?","M","E","R","E","T","$","E","M","?","M","R","BOSS","M","M","?","?","M","R","?","E","T","E","R","M","?","$","R","BOSS","M","$","M","?","M","R","E","R","T","?","?","R","$","?","R","BOSS"],"items_purchased_type":["Card","Card","Relic","Card","Card","Card","Relic"],"build_version":"2020-12-18","purchased_purges":0,"victory":true,"max_hp_per_floor":[113,113,113,113,113,113,113,113,113,113,113,113,113,113,113,113,113,113,113,113,113,113,113,113,113,113,113,113,113,113,113,113,113,113,113,113,113,125,125,125,125,125,137,137,137,137,137,149,149,149],"card_choices":[{"not_picked":["BarrageOfMoneybags:ReiMu","Meditation:ReiMu"],"picked":"Amulet:ReiMu","floor":1},{"not_picked":["Amulet:ReiMu","InherentArray:ReiMu"],"picked":"TightArray:ReiMu","floor":5},{"not_picked":["YinYangSange:ReiMu","TightArray:ReiMu"],"picked":"FoulBorder2:ReiMu","floor":6},{"not_picked":["SafetyPray:ReiMu","ShadowOfCrow2:ReiMu"],"picked":"FoulBorder2:ReiMu","floor":8},{"not_picked":["LovePray:ReiMu","SpringWay:ReiMu"],"picked":"DoubleButterfly:ReiMu","floor":11},{"not_picked":["Meditation:ReiMu","Mountainwind:ReiMu"],"picked":"AirManeuver:ReiMu","floor":12},{"not_picked":["YinYangSange:ReiMu","WonderfulDomain:ReiMu"],"picked":"Crusade:ReiMu","floor":14},{"not_picked":["YinYang:ReiMu","HakureiPhantom:ReiMu"],"picked":"Determination:ReiMu","floor":16},{"not_picked":["FantasyBorder:ReiMu","Enchanting:ReiMu"],"picked":"PassingAway:ReiMu","floor":18},{"not_picked":["Intuition:ReiMu+1","Meditation:ReiMu","FoulBorder2:ReiMu"],"picked":"SKIP","floor":19},{"not_picked":["SpreadBorder2:ReiMu","SubcavityInstant:ReiMu"],"picked":"CareerPray:ReiMu","floor":21},{"not_picked":["AlertArray:ReiMu","FantasyBorder:ReiMu"],"picked":"BarrageOfMoneybags:ReiMu+1","floor":22},{"not_picked":["Dreaming2:ReiMu","CareerPray:ReiMu"],"picked":"SubAcupoint:ReiMu+1","floor":25},{"not_picked":["AirStrike:ReiMu","Amulet:ReiMu+1"],"picked":"SpreadBorder2:ReiMu+1","floor":27},{"not_picked":["Amulet:ReiMu+1","SpreadBorder2:ReiMu+1","SubAcupoint:ReiMu"],"picked":"SKIP","floor":29},{"not_picked":["Free:ReiMu+1","RunawayExorcism:ReiMu+1"],"picked":"KyokaiOfKami:ReiMu","floor":33},{"not_picked":["PassingAway:ReiMu+1","SpringWay:ReiMu+1","TakeOff:ReiMu+1"],"picked":"SKIP","floor":35},{"not_picked":["SubAcupoint:ReiMu","CareerPray:ReiMu+1"],"picked":"TightArray:ReiMu+1","floor":37},{"not_picked":["SubAcupoint:ReiMu+1","AlertArray:ReiMu+1","OrbThrow:ReiMu"],"picked":"SKIP","floor":39},{"not_picked":["AirStrike:ReiMu+1","SubAcupoint:ReiMu+1"],"picked":"FineLineFantasy:ReiMu","floor":41}],"player_experience":271538,"relics_obtained":[{"floor":6,"key":"testmod-ConstraintPeriapt"},{"floor":8,"key":"Centennial Puzzle"},{"floor":9,"key":"Turnip"},{"floor":11,"key":"Gambling Chip"},{"floor":24,"key":"War Paint"},{"floor":25,"key":"CrazyTorch:ReiMu"},{"floor":26,"key":"Tea:ReiMu"},{"floor":27,"key":"Toxic Egg 2"},{"floor":38,"key":"testmod-EqualTreatment"},{"floor":41,"key":"Bag of Marbles"},{"floor":43,"key":"White Beast Statue"}],"event_choices":[{"damage_healed":0,"gold_gain":0,"player_choice":"Got Potions","damage_taken":0,"max_hp_gain":0,"max_hp_loss":0,"event_name":"Lab","floor":2,"gold_loss":0},{"damage_healed":0,"gold_gain":0,"cards_transformed":["Strike_Lin:ReiMu"],"player_choice":"Change","damage_taken":0,"max_hp_gain":0,"max_hp_loss":0,"event_name":"Living Wall","floor":4,"gold_loss":0,"cards_obtained":["Dreaming2:ReiMu"]},{"damage_healed":0,"gold_gain":0,"player_choice":"Swap Relic","damage_taken":0,"relics_obtained":["testmod-TestBox"],"max_hp_gain":0,"max_hp_loss":0,"event_name":"给自己的盒子","floor":13,"relics_lost":["testmod-TestBox"],"gold_loss":0},{"damage_healed":0,"gold_gain":0,"cards_transformed":["Strike_Lin:ReiMu"],"player_choice":"Transformed","damage_taken":0,"max_hp_gain":0,"max_hp_loss":0,"event_name":"Transmorgrifier","floor":20,"gold_loss":0,"cards_obtained":["OctopathBindingBorder2:ReiMu"]},{"damage_healed":0,"gold_gain":0,"player_choice":"3 cards matched","damage_taken":0,"max_hp_gain":0,"max_hp_loss":0,"event_name":"Match and Keep!","floor":30,"gold_loss":0,"cards_obtained":["Discovery","InherentArray:ReiMu","SpreadBorder2:ReiMu"]},{"damage_healed":0,"gold_gain":0,"player_choice":"Embrace Madness","damage_taken":17,"max_hp_gain":0,"max_hp_loss":0,"event_name":"Winding Halls","floor":44,"gold_loss":0,"cards_obtained":["Madness","Madness"]},{"damage_healed":0,"gold_gain":400,"player_choice":"Sell","damage_taken":0,"max_hp_gain":0,"max_hp_loss":0,"event_name":"恩洛斯的盘子","floor":45,"relics_lost":["NeowsBlessing"],"gold_loss":0},{"damage_healed":0,"gold_gain":0,"player_choice":"Heal","damage_taken":0,"max_hp_gain":0,"max_hp_loss":0,"event_name":"MindBloom","floor":48,"gold_loss":0,"cards_obtained":["Doubt"]}],"is_beta":true,"boss_relics":[{"not_picked":["testmod-HarvestTotem","Runic Dome"],"picked":"SlaversCollar"},{"not_picked":["testmod-BatchProcessingSystem","Runic Pyramid"],"picked":"Fusion Hammer"}],"items_purged_floors":[],"is_endless":false,"potions_floor_spawned":[1,8,14,16,19,22,33,37,41],"ascension_level":2}}