{"host":"71x3l6y2fkerz90u","time":1611073390,"event":{"mods":["BaseMod","Downfall","Hubris","Minty Spire (QoL Compilation)","StSLib","The Necromancer"],"gold_per_floor":[99,117,117,127,302,302,326,776,63,63,81,81,111,211,223,323,323,323,341,354,373,32,64,64,93,105,122,122,122,122,138,152,252,252,252,262,281,295,305,336,336,336,353,366,395,445,345,359,372,477,477,477,487,55,73,523,548,548,568,7,23,39,51,51,51,62,158,158,58,72,85,15,28,39,64,64,90,90,101,111,11,11,28,123,123,123,140,25,44,44,54,83,83,83,96,96,128,128,28,47,150,150,150,166,166,182,0,0,35,67,67,85,22,36,36,53,73,168,168,168,179,195,195,195,295,321,321,321,125,144,144,144,177,195,295,345,345,362,362,379,391,403,403,403,403],"floor_reached":143,"language":"DEU","playtime":11370,"items_purged":["downfall:Icky","Doubt","downfall:Icky","Guardian:FloatingOrbs+1"],"score":3649,"play_id":"721109a7-72c4-4164-8090-ffa53ca94196","local_time":"20210119172310","daily_mods":["Heirloom","downfall:Jewelcrafting"],"is_ascension_mode":false,"campfire_choices":[{"data":"Guardian:Orbwalk","floor":18,"key":"SMITH"},{"floor":30,"key":"REST"},{"data":"Guardian:SphericShield","floor":35,"key":"SMITH"},{"data":"Guardian:TemporalStrike","floor":42,"key":"SMITH"},{"data":"Guardian:ChargeCore","floor":47,"key":"SMITH"},{"data":"Guardian:SpikerProtocol","floor":52,"key":"SMITH"},{"floor":64,"key":"RECALL"},{"data":"Guardian:CrystalBeam","floor":69,"key":"SMITH"},{"data":"Guardian:BronzeOrb","floor":76,"key":"SMITH"},{"data":"Guardian:WalkerClaw","floor":81,"key":"SMITH"},{"data":"Guardian:BaubleBeam","floor":86,"key":"SMITH"},{"data":"Guardian:CrystalBeam","floor":96,"key":"SMITH"},{"data":"Guardian:BaubleBeam","floor":98,"key":"SMITH"},{"floor":103,"key":"REST"},{"data":"Guardian:ExploitGems","floor":111,"key":"SMITH"},{"data":"Guardian:CrystalBeam","floor":115,"key":"SMITH"},{"data":"Secret Weapon","floor":120,"key":"SMITH"},{"data":"Guardian:CompilePackage","floor":132,"key":"SMITH"},{"data":"Guardian:Incinerate","floor":137,"key":"SMITH"}],"circlet_count":0,"master_deck":["Guardian:Defend_Guardian","Guardian:Defend_Guardian","Guardian:Defend_Guardian","Guardian:CurlUp","Guardian:ExploitGems","Guardian:ExploitGems+1","Guardian:WalkerClaw+1","Guardian:BronzeOrb+1","Guardian:ShieldCharger","Guardian:RollAttack","Guardian:SpikerProtocol+1","Secret Weapon+1","Guardian:Incinerate+1","Guardian:GemFire","Guardian:CompilePackage+1","Guardian:Orbwalk+1","Guardian:Planning","Guardian:ChargeUp","Guardian:Reroute","Guardian:Clone+1","Guardian:Orbwalk+1","Guardian:Reroute","Guardian:SphericShield+1","Guardian:TemporalStrike+1","Guardian:TemporalStrike+1","Guardian:BaubleBeam+1","Guardian:FloatingOrbs+1","Guardian:Emergency+1","Guardian:Harden","Guardian:BronzeArmor","Guardian:ExploitGems","Guardian:ExploitGems","Guardian:Incinerate","Guardian:CrystalBeam+1","Guardian:FierceBash","Guardian:DonusPower","downfall:Icky","downfall:Icky","Guardian:BronzeArmor","Guardian:StasisField","Guardian:Emergency","Guardian:ShieldCharger","Guardian:Preprogram","Guardian:Suspension","Guardian:ShieldCharger","Guardian:Planning","Guardian:ShieldCharger","Guardian:ShieldSpikes","Guardian:FierceBash","Guardian:Planning","Guardian:Planning","Guardian:Planning","Guardian:ConstructionForm+1","Guardian:BronzeArmor","Guardian:Repulse+1","Guardian:CrystalBeam+1","Guardian:GemFinder+1","Guardian:Gem_White","Guardian:Gem_Cyan","Guardian:GemFire","Guardian:FloatingOrbs+1","Guardian:BaubleBeam+1","Guardian:ExploitGems","Guardian:ExploitGems","Guardian:BronzeOrb","Guardian:Gem_Green","Guardian:FuturePlans+1","Guardian:Emergency","Guardian:Gem_Orange","Guardian:CrystalBeam+1","Guardian:RefractedBeam","Guardian:ExploitGems","Bite+1","Bite","Bite","Bite","Bite","Guardian:GatlingBeam","J.A.X.","Guardian:WalkerClaw+1","Guardian:TimeCapacitor+1","Guardian:TimeSifter+1","Secret Weapon","Secret Weapon","bronze:BronzeOrb"],"relics":["Guardian:ModeShifter","Guardian:PickAxe","WingedGreaves","sneckomod:BlankCard","Guardian:BottledAnomaly","Black Star","PreservedInsect","hubris:SlimyHat","Du-Vu Doll","Eternal Feather","champ:DeflectingBracers","hubris:Reverence","MutagenicStrength","hubris:TerracottaHorce","Frozen Egg 2","The Courier","hubris:PeanutButter","Boot","Bottled Tornado","hubris:Spice","downfall:HeartBlessingGreen","SacredBark","Membership Card","Nunchaku","bronze:BronzeIdol","hubris:OldNail","TheAbacus","downfall:HeartBlessingRed","bronze:DonusWashers","downfall:HeartBlessingBlue","Nloth\u0027s Gift","Philosopher\u0027s Stone","Guardian:SackOfGems","hubris:Icosahedron","Red Mask","downfall:RedIOUUpgrade","Guardian:GemstoneGun","MutagenicStrength","hubris:BottledHeart","Happy Flower","PrismaticShard","Tiny House"],"acts_visited":["Exordium","TheCity","TheBeyond","Exordium","TheCity","TheBeyond","Exordium","TheCity","TheBeyond"],"potions_floor_usage":[13,14,16,20,21,23,25,37,43,44,45,46,50,55,61,62,67,70,75,77,77,83,84,95,100,109,126,133,135,135,143],"damage_taken":[{"damage":0,"enemies":"2 Louse","floor":2,"turns":3},{"damage":1,"enemies":"Cultist","floor":4,"turns":5},{"damage":0,"enemies":"downfall:FleeingMerchant","floor":9,"turns":4},{"damage":1,"enemies":"Jaw Worm","floor":11,"turns":2},{"damage":14,"enemies":"Gremlin Nob","floor":13,"turns":4},{"damage":32,"enemies":"downfall:Heads","floor":14,"turns":6},{"damage":0,"enemies":"2 Fungi Beasts","floor":15,"turns":2},{"damage":3,"enemies":"IC_STATUS_ARCHETYPE","floor":16,"turns":6},{"damage":0,"enemies":"Spheric Guardian","floor":19,"turns":2},{"damage":0,"enemies":"3 Byrds","floor":20,"turns":2},{"damage":0,"enemies":"Cultist and Chosen","floor":21,"turns":3},{"damage":10,"enemies":"downfall:FleeingMerchant","floor":22,"turns":4},{"damage":22,"enemies":"Slavers","floor":23,"turns":2},{"damage":2,"enemies":"Book of Stabbing","floor":25,"turns":2},{"damage":11,"enemies":"Snake Plant","floor":26,"turns":2},{"damage":0,"enemies":"Snecko","floor":27,"turns":2},{"damage":0,"enemies":"Shelled Parasite and Fungi","floor":31,"turns":1},{"damage":5,"enemies":"3 Cultists","floor":32,"turns":4},{"damage":0,"enemies":"WA_ARCHETYPE_CALM","floor":33,"turns":5},{"damage":0,"enemies":"3 Darklings","floor":36,"turns":3},{"damage":24,"enemies":"3 Shapes","floor":37,"turns":2},{"damage":0,"enemies":"Jaw Worm Horde","floor":38,"turns":1},{"damage":8,"enemies":"Writhing Mass","floor":39,"turns":4},{"damage":0,"enemies":"Nemesis","floor":40,"turns":3},{"damage":0,"enemies":"4 Shapes","floor":43,"turns":3},{"damage":0,"enemies":"Maw","floor":44,"turns":4},{"damage":23,"enemies":"Reptomancer","floor":45,"turns":4},{"damage":0,"enemies":"Reptomancer","floor":46,"turns":2},{"damage":24,"enemies":"Jaw Worm Horde","floor":48,"turns":3},{"damage":24,"enemies":"Sphere and 2 Shapes","floor":49,"turns":1},{"damage":2,"enemies":"DF_ARCHETYPE_ORBS","floor":50,"turns":5},{"damage":0,"enemies":"Cultist","floor":53,"turns":3},{"damage":0,"enemies":"downfall:FleeingMerchant","floor":54,"turns":2},{"damage":0,"enemies":"Jaw Worm","floor":55,"turns":1},{"damage":0,"enemies":"Gremlin Nob","floor":57,"turns":1},{"damage":0,"enemies":"Small Slimes","floor":59,"turns":2},{"damage":0,"enemies":"3 Louse","floor":61,"turns":2},{"damage":0,"enemies":"Large Slime","floor":62,"turns":2},{"damage":0,"enemies":"Exordium Thugs","floor":63,"turns":1},{"damage":10,"enemies":"Blue Slaver","floor":66,"turns":2},{"damage":0,"enemies":"The Guardian","floor":67,"turns":2},{"damage":12,"enemies":"3 Byrds","floor":70,"turns":3},{"damage":0,"enemies":"Spheric Guardian","floor":71,"turns":2},{"damage":0,"enemies":"Snecko","floor":73,"turns":2},{"damage":0,"enemies":"3 Cultists","floor":74,"turns":3},{"damage":0,"enemies":"Book of Stabbing","floor":75,"turns":2},{"damage":6,"enemies":"Slavers","floor":77,"turns":2},{"damage":0,"enemies":"Centurion and Healer","floor":79,"turns":2},{"damage":0,"enemies":"Chosen and Byrds","floor":80,"turns":3},{"damage":0,"enemies":"Cultist and Chosen","floor":83,"turns":2},{"damage":41,"enemies":"hubris:MusketHawk","floor":84,"turns":6},{"damage":30,"enemies":"3 Darklings","floor":87,"turns":4},{"damage":0,"enemies":"Orb Walker","floor":89,"turns":1},{"damage":6,"enemies":"Transient","floor":91,"turns":4},{"damage":0,"enemies":"Reptomancer","floor":92,"turns":2},{"damage":0,"enemies":"Jaw Worm Horde","floor":95,"turns":2},{"damage":0,"enemies":"Giant Head","floor":97,"turns":1},{"damage":0,"enemies":"Sphere and 2 Shapes","floor":100,"turns":1},{"damage":0,"enemies":"Awakened One","floor":101,"turns":3},{"damage":0,"enemies":"Small Slimes","floor":104,"turns":1},{"damage":0,"enemies":"Cultist","floor":106,"turns":1},{"damage":0,"enemies":"3 Sentries","floor":109,"turns":2},{"damage":0,"enemies":"Gremlin Nob","floor":110,"turns":2},{"damage":0,"enemies":"2 Louse","floor":112,"turns":1},{"damage":1,"enemies":"Lots of Slimes","floor":114,"turns":2},{"damage":0,"enemies":"3 Louse","floor":116,"turns":2},{"damage":0,"enemies":"Exordium Thugs","floor":117,"turns":2},{"damage":0,"enemies":"Slime Boss","floor":118,"turns":2},{"damage":0,"enemies":"Shell Parasite","floor":121,"turns":2},{"damage":0,"enemies":"Spheric Guardian","floor":122,"turns":1},{"damage":0,"enemies":"Spheric Guardian","floor":123,"turns":2},{"damage":0,"enemies":"downfall:Augmenter","floor":125,"turns":2},{"damage":0,"enemies":"Slavers","floor":126,"turns":2},{"damage":0,"enemies":"Centurion and Healer","floor":130,"turns":2},{"damage":0,"enemies":"Book of Stabbing","floor":133,"turns":1},{"damage":0,"enemies":"Chosen and Byrds","floor":134,"turns":3},{"damage":0,"enemies":"Champ","floor":135,"turns":3},{"damage":0,"enemies":"Orb Walker","floor":138,"turns":2},{"damage":0,"enemies":"3 Shapes","floor":140,"turns":2},{"damage":0,"enemies":"Transient","floor":141,"turns":2},{"damage":0,"enemies":"4 Shapes","floor":142,"turns":3},{"damage":46,"enemies":"Nemesis","floor":143,"turns":2}],"seed_played":"-8275486049501297428","potions_obtained":[{"floor":4,"key":"hexamod:SoulburnPotion"},{"floor":13,"key":"AttackPotion"},{"floor":15,"key":"Guardian:BlockOnCardUsePotion"},{"floor":16,"key":"Fire Potion"},{"floor":19,"key":"Strength Potion"},{"floor":23,"key":"DistilledChaos"},{"floor":25,"key":"Fire Potion"},{"floor":33,"key":"Swift Potion"},{"floor":38,"key":"Swift Potion"},{"floor":40,"key":"Weak Potion"},{"floor":44,"key":"SteroidPotion"},{"floor":45,"key":"FearPotion"},{"floor":46,"key":"Guardian:AcceleratePotion"},{"floor":50,"key":"sneckomod:MuddlingPotion"},{"floor":55,"key":"sneckomod:MuddlingPotion"},{"floor":57,"key":"DistilledChaos"},{"floor":59,"key":"Guardian:BlockOnCardUsePotion"},{"floor":62,"key":"LiquidBronze"},{"floor":73,"key":"Fire Potion"},{"floor":74,"key":"LiquidMemories"},{"floor":75,"key":"ColorlessPotion"},{"floor":79,"key":"Weak Potion"},{"floor":83,"key":"champ:CounterPotion"},{"floor":92,"key":"AttackPotion"},{"floor":95,"key":"LiquidMemories"},{"floor":97,"key":"AttackPotion"},{"floor":101,"key":"Energy Potion"},{"floor":104,"key":"champ:CounterPotion"},{"floor":116,"key":"DistilledChaos"},{"floor":122,"key":"ColorlessPotion"},{"floor":126,"key":"AttackPotion"},{"floor":133,"key":"SpeedPotion"},{"floor":135,"key":"Guardian:BlockOnCardUsePotion"},{"floor":136,"key":"Regen Potion"},{"floor":138,"key":"Fire Potion"}],"is_trial":true,"path_per_floor":["R","M","?","M","?","R","T","?","$","?","M","R","E","?","M","B",null,"R","M","M","M","$","E","T","E","M","M","?","?","R","M","M","B",null,"R","M","M","M","M","E","T","R","M","M","E","?","R","M","M","B",null,"R","M","$","M","?","E","T","M","$","M","M","M","R","?","M","B",null,"R","M","M","$","M","M","E","R","E","?","M","M","R","?","M","B",null,"R","M","$","M","?","M","E","?","?","M","R","E","R","NS","M","B",null,"R","M","?","M","$","?","E","E","R","M","$","M","R","M","M","B",null,"R","M","M","?","?","?","E","?","?","$","M","?","R","E","M","B",null,"R","M","?","M","M","M","E"],"character_chosen":"GUARDIAN","items_purchased":["Guardian:BronzeOrb","Guardian:ShieldCharger","Guardian:ShieldSpikes","Guardian:RollAttack","Guardian:SpikerProtocol","Secret Weapon","Guardian:BottledAnomaly","PreservedInsect","Guardian:Reroute","PowerPotion","Membership Card","Strawberry","Guardian:Gem_Yellow","Guardian:CrystalBeam","Guardian:FierceBash","hubris:Spice","hubris:Spice","Blood Vial","Nunchaku","bronze:BronzeIdol","hubris:OldNail","AttackPotion","TheAbacus","hubris:Spice","Guardian:BronzeArmor","Guardian:StasisField","Guardian:Emergency","Guardian:ShieldCharger","Guardian:Gem_Cyan","Guardian:Gem_Cyan","Guardian:Preprogram","Guardian:Gem_White","Guardian:Suspension","Guardian:Gem_Lightblue","Guardian:Gem_Lightblue","Guardian:Gem_Lightblue","Guardian:Gem_Lightblue","Guardian:ShieldCharger","Guardian:Planning","Guardian:ShieldCharger","bronze:DonusWashers","Guardian:Planning","Guardian:SackOfGems","Guardian:GemstoneGun","Guardian:FuturePlans+1","Guardian:Emergency","Happy Flower","PrismaticShard"],"campfire_rested":2,"item_purchase_floors":[9,9,9,9,9,9,9,22,22,22,54,54,54,54,54,54,54,54,54,54,54,54,60,60,60,60,60,60,60,60,60,60,60,60,60,60,60,60,60,60,72,72,88,107,107,107,129,129],"current_hp_per_floor":[80,80,80,79,79,79,79,79,79,79,78,78,64,32,32,29,80,80,80,80,80,70,48,48,46,35,35,35,35,77,77,72,72,78,80,80,56,56,48,48,48,69,69,69,46,54,78,54,30,28,73,88,88,95,95,95,95,95,95,87,87,87,87,87,87,77,79,79,79,67,69,69,71,73,75,79,73,73,75,77,89,89,89,48,79,89,59,59,61,61,57,59,59,72,74,102,102,102,102,102,102,102,102,102,102,102,102,102,102,102,102,102,102,101,102,102,102,102,94,94,94,94,94,94,94,94,1,1,1,1,1,1,1,1,1,1,1,1,1,1,1,1,0,0,0],"gold":403,"neow_bonus":"","is_daily":false,"chose_seed":false,"campfire_upgraded":16,"win_rate":0.0,"timestamp":1611073390,"path_taken":["R","M","?","?","?","R","T","?","$","?","M","R","E","?","M","BOSS","R","M","M","M","$","E","T","E","M","M","?","?","R","M","M","BOSS","R","M","M","?","M","E","T","R","M","M","E","?","R","M","M","BOSS","R","M","$","M","?","?","T","M","$","M","M","M","R","?","M","BOSS","R","M","M","?","M","?","E","R","E","?","M","M","R","?","M","BOSS","R","?","$","M","?","M","E","?","?","?","R","E","R","NS","M","BOSS","R","M","?","M","$","?","E","E","R","M","?","?","R","M","M","BOSS","R","M","M","?","?","?","E","?","?","$","?","?","R","E","M","BOSS","R","M","?","M","?","M","E"],"items_purchased_type":["Card","Card","Card","Card","Card","Card","Relic","Relic","Card","Potion","Relic","Relic","Card","Card","Card","Relic","Relic","Relic","Relic","Relic","Relic","Potion","Relic","Relic","Card","Card","Card","Card","Card","Card","Card","Card","Card","Card","Card","Card","Card","Card","Card","Card","Relic","Card","Relic","Relic","Card","Card","Relic","Relic"],"build_version":"2020-12-22","purchased_purges":4,"victory":false,"max_hp_per_floor":[80,80,80,80,80,80,80,80,80,80,80,80,80,80,80,80,80,80,80,80,80,80,80,80,80,80,80,80,80,80,80,80,80,80,80,80,80,80,80,80,80,80,80,80,80,88,88,88,88,88,88,88,88,95,95,95,95,95,95,87,87,87,87,87,87,87,87,79,79,79,79,79,79,79,79,79,79,79,79,79,89,89,89,89,89,89,89,89,89,89,89,89,89,102,102,102,102,102,102,102,102,102,102,102,102,102,102,102,102,102,102,102,102,102,102,102,102,102,94,94,94,94,94,94,94,94,1,1,1,1,1,1,1,1,1,1,1,1,1,1,1,1,1,1,1],"card_choices":[{"not_picked":["Guardian:Gem_Green","Guardian:CrystalBeam"],"picked":"Guardian:Gem_Blue","floor":2},{"not_picked":["Guardian:PiercingHide","Guardian:Gem_Crimson"],"picked":"Guardian:ChargeCore","floor":4},{"not_picked":["Guardian:BodySlam","Guardian:Incinerate"],"picked":"Guardian:WalkerClaw","floor":9},{"not_picked":["Guardian:Gem_Blue","Guardian:PrimingBeam"],"picked":"Guardian:Incinerate","floor":11},{"not_picked":["Guardian:ShieldCharger","Guardian:BodySlam"],"picked":"Guardian:GemFire","floor":13},{"not_picked":["Guardian:Gem_Purple","Guardian:DecasProtection"],"picked":"Guardian:Orbwalk","floor":14},{"not_picked":["Guardian:SentryBeam","Guardian:MultiBeam"],"picked":"Guardian:Planning","floor":15},{"not_picked":["Guardian:GemFire","Guardian:HyperBeam_Guardian"],"picked":"Guardian:Gem_Orange","floor":16},{"not_picked":["Guardian:Repulse","Guardian:Harden"],"picked":"Guardian:ChargeUp","floor":19},{"not_picked":["Guardian:ChargeCore","Guardian:TimeBomb+1"],"picked":"Guardian:Reroute","floor":20},{"not_picked":["Guardian:ChargeUp","Guardian:FuturePlans"],"picked":"Guardian:Clone+1","floor":21},{"not_picked":["Guardian:Gem_Cyan","Guardian:CrystalBeam"],"picked":"Guardian:Orbwalk+1","floor":22},{"not_picked":["Guardian:Planning","Guardian:GuardianWhirl+1"],"picked":"Guardian:SphericShield","floor":23},{"not_picked":["Guardian:DecasProtection","Guardian:BodySlam"],"picked":"Guardian:Gem_Crimson","floor":25},{"not_picked":["Guardian:PiercingHide","Guardian:TemporalStrike"],"picked":"Guardian:Gem_Green","floor":26},{"not_picked":["Guardian:PrismaticBeam","Guardian:PiercingHide"],"picked":"Guardian:TemporalStrike+1","floor":27},{"not_picked":["Guardian:TemporalStrike","Guardian:RollAttack"],"picked":"Guardian:DonusPower","floor":31},{"not_picked":["Guardian:PrismaticBarrier","Guardian:RefractedBeam+1"],"picked":"Guardian:TemporalStrike","floor":32},{"not_picked":["Guardian:AncientConstruct","Guardian:SphericShield"],"picked":"Guardian:BaubleBeam","floor":33},{"not_picked":["Guardian:Planning+1","Guardian:ChargeCore"],"picked":"Guardian:FloatingOrbs+1","floor":36},{"not_picked":["Guardian:PrimingBeam","Guardian:TemporalStrike+1"],"picked":"Guardian:Emergency+1","floor":37},{"not_picked":["Guardian:WalkerClaw+1","Guardian:Orbwalk+1"],"picked":"Guardian:PolyBeam+1","floor":38},{"not_picked":["Guardian:RollAttack+1","Guardian:BronzeArmor+1"],"picked":"Guardian:Harden","floor":39},{"not_picked":["Guardian:Suspension","Guardian:ShieldCharger"],"picked":"Guardian:BronzeArmor","floor":40},{"not_picked":["Guardian:RefractedBeam+1","Guardian:Orbwalk+1"],"picked":"Guardian:Gem_Lightblue","floor":43},{"not_picked":["Guardian:Harden+1","Guardian:FloatingOrbs+1"],"picked":"Guardian:Gem_Red","floor":44},{"not_picked":["Guardian:PrimingBeam+1","Guardian:Gem_White"],"picked":"Guardian:Gem_Synthetic","floor":45},{"not_picked":["Guardian:VentSteam","Guardian:PrimingBeam"],"picked":"Guardian:Gem_Green","floor":46},{"not_picked":["Guardian:DecasProtection","Guardian:RollAttack"],"picked":"Guardian:Gem_Lightblue","floor":48},{"not_picked":["Guardian:WalkerClaw","Guardian:ChargeCore+1"],"picked":"Guardian:Gem_Yellow","floor":49},{"not_picked":["Guardian:Gem_Synthetic","Guardian:CompilePackage"],"picked":"Guardian:TimeSifter+1","floor":50},{"not_picked":["Guardian:RollAttack","Guardian:PrimingBeam"],"picked":"Guardian:Incinerate","floor":53},{"not_picked":["Guardian:PiercingHide","Guardian:TemporalShield"],"picked":"Guardian:Gem_Crimson","floor":54},{"not_picked":["hubris:SpiceAddiction","Guardian:MultiBeam"],"picked":"Guardian:DonusPower","floor":55},{"not_picked":["Guardian:RollAttack","Guardian:Incinerate"],"picked":"Guardian:Gem_White","floor":57},{"not_picked":["Guardian:SphericShield","Guardian:RollAttack"],"picked":"Guardian:Gem_Cyan","floor":59},{"not_picked":["Guardian:Gem_Yellow","Guardian:CrystalBeam"],"picked":"Guardian:Gem_Fragmented","floor":61},{"not_picked":["Guardian:Gem_Yellow","Guardian:Recover"],"picked":"Guardian:Gem_Fragmented","floor":62},{"not_picked":["hubris:SpiceAddiction","hubris:SpiceAddiction","hubris:SpiceAddiction"],"picked":"SKIP","floor":63},{"not_picked":["Guardian:Harden","Guardian:ChargeCore"],"picked":"Guardian:ShieldSpikes","floor":66},{"not_picked":["Guardian:GatlingBeam","hubris:SpiceAddiction"],"picked":"Guardian:FierceBash","floor":67},{"not_picked":["Guardian:Reroute","Guardian:FloatingOrbs+1"],"picked":"Guardian:Planning","floor":70},{"not_picked":["Guardian:Recover","Guardian:ChargeCore"],"picked":"Guardian:Gem_Red","floor":71},{"not_picked":["Guardian:Suspension","Guardian:ShieldCharger"],"picked":"Guardian:Planning","floor":73},{"not_picked":["Guardian:Gem_Green","hubris:SpiceAddiction"],"picked":"Guardian:Gem_Red","floor":74},{"not_picked":["Guardian:Gem_Blue","hubris:SpiceAddiction"],"picked":"Guardian:ConstructionForm+1","floor":75},{"not_picked":["hubris:SpiceAddiction","Guardian:TemporalStrike+1"],"picked":"Guardian:BronzeArmor","floor":77},{"not_picked":["Guardian:WalkerClaw+1","Guardian:Gem_Green"],"picked":"Guardian:Repulse+1","floor":79},{"not_picked":["Guardian:Recover","Guardian:BodySlam"],"picked":"Guardian:CrystalBeam","floor":80},{"not_picked":["Guardian:RollAttack","hubris:SpiceAddiction"],"picked":"Guardian:Gem_Red","floor":83},{"not_picked":["Guardian:ExploitGems","hubris:SpiceAddiction"],"picked":"Guardian:GemFinder+1","floor":84},{"not_picked":["Guardian:Gem_Green","Guardian:Gem_Cyan"],"picked":"Guardian:Gem_Red","floor":87},{"not_picked":["Guardian:RefractedBeam+1","Guardian:RollAttack"],"picked":"Guardian:StasisEngine+1","floor":87},{"not_picked":["Guardian:BodySlam","Guardian:Orbwalk+1"],"picked":"Guardian:Gem_Red","floor":89},{"not_picked":["Guardian:Gem_Green","Guardian:Gem_Lightblue"],"picked":"Guardian:Gem_Cyan","floor":91},{"not_picked":["Guardian:Recover+1","Guardian:ShieldCharger"],"picked":"Guardian:GemFire","floor":91},{"not_picked":["Guardian:HyperBeam_Guardian","Guardian:Gem_Purple"],"picked":"Guardian:FloatingOrbs+1","floor":92},{"not_picked":["Guardian:Gem_Red","Guardian:RollAttack"],"picked":"Guardian:FloatingOrbs+1","floor":95},{"not_picked":["hubris:SpiceAddiction","hubris:SpiceAddiction"],"picked":"Guardian:BaubleBeam","floor":97},{"not_picked":["Guardian:StasisField","Guardian:Preprogram","Guardian:ChargeUp"],"picked":"SKIP","floor":100},{"not_picked":["Guardian:StasisEngine+1","hubris:SpiceAddiction"],"picked":"Guardian:TimeSifter+1","floor":101},{"not_picked":["hubris:SpiceAddiction","Guardian:Planning"],"picked":"Guardian:BronzeOrb","floor":104},{"not_picked":["Guardian:Gem_Lightblue","Guardian:Planning"],"picked":"Guardian:Gem_Green","floor":106},{"not_picked":["Guardian:Gem_White","Guardian:Gem_Fragmented","Guardian:TemporalStrike"],"picked":"SKIP","floor":109},{"not_picked":["Guardian:ArmoredProtocol+1","Guardian:GatlingBeam"],"picked":"Guardian:Gem_Orange","floor":110},{"not_picked":["Guardian:Gem_Green","Guardian:Planning","Guardian:Reroute"],"picked":"SKIP","floor":112},{"not_picked":["Guardian:PrismaticBeam","Guardian:Gem_Red"],"picked":"Guardian:CrystalBeam","floor":114},{"not_picked":["Guardian:TemporalStrike","Guardian:PolyBeam"],"picked":"Guardian:RefractedBeam","floor":116},{"not_picked":["Guardian:Repulse+1","Guardian:BaubleBeam","hubris:SpiceAddiction"],"picked":"SKIP","floor":117},{"not_picked":["Guardian:StasisField","hubris:SpiceAddiction"],"picked":"Guardian:ExploitGems","floor":118},{"not_picked":["Guardian:Repulse+1","hubris:SpiceAddiction","Guardian:ShieldCharger+1"],"picked":"SKIP","floor":121},{"not_picked":["Guardian:Gem_Red","Guardian:PrimingBeam","Guardian:PolyBeam"],"picked":"SKIP","floor":122},{"not_picked":[],"picked":"J.A.X.","floor":125},{"not_picked":["Guardian:Recover+1","hubris:SpiceAddiction"],"picked":"Guardian:WalkerClaw+1","floor":125},{"not_picked":["Guardian:TimeBomb","Guardian:StasisStrike"],"picked":"Guardian:TimeCapacitor+1","floor":126},{"not_picked":["champ:HeartStrike","sneckomod:UnknownClassSLIMEBOUND+1","Guardian:PrismaticBarrier"],"picked":"SKIP","floor":130},{"not_picked":["bronze:BuggyMess+1","bronze:Terminator","bronze:Deprecate"],"picked":"SKIP","floor":133},{"not_picked":["JustLucky","hubris:SpiceAddiction"],"picked":"Secret Weapon","floor":134},{"not_picked":["Guardian:Emergency","hubris:SpiceAddiction"],"picked":"Secret Weapon","floor":136},{"not_picked":["sneckomod:UnknownClassBLUE+1","hubris:SpiceAddiction","champ:FlashCut"],"picked":"SKIP","floor":138},{"not_picked":["Anger","hubris:SpiceAddiction","hexamod:HeatShield+1"],"picked":"SKIP","floor":140},{"not_picked":["hubris:Sniper","Slimebound:Prepare+1"],"picked":"bronze:BronzeOrb","floor":141},{"not_picked":["Slimebound:Chomp","Devotion+1","hubris:SpiceAddiction"],"picked":"SKIP","floor":142}],"player_experience":134960,"relics_obtained":[{"floor":7,"key":"sneckomod:BlankCard"},{"floor":23,"key":"hubris:SlimyHat"},{"floor":23,"key":"Du-Vu Doll"},{"floor":24,"key":"Eternal Feather"},{"floor":25,"key":"champ:DeflectingBracers"},{"floor":25,"key":"hubris:Reverence"},{"floor":40,"key":"Frozen Egg 2"},{"floor":40,"key":"The Courier"},{"floor":41,"key":"hubris:PeanutButter"},{"floor":45,"key":"Boot"},{"floor":45,"key":"Bottled Tornado"},{"floor":46,"key":"hubris:Spice"},{"floor":125,"key":"MutagenicStrength"}],"event_choices":[{"cards_removed":["downfall:Icky"],"damage_healed":0,"gold_gain":0,"player_choice":"Card Removal","damage_taken":0,"max_hp_gain":0,"max_hp_loss":0,"event_name":"The Cleric","floor":10,"gold_loss":0},{"damage_healed":0,"gold_gain":0,"player_choice":"Inject Mutagens","damage_taken":0,"relics_obtained":["MutagenicStrength"],"max_hp_gain":0,"max_hp_loss":0,"event_name":"Drug Dealer","floor":28,"gold_loss":0},{"cards_removed":["Guardian:DonusPower"],"damage_healed":0,"gold_gain":0,"player_choice":"Offered Uncommon","damage_taken":0,"max_hp_gain":0,"max_hp_loss":0,"event_name":"Bonfire Elementals","floor":65,"gold_loss":0},{"cards_removed":["Pain"],"damage_healed":0,"gold_gain":0,"player_choice":"Card Removal","damage_taken":0,"max_hp_gain":0,"max_hp_loss":0,"event_name":"The Cleric","floor":108,"gold_loss":0},{"damage_healed":0,"gold_gain":0,"player_choice":"Became a vampire (Vial)","damage_taken":0,"max_hp_gain":0,"max_hp_loss":0,"event_name":"Vampires","floor":124,"relics_lost":["Blood Vial"],"gold_loss":0,"cards_obtained":["Bite","Bite","Bite","Bite","Bite"]}],"is_beta":false,"boss_relics":[{"not_picked":["hubris:Stopwatch","Snecko Eye"],"picked":"Black Star"},{"not_picked":["hubris:HollowSoul","Velvet Choker"],"picked":"hubris:TerracottaHorce"},{"not_picked":["Empty Cage","hubris:CrackedHourglass"],"picked":"SacredBark"},{"not_picked":["Guardian:StasisSlotReductionRelic","hubris:Spice"],"picked":"hubris:Spice"},{"not_picked":["hubris:Spice","hubris:BlackHole"],"picked":"Philosopher\u0027s Stone"},{"not_picked":["hubris:Spice","hubris:Spice","Sozu"]},{"not_picked":["hubris:Spice","hubris:Spice"],"picked":"hubris:Spice"},{"not_picked":["hubris:Spice","hubris:Stopwatch"],"picked":"Tiny House"}],"items_purged_floors":[9,22,113,129],"is_endless":true,"potions_floor_spawned":[4,13,15,16,19,23,25,33,38,40,44,45,46,50,55,57,59,62,73,74,75,79,83,92,95,97,101,104,116,117,118,121,122,126,133,135,138],"killed_by":"Nemesis","ascension_level":0}}