{"host":"mlczotyo8j5fj6lt","time":1611035020,"event":{"mods":["AchievementEnabler","BaseMod","Better Third Choice","BetterRewards","Conspire","Defective Defect","Fox Events","Good Game Mod","Googly Eyes","Hubris","Minty Spire (QoL Compilation)","Quick Restart","Replay The Spire","StS++","StSLib","everything is the same but u backflip on backflip"],"gold_per_floor":[112,194,205,223,28,59,69,69,147,159,1,12,88,102,102,200,200,219,144,144,162,176,208,88,114,160,176,186,197,213,213,213,213,213],"floor_reached":33,"language":"ENG","playtime":1268,"items_purged":[],"score":368,"play_id":"0e97d730-b9eb-4baf-843a-8bb434e1905a","local_time":"20210119064340","is_ascension_mode":false,"campfire_choices":[{"floor":8,"key":"REST"},{"data":"Hyperbeam","floor":15,"key":"SMITH"},{"floor":32,"key":"REST"}],"circlet_count":0,"master_deck":["Strike_B","Strike_B","Defend_B","Defend_B","Defend_B","Defend_B","Zap","Dualcast","Hyperbeam+1","Adrenaline","Sweeping Beam","Beam Cell","Fusion","Auto Shields","Gash","Gash","Conserve Battery","Streamline","hubris:PowerSurge","Hyperbeam","Recycle+1","Genetic Algorithm+1","Conserve Battery","StSpp:Mask+1","Consume"],"relics":["Cracked Core","REME:ComplimentaryCards","Smiling Mask","Pen Nib","Potion Belt","The Courier","Cauldron","Astrolabe","hubris:DisguiseKit","PreservedInsect","HornCleat","conspire:TopHat"],"acts_visited":["Exordium","TheCity"],"potions_floor_usage":[6,6,16,16,16,21,23,28,33],"damage_taken":[{"damage":0,"enemies":"2 Louse","floor":1,"turns":1},{"damage":0,"enemies":"Small Slimes","floor":3,"turns":1},{"damage":0,"enemies":"Cultist","floor":4,"turns":2},{"damage":7,"enemies":"Gremlin Nob","floor":6,"turns":4},{"damage":10,"enemies":"Looter","floor":7,"turns":2},{"damage":11,"enemies":"Large Slime","floor":10,"turns":4},{"damage":1,"enemies":"2 Fungi Beasts","floor":12,"turns":3},{"damage":0,"enemies":"Looter","floor":14,"turns":3},{"damage":0,"enemies":"Slime Boss","floor":16,"turns":3},{"damage":13,"enemies":"Shell Parasite","floor":18,"turns":4},{"damage":20,"enemies":"2 Thieves","floor":21,"turns":3},{"damage":6,"enemies":"Cultist and Chosen","floor":22,"turns":6},{"damage":0,"enemies":"conspire:Head Lice","floor":23,"turns":6},{"damage":1,"enemies":"Slavers","floor":25,"turns":2},{"damage":8,"enemies":"Snake Plant","floor":27,"turns":4},{"damage":0,"enemies":"3 Cultists","floor":28,"turns":3},{"damage":0,"enemies":"Chosen and Byrds","floor":29,"turns":3},{"damage":7,"enemies":"Centurion and Healer","floor":30,"turns":4},{"damage":71,"enemies":"Champ","floor":33,"turns":10}],"seed_played":"2062279910954052775","potions_obtained":[{"floor":2,"key":"FocusPotion"},{"floor":2,"key":"Block Potion"},{"floor":3,"key":"Reflective Coating"},{"floor":7,"key":"BlessingOfTheForge"},{"floor":11,"key":"EntropicBrew"},{"floor":11,"key":"ColorlessPotion"},{"floor":11,"key":"Weak Potion"},{"floor":23,"key":"SteroidPotion"},{"floor":27,"key":"SteroidPotion"},{"floor":29,"key":"FearPotion"}],"is_trial":false,"path_per_floor":["M","?","M","M","$","E","M","R","T","M","$","M","?","M","R","B",null,"M","?","?","M","M","E","$","E","T","M","M","M","M","?","R","B"],"character_chosen":"DEFECT","items_purchased":["Gash","Pen Nib","AttackPotion","Cauldron","PreservedInsect"],"campfire_rested":2,"item_purchase_floors":[5,5,11,11,24],"current_hp_per_floor":[75,57,57,57,57,50,40,62,62,51,51,50,50,50,50,50,75,62,62,62,42,36,63,63,62,62,54,54,54,47,36,56,0,0],"gold":213,"neow_bonus":"ONE_RANDOM_RARE_CARD","is_daily":false,"chose_seed":false,"campfire_upgraded":1,"win_rate":0.0,"timestamp":1611035020,"path_taken":["M","?","M","M","$","E","M","R","T","M","$","?","?","M","R","BOSS","M","?","?","M","M","E","$","E","T","M","M","M","M","?","R","BOSS"],"items_purchased_type":["Card","Relic","Potion","Relic","Relic"],"build_version":"2020-12-22","purchased_purges":0,"victory":false,"max_hp_per_floor":[75,75,75,75,75,75,75,75,75,75,75,75,75,75,75,75,75,75,75,63,63,63,63,63,63,63,63,63,63,63,68,68,68,68],"card_choices":[{"not_picked":["Undo","Conserve Battery"],"picked":"Sweeping Beam","floor":1},{"not_picked":["Compile Driver","FTL"],"picked":"Beam Cell","floor":2},{"not_picked":["Cold Snap","Compile Driver"],"picked":"Fusion","floor":3},{"not_picked":["ReplayTheSpireMod:Dual Polarity","StSpp:Igniter"],"picked":"Auto Shields","floor":4},{"not_picked":["Self Repair","Conserve Battery"],"picked":"Gash","floor":6},{"not_picked":["Sweeping Beam","Darkness"],"picked":"Conserve Battery","floor":7},{"not_picked":["ReplaySolidLightProjector","Undo"],"picked":"Streamline","floor":10},{"not_picked":["ReplayTheSpireMod:Dual Polarity","ReplaySolidLightProjector"],"picked":"hubris:SpecializedCircuitry","floor":12},{"not_picked":["Rip and Tear","Sweeping Beam"],"picked":"hubris:PowerSurge","floor":14},{"not_picked":["hubris:SpecializedCircuitry","hubris:DoWhile"],"picked":"Hyperbeam","floor":16},{"not_picked":["Panic Button","Turbo"],"picked":"Conserve Battery","floor":18},{"not_picked":["Compile Driver","Streamline","Conserve Battery"],"picked":"SKIP","floor":21},{"not_picked":["ReplayTheSpireMod:GoodbyeWorld","StSpp:Fierceness","Sweeping Beam"],"picked":"SKIP","floor":22},{"not_picked":["Creative AI","ReplaySolidLightProjector"],"picked":"StSpp:Mask+1","floor":23},{"not_picked":["Hologram","Buffer","Go for the Eyes","Crescendo"],"picked":"SKIP","floor":25},{"not_picked":["Stack","Panic Button","CutThroughFate"],"picked":"Consume","floor":27},{"not_picked":["Compile Driver","Redo","Streamline","Halt"],"picked":"SKIP","floor":28},{"not_picked":["Chill","Crystallizer+1","Rip and Tear+1","JustLucky"],"picked":"SKIP","floor":29},{"not_picked":["Panic Button","FIFO Queue","Genetic Algorithm+1","FollowUp"],"picked":"SKIP","floor":30}],"player_experience":195212,"relics_obtained":[{"floor":2,"key":"Smiling Mask"},{"floor":6,"key":"Potion Belt"},{"floor":9,"key":"The Courier"},{"floor":23,"key":"hubris:DisguiseKit"},{"floor":25,"key":"HornCleat"},{"floor":26,"key":"conspire:TopHat"}],"event_choices":[{"damage_healed":0,"gold_gain":76,"player_choice":"Gained Gold","damage_taken":0,"max_hp_gain":0,"max_hp_loss":0,"event_name":"Golden Wing","floor":13,"gold_loss":0},{"cards_removed":["ReplayTheSpireMod:GoodbyeWorld"],"damage_healed":0,"gold_gain":0,"player_choice":"Gave Gold","damage_taken":0,"max_hp_gain":0,"max_hp_loss":0,"event_name":"Beggar","floor":19,"gold_loss":75},{"damage_healed":0,"gold_gain":0,"player_choice":"Shed Blood","damage_taken":16,"max_hp_gain":5,"max_hp_loss":0,"event_name":"Forgotten Altar","floor":31,"gold_loss":0}],"is_beta":false,"boss_relics":[{"not_picked":["hubris:Backtick","StSpp:CrystalBall"],"picked":"Astrolabe"}],"items_purged_floors":[],"is_endless":false,"potions_floor_spawned":[3,4,7,22,23,27,29],"killed_by":"Champ","ascension_level":0}}