{"host":"pyvqvk2ltcevcwmf","time":1611051301,"event":{"mods":["BaseMod","BetterRewards","Good Game Mod","Marisa£®ÏF”Í°°ƒß¿Ì…≥£©","Minty Spire (QoL Compilation)","Rare Cards Sparkle","Shop Mod","Spicy Shops","StSLib","The Alterego","The Servant 0.9.4","Youmu£®ªÍ∆«—˝√Œ£©"],"gold_per_floor":[114,114,134,12,42,97,133,188,215,255,311,344,344,393,393,551,551,601,652,922,85,184,279,279,377,377,377,577,590,590,674,674,836,836,887,95,149,225,313,349,442,442,466,549,628,694,742,842,842,842,842,842,136,202,202],"floor_reached":56,"language":"ZHS","playtime":4952,"items_purged":["Strike_MRS","Defend_MRS","Pain"],"score":1638,"play_id":"54972cac-03fe-4e87-b042-57fc1674c9da","local_time":"20210119181501","is_ascension_mode":true,"campfire_choices":[{"floor":15.0,"key":"RECALL"},{"data":"MysteriousBeam","floor":24.0,"key":"SMITH"},{"data":"CollectingQuirk","floor":27.0,"key":"SMITH"},{"floor":30.0,"key":"REST"},{"floor":32.0,"key":"DIG"},{"data":"MachineGunSpark","floor":42,"key":"SMITH"},{"data":"BlazeAway","floor":49,"key":"SMITH"},{"data":"BlazeAway","floor":52,"key":"SMITH"}],"circlet_count":0,"master_deck":["Strike_MRS","Strike_MRS","Strike_MRS","Defend_MRS","Defend_MRS","Defend_MRS","MasterSpark","UpSweep","alterego_mod:Venus+1","Robbery","AsteroidBelt","WitchOfGreed","GravityBeat","GrandCross","LuminesStrike","TreasureHunter","MysteriousBeam+1","DC","6A","Injury","EarthLightRay","CollectingQuirk+1","CurseOfTheBell","WitchOfGreed+1","SprinkleStarSeal","AsteroidBelt","GrandCross","MachineGunSpark+1","MeteoricShower+1","SatelliteIllusion","BlazeAway+1","HandOfGreed","AsteroidBelt","BinaryStars","SuperPerseids+1","MysteriousBeam+1","EarthLightRay+1","BlazeAway+1","6A+1","SuperPerseids+1","DeepEcoloBomb","Parasite","Parasite","GalacticHalo","OortCloud"],"relics":["MiniHakkero","REME:ComplimentaryCards","NeowsBlessing","Shovel","Art of War","Oddly Smooth Stone","Golden Idol","Pocketwatch","Calling Bell","Nunchaku","Kunai","WingedGreaves","AmplifyWand","MerchantsRug","PreservedInsect","Bag of Marbles","Bottled Tornado","Shuriken","Boot","InkBottle","Question Card","Black Star","Lantern","Gremlin Horn","Pen Nib","Blood Vial","Bronze Scales","Anchor","Toy Ornithopter","Mercury Hourglass","HandmadeGrimoire","Bag of Preparation","SproutingBranch","TungstenRod","Happy Flower","FossilizedHelix","Orichalcum","ShroomBag","BreadOfAWashokuLover","Pear","Eternal Feather","Letter Opener"],"acts_visited":["Exordium","TheCity","TheBeyond","TheEnding"],"potions_floor_usage":[39,46],"damage_taken":[{"damage":0.0,"enemies":"Small Slimes","floor":1.0,"turns":1.0},{"damage":0.0,"enemies":"Cultist","floor":3.0,"turns":2.0},{"damage":0.0,"enemies":"Jaw Worm","floor":5.0,"turns":1.0},{"damage":17.0,"enemies":"3 Sentries","floor":6.0,"turns":7.0},{"damage":0.0,"enemies":"Large Slime","floor":7.0,"turns":4.0},{"damage":14.0,"enemies":"Gremlin Nob","floor":8.0,"turns":3.0},{"damage":1.0,"enemies":"Exordium Thugs","floor":10.0,"turns":5.0},{"damage":16.0,"enemies":"3 Sentries","floor":11.0,"turns":6.0},{"damage":4.0,"enemies":"2 Fungi Beasts","floor":12.0,"turns":3.0},{"damage":4.0,"enemies":"Lots of Slimes","floor":14.0,"turns":4.0},{"damage":2.0,"enemies":"Slime Boss","floor":16.0,"turns":8.0},{"damage":3.0,"enemies":"3 Byrds","floor":18.0,"turns":5.0},{"damage":16.0,"enemies":"Spheric Guardian","floor":19.0,"turns":4.0},{"damage":14.0,"enemies":"Slavers","floor":23.0,"turns":7.0},{"damage":17.0,"enemies":"Book of Stabbing","floor":25.0,"turns":7.0},{"damage":0.0,"enemies":"Snake Plant","floor":29.0,"turns":1.0},{"damage":4.0,"enemies":"Chosen and Byrds","floor":31.0,"turns":4.0},{"damage":20.0,"enemies":"Champ","floor":33.0,"turns":7.0},{"damage":27.0,"enemies":"3 Shapes","floor":35.0,"turns":3.0},{"damage":0.0,"enemies":"Orb Walker","floor":37.0,"turns":3.0},{"damage":16.0,"enemies":"Writhing Mass","floor":38.0,"turns":6.0},{"damage":1,"enemies":"Transient","floor":39,"turns":5},{"damage":0,"enemies":"Nemesis","floor":40,"turns":3},{"damage":13,"enemies":"Reptomancer","floor":41,"turns":5},{"damage":0,"enemies":"Nemesis","floor":44,"turns":1},{"damage":0,"enemies":"Sphere and 2 Shapes","floor":45,"turns":1},{"damage":0,"enemies":"Reptomancer","floor":46,"turns":2},{"damage":0,"enemies":"3 Darklings","floor":47,"turns":1},{"damage":0,"enemies":"Donu and Deca","floor":50,"turns":2},{"damage":0,"enemies":"Shield and Spear","floor":54,"turns":3},{"damage":49,"enemies":"The Heart","floor":55,"turns":5}],"seed_played":"4993848916830397246","potions_obtained":[{"floor":5.0,"key":"Ancient Potion"},{"floor":5.0,"key":"DuplicationPotion"},{"floor":7.0,"key":"ColorlessPotion"},{"floor":8.0,"key":"Energy Potion"},{"floor":12.0,"key":"Ancient Potion"},{"floor":14.0,"key":"EssenceOfSteel"},{"floor":18.0,"key":"SteroidPotion"},{"floor":23.0,"key":"EssenceOfSteel"},{"floor":23.0,"key":"Fruit Juice"},{"floor":31.0,"key":"GamblersBrew"},{"floor":33.0,"key":"Regen Potion"},{"floor":38.0,"key":"DuplicationPotion"},{"floor":39,"key":"ColorlessPotion"},{"floor":40,"key":"SmokeBomb"},{"floor":41,"key":"SteroidPotion"},{"floor":41,"key":"Regen Potion"},{"floor":46,"key":"ShroomBrew"},{"floor":54,"key":"Energy Potion"}],"is_trial":false,"path_per_floor":["M","?","M","$","M","E","M","E","T","M","E","M","?","M","R","B",null,"M","M","?","$","?","E","R","E","T","R","?","M","R","M","R","B",null,"M","$","M","M","M","E","E","R","T","E","M","E","M","?","R","B",null,"R","$","E","B",null],"character_chosen":"MARISA","items_purchased":["WitchOfGreed","AsteroidBelt","AmplifyWand","MerchantsRug","PreservedInsect","Lantern","Gremlin Horn","Pen Nib","Blood Vial","HandOfGreed","ShroomBag","BreadOfAWashokuLover","GalacticHalo","Pear"],"campfire_rested":1,"item_purchase_floors":[4,21,21,21,21,36,36,36,36,36,53,53,53,53],"current_hp_per_floor":[75,75,75,75,75,58,58,44,44,43,27,23,23,19,19,21,75,72,59,32,32,32,27,27,14,14,14,14,14,38,38,38,22,80,58,58,64,54,61,67,60,60,60,62,64,80,80,80,80,80,80,80,90,90,55],"gold":202,"neow_bonus":"THREE_ENEMY_KILL","is_daily":false,"chose_seed":false,"campfire_upgraded":5,"win_rate":0.0,"timestamp":1611051301,"path_taken":["M","?","?","$","M","E","M","E","T","M","E","M","?","M","R","BOSS","M","M","?","?","?","E","R","E","T","R","?","?","R","M","R","BOSS","M","$","M","M","M","E","E","R","T","E","M","E","M","?","R","BOSS","R","$","E","BOSS"],"items_purchased_type":["Card","Card","Relic","Relic","Relic","Relic","Relic","Relic","Relic","Card","Relic","Relic","Card","Relic"],"build_version":"2020-12-22","purchased_purges":3,"victory":true,"max_hp_per_floor":[75,75,75,75,75,75,75,75,75,75,75,75,75,75,75,75,75,75,75,75,75,75,80,80,80,80,80,80,80,80,80,80,80,80,80,80,80,80,80,80,80,80,80,80,80,80,80,80,80,80,80,80,90,90,90],"card_choices":[{"not_picked":["GravityBeat","PowerUp"],"picked":"Robbery","floor":1.0},{"not_picked":["NonDirectionalLaser","PowerUp"],"picked":"AsteroidBelt","floor":3.0},{"not_picked":["NonDirectionalLaser","IllusionStar"],"picked":"GravityBeat","floor":5.0},{"not_picked":["GasGiant","UnstableBomb"],"picked":"GrandCross","floor":6.0},{"not_picked":["Acceleration","Occultation"],"picked":"LuminesStrike","floor":7.0},{"not_picked":["SporeBomb","WitchOfGreed"],"picked":"TreasureHunter","floor":8.0},{"not_picked":["GrandCross","Acceleration"],"picked":"MysteriousBeam","floor":10.0},{"not_picked":["MachineGunSpark","Orbital"],"picked":"DC","floor":11.0},{"not_picked":["OpenUniverse","Orbital"],"picked":"6A","floor":12.0},{"not_picked":["GravityBeat","ShootingEcho"],"picked":"EarthLightRay","floor":14.0},{"not_picked":["ManaRampage","SuperNova"],"picked":"CollectingQuirk","floor":16.0},{"not_picked":["NonDirectionalLaser","GravityBeat+1"],"picked":"WitchOfGreed+1","floor":18.0},{"not_picked":["GasGiant","SporeBomb"],"picked":"SprinkleStarSeal","floor":19.0},{"not_picked":["Acceleration","SporeBomb"],"picked":"GrandCross","floor":23.0},{"not_picked":["AsteroidBelt+1","DC"],"picked":"MachineGunSpark","floor":25.0},{"not_picked":["WitchOfGreed+1","ShootingEcho"],"picked":"MeteoricShower+1","floor":29.0},{"not_picked":["LuminesStrike","ChargingUp","GalacticHalo"],"picked":"SKIP","floor":31.0},{"not_picked":["AbsoluteMagnitude","CasketOfStar","BlazingStar"],"picked":"SatelliteIllusion","floor":33.0},{"not_picked":["DarkSpark+1","EnergyFlow+1","IllusionStar+1"],"picked":"BlazeAway","floor":35.0},{"not_picked":["GalacticHalo+1","LuminesStrike+1","6A"],"picked":"AsteroidBelt","floor":37.0},{"not_picked":["DC+1","IllusionStar","GravityBeat+1"],"picked":"BinaryStars","floor":38.0},{"not_picked":["SporeBomb","6A","GrandCross"],"picked":"SuperPerseids+1","floor":39},{"not_picked":["Orbital+1","GalacticHalo","MeteoricShower+1"],"picked":"MysteriousBeam+1","floor":40},{"not_picked":["NonDirectionalLaser","LuminesStrike+1","6A"],"picked":"EarthLightRay+1","floor":41},{"not_picked":["SprinkleStarSeal+1","SuperNova","StarBarrage+1"],"picked":"BlazeAway","floor":44},{"not_picked":["Orbital+1","DC","DoubleSpark+1"],"picked":"6A+1","floor":45},{"not_picked":["MilkyWay","Acceleration+1","PowerUp"],"picked":"SuperPerseids+1","floor":46},{"not_picked":["SporeBomb+1","EnergyFlow","StarBarrage"],"picked":"DeepEcoloBomb","floor":47},{"not_picked":["EarthLightRay+1","SuperNova","GalacticHalo+1"],"picked":"OortCloud","floor":54}],"player_experience":222880,"relics_obtained":[{"floor":6.0,"key":"Shovel"},{"floor":8.0,"key":"Art of War"},{"floor":11.0,"key":"Oddly Smooth Stone"},{"floor":16.0,"key":"Pocketwatch"},{"floor":17.0,"key":"Nunchaku"},{"floor":17.0,"key":"Kunai"},{"floor":17.0,"key":"WingedGreaves"},{"floor":23.0,"key":"Bag of Marbles"},{"floor":23.0,"key":"Bottled Tornado"},{"floor":25.0,"key":"Shuriken"},{"floor":25.0,"key":"Boot"},{"floor":26.0,"key":"InkBottle"},{"floor":32.0,"key":"Question Card"},{"floor":40,"key":"Bronze Scales"},{"floor":40,"key":"Anchor"},{"floor":41,"key":"Toy Ornithopter"},{"floor":41,"key":"Mercury Hourglass"},{"floor":41,"key":"HandmadeGrimoire"},{"floor":43,"key":"Bag of Preparation"},{"floor":44,"key":"SproutingBranch"},{"floor":44,"key":"TungstenRod"},{"floor":46,"key":"Happy Flower"},{"floor":46,"key":"FossilizedHelix"},{"floor":46,"key":"Orichalcum"},{"floor":54,"key":"Eternal Feather"},{"floor":54,"key":"Letter Opener"}],"event_choices":[{"damage_healed":0.0,"max_hp_gain":0.0,"max_hp_loss":0.0,"gold_gain":0.0,"event_name":"Upgrade Shrine","player_choice":"Upgraded","floor":2.0,"gold_loss":0.0,"damage_taken":0.0,"cards_upgraded":["alterego_mod:Venus"]},{"damage_healed":0.0,"max_hp_gain":0.0,"max_hp_loss":0.0,"gold_gain":0.0,"event_name":"Golden Idol","player_choice":"Take Wound","floor":13.0,"gold_loss":0.0,"damage_taken":0.0,"relics_obtained":["Golden Idol"],"cards_obtained":["Injury"]},{"damage_healed":0.0,"max_hp_gain":0.0,"max_hp_loss":0.0,"gold_gain":270.0,"event_name":"Knowing Skull","player_choice":"GOLD GOLD GOLD ","floor":20.0,"potions_obtained":[],"gold_loss":0.0,"damage_taken":27.0,"cards_obtained":[]},{"damage_healed":0.0,"max_hp_gain":0.0,"max_hp_loss":0.0,"gold_gain":99.0,"event_name":"Nest","player_choice":"Stole From Cult","floor":22.0,"gold_loss":0.0,"damage_taken":0.0},{"damage_healed":0.0,"max_hp_gain":0.0,"max_hp_loss":0.0,"gold_gain":200.0,"event_name":"Wheel of Change","player_choice":"Gold","floor":28.0,"gold_loss":0.0,"damage_taken":0.0},{"damage_healed":0,"gold_gain":100,"player_choice":"Pray","damage_taken":0,"max_hp_gain":0,"max_hp_loss":0,"event_name":"Golden Shrine","floor":48,"gold_loss":0}],"is_beta":false,"boss_relics":[{"not_picked":["Velvet Choker","Sozu"],"picked":"Calling Bell"},{"not_picked":["Coffee Dripper","Empty Cage"],"picked":"Black Star"}],"items_purged_floors":[4,21,36],"is_endless":false,"potions_floor_spawned":[5,7,8,14,18,23,31,39,40,41,44,45,54],"ascension_level":1}}