{"host":"g61l9u03ah4b44ex","time":1611071252,"event":{"mods":["Aspiration","BaseMod","Better Altar","Better Match","Better Sensory Stone","Better Skull","Better Third Choice","Conspire","Downfall","Hubris","Minty Spire (QoL Compilation)","Robot Space Explorer","Spicy Shops","StSLib","The Marked","Waifu the Spire"],"gold_per_floor":[99,111,111,96,110,20,71,86,115,132,132,159,59,76,95,195,195,95,106,106,106,117,117,117,134,146,173,92,177,39,57,71,171,171,171,191,191,70,20,70,118,118,162,112,12,34,34,54,71,71,71,71,71],"floor_reached":52,"language":"ENG","playtime":4511,"items_purged":["Regret","Writhe","bronze:Strike","bronze:Strike","bronze:Strike","bronze:Defend"],"score":1287,"play_id":"a3ce5446-3e3f-44f4-a07f-ec46990916f9","local_time":"20210119234732","is_ascension_mode":false,"campfire_choices":[{"data":"bronze:Goto","floor":1.0,"key":"SMITH"},{"floor":13.0,"key":"REST"},{"data":"bronze:Format","floor":18.0,"key":"SMITH"},{"data":"bronze:Shell","floor":23.0,"key":"SMITH"},{"floor":35.0,"key":"RECALL"},{"floor":45.0,"key":"REST"},{"data":"bronze:Repulsor","floor":47.0,"key":"SMITH"}],"circlet_count":0,"master_deck":["bronze:Strike+1","bronze:Defend","bronze:Defend","bronze:Defend","bronze:Replicate","bronze:Goto+1","bronze:Iterate","bronze:Frontload","bronze:ForLoop","bronze:Repulsor+1","bronze:HardenedForm","bronze:NullPointer","bronze:Boost+1","bronze:Shell+1","bronze:DarkDash","bronze:ChildClass","bronze:Format+1","bronze:Overload+1","RitualDagger+1","bronze:BuggyMess+1","bronze:DelayedSlice","expansioncontent:QuickStudy+1","bronze:BitShift","bronze:Turbo+1","bronze:Deprecate+1","bronze:AlphaBuild+1","bronze:DelayedGuard+1","bronze:ItsAFeature","bronze:OilSpill","bronze:Shell+1","bronze:CutThrough+1","bronze:Return"],"relics":["bronze:BronzeCore","Gremlin Horn","Matryoshka","Bag of Preparation","Smiling Mask","downfall:HeartBlessingBlue","Busted Crown","downfall:HeartBlessingGreen","Lantern","hubris:CuriousFeather","Vajra","conspire:TopHat","aspiration:FutureDiary","Whetstone","Happy Flower","Gambling Chip","CeramicFish","War Paint","hubris:Towel","HornCleat","downfall:HeartBlessingRed"],"acts_visited":["Exordium","TheCity","TheBeyond","TheEnding"],"potions_floor_usage":[49],"damage_taken":[{"damage":5.0,"enemies":"Small Slimes","floor":2.0,"turns":4.0},{"damage":10.0,"enemies":"downfall:FleeingMerchant","floor":4.0,"turns":4.0},{"damage":0.0,"enemies":"2 Louse","floor":5.0,"turns":2.0},{"damage":9.0,"enemies":"downfall:FleeingMerchant","floor":6.0,"turns":4.0},{"damage":0.0,"enemies":"Cultist","floor":8.0,"turns":4.0},{"damage":19.0,"enemies":"3 Sentries","floor":9.0,"turns":8.0},{"damage":8.0,"enemies":"Exordium Wildlife","floor":10.0,"turns":5.0},{"damage":0.0,"enemies":"Gremlin Nob","floor":12.0,"turns":4.0},{"damage":8.0,"enemies":"conspire:2 RoseBushes","floor":14.0,"turns":6.0},{"damage":0.0,"enemies":"2 Fungi Beasts","floor":15.0,"turns":4.0},{"damage":3.0,"enemies":"IC_STATUS_ARCHETYPE","floor":16.0,"turns":11.0},{"damage":0.0,"enemies":"Chosen","floor":19.0,"turns":5.0},{"damage":0.0,"enemies":"Spheric Guardian","floor":22.0,"turns":4.0},{"damage":0.0,"enemies":"Snecko","floor":25.0,"turns":5.0},{"damage":0.0,"enemies":"3 Cultists","floor":26.0,"turns":5.0},{"damage":3.0,"enemies":"Slavers","floor":27.0,"turns":4.0},{"damage":3.0,"enemies":"downfall:FleeingMerchant","floor":28.0,"turns":4.0},{"damage":0.0,"enemies":"downfall:FleeingMerchant","floor":30.0,"turns":4.0},{"damage":3.0,"enemies":"Snake Plant","floor":31.0,"turns":3.0},{"damage":0.0,"enemies":"Snecko","floor":32.0,"turns":5.0},{"damage":13.0,"enemies":"SI_MIRROR_ARCHETYPE","floor":33.0,"turns":12.0},{"damage":4.0,"enemies":"3 Darklings","floor":36.0,"turns":7.0},{"damage":0.0,"enemies":"downfall:FleeingMerchant","floor":38.0,"turns":1.0},{"damage":0.0,"enemies":"downfall:FleeingMerchant","floor":40.0,"turns":6.0},{"damage":42.0,"enemies":"Giant Head","floor":43.0,"turns":8.0},{"damage":0.0,"enemies":"3 Shapes","floor":46.0,"turns":2.0},{"damage":0.0,"enemies":"Transient","floor":48.0,"turns":5.0},{"damage":3,"enemies":"Jaw Worm Horde","floor":49,"turns":5},{"damage":0,"enemies":"WA_ARCHETYPE_DIVINITY","floor":50,"turns":13},{"damage":110,"enemies":"downfall:CharBossMerchant","floor":52,"turns":6}],"seed_played":"2566071056310856653","potions_obtained":[{"floor":8.0,"key":"bronze:BurnAndBuffPotion"},{"floor":10.0,"key":"BlessingOfTheForge"},{"floor":12.0,"key":"Fruit Juice"},{"floor":15.0,"key":"BlessingOfTheForge"},{"floor":16.0,"key":"LiquidMemories"},{"floor":22.0,"key":"Fire Potion"},{"floor":25.0,"key":"ColorlessPotion"},{"floor":26.0,"key":"Weak Potion"},{"floor":33.0,"key":"PowerPotion"},{"floor":40.0,"key":"LiquidMemories"},{"floor":43.0,"key":"Explosive Potion"},{"floor":48.0,"key":"SpeedPotion"}],"is_trial":false,"path_per_floor":["R","M","?","$","M","$","T","M","E","M","?","E","R","M","M","B",null,"R","M","?","?","M","R","T","M","M","E","$","?","$","M","M","B",null,"R","M","?","?","$","?","T","?","E","$","R","M","R","M","M","B",null,"E"],"character_chosen":"THE_AUTOMATON","items_purchased":["expansioncontent:QuickStudy","bronze:BitShift","bronze:ItsAFeature","Whetstone","Happy Flower"],"campfire_rested":2,"item_purchase_floors":[28,30,38,38,38],"current_hp_per_floor":[77,72,72,62,62,53,53,53,34,26,14,19,56,48,48,45,92,92,92,86,86,86,86,86,86,86,83,80,66,66,63,63,50,92,92,88,88,88,88,88,88,88,46,46,73,73,73,73,70,70,92,0,0],"gold":71,"neow_bonus":"TEN_PERCENT_HP_BONUS","is_daily":false,"chose_seed":false,"campfire_upgraded":4,"win_rate":0.0,"timestamp":1611071252,"path_taken":["R","M","?","$","M","$","T","M","E","M","?","E","R","M","M","BOSS","R","M","?","?","M","R","T","M","M","E","$","?","?","?","M","BOSS","R","M","?","?","$","?","T","?","E","?","R","M","R","?","M","BOSS","E"],"items_purchased_type":["Card","Card","Card","Relic","Relic"],"build_version":"2020-12-22","purchased_purges":6,"victory":false,"max_hp_per_floor":[77,77,77,77,77,77,77,77,77,77,77,82,92,92,92,92,92,92,92,92,92,92,92,92,92,92,92,92,92,92,92,92,92,92,92,92,92,92,92,92,92,92,92,92,92,92,92,92,92,92,92,92,92],"card_choices":[{"not_picked":["bronze:FineTuning","bronze:OilSpill"],"picked":"bronze:Iterate","floor":2.0},{"not_picked":["bronze:Branch","bronze:DelayedGuard"],"picked":"bronze:Frontload","floor":4.0},{"not_picked":["bronze:WhirlingStrike","bronze:Turbo"],"picked":"bronze:ForLoop","floor":5.0},{"not_picked":["bronze:BuggyMess","bronze:FineTuning"],"picked":"bronze:Repulsor","floor":6.0},{"not_picked":["bronze:ChildClass","bronze:DelayedSlice"],"picked":"bronze:HardenedForm","floor":8.0},{"not_picked":["bronze:ForLoop","bronze:BuggyMess"],"picked":"bronze:NullPointer","floor":9.0},{"not_picked":["bronze:Turbo","bronze:OilSpill"],"picked":"bronze:Boost","floor":10.0},{"not_picked":["bronze:FineTuning","bronze:WildBeam"],"picked":"bronze:Shell","floor":12.0},{"not_picked":["bronze:MaxOutput","bronze:Frontload"],"picked":"bronze:DarkDash","floor":14.0},{"not_picked":["bronze:CutThrough","bronze:OilSpill"],"picked":"bronze:ChildClass","floor":15.0},{"not_picked":["bronze:FindAndReplace","bronze:SpaghettiCode"],"picked":"bronze:Format","floor":16.0},{"not_picked":[],"picked":"bronze:Overload+1","floor":19.0},{"not_picked":["bronze:Frontload"],"picked":"SKIP","floor":22.0},{"not_picked":["bronze:Overheat"],"picked":"SKIP","floor":25.0},{"not_picked":[],"picked":"bronze:BuggyMess+1","floor":26.0},{"not_picked":["bronze:BugBarrage"],"picked":"SKIP","floor":27.0},{"not_picked":[],"picked":"bronze:DelayedSlice","floor":28.0},{"not_picked":["bronze:ShipIt"],"picked":"SKIP","floor":30.0},{"not_picked":[],"picked":"bronze:Turbo+1","floor":31.0},{"not_picked":[],"picked":"bronze:Deprecate+1","floor":32.0},{"not_picked":[],"picked":"bronze:AlphaBuild","floor":33.0},{"not_picked":[],"picked":"bronze:DelayedGuard+1","floor":36.0},{"not_picked":["bronze:WildBeam+1"],"picked":"SKIP","floor":38.0},{"not_picked":[],"picked":"bronze:OilSpill","floor":40.0},{"not_picked":[],"picked":"bronze:Shell+1","floor":43.0},{"not_picked":[],"picked":"bronze:CutThrough+1","floor":46.0},{"not_picked":[],"picked":"bronze:Return","floor":48.0},{"not_picked":["bronze:WhirlingStrike"],"picked":"SKIP","floor":49}],"player_experience":852931,"relics_obtained":[{"floor":9.0,"key":"Matryoshka"},{"floor":12.0,"key":"Smiling Mask"},{"floor":24.0,"key":"hubris:CuriousFeather"},{"floor":24.0,"key":"Vajra"},{"floor":27.0,"key":"conspire:TopHat"},{"floor":40.0,"key":"Gambling Chip"},{"floor":41.0,"key":"CeramicFish"},{"floor":41.0,"key":"War Paint"},{"floor":43.0,"key":"HornCleat"}],"event_choices":[{"damage_healed":0.0,"max_hp_gain":0.0,"max_hp_loss":0.0,"gold_gain":0.0,"event_name":"Big Fish","player_choice":"Box","floor":3.0,"gold_loss":0.0,"damage_taken":0.0,"relics_obtained":["Gremlin Horn"],"cards_obtained":["Regret"]},{"damage_healed":0.0,"max_hp_gain":0.0,"max_hp_loss":0.0,"gold_gain":1.0,"event_name":"betterThird:BetterScrap","player_choice":"Relic ","floor":11.0,"gold_loss":0.0,"damage_taken":12.0,"cards_obtained":["Infinite Blades"]}],"is_beta":false,"boss_relics":[{"not_picked":["hubris:GrandSneckoEye","hubris:Backtick"],"picked":"Busted Crown"},{"not_picked":["SacredBark","aspiration:RitualDagger"],"picked":"aspiration:FutureDiary"}],"items_purged_floors":[6,28,30,38,39,44],"is_endless":false,"potions_floor_spawned":[8,10,12,15,16,22,25,26,33,40,43,48],"killed_by":"downfall:CharBossMerchant","ascension_level":0}}