{"host":"skr63qsdfgeey3it","time":1611089320,"event":{"mods":["BaseMod","Colored Map","Hubris","Minty Spire (QoL Compilation)","Replay The Spire","Spicy Shops","StSLib"],"gold_per_floor":[110,130,145,145,145,178,178,191,191,223,223,251,11,26,26,97,97,114,39,39,54,64,64,64,64,64],"floor_reached":25,"language":"ENG","playtime":1094,"items_purged":["Strike_R"],"score":365,"play_id":"16e07207-ec43-4008-9c6a-a15e14870db6","local_time":"20210119144840","is_ascension_mode":true,"campfire_choices":[{"data":"Fiend Fire","floor":11,"key":"SMITH"},{"floor":15,"key":"REST"},{"floor":23,"key":"REST"}],"circlet_count":0,"master_deck":["AscendersBane","Strike_R","Strike_R","Strike_R","Strike_R","Defend_R","Defend_R","Defend_R","Defend_R","Bash","hubris:EnhanceAbility+1","Perfected Strike","Metallicize","ReplayTheSpireMod:LeadingStrike","Fiend Fire+1","Rage+1","Crow Ritual","Flex+1","Sword Boomerang","hubris:ReadiedAction+1","Exhume+1","Ghostly Armor+1","Dark Embrace"],"relics":["Burning Blood","hubris:Towel","hubris:GlazedTorus","hubris:OldNail","Toxic Egg 2","Tiny Chest","Replay:Wax Seal","Painkiller Herb"],"acts_visited":["Exordium","TheCity"],"potions_floor_usage":[6,10,16,22,22],"damage_taken":[{"damage":3,"enemies":"Jaw Worm","floor":1,"turns":4},{"damage":14,"enemies":"Small Slimes","floor":2,"turns":4},{"damage":3,"enemies":"Cultist","floor":3,"turns":3},{"damage":17,"enemies":"Gremlin Nob","floor":6,"turns":4},{"damage":8,"enemies":"Looter","floor":8,"turns":2},{"damage":17,"enemies":"3 Sentries","floor":10,"turns":8},{"damage":29,"enemies":"Lagavulin","floor":12,"turns":5},{"damage":12,"enemies":"Exordium Wildlife","floor":14,"turns":6},{"damage":16,"enemies":"The Guardian","floor":16,"turns":9},{"damage":33,"enemies":"2 Thieves","floor":18,"turns":4},{"damage":18,"enemies":"Shell Parasite","floor":21,"turns":6},{"damage":9,"enemies":"Centurion and Healer","floor":22,"turns":13},{"damage":29,"enemies":"Book of Stabbing","floor":25,"turns":3}],"seed_played":"6938521778389751506","potions_obtained":[{"floor":1,"key":"Milkshake"},{"floor":3,"key":"Weak Potion"},{"floor":6,"key":"Fire Potion"},{"floor":14,"key":"SpeedPotion"},{"floor":21,"key":"ElixirPotion"}],"is_trial":false,"path_per_floor":["M","M","M","?","?","E","?","M","T","E","R","E","$","M","R","B",null,"?","T","?","?","?","T","?","E"],"character_chosen":"IRONCLAD","items_purchased":["Crow Ritual","Flex+1","Sword Boomerang"],"campfire_rested":2,"item_purchase_floors":[13,13,13],"current_hp_per_floor":[72,64,67,67,67,56,53,51,51,40,40,17,17,11,32,22,60,33,33,33,21,18,39,26,0,0],"gold":64,"neow_bonus":"RANDOM_COLORLESS_2","is_daily":false,"chose_seed":false,"campfire_upgraded":1,"win_rate":0.0,"timestamp":1611089320,"path_taken":["M","M","M","?","?","E","?","M","T","E","R","E","$","M","R","BOSS","?","T","?","?","?","T","?","E"],"items_purchased_type":["Card","Card","Card"],"build_version":"2020-12-22","purchased_purges":1,"victory":false,"max_hp_per_floor":[72,72,72,72,72,72,72,72,72,72,72,72,72,72,72,72,72,72,72,72,72,72,72,77,77,77],"card_choices":[{"not_picked":["ReplayTheSpireMod:Necrogeddon","Secret Weapon"],"picked":"hubris:EnhanceAbility","floor":0},{"not_picked":["Anger","Heavy Blade"],"picked":"Perfected Strike","floor":1},{"not_picked":["Searing Blow","Iron Wave"],"picked":"Metallicize","floor":2},{"not_picked":["Headbutt","Pommel Strike"],"picked":"ReplayTheSpireMod:LeadingStrike","floor":3},{"not_picked":["Replay:Undeath\u0027s Touch","True Grit","Anger"],"picked":"SKIP","floor":6},{"not_picked":["Blood for Blood","Seeing Red","Cleave"],"picked":"SKIP","floor":8},{"not_picked":["Wild Strike","Clothesline"],"picked":"Fiend Fire","floor":10},{"not_picked":["Heavy Blade","Clash"],"picked":"Rage+1","floor":12},{"not_picked":["Feel No Pain","Pommel Strike"],"picked":"hubris:ReadiedAction+1","floor":14},{"not_picked":["Double Tap+1","Brutality"],"picked":"Exhume+1","floor":16},{"not_picked":["Rage+1","Wild Strike"],"picked":"Ghostly Armor+1","floor":18},{"not_picked":["Wild Strike","Havoc+1"],"picked":"Dark Embrace","floor":21},{"not_picked":["Wild Strike","Sword Boomerang","ReplayTheSpireMod:Limb From Limb"],"picked":"SKIP","floor":22}],"player_experience":756648,"relics_obtained":[{"floor":6,"key":"hubris:GlazedTorus"},{"floor":9,"key":"Toxic Egg 2"},{"floor":10,"key":"Tiny Chest"},{"floor":12,"key":"Replay:Wax Seal"}],"event_choices":[{"damage_healed":0,"gold_gain":0,"player_choice":"Grow","damage_taken":0,"max_hp_gain":0,"max_hp_loss":0,"event_name":"Living Wall","floor":5,"gold_loss":0,"cards_upgraded":["hubris:EnhanceAbility"]},{"damage_healed":0,"gold_gain":0,"player_choice":"Success","damage_taken":3,"relics_obtained":["hubris:OldNail"],"max_hp_gain":0,"max_hp_loss":0,"event_name":"Scrap Ooze","floor":7,"gold_loss":0},{"damage_healed":0,"gold_gain":0,"player_choice":"Ignored","damage_taken":0,"max_hp_gain":0,"max_hp_loss":0,"event_name":"Cursed Tome","floor":20,"gold_loss":0},{"damage_healed":0,"gold_gain":0,"player_choice":"Shed Blood","damage_taken":18,"max_hp_gain":5,"max_hp_loss":0,"event_name":"Forgotten Altar","floor":24,"gold_loss":0}],"is_beta":false,"boss_relics":[{"not_picked":["Astrolabe","Coffee Dripper"],"picked":"Painkiller Herb"}],"items_purged_floors":[19],"is_endless":false,"potions_floor_spawned":[1,3,6,14,21],"killed_by":"Book of Stabbing","ascension_level":13}}