{"host":"Qube","time":1611081020,"event":{"mods":["AchievementEnabler","BaseMod","Colored Map","Colored Powertips","Highlight Path","Minty Spire (QoL Compilation)","Permanent Neow","Quick Restart","Random Character Button","StSLib"],"gold_per_floor":[112,9,28,28,28,62,62,79,102,102,133,133,148,180,180,254,254,264,189,189,200,214,214,264,264,264,280,280,293,293,293],"floor_reached":30,"language":"ENG","playtime":1081,"items_purged":[],"score":496,"play_id":"a9aee08b-66cf-48f0-9b09-9831ce25b013","local_time":"20210119103020","is_ascension_mode":true,"campfire_choices":[{"data":"Noxious Fumes","floor":7.0,"key":"SMITH"},{"data":"Burst","floor":10.0,"key":"SMITH"},{"data":"Crippling Poison","floor":12.0,"key":"SMITH"},{"floor":15.0,"key":"REST"},{"floor":23,"key":"REST"},{"data":"Adrenaline","floor":28,"key":"SMITH"}],"circlet_count":0,"master_deck":["AscendersBane","Strike_G+1","Strike_G+1","Defend_G","Defend_G","Defend_G","Survivor","Neutralize+1","Noxious Fumes+1","Bandage Up","Predator+1","Burst+1","Bane","Crippling Poison+1","Deadly Poison","Predator","Adrenaline+1","Dash","Acrobatics","Cloak And Dagger","Distraction+1","Deadly Poison+1"],"relics":["Velvet Choker","Whetstone","Art of War","Question Card","Frozen Egg 2","Empty Cage","Toxic Egg 2"],"acts_visited":["Exordium","TheCity"],"potions_floor_usage":[],"damage_taken":[{"damage":0.0,"enemies":"Cultist","floor":1.0,"turns":5.0},{"damage":0.0,"enemies":"Small Slimes","floor":3.0,"turns":5.0},{"damage":12.0,"enemies":"3 Sentries","floor":6.0,"turns":8.0},{"damage":0.0,"enemies":"2 Louse","floor":8.0,"turns":2.0},{"damage":16.0,"enemies":"Lagavulin","floor":11.0,"turns":8.0},{"damage":14.0,"enemies":"Red Slaver","floor":13.0,"turns":2.0},{"damage":16.0,"enemies":"3 Sentries","floor":14.0,"turns":6.0},{"damage":19.0,"enemies":"Slime Boss","floor":16.0,"turns":8.0},{"damage":15.0,"enemies":"Shell Parasite","floor":18.0,"turns":3.0},{"damage":10.0,"enemies":"Spheric Guardian","floor":21.0,"turns":4.0},{"damage":25,"enemies":"Snake Plant","floor":22,"turns":4},{"damage":9,"enemies":"3 Cultists","floor":27,"turns":5},{"damage":8,"enemies":"Snecko","floor":29,"turns":4},{"damage":5,"enemies":"Cultist and Chosen","floor":30,"turns":3}],"seed_played":"-2444708378347114060","potions_obtained":[{"floor":1.0,"key":"BlessingOfTheForge"},{"floor":11.0,"key":"Swift Potion"},{"floor":27,"key":"Weak Potion"}],"is_trial":false,"path_per_floor":["M","$","M","?","?","E","R","M","T","R","E","R","M","E","R","B",null,"M","?","?","M","M","R","?","?","T","M","R","M","M"],"character_chosen":"THE_SILENT","items_purchased":["Bandage Up"],"campfire_rested":2,"item_purchase_floors":[2],"current_hp_per_floor":[59,59,63,43,43,43,43,51,51,51,39,39,33,25,44,29,57,42,42,42,36,11,30,30,35,35,30,30,26,29,29],"gold":293,"neow_bonus":"BOSS_RELIC","is_daily":false,"chose_seed":false,"campfire_upgraded":4,"win_rate":0.0,"timestamp":1611081020,"path_taken":["M","?","M","?","?","E","R","M","T","R","E","R","?","E","R","BOSS","M","?","?","M","?","R","?","?","T","M","R","?","M"],"items_purchased_type":["Card"],"build_version":"2020-12-18","purchased_purges":0,"victory":false,"max_hp_per_floor":[66,66,66,66,66,66,66,66,66,66,66,66,66,66,66,66,66,66,66,66,66,66,66,66,66,66,66,66,66,66,66],"card_choices":[{"not_picked":["All Out Attack","Acrobatics"],"picked":"Noxious Fumes","floor":1.0},{"not_picked":["Deadly Poison","Bane"],"picked":"Predator","floor":3.0},{"not_picked":["Dagger Spray","Caltrops"],"picked":"Slice","floor":6.0},{"not_picked":["Underhanded Strike","Backflip"],"picked":"Bane","floor":8.0},{"not_picked":["Tools of the Trade","Acrobatics"],"picked":"Crippling Poison","floor":11.0},{"not_picked":["Underhanded Strike","Setup","Dodge and Roll"],"picked":"Deadly Poison","floor":13.0},{"not_picked":["Blur","Choke","Quick Slash"],"picked":"Predator","floor":14.0},{"not_picked":["Envenom+1","Burst","Malaise"],"picked":"Adrenaline","floor":16.0},{"not_picked":["Slice","Riddle With Holes","Dagger Throw"],"picked":"Dash","floor":18.0},{"not_picked":["Cloak And Dagger","Caltrops+1","Sucker Punch"],"picked":"Acrobatics","floor":21.0},{"not_picked":["Slice","Bane+1","Caltrops+1"],"picked":"Cloak And Dagger","floor":22},{"not_picked":["Underhanded Strike","Blade Dance+1","Dagger Throw"],"picked":"Distraction+1","floor":27},{"not_picked":["Caltrops+1","Dagger Spray","All Out Attack"],"picked":"Deadly Poison+1","floor":29}],"player_experience":945304,"relics_obtained":[{"floor":6.0,"key":"Whetstone"},{"floor":9.0,"key":"Art of War"},{"floor":11.0,"key":"Question Card"},{"floor":14.0,"key":"Frozen Egg 2"},{"floor":26,"key":"Toxic Egg 2"}],"event_choices":[{"damage_healed":0.0,"max_hp_gain":0.0,"max_hp_loss":0.0,"gold_gain":0.0,"event_name":"Shining Light","player_choice":"Entered Light","floor":4.0,"gold_loss":0.0,"damage_taken":20.0,"cards_upgraded":["Neutralize","Strike_G"]},{"damage_healed":0.0,"max_hp_gain":0.0,"max_hp_loss":0.0,"gold_gain":0.0,"cards_transformed":["Defend_G"],"event_name":"Transmorgrifier","player_choice":"Transformed","floor":5.0,"gold_loss":0.0,"damage_taken":0.0,"cards_obtained":["Burst"]},{"cards_removed":["Strike_G"],"damage_healed":0.0,"max_hp_gain":0.0,"max_hp_loss":0.0,"gold_gain":0.0,"event_name":"Beggar","player_choice":"Gave Gold","floor":19.0,"gold_loss":75.0,"damage_taken":0.0},{"cards_removed":["Defend_G"],"damage_healed":0.0,"max_hp_gain":0.0,"max_hp_loss":0.0,"gold_gain":0.0,"event_name":"Purifier","player_choice":"Purged","floor":20.0,"gold_loss":0.0,"damage_taken":0.0},{"damage_healed":0,"gold_gain":50,"player_choice":"Stole From Cult","damage_taken":0,"max_hp_gain":0,"max_hp_loss":0,"event_name":"Nest","floor":24,"gold_loss":0},{"cards_removed":["Slice"],"damage_healed":5,"gold_gain":0,"player_choice":"Offered Common","damage_taken":0,"max_hp_gain":0,"max_hp_loss":0,"event_name":"Bonfire Elementals","floor":25,"gold_loss":0},{"cards_removed":["Slice"],"damage_healed":5,"gold_gain":0,"player_choice":"Offered Special","damage_taken":0,"max_hp_gain":0,"max_hp_loss":0,"event_name":"Bonfire Elementals","floor":25,"gold_loss":0}],"is_beta":true,"boss_relics":[{"not_picked":["Busted Crown","Ectoplasm"],"picked":"Empty Cage"}],"items_purged_floors":[],"is_endless":false,"potions_floor_spawned":[1,11,27],"killed_by":"Cultist and Chosen","ascension_level":20}}