{"host":"56ghxnzsglgdq727","time":1611047363,"event":{"mods":["AchievementEnabler","BaseMod","Downfall","Duelist Mod","Minty Spire (QoL Compilation)","Rare Cards Sparkle","StSLib","The Bug Knight","The Exalted","The Senshi","The Wild Card"],"gold_per_floor":[11,11,11,23,38,38,66,66,66,77,77,95,106,31,31,134,134,151,171,86,86,103,128,128,128,152,52,52,52,52,52,52,147,147,163,20,20,31,31,31,31,62,62,62,0,12,62,82,82,82,82],"floor_reached":50,"language":"ENG","playtime":2123,"items_purged":["theSenshi:SailorKick","theSenshi:SailorBlock"],"score":536,"play_id":"d234d787-50ef-40e5-bbbc-d1103004cd3e","local_time":"20210119040923","is_ascension_mode":false,"campfire_choices":[{"data":"theSenshi:MoonPower","floor":6,"key":"SMITH"},{"data":"theSenshi:RoseThrow","floor":8,"key":"SMITH"},{"floor":11,"key":"REST"},{"floor":15,"key":"REST"},{"data":"theSenshi:CrisisMakeUp","floor":24,"key":"SMITH"},{"data":"theSenshi:CrisisMakeUp","floor":28,"key":"SMITH"},{"floor":32,"key":"REST"},{"data":"theSenshi:RainbowMoonHeartAche","floor":40,"key":"SMITH"},{"data":"theSenshi:MoonCosmicPowerMakeUp","floor":44,"key":"SMITH"},{"floor":49,"key":"REST"}],"circlet_count":0,"master_deck":["theSenshi:SailorKick","theSenshi:SailorKick","theSenshi:SailorBlock","theSenshi:SailorBlock","theSenshi:RoseThrow+1","theSenshi:MoonPrismPowerMakeUp","Master of Strategy","theSenshi:MoonCosmicPowerMakeUp+1","theSenshi:MoonCrystalPowerMakeUp","theSenshi:CrisisMakeUp+1","theSenshi:RainbowMoonHeartAche+1","theSenshi:WarriorOfTheMoon","theSenshi:CrisisMakeUp+1","theSenshi:MoonHealingEscalation","theSenshi:FatedKiss","Panacea"],"relics":["theSenshi:TransformationBroochRelic","Du-Vu Doll","champ:DeflectingBracers","Bromod:ArcaneUltimatum","Bromod:ArcaneBarrier","FossilizedHelix","Juzu Bracelet","Lantern","Black Star","theSenshi:CutieMoonRodRelic","Anchor","Bird Faced Urn","Bromod:ArcaneAegis","Red Mask","champ:DuelingGlove"],"acts_visited":["Exordium","TheCity","TheBeyond"],"potions_floor_usage":[7,16,18,23,33,46,47,48,48],"damage_taken":[{"damage":7,"enemies":"Jaw Worm","floor":1,"turns":4},{"damage":4,"enemies":"2 Louse","floor":4,"turns":3},{"damage":0,"enemies":"Cultist","floor":5,"turns":3},{"damage":27,"enemies":"Lagavulin","floor":7,"turns":6},{"damage":0,"enemies":"2 Fungi Beasts","floor":10,"turns":2},{"damage":4,"enemies":"3 Louse","floor":12,"turns":3},{"damage":7,"enemies":"Exordium Wildlife","floor":13,"turns":3},{"damage":19,"enemies":"The Guardian","floor":16,"turns":12},{"damage":23,"enemies":"Spheric Guardian","floor":18,"turns":4},{"damage":15,"enemies":"Snake Plant","floor":19,"turns":5},{"damage":17,"enemies":"Centurion and Healer","floor":22,"turns":6},{"damage":25,"enemies":"theDuelist:KaibaA2","floor":23,"turns":5},{"damage":58,"enemies":"Collector","floor":33,"turns":17},{"damage":8,"enemies":"3 Shapes","floor":35,"turns":7},{"damage":16,"enemies":"Orb Walker","floor":38,"turns":5},{"damage":26,"enemies":"Giant Head","floor":42,"turns":9},{"damage":59,"enemies":"Writhing Mass","floor":46,"turns":9},{"damage":26,"enemies":"Mind Bloom Boss Battle","floor":47,"turns":7},{"damage":11,"enemies":"Maw","floor":48,"turns":9},{"damage":57,"enemies":"Time Eater","floor":50,"turns":5}],"seed_played":"4159405503033426869","potions_obtained":[{"floor":4,"key":"Block Potion"},{"floor":13,"key":"champ:CounterPotion"},{"floor":16,"key":"Fire Potion"},{"floor":19,"key":"Fire Potion"},{"floor":23,"key":"SkillPotion"},{"floor":33,"key":"Ancient Potion"},{"floor":35,"key":"bronze:BurnAndBuffPotion"},{"floor":42,"key":"Strength Potion"},{"floor":46,"key":"Energy Potion"}],"is_trial":false,"path_per_floor":["M","?","?","M","M","R","E","R","T","M","R","M","M","$","R","B",null,"M","M","?","?","M","E","R","?","T","$","R","?","?","?","R","B",null,"M","$","?","M","$","R","?","E","T","R","?","M","?","M","R","B"],"character_chosen":"THE_SENSHI","items_purchased":["theSenshi:CutieMoonRodRelic"],"campfire_rested":4,"item_purchase_floors":[36],"current_hp_per_floor":[68,56,61,57,57,57,30,30,30,30,54,50,43,43,67,48,80,57,47,47,90,73,48,48,48,48,48,48,48,48,48,75,32,90,90,90,80,64,64,64,64,48,48,48,48,16,7,18,45,0,0],"gold":82,"neow_bonus":"RANDOM_COLORLESS_2","is_daily":false,"chose_seed":false,"campfire_upgraded":6,"win_rate":0.0,"timestamp":1611047363,"path_taken":["M","?","?","M","M","R","E","R","T","M","R","M","M","$","R","BOSS","M","M","?","?","?","E","R","?","T","$","R","?","?","?","R","BOSS","M","$","?","M","$","R","?","E","T","R","?","M","?","M","R","BOSS"],"items_purchased_type":["Relic"],"build_version":"2020-12-22","purchased_purges":2,"victory":false,"max_hp_per_floor":[75,75,80,80,80,80,80,80,80,80,80,80,80,80,80,80,80,80,80,80,90,90,90,90,90,90,90,90,90,90,90,90,90,90,90,90,90,90,90,90,90,90,90,90,90,90,90,90,90,90,90],"card_choices":[{"not_picked":["Panache","Mayhem"],"picked":"Master of Strategy","floor":0},{"not_picked":["theSenshi:MoonKick","theSenshi:SchoolBag"],"picked":"theSenshi:MoonPower","floor":1},{"not_picked":["theSenshi:SailorStarMakerAssists","theSenshi:SailorPlanetPower","theSenshi:SailorVenusAssists"],"picked":"SKIP","floor":4},{"not_picked":["theSenshi:UranusStrength","theSenshi:MoonTwilightFlash","theSenshi:MoonKick"],"picked":"SKIP","floor":5},{"not_picked":["theSenshi:MoonPower","theSenshi:TallSilhouette","theSenshi:SupersonicWaves"],"picked":"SKIP","floor":7},{"not_picked":["theSenshi:HesSoDreamy","theSenshi:LateForSchool","theSenshi:SailorStarHealerAssists"],"picked":"SKIP","floor":10},{"not_picked":["theSenshi:EncouragingSpeech","theSenshi:MoonTwilightFlash","theSenshi:Overload"],"picked":"SKIP","floor":12},{"not_picked":["theSenshi:LateForSchool","theSenshi:MoonTiaraMagic"],"picked":"theSenshi:MoonCosmicPowerMakeUp","floor":13},{"not_picked":["theSenshi:WarriorOfTheMoon","theSenshi:SailorPlutoAssists"],"picked":"theSenshi:SailorStarHealerAssists","floor":16},{"not_picked":["theSenshi:MoonPunch","theSenshi:SailorMarsAssists"],"picked":"theSenshi:MoonCrystalPowerMakeUp","floor":18},{"not_picked":["theSenshi:SailorChibiMoonAssists","theSenshi:MercurysCunning+1","theSenshi:SupersonicWaves"],"picked":"SKIP","floor":19},{"not_picked":["theSenshi:JupitersPower","theSenshi:UranusStrength"],"picked":"theSenshi:CrisisMakeUp","floor":22},{"not_picked":["theSenshi:SteeledNerves+1","theSenshi:SchoolBag+1"],"picked":"theSenshi:RainbowMoonHeartAche","floor":23},{"not_picked":["theSenshi:IWillPunishYou","theSenshi:MoonGorgeousMeditation"],"picked":"theSenshi:FatedKiss","floor":33},{"not_picked":["theSenshi:EncouragingSpeech+1","theSenshi:GatheringStrength","theSenshi:SchoolBag+1"],"picked":"SKIP","floor":35},{"not_picked":["Transmutation","Dramatic Entrance"],"picked":"Panacea","floor":37},{"not_picked":["theSenshi:SupersonicWaves","theSenshi:RainbowMoonHeartAche","theSenshi:SailorStarMakerAssists+1"],"picked":"SKIP","floor":38},{"not_picked":["theSenshi:SteeledNerves","theSenshi:MoonPrincessHalation","theSenshi:SailorVenusAssists+1"],"picked":"SKIP","floor":42},{"not_picked":["theSenshi:UranusStrength+1","theSenshi:Overload+1","theSenshi:SchoolBag"],"picked":"SKIP","floor":46},{"not_picked":["theSenshi:LateForSchool","theSenshi:SailorMarsAssists","theSenshi:SailorPlanetAttack+1"],"picked":"SKIP","floor":48}],"player_experience":289629,"relics_obtained":[{"floor":7,"key":"champ:DeflectingBracers"},{"floor":9,"key":"Bromod:ArcaneUltimatum"},{"floor":23,"key":"Juzu Bracelet"},{"floor":26,"key":"Lantern"},{"floor":42,"key":"Anchor"},{"floor":42,"key":"Bird Faced Urn"},{"floor":43,"key":"Bromod:ArcaneAegis"},{"floor":47,"key":"champ:DuelingGlove"}],"event_choices":[{"damage_healed":0,"gold_gain":0,"player_choice":"Success","damage_taken":12,"relics_obtained":["Du-Vu Doll"],"max_hp_gain":0,"max_hp_loss":0,"event_name":"Scrap Ooze","floor":2,"gold_loss":0},{"damage_healed":0,"gold_gain":0,"player_choice":"Donut","damage_taken":0,"max_hp_gain":5,"max_hp_loss":0,"event_name":"Big Fish","floor":3,"gold_loss":0},{"damage_healed":0,"gold_gain":0,"player_choice":"Obtained Relic","damage_taken":0,"relics_obtained":["FossilizedHelix"],"max_hp_gain":0,"max_hp_loss":0,"event_name":"Addict","floor":20,"gold_loss":85},{"cards_removed":["theSenshi:SailorStarHealerAssists"],"damage_healed":33,"gold_gain":0,"player_choice":"Offered Rare","damage_taken":0,"max_hp_gain":10,"max_hp_loss":0,"event_name":"Bonfire Elementals","floor":21,"gold_loss":0},{"damage_healed":0,"gold_gain":0,"cards_transformed":["theSenshi:SailorKick","theSenshi:SailorBlock"],"player_choice":"Became Test Subject","damage_taken":0,"max_hp_gain":0,"max_hp_loss":0,"event_name":"Drug Dealer","floor":25,"gold_loss":0,"cards_obtained":["theSenshi:WarriorOfTheMoon","theSenshi:CrisisMakeUp"]},{"damage_healed":0,"gold_gain":0,"player_choice":"Read","damage_taken":0,"max_hp_gain":0,"max_hp_loss":0,"event_name":"The Library","floor":30,"gold_loss":0,"cards_obtained":["theSenshi:MoonHealingEscalation"]},{"damage_healed":0,"gold_gain":0,"cards_transformed":["theSenshi:MoonPower"],"player_choice":"Transformed","damage_taken":0,"max_hp_gain":0,"max_hp_loss":0,"event_name":"Transmorgrifier","floor":31,"gold_loss":0,"cards_obtained":["theSenshi:InTheNickOfTime"]},{"damage_healed":0,"gold_gain":0,"player_choice":"Memory 3","damage_taken":10,"max_hp_gain":0,"max_hp_loss":0,"event_name":"SensoryStone","floor":37,"gold_loss":0},{"cards_removed":["theSenshi:InTheNickOfTime"],"damage_healed":0,"gold_gain":0,"player_choice":"Purged","damage_taken":0,"max_hp_gain":0,"max_hp_loss":0,"event_name":"Purifier","floor":41,"gold_loss":0},{"damage_healed":0,"gold_gain":0,"player_choice":"Paid","damage_taken":0,"relics_obtained":["Red Mask"],"max_hp_gain":0,"max_hp_loss":0,"event_name":"Tomb of Lord Red Mask","floor":45,"gold_loss":62},{"damage_healed":0,"gold_gain":0,"player_choice":"Fight","damage_taken":0,"max_hp_gain":0,"max_hp_loss":0,"event_name":"MindBloom","floor":47,"gold_loss":0}],"is_beta":false,"boss_relics":[{"not_picked":["Fusion Hammer","Runic Dome"],"picked":"Bromod:ArcaneBarrier"},{"not_picked":["Velvet Choker","Tiny House"],"picked":"Black Star"}],"items_purged_floors":[14,27],"is_endless":false,"potions_floor_spawned":[4,13,16,19,23,33,35,42,46],"killed_by":"Time Eater","ascension_level":0}}