{"host":"746m694if73h3gai","time":1611065198,"event":{"mods":["2.2 Compatiblity","AchievementEnabler","Act Like it!","BaseMod","Bestiary","Colored Map","Colored Powertips","Downfall","Minty Spire (QoL Compilation)","Quick Restart","Rare Cards Sparkle","Relic Stats","StSLib","The Cursed","Wandering Minibosses","everything is the same but u backflip on backflip","slay the spire mod where everything is the same but ironclad has a cowboy hat"],"gold_per_floor":[111,130,106,119,119,119,146,171,206,218,260,19,43,43,43,148,148,164,89,89,103,123,123,154,154,154,28,46,46,61,80,80,185,185,200,214,214,214,214],"floor_reached":38,"language":"ENG","playtime":1939,"items_purged":["Strike_G"],"score":465,"play_id":"8924acb7-26ed-4869-bbf0-5ffad775ebc5","local_time":"20210119150638","is_ascension_mode":true,"campfire_choices":[{"data":"Footwork","floor":6,"key":"SMITH"},{"floor":10,"key":"REST"},{"data":"A Thousand Cuts","floor":15,"key":"SMITH"},{"data":"Tools of the Trade","floor":23,"key":"SMITH"},{"floor":25,"key":"REST"},{"floor":29,"key":"REST"},{"data":"Tactician","floor":32,"key":"SMITH"}],"circlet_count":0,"master_deck":["Strike_G","Defend_G","Defend_G","Defend_G","Defend_G","Defend_G","Survivor","Neutralize","Footwork+1","Sucker Punch","Cloak And Dagger","A Thousand Cuts+1","Dagger Throw","Blur","Infinite Blades","Underhanded Strike","Tools of the Trade+1","Heel Hook+1","Footwork+1","Reflex","PiercingWail","Slice","Deflect","Eviscerate","Tactician+1","Blur","Storm of Steel"],"relics":["Ring of the Snake","Tingsha","MawBank","Toy Ornithopter","Nunchaku","Bottled Tornado","Odd Mushroom","WristBlade","TungstenRod","Smiling Mask","Black Star"],"acts_visited":["TheCity","TheBeyond"],"potions_floor_usage":[11,13,31,33,33,38],"damage_taken":[{"damage":0,"enemies":"Cultist","floor":1,"turns":4},{"damage":2,"enemies":"Jaw Worm","floor":2,"turns":7},{"damage":0,"enemies":"Small Slimes","floor":4,"turns":4},{"damage":16,"enemies":"3 Sentries","floor":7,"turns":8},{"damage":8,"enemies":"2 Fungi Beasts","floor":8,"turns":4},{"damage":4,"enemies":"Lagavulin","floor":11,"turns":9},{"damage":1,"enemies":"The Mushroom Lair","floor":13,"turns":6},{"damage":38,"enemies":"Hexaghost","floor":16,"turns":13},{"damage":6,"enemies":"Shell Parasite","floor":18,"turns":5},{"damage":7,"enemies":"Chosen","floor":21,"turns":7},{"damage":9,"enemies":"Shelled Parasite and Fungi","floor":22,"turns":8},{"damage":34,"enemies":"Book of Stabbing","floor":24,"turns":8},{"damage":0,"enemies":"Snecko","floor":28,"turns":6},{"damage":8,"enemies":"Cultist and Chosen","floor":30,"turns":6},{"damage":7,"enemies":"Centurion and Healer","floor":31,"turns":5},{"damage":9,"enemies":"Collector","floor":33,"turns":9},{"damage":5,"enemies":"3 Shapes","floor":35,"turns":4},{"damage":38,"enemies":"3 Darklings","floor":36,"turns":6},{"damage":32,"enemies":"4 Shapes","floor":38,"turns":3}],"seed_played":"-5041596095270894241","potions_obtained":[{"floor":1,"key":"Fire Potion"},{"floor":7,"key":"BlessingOfTheForge"},{"floor":11,"key":"DuplicationPotion"},{"floor":13,"key":"SteroidPotion"},{"floor":21,"key":"LiquidBronze"},{"floor":30,"key":"CunningPotion"},{"floor":36,"key":"SkillPotion"}],"is_trial":false,"path_per_floor":["M","M","$","M","?","R","E","M","T","R","E","$","?","?","R","B",null,"M","?","?","M","M","R","E","R","T","$","M","R","M","M","R","B",null,"M","M","?","M"],"character_chosen":"THE_SILENT","items_purchased":["Cloak And Dagger","Bottled Tornado","Slice","Deflect"],"campfire_rested":3,"item_purchase_floors":[3,12,27,27],"current_hp_per_floor":[63,61,61,61,54,54,38,30,30,48,49,49,53,53,53,15,63,57,57,57,50,41,41,7,25,25,25,25,43,35,33,33,34,63,58,20,20,0,0],"gold":214,"neow_bonus":"ONE_RARE_RELIC","is_daily":false,"chose_seed":false,"campfire_upgraded":4,"win_rate":0.0,"timestamp":1611065198,"path_taken":["M","?","?","M","?","R","E","M","T","R","E","$","?","?","R","BOSS","M","?","?","M","?","R","E","R","T","$","M","R","M","M","R","BOSS","M","M","?","M"],"items_purchased_type":["Card","Relic","Card","Card"],"build_version":"2020-12-22","purchased_purges":1,"victory":false,"max_hp_per_floor":[63,63,63,63,63,63,63,63,63,63,63,63,63,63,63,63,63,63,63,63,63,63,63,63,63,63,63,63,63,63,63,63,63,63,63,63,63,63,63],"relic_stats":{"Nunchaku":[18],"counters":[19,122],"Tingsha":[215],"Black Star":0,"MawBank":60,"Smiling Mask":25,"obtain_stats":[{"Nunchaku":11,"WristBlade":17,"Tingsha":0,"Black Star":34,"Bottled Tornado":12,"Odd Mushroom":13,"MawBank":7,"Smiling Mask":26,"Toy Ornithopter":9,"TungstenRod":24,"Ring of the Snake":0},{"Nunchaku":6,"WristBlade":8,"Tingsha":0,"Black Star":16,"Bottled Tornado":6,"Odd Mushroom":7,"MawBank":4,"Smiling Mask":12,"Toy Ornithopter":5,"TungstenRod":12,"Ring of the Snake":0},{"Nunchaku":36,"WristBlade":55,"Tingsha":0,"Black Star":109,"Bottled Tornado":36,"Odd Mushroom":42,"MawBank":23,"Smiling Mask":83,"Toy Ornithopter":27,"TungstenRod":83,"Ring of the Snake":0}],"Toy Ornithopter":30,"TungstenRod":17,"Ring of the Snake":[38]},"card_choices":[{"not_picked":["Cloak And Dagger","Blade Dance"],"picked":"Footwork","floor":1},{"not_picked":["Quick Slash","Bouncing Flask"],"picked":"Sucker Punch","floor":2},{"not_picked":["Blade Dance","Sucker Punch"],"picked":"A Thousand Cuts","floor":4},{"not_picked":["Poisoned Stab","Prepared"],"picked":"Dagger Throw","floor":7},{"not_picked":["Flechettes","Endless Agony"],"picked":"Blur","floor":8},{"not_picked":["Choke","Prepared"],"picked":"Infinite Blades","floor":11},{"not_picked":["Setup","Backflip"],"picked":"Underhanded Strike","floor":13},{"not_picked":["Grand Finale","Doppelganger"],"picked":"Tools of the Trade","floor":16},{"not_picked":["PiercingWail","Expertise+1"],"picked":"Heel Hook+1","floor":18},{"not_picked":["Flying Knee+1","Cloak And Dagger"],"picked":"Reflex","floor":21},{"not_picked":["Outmaneuver","Bane","Infinite Blades"],"picked":"SKIP","floor":22},{"not_picked":["Bouncing Flask","Die Die Die"],"picked":"PiercingWail","floor":24},{"not_picked":["Distraction","PiercingWail"],"picked":"Eviscerate","floor":28},{"not_picked":["Dodge and Roll","Skewer"],"picked":"Tactician","floor":30},{"not_picked":["Tactician","Quick Slash"],"picked":"Blur","floor":31},{"not_picked":["Bullet Time","Corpse Explosion"],"picked":"Storm of Steel","floor":33},{"not_picked":["Crippling Poison+1","Dagger Spray+1","Outmaneuver"],"picked":"SKIP","floor":35},{"not_picked":["Flechettes","Outmaneuver+1","Flying Knee"],"picked":"SKIP","floor":36}],"player_experience":128223,"relics_obtained":[{"floor":7,"key":"MawBank"},{"floor":9,"key":"Toy Ornithopter"},{"floor":11,"key":"Nunchaku"},{"floor":13,"key":"Odd Mushroom"},{"floor":24,"key":"TungstenRod"},{"floor":26,"key":"Smiling Mask"}],"event_choices":[{"cards_removed":["Strike_G"],"damage_healed":0,"gold_gain":0,"player_choice":"Card Removal","damage_taken":7,"max_hp_gain":0,"max_hp_loss":0,"event_name":"Golden Wing","floor":5,"gold_loss":0},{"damage_healed":0,"gold_gain":0,"player_choice":"Fought Mushrooms","damage_taken":0,"max_hp_gain":0,"max_hp_loss":0,"event_name":"Mushrooms","floor":13,"gold_loss":0},{"damage_healed":0,"gold_gain":0,"player_choice":"Ignored","damage_taken":0,"max_hp_gain":0,"max_hp_loss":0,"event_name":"Liars Game","floor":14,"gold_loss":0},{"cards_removed":["Strike_G"],"damage_healed":0,"gold_gain":0,"player_choice":"Gave Gold","damage_taken":0,"max_hp_gain":0,"max_hp_loss":0,"event_name":"Beggar","floor":19,"gold_loss":75},{"damage_healed":0,"gold_gain":0,"player_choice":"Copied","damage_taken":0,"max_hp_gain":0,"max_hp_loss":0,"event_name":"Duplicator","floor":20,"gold_loss":0,"cards_obtained":["Footwork"]},{"cards_removed":["Strike_G"],"damage_healed":0,"gold_gain":0,"player_choice":"Purged","damage_taken":0,"max_hp_gain":0,"max_hp_loss":0,"event_name":"Purifier","floor":37,"gold_loss":0}],"is_beta":false,"boss_relics":[{"not_picked":["Sozu","Philosopher\u0027s Stone"],"picked":"WristBlade"},{"not_picked":["SlaversCollar","Astrolabe"],"picked":"Black Star"}],"items_purged_floors":[27],"is_endless":false,"potions_floor_spawned":[1,7,11,13,21,28,30,36],"killed_by":"4 Shapes","ascension_level":3}}