{"host":"2ccem01eblg14btk","time":1611047591,"event":{"mods":["BaseMod","Colored Map","Minty Spire (QoL Compilation)","Quick Restart","Replay The Spire","StSLib"],"gold_per_floor":[116,135,310,310,11,42,42,62,89,37,53,53,125,150,150,246,246,266,266,197,197,122,151,151,180,206,237,237,254,285,384,384,484,484,504,504,524,194,212,212,212],"floor_reached":40,"language":"ENG","playtime":1317,"items_purged":["Doubt","Strike_G"],"score":777,"play_id":"1024f823-492b-4b5d-b476-c2dd76617e5c","local_time":"20210119101311","is_ascension_mode":true,"campfire_choices":[{"data":"Catalyst","floor":7.0,"key":"SMITH"},{"floor":15.0,"key":"REST"},{"floor":24.0,"key":"REST"},{"floor":28.0,"key":"REST"}],"circlet_count":0,"master_deck":["AscendersBane","Defend_G+1","Defend_G","Defend_G","Defend_G","Defend_G","Survivor","Neutralize","Toxin Wave+1","Dagger Spray","Catalyst+1","Terror","Poison Darts+1","All Out Attack+1","PiercingWail+1","ReplayTheSpireMod:Necrosis","Distraction+1","Sucker Punch+1","Night Terror+1","Footwork","Dodge and Roll+1","Leg Sweep","PiercingWail+1","Malaise","AbeCurse","Escape Plan+1","Blur+1","Noxious Fumes"],"relics":["Sozu","TwistedFunnel","Replay:Rubber Ducky","Juzu Bracelet","Boot","Astrolabe","Enchiridion","Bottled Tornado","Shuriken","War Paint","Byrd Skull","ReplayTheSpireMod:Lightbulb","Abe\u0027s Treasure","OrangePellets"],"acts_visited":["Exordium","TheCity","TheBeyond"],"potions_floor_usage":[],"damage_taken":[{"damage":0.0,"enemies":"Cultist","floor":1.0,"turns":4.0},{"damage":0.0,"enemies":"Small Slimes","floor":2.0,"turns":2.0},{"damage":16.0,"enemies":"Replay:BlueRogue","floor":6.0,"turns":7.0},{"damage":4.0,"enemies":"Jaw Worm","floor":8.0,"turns":2.0},{"damage":0.0,"enemies":"Lots of Slimes","floor":11.0,"turns":1.0},{"damage":0.0,"enemies":"Lagavulin","floor":14.0,"turns":2.0},{"damage":30.0,"enemies":"The Guardian","floor":16.0,"turns":9.0},{"damage":0.0,"enemies":"3 Byrds","floor":18.0,"turns":3.0},{"damage":14.0,"enemies":"Replay:Snechameleon","floor":23.0,"turns":5.0},{"damage":31.0,"enemies":"Slavers","floor":25.0,"turns":3.0},{"damage":11.0,"enemies":"Gremlin Leader","floor":27.0,"turns":4.0},{"damage":9.0,"enemies":"Shell Parasite","floor":29.0,"turns":4.0},{"damage":8.0,"enemies":"Replay:Snechameleon","floor":30.0,"turns":5.0},{"damage":27.0,"enemies":"Automaton","floor":33.0,"turns":8.0},{"damage":11.0,"enemies":"3 Darklings","floor":35.0,"turns":4.0},{"damage":0.0,"enemies":"3 Shapes","floor":37.0,"turns":3.0},{"damage":0.0,"enemies":"Writhing Mass","floor":39.0,"turns":5.0},{"damage":48,"enemies":"Giant Head","floor":40,"turns":8}],"seed_played":"-702702608028568359","potions_obtained":[],"is_trial":false,"path_per_floor":["M","M","?","?","$","E","R","M","T","$","M","?","?","E","R","B",null,"M","?","$","?","?","E","R","E","T","E","R","M","E","?","R_BF","B",null,"M","?","M","$","M","E"],"character_chosen":"THE_SILENT","items_purchased":["TwistedFunnel","Catalyst","All Out Attack+1","Footwork","Noxious Fumes","OrangePellets"],"campfire_rested":3,"item_purchase_floors":[5,5,10,20,38,38],"current_hp_per_floor":[63,63,63,49,49,33,33,29,29,29,29,29,29,29,50,20,58,58,42,42,42,42,28,49,18,18,7,28,19,11,11,32,5,54,43,43,43,43,43,0,0],"gold":212,"neow_bonus":"BOSS_RELIC","is_daily":false,"chose_seed":false,"campfire_upgraded":1,"win_rate":0.0,"timestamp":1611047591,"path_taken":["M","M","?","?","$","E","R","?","T","?","M","?","?","E","R","BOSS","M","?","$","?","?","E","R","E","T","E","R","M","E","?","R_BF","BOSS","M","?","M","$","M","E"],"items_purchased_type":["Relic","Card","Card","Card","Card","Relic"],"build_version":"2020-12-22","purchased_purges":2,"victory":false,"max_hp_per_floor":[70,70,70,70,70,70,70,70,70,70,70,70,70,70,70,70,70,70,70,70,70,70,70,70,70,70,70,70,70,70,70,70,70,70,70,70,70,70,70,70,70],"card_choices":[{"not_picked":["Hidden Blade","Slice"],"picked":"Toxin Wave","floor":1.0},{"not_picked":["Eviscerate","ReplayTheSpireMod:Exploit Weakness"],"picked":"Dagger Spray","floor":2.0},{"not_picked":["Dagger Spray","Bane"],"picked":"Terror","floor":6.0},{"not_picked":["Outmaneuver","PiercingWail"],"picked":"Poison Darts","floor":8.0},{"not_picked":["Infinite Blades","Hidden Blade","Flying Knee"],"picked":"SKIP","floor":11.0},{"not_picked":["Masterful Stab","Grand Finale"],"picked":"PiercingWail","floor":14.0},{"not_picked":["ReplayTheSpireMod:From All Sides","Die Die Die"],"picked":"ReplayTheSpireMod:Necrosis","floor":16.0},{"not_picked":["All Out Attack","Blade Dance+1","Dagger Throw+1"],"picked":"SKIP","floor":18.0},{"not_picked":["Flechettes","Hidden Blade"],"picked":"Dodge and Roll","floor":23.0},{"not_picked":["Cloak And Dagger","Skewer+1","Expertise+1"],"picked":"SKIP","floor":25.0},{"not_picked":["PiercingWail","Acrobatics+1"],"picked":"Leg Sweep","floor":27.0},{"not_picked":["Slice","Skewer","Prepared"],"picked":"SKIP","floor":29.0},{"not_picked":["Replay:Poison Smokescreen+1","Riddle With Holes"],"picked":"PiercingWail","floor":30.0},{"not_picked":["Envenom","Unload"],"picked":"Malaise","floor":33.0},{"not_picked":["PiercingWail+1","Bane"],"picked":"Escape Plan+1","floor":35.0},{"not_picked":["Endless Agony","Backflip"],"picked":"Blur+1","floor":37.0},{"not_picked":["Dagger Spray","Slice","ReplayTheSpireMod:Tripwire+1"],"picked":"SKIP","floor":39.0}],"player_experience":120066,"relics_obtained":[{"floor":6.0,"key":"Replay:Rubber Ducky"},{"floor":9.0,"key":"Juzu Bracelet"},{"floor":14.0,"key":"Boot"},{"floor":19.0,"key":"Enchiridion"},{"floor":23.0,"key":"Bottled Tornado"},{"floor":25.0,"key":"Shuriken"},{"floor":26.0,"key":"War Paint"},{"floor":27.0,"key":"Byrd Skull"},{"floor":30.0,"key":"ReplayTheSpireMod:Lightbulb"}],"event_choices":[{"damage_healed":0.0,"max_hp_gain":0.0,"max_hp_loss":0.0,"gold_gain":175.0,"event_name":"Liars Game","player_choice":"AGREE","floor":3.0,"gold_loss":0.0,"damage_taken":0.0,"cards_obtained":["Doubt"]},{"damage_healed":0.0,"max_hp_gain":0.0,"max_hp_loss":0.0,"gold_gain":0.0,"event_name":"Shining Light","player_choice":"Entered Light","floor":4.0,"gold_loss":0.0,"damage_taken":14.0,"cards_upgraded":["Toxin Wave","Defend_G"]},{"damage_healed":0.0,"max_hp_gain":0.0,"max_hp_loss":0.0,"gold_gain":0.0,"event_name":"Living Wall","player_choice":"Grow","floor":12.0,"gold_loss":0.0,"damage_taken":0.0,"cards_upgraded":["Poison Darts"]},{"damage_healed":0.0,"max_hp_gain":0.0,"max_hp_loss":0.0,"gold_gain":72.0,"event_name":"Golden Wing","player_choice":"Gained Gold","floor":13.0,"gold_loss":0.0,"damage_taken":0.0},{"damage_healed":0.0,"max_hp_gain":0.0,"max_hp_loss":0.0,"gold_gain":0.0,"event_name":"Cursed Tome","player_choice":"Obtained Book","floor":19.0,"gold_loss":0.0,"damage_taken":16.0},{"damage_healed":0.0,"max_hp_gain":0.0,"max_hp_loss":0.0,"gold_gain":0.0,"event_name":"Vampires","player_choice":"Ignored","floor":21.0,"gold_loss":0.0,"damage_taken":0.0},{"cards_removed":["Strike_G"],"damage_healed":0.0,"max_hp_gain":0.0,"max_hp_loss":0.0,"gold_gain":0.0,"event_name":"Beggar","player_choice":"Gave Gold","floor":22.0,"gold_loss":75.0,"damage_taken":0.0},{"damage_healed":0.0,"max_hp_gain":0.0,"max_hp_loss":0.0,"gold_gain":99.0,"event_name":"Nest","player_choice":"Stole From Cult","floor":31.0,"gold_loss":0.0,"damage_taken":0.0},{"damage_healed":0.0,"max_hp_gain":0.0,"max_hp_loss":0.0,"gold_gain":0.0,"event_name":"WeMeetAgain","player_choice":"Ignored","floor":36.0,"gold_loss":0.0,"damage_taken":0.0}],"is_beta":false,"boss_relics":[{"not_picked":["Snecko Scales","Replay:Ancient Bell"],"picked":"Astrolabe"},{"not_picked":["Pandora\u0027s Box","Black Star"],"picked":"Abe\u0027s Treasure"}],"items_purged_floors":[5,38],"is_endless":false,"potions_floor_spawned":[1,6,8,18,25,27,35],"killed_by":"Giant Head","ascension_level":10}}