{"host":"exhp4inpfmbngj23","time":1611089196,"event":{"mods":["Abigail Mod","BaseMod","Beaked The Cultist","Downfall","Friendly Minions","Gremlin Mod","Kiyohime????","Minty Spire (QoL Compilation)","StSLib","The Alterego"],"gold_per_floor":[199,215,270,270,289,189,215,231,247,397,397,430,442,442,455,554,604,404,424,424,437,450,450,450,450,300,319,348,348,374,359,371,470,470,470,485,498,508,526,38,86,104,204,204,204,43,60,72,83,83,83,83],"floor_reached":50,"language":"ENG","playtime":4109,"items_purged":[],"score":563,"play_id":"b1c99d09-3c9a-4afa-b28b-3271d2508eb2","local_time":"20210119124636","is_ascension_mode":false,"campfire_choices":[{"floor":1.0,"key":"RECALL"},{"floor":6.0,"key":"REST"},{"data":"bronze:Format","floor":18.0,"key":"SMITH"},{"data":"bronze:Replicate","floor":23.0,"key":"SMITH"},{"data":"bronze:ItsAFeature","floor":25.0,"key":"SMITH"},{"floor":29.0,"key":"REST"},{"data":"bronze:Optimize","floor":35,"key":"SMITH"},{"floor":45,"key":"REST"}],"circlet_count":0,"master_deck":["bronze:Strike+1","bronze:Strike","bronze:Strike","bronze:Strike+1","bronze:Defend+1","bronze:Defend","bronze:Defend","bronze:Defend","bronze:Replicate+1","bronze:Goto","bronze:DelayedGuard","bronze:DelayedSlice+1","bronze:DelayedGuard","bronze:Optimize+1","bronze:ClassDefault","downfall:Icky","bronze:DelayedSlice+1","bronze:Separator+1","Parasite","bronze:Format+1","bronze:Iterate+1","bronze:BronzeOrb+1","bronze:ItsAFeature+1","bronze:Optimize","Ghostly","bronze:Overheat+1","bronze:Boost","bronze:BronzeOrb+1","bronze:Boost","bronze:Verify","bronze:ForceShield+1","bronze:CloningBeam+1","bronze:WhirlingStrike+1","bronze:FineTuning+1","bronze:Iterate+1","bronze:Separator+1","bronze:FineTuning+1","bronze:DelayedSlice+1"],"relics":["bronze:BronzeCore","Molten Egg 2","downfall:HeartBlessingRed","Whetstone","Kunai","Tiny House","downfall:HeartBlessingGreen","downfall:HeartBlessingBlue","MutagenicStrength","bronze:CableSpool","Centennial Puzzle","The Courier","bronze:MakeshiftBattery","ClockworkSouvenir","Blood Vial","Gremlin Horn","Juzu Bracelet","downfall:GremlinWheel","Lee\u0027s Waffle","Torii","Nunchaku"],"acts_visited":["Exordium","TheCity","TheBeyond"],"potions_floor_usage":[37,46,46,50,50],"damage_taken":[{"damage":1.0,"enemies":"Cultist","floor":2.0,"turns":3.0},{"damage":28.0,"enemies":"Lagavulin Event","floor":3.0,"turns":7.0},{"damage":0.0,"enemies":"2 Louse","floor":5.0,"turns":2.0},{"damage":0.0,"enemies":"Small Slimes","floor":8.0,"turns":2.0},{"damage":11.0,"enemies":"2 Fungi Beasts","floor":9.0,"turns":4.0},{"damage":9.0,"enemies":"3 Sentries","floor":12.0,"turns":7.0},{"damage":2.0,"enemies":"Blue Slaver","floor":13.0,"turns":2.0},{"damage":11.0,"enemies":"Exordium Thugs","floor":15.0,"turns":3.0},{"damage":36.0,"enemies":"WA_ARCHETYPE_RETAIN","floor":16.0,"turns":7.0},{"damage":6.0,"enemies":"3 Byrds","floor":19.0,"turns":4.0},{"damage":1.0,"enemies":"Snake Plant","floor":21.0,"turns":4.0},{"damage":12.0,"enemies":"Sentry and Sphere","floor":22.0,"turns":5.0},{"damage":1.0,"enemies":"Centurion and Healer","floor":27.0,"turns":3.0},{"damage":11.0,"enemies":"Gremlin Leader","floor":28.0,"turns":10.0},{"damage":23.0,"enemies":"Book of Stabbing","floor":30.0,"turns":3.0},{"damage":0.0,"enemies":"downfall:FleeingMerchant","floor":31.0,"turns":4.0},{"damage":2,"enemies":"Shelled Parasite and Fungi","floor":32,"turns":4},{"damage":50,"enemies":"DF_ARCHETYPE_CLAW","floor":33,"turns":10},{"damage":3,"enemies":"3 Shapes","floor":36,"turns":2},{"damage":0,"enemies":"Orb Walker","floor":37,"turns":2},{"damage":58,"enemies":"Maw","floor":38,"turns":10},{"damage":11,"enemies":"Jaw Worm Horde","floor":39,"turns":4},{"damage":8,"enemies":"downfall:FleeingMerchant","floor":40,"turns":4},{"damage":0,"enemies":"Spire Growth","floor":42,"turns":5},{"damage":0,"enemies":"Spire Growth","floor":43,"turns":3},{"damage":0,"enemies":"downfall:FleeingMerchant","floor":46,"turns":3},{"damage":0,"enemies":"Transient","floor":47,"turns":5},{"damage":0,"enemies":"Sphere and 2 Shapes","floor":48,"turns":2},{"damage":0,"enemies":"3 Darklings","floor":49,"turns":3},{"damage":133,"enemies":"IC_BLOCK_ARCHETYPE","floor":50,"turns":6}],"seed_played":"-421391980336217723","potions_obtained":[{"floor":2.0,"key":"BlessingOfTheForge"},{"floor":3.0,"key":"Swift Potion"},{"floor":12.0,"key":"hexamod:SoulburnPotion"},{"floor":16.0,"key":"bronze:FreeFunctionsPotion"},{"floor":17.0,"key":"bronze:BuildAFunctionPotion"},{"floor":21.0,"key":"bronze:BurnAndBuffPotion"},{"floor":27.0,"key":"hexamod:SoulburnPotion"},{"floor":37,"key":"Fruit Juice"},{"floor":47,"key":"bronze:FreeFunctionsPotion"},{"floor":48,"key":"bronze:FreeFunctionsPotion"}],"is_trial":false,"path_per_floor":["R","M","?","?","M","R","T","M","M","?","T","E","M","?","M","B",null,"R","M","?","M","M","R","T","R","?","M","E","R","E","$","M","B",null,"R","M","M","M","M","$","T","M","?","?","R","?","M","M","M","B"],"character_chosen":"THE_AUTOMATON","items_purchased":["ClockworkSouvenir","bronze:WhirlingStrike+1","Blood Vial","Gremlin Horn","Lee\u0027s Waffle","Torii","Nunchaku"],"campfire_rested":3,"item_purchase_floors":[40,40,40,40,46,46,46],"current_hp_per_floor":[70,69,41,41,41,62,62,62,51,51,51,42,40,57,46,10,75,85,79,79,78,66,66,66,66,66,65,54,79,56,56,54,4,85,85,82,87,29,18,10,10,12,14,14,41,97,97,97,97,0,0,0],"gold":83,"neow_bonus":"HUNDRED_GOLD","is_daily":false,"chose_seed":false,"campfire_upgraded":4,"win_rate":0.0,"timestamp":1611089196,"path_taken":["R","M","?","?","M","R","T","M","M","?","?","E","M","?","M","BOSS","R","M","?","M","M","R","T","R","?","?","E","R","E","$","M","BOSS","R","M","M","?","?","$","T","M","?","?","R","?","M","M","M","BOSS"],"items_purchased_type":["Relic","Card","Relic","Relic","Relic","Relic","Relic"],"build_version":"2020-12-22","purchased_purges":0,"victory":false,"max_hp_per_floor":[70,70,70,70,70,70,70,70,70,70,70,70,70,70,70,70,75,85,85,85,85,85,85,85,85,85,85,85,85,85,85,85,85,85,85,85,90,90,90,90,90,90,90,90,90,97,97,97,97,97,97,97],"card_choices":[{"not_picked":["bronze:ChildClass","bronze:Safeguard"],"picked":"bronze:DelayedGuard","floor":2.0},{"not_picked":["bronze:BugBarrage+1","bronze:NullPointer+1"],"picked":"bronze:DelayedSlice+1","floor":3.0},{"not_picked":["bronze:Constructor","bronze:Deprecate"],"picked":"bronze:DelayedGuard","floor":5.0},{"not_picked":["bronze:Turbo","bronze:Constructor"],"picked":"bronze:Optimize","floor":8.0},{"not_picked":["bronze:Shield","bronze:Overheat+1"],"picked":"bronze:ClassDefault","floor":9.0},{"not_picked":["bronze:CloningBeam+1","bronze:Overload"],"picked":"bronze:DelayedSlice+1","floor":12.0},{"not_picked":["bronze:WildBeam+1","bronze:Safeguard"],"picked":"bronze:Separator+1","floor":13.0},{"not_picked":["bronze:WildBeam+1","bronze:Invalidate","bronze:GetLatest"],"picked":"SKIP","floor":15.0},{"not_picked":["bronze:CleanCode","bronze:Break+1"],"picked":"bronze:Format","floor":16.0},{"not_picked":["bronze:BronzeOrb+1","bronze:Shell"],"picked":"bronze:Iterate+1","floor":17.0},{"not_picked":["bronze:ClassDefault","bronze:ChildClass+1"],"picked":"bronze:BronzeOrb+1","floor":19.0},{"not_picked":["bronze:OilSpill+1","bronze:FollowUp+1"],"picked":"bronze:ItsAFeature","floor":21.0},{"not_picked":["bronze:Deprecate","bronze:BitShift"],"picked":"bronze:Optimize","floor":22.0},{"not_picked":["bronze:BitShift+1","bronze:BugBarrage+1"],"picked":"bronze:Overheat+1","floor":27.0},{"not_picked":["bronze:Overload+1","bronze:Deprecate"],"picked":"bronze:Boost","floor":28.0},{"not_picked":["bronze:Deprecate","bronze:Terminator"],"picked":"bronze:BronzeOrb+1","floor":30.0},{"not_picked":["bronze:NullPointer+1","bronze:Deprecate","bronze:BitShift"],"picked":"SKIP","floor":31},{"not_picked":["bronze:CleanCode","bronze:OilSpill+1"],"picked":"bronze:Boost","floor":32},{"not_picked":["bronze:ShipIt+1","bronze:Break+1"],"picked":"bronze:Verify","floor":33},{"not_picked":["bronze:WildBeam+1","bronze:BugBarrage+1","bronze:Invalidate+1"],"picked":"SKIP","floor":36},{"not_picked":["bronze:Iterate+1","bronze:Turbo","bronze:DarkDash+1"],"picked":"SKIP","floor":37},{"not_picked":["bronze:GetLatest","bronze:Deprecate+1"],"picked":"bronze:ForceShield+1","floor":38},{"not_picked":["bronze:BronzeArmor+1","bronze:ClassDefault+1"],"picked":"bronze:CloningBeam+1","floor":39},{"not_picked":["bronze:Invalidate","bronze:OilSpill+1","bronze:DelayedSlice+1"],"picked":"SKIP","floor":40},{"not_picked":["bronze:Allocate","bronze:Branch+1"],"picked":"bronze:FineTuning+1","floor":42},{"not_picked":["bronze:CutThrough+1","bronze:DigitalCarnage+1"],"picked":"bronze:Iterate+1","floor":46},{"not_picked":["bronze:Backtrace+1","bronze:FollowUp+1"],"picked":"bronze:Separator+1","floor":47},{"not_picked":["bronze:BitShift","bronze:DelayedGuard+1"],"picked":"bronze:FineTuning+1","floor":48},{"not_picked":["bronze:ItsAFeature+1","bronze:FindAndReplace"],"picked":"bronze:DelayedSlice+1","floor":49}],"player_experience":2011805,"relics_obtained":[{"floor":11.0,"key":"Whetstone"},{"floor":12.0,"key":"Kunai"},{"floor":24.0,"key":"bronze:CableSpool"},{"floor":28.0,"key":"Centennial Puzzle"},{"floor":30.0,"key":"The Courier"},{"floor":41,"key":"Juzu Bracelet"},{"floor":43,"key":"downfall:GremlinWheel"}],"event_choices":[{"damage_healed":17.0,"max_hp_gain":0.0,"max_hp_loss":0.0,"gold_gain":0.0,"event_name":"Mushrooms","player_choice":"Healed and dodged fight","floor":14.0,"gold_loss":0.0,"damage_taken":0.0,"cards_obtained":["Parasite"]},{"damage_healed":0.0,"max_hp_gain":0.0,"max_hp_loss":0.0,"gold_gain":0.0,"event_name":"Drug Dealer","player_choice":"Inject Mutagens","floor":20.0,"gold_loss":0.0,"damage_taken":0.0,"relics_obtained":["MutagenicStrength"]},{"damage_healed":0,"gold_gain":0,"player_choice":"Ignored","damage_taken":0,"max_hp_gain":0,"max_hp_loss":0,"event_name":"Mysterious Sphere","floor":44,"gold_loss":0}],"is_beta":false,"boss_relics":[{"not_picked":["Philosopher\u0027s Stone","Black Star"],"picked":"Tiny House"},{"not_picked":["Fusion Hammer","Velvet Choker"],"picked":"bronze:MakeshiftBattery"}],"items_purged_floors":[],"is_endless":false,"potions_floor_spawned":[2,3,12,16,21,27,33,37,47,48],"killed_by":"IC_BLOCK_ARCHETYPE","ascension_level":0}}