{"host":"r6jigiblrojhp6xe","time":1611097922,"event":{"mods":["AchievementEnabler","BaseMod","DeckTracker","Hermit","Minty Spire (QoL Compilation)","Quick Restart","Rare Cards Sparkle","Relic Stats","StSLib","SuperFastMode","The Cursed","The Hierophant","everything is the same but u backflip on backflip"],"gold_per_floor":[118,128,128,6,6,42,42,42,42,42,55,74,74,94,94,224,224,237,237,252,152,180,180,196,234,308,308,308,308,104,128,128,250,250,278,278,299,318,228,228,216,194,274,274,306,306,306,62,62,12],"floor_reached":51,"language":"KOR","playtime":1314,"items_purged":["hierophant:Strike_Hierophant","hierophant:Strike_Hierophant","hierophant:Upheaval","Violence"],"score":722,"play_id":"d81cec6d-c59b-49f5-8bf6-e2df0d2c582e","local_time":"20210120081202","is_ascension_mode":false,"campfire_choices":[{"data":"hierophant:Glossolalia","floor":7.0,"key":"SMITH"},{"data":"hierophant:FlamingChariot","floor":10.0,"key":"SMITH"},{"data":"hierophant:Kindle","floor":13.0,"key":"SMITH"},{"data":"hierophant:ThreeLashes","floor":15.0,"key":"SMITH"},{"data":"hierophant:Kindle","floor":23.0,"key":"SMITH"},{"floor":29,"key":"REST"},{"data":"hierophant:HammerAndAnvil","floor":32,"key":"SMITH"},{"data":"hierophant:Glossolalia","floor":40,"key":"SMITH"},{"floor":46,"key":"REST"},{"data":"hierophant:Levitation","floor":49,"key":"SMITH"}],"circlet_count":0,"master_deck":["hierophant:Defend_Hierophant","hierophant:Defend_Hierophant","hierophant:Defend_Hierophant+1","hierophant:ChurchCoffers+1","hierophant:FlamingChariot+1","hierophant:ThreeLashes+1","hierophant:Glossolalia+1","hierophant:Kindle+1","hierophant:Kindle+1","hierophant:OrnateBuckler","hierophant:HammerAndAnvil+1","hierophant:Levitation+1","hierophant:Glossolalia+1","hierophant:FlamingChariot","hierophant:OrnateBuckler+1","hierophant:OrnateBuckler"],"relics":["hierophant:PropheticMaskRelic","NeowsBlessing","Golden Idol","Gremlin Horn","Sozu","Red Mask","Matryoshka","Smiling Mask","Regal Pillow","Medical Kit","Runic Pyramid","CeramicFish","Frozen Egg 2","Ancient Tea Set"],"acts_visited":["Exordium","TheCity","TheBeyond"],"potions_floor_usage":[50],"damage_taken":[{"damage":0.0,"enemies":"Cultist","floor":1.0,"turns":1.0},{"damage":0.0,"enemies":"Small Slimes","floor":2.0,"turns":1.0},{"damage":0.0,"enemies":"3 Sentries","floor":6.0,"turns":1.0},{"damage":0.0,"enemies":"2 Louse","floor":11.0,"turns":2.0},{"damage":8.0,"enemies":"Red Slaver","floor":12.0,"turns":2.0},{"damage":5.0,"enemies":"Looter","floor":14.0,"turns":2.0},{"damage":23.0,"enemies":"Hexaghost","floor":16.0,"turns":6.0},{"damage":13.0,"enemies":"3 Byrds","floor":18.0,"turns":4.0},{"damage":10.0,"enemies":"2 Thieves","floor":20.0,"turns":3.0},{"damage":4.0,"enemies":"Snecko","floor":22.0,"turns":4.0},{"damage":24,"enemies":"Snake Plant","floor":24,"turns":3},{"damage":1,"enemies":"Masked Bandits","floor":25,"turns":3},{"damage":2,"enemies":"3 Cultists","floor":31,"turns":4},{"damage":22,"enemies":"Collector","floor":33,"turns":7},{"damage":21,"enemies":"3 Shapes","floor":35,"turns":4},{"damage":7,"enemies":"Orb Walker","floor":37,"turns":4},{"damage":18,"enemies":"Transient","floor":38,"turns":5},{"damage":3,"enemies":"4 Shapes","floor":41,"turns":4},{"damage":7,"enemies":"Spire Growth","floor":42,"turns":4},{"damage":0,"enemies":"3 Darklings","floor":45,"turns":3},{"damage":26,"enemies":"Awakened One","floor":50,"turns":7}],"seed_played":"1212612396571565051","potions_obtained":[{"floor":11.0,"key":"LiquidBronze"},{"floor":12.0,"key":"FairyPotion"},{"floor":16.0,"key":"DuplicationPotion"}],"is_trial":false,"path_per_floor":["M","M","?","$","?","E","R","?","T","R","M","M","R","M","R","B",null,"M","?","M","$","M","R","M","?","T","?","T","R","$","M","R","B",null,"M","?","M","M","?","R","M","M","T","?","M","R","?","$","R","B",null],"character_chosen":"HIEROPHANT","items_purchased":["hierophant:ThreeLashes","Medical Kit","Ancient Tea Set","hierophant:OrnateBuckler"],"campfire_rested":2,"item_purchase_floors":[4,30,48,48],"current_hp_per_floor":[75,75,75,75,57,57,57,57,57,57,57,49,49,44,44,21,75,62,62,52,52,48,48,24,23,23,23,23,60,60,58,58,36,75,54,54,47,29,29,29,26,19,19,19,19,56,56,56,56,30],"gold":12,"neow_bonus":"THREE_ENEMY_KILL","is_daily":false,"chose_seed":false,"campfire_upgraded":8,"win_rate":0.0,"timestamp":1611097922,"path_taken":["M","M","?","?","?","E","R","?","T","R","?","M","R","M","R","BOSS","M","?","?","$","M","R","M","?","T","?","?","R","$","M","R","BOSS","M","?","M","M","?","R","M","?","T","?","M","R","?","$","R","BOSS"],"items_purchased_type":["Card","Relic","Relic","Card"],"build_version":"2020-12-22","purchased_purges":4,"victory":true,"max_hp_per_floor":[75,75,75,75,75,75,75,75,75,75,75,75,75,75,75,75,75,75,75,75,75,75,75,75,75,75,75,75,75,75,75,75,75,75,75,75,75,75,75,75,75,75,75,75,75,75,75,75,75,75],"relic_stats":{"Sozu":4,"Regal Pillow":30,"Gremlin Horn":[20,20],"counters":[21,74],"Golden Idol":143,"CeramicFish":18,"Smiling Mask":175,"Medical Kit":[2],"obtain_stats":[{"Regal Pillow":28,"NeowsBlessing":0,"Gremlin Horn":6,"Golden Idol":5,"hierophant:PropheticMaskRelic":0,"CeramicFish":43,"Frozen Egg 2":43,"Smiling Mask":28,"Medical Kit":30,"Ancient Tea Set":48,"Sozu":17,"Matryoshka":26,"Red Mask":25,"Runic Pyramid":34},{"Regal Pillow":12,"NeowsBlessing":0,"Gremlin Horn":3,"Golden Idol":2,"hierophant:PropheticMaskRelic":0,"CeramicFish":19,"Frozen Egg 2":19,"Smiling Mask":12,"Medical Kit":12,"Ancient Tea Set":20,"Sozu":7,"Matryoshka":12,"Red Mask":12,"Runic Pyramid":14},{"Regal Pillow":32,"NeowsBlessing":0,"Gremlin Horn":3,"Golden Idol":2,"hierophant:PropheticMaskRelic":0,"CeramicFish":64,"Frozen Egg 2":64,"Smiling Mask":32,"Medical Kit":32,"Ancient Tea Set":67,"Sozu":15,"Matryoshka":32,"Red Mask":32,"Runic Pyramid":43}]},"card_choices":[{"not_picked":["hierophant:Dazzle","hierophant:HolyVerse"],"picked":"hierophant:FlamingChariot","floor":1.0},{"not_picked":["hierophant:Shelter","hierophant:FlamingChariot","hierophant:Purify"],"picked":"SKIP","floor":2.0},{"not_picked":["hierophant:Community","hierophant:FlamingChariot"],"picked":"hierophant:Glossolalia","floor":6.0},{"not_picked":["hierophant:AuricBeam","hierophant:FaithHealing","hierophant:DisplayOfPower"],"picked":"SKIP","floor":11.0},{"not_picked":["hierophant:CoinFling","hierophant:Purify"],"picked":"hierophant:Kindle","floor":12.0},{"not_picked":["hierophant:Zeal","hierophant:RepressedViolence","hierophant:Encroach"],"picked":"SKIP","floor":14.0},{"not_picked":["hierophant:AuricForm","hierophant:LocustPlague"],"picked":"hierophant:Kindle","floor":16.0},{"not_picked":["hierophant:FieryStrike","hierophant:SealAway+1","hierophant:AuricShield"],"picked":"SKIP","floor":18.0},{"not_picked":["hierophant:HammerAndAnvil","hierophant:Zeal"],"picked":"hierophant:OrnateBuckler","floor":20.0},{"not_picked":["hierophant:FlamingChariot","hierophant:Sermon+1","hierophant:Purify"],"picked":"SKIP","floor":22.0},{"not_picked":["hierophant:Upheaval+1","hierophant:Anathema","hierophant:SecretStash"],"picked":"SKIP","floor":24},{"not_picked":["hierophant:HolyVerse","hierophant:Alms"],"picked":"hierophant:Levitation","floor":31},{"not_picked":["hierophant:Levitation","hierophant:MintersHammer"],"picked":"hierophant:Invocation","floor":33},{"not_picked":["hierophant:AuricBeam+1","hierophant:PassingBell"],"picked":"hierophant:Glossolalia","floor":35},{"not_picked":["Sadistic Nature","Forethought"],"picked":"Violence","floor":36},{"not_picked":["hierophant:Doubloon","hierophant:Racketeering+1","hierophant:MirrorShield"],"picked":"SKIP","floor":37},{"not_picked":["hierophant:Sermon","hierophant:RepressedViolence+1"],"picked":"hierophant:FlamingChariot","floor":38},{"not_picked":["hierophant:Glossolalia","hierophant:Zeal","hierophant:RepressedViolence+1"],"picked":"SKIP","floor":41},{"not_picked":["hierophant:Refuge","hierophant:RecallFunds+1","hierophant:Patience+1"],"picked":"SKIP","floor":42},{"not_picked":["hierophant:PassingBell","hierophant:DisplayOfPower"],"picked":"hierophant:OrnateBuckler+1","floor":45}],"player_experience":591848,"relics_obtained":[{"floor":6.0,"key":"Gremlin Horn"},{"floor":25,"key":"Red Mask"},{"floor":26,"key":"Matryoshka"},{"floor":28,"key":"Smiling Mask"},{"floor":28,"key":"Regal Pillow"},{"floor":43,"key":"CeramicFish"},{"floor":43,"key":"Frozen Egg 2"}],"event_choices":[{"damage_healed":0.0,"max_hp_gain":0.0,"max_hp_loss":0.0,"gold_gain":0.0,"event_name":"Accursed Blacksmith","player_choice":"Forge","floor":3.0,"gold_loss":0.0,"damage_taken":0.0,"cards_upgraded":["hierophant:ChurchCoffers"]},{"damage_healed":0.0,"max_hp_gain":0.0,"max_hp_loss":0.0,"gold_gain":0.0,"event_name":"Golden Idol","player_choice":"Take Damage","floor":5.0,"gold_loss":0.0,"damage_taken":18.0,"relics_obtained":["Golden Idol"]},{"damage_healed":0.0,"max_hp_gain":0.0,"max_hp_loss":0.0,"gold_gain":0.0,"event_name":"Match and Keep!","player_choice":"0 cards matched","floor":8.0,"gold_loss":0.0,"damage_taken":0.0,"cards_obtained":[]},{"cards_removed":["hierophant:Strike_Hierophant"],"damage_healed":0.0,"max_hp_gain":0.0,"max_hp_loss":0.0,"gold_gain":0.0,"event_name":"Purifier","player_choice":"Purged","floor":19.0,"gold_loss":0.0,"damage_taken":0.0},{"damage_healed":0,"gold_gain":0,"player_choice":"Fought Bandits","damage_taken":0,"max_hp_gain":0,"max_hp_loss":0,"event_name":"Masked Bandits","floor":25,"gold_loss":0},{"damage_healed":0,"gold_gain":0,"cards_transformed":["hierophant:Strike_Hierophant","hierophant:Punish"],"player_choice":"Became Test Subject","damage_taken":0,"max_hp_gain":0,"max_hp_loss":0,"event_name":"Drug Dealer","floor":27,"gold_loss":0,"cards_obtained":["hierophant:Upheaval","hierophant:HammerAndAnvil"]},{"damage_healed":0,"gold_gain":0,"player_choice":"Memory 1","damage_taken":0,"max_hp_gain":0,"max_hp_loss":0,"event_name":"SensoryStone","floor":36,"gold_loss":0},{"cards_removed":["hierophant:Defend_Hierophant"],"damage_healed":0,"gold_gain":0,"player_choice":"Upgrade and Remove","damage_taken":0,"max_hp_gain":0,"max_hp_loss":0,"event_name":"Designer","floor":39,"gold_loss":90,"cards_upgraded":["hierophant:Defend_Hierophant"]},{"damage_healed":0,"gold_gain":0,"player_choice":"Ignored","damage_taken":0,"max_hp_gain":0,"max_hp_loss":0,"event_name":"Mysterious Sphere","floor":44,"gold_loss":0},{"cards_removed":["hierophant:Invocation"],"damage_healed":0,"gold_gain":0,"player_choice":"Removed Skill","damage_taken":0,"max_hp_gain":0,"max_hp_loss":0,"event_name":"Falling","floor":47,"gold_loss":0}],"is_beta":false,"boss_relics":[{"not_picked":["Runic Dome","Cursed Key"],"picked":"Sozu"},{"not_picked":["SacredBark","Fusion Hammer"],"picked":"Runic Pyramid"}],"items_purged_floors":[4,21,30,48],"is_endless":false,"potions_floor_spawned":[11,12,16,18,33,35,42],"ascension_level":0}}