{"host":"56ghxnzsglgdq727","time":1611045183,"event":{"mods":["AchievementEnabler","BaseMod","Downfall","Duelist Mod","Minty Spire (QoL Compilation)","Rare Cards Sparkle","StSLib","The Bug Knight","The Exalted","The Senshi","The Wild Card"],"gold_per_floor":[118,69,35,35,49,49,80,91,118,45,45,76,86,96,96,200,200,217,236,236,251,47,64,0,0,0,0,16,36,36,46,46,46,46],"floor_reached":33,"language":"ENG","playtime":1136,"items_purged":["theSenshi:SailorKick"],"score":284,"play_id":"4761de5f-9fcf-4646-afda-f885988a57c1","local_time":"20210119033303","is_ascension_mode":false,"campfire_choices":[{"data":"theSenshi:MoonPrismPowerMakeUp","floor":6.0,"key":"SMITH"},{"data":"theSenshi:SailorUranusAssists","floor":11.0,"key":"SMITH"},{"data":"theSenshi:SailorPlanetPower","floor":15.0,"key":"SMITH"},{"data":"theSenshi:MoonGorgeousMeditation","floor":27.0,"key":"SMITH"},{"data":"theSenshi:RoseThrow","floor":30,"key":"SMITH"},{"floor":32,"key":"REST"}],"circlet_count":0,"master_deck":["theSenshi:SailorKick","theSenshi:SailorKick","theSenshi:SailorKick","theSenshi:SailorBlock","theSenshi:SailorBlock","theSenshi:SailorBlock","theSenshi:SailorBlock","theSenshi:RoseThrow+1","theSenshi:MoonPrismPowerMakeUp+1","theSenshi:SailorMarsAssists","theSenshi:SailorMercuryAssists","theSenshi:SailorPlanetAttack","theSenshi:SailorUranusAssists+1","theSenshi:VenusGlamour","theSenshi:SailorPlanetPower+1","theSenshi:MoonCrystalPowerMakeUp","theSenshi:MercurysCunning","theSenshi:SailorCosmosAssists","theSenshi:MoonsReflection+1","theSenshi:SailorVenusAssists","theSenshi:MoonGorgeousMeditation+1","theSenshi:SailorChibiMoonAssists","theSenshi:MoonTwilightFlash+1"],"relics":["theSenshi:TransformationBroochRelic","NeowsBlessing","Pen Nib","hexamod:BolsterEngine","Anchor","Sozu","Oddly Smooth Stone","Molten Egg 2"],"acts_visited":["Exordium","TheCity"],"potions_floor_usage":[],"damage_taken":[{"damage":0.0,"enemies":"Cultist","floor":1.0,"turns":1.0},{"damage":0.0,"enemies":"Jaw Worm","floor":5.0,"turns":1.0},{"damage":0.0,"enemies":"3 Sentries","floor":7.0,"turns":2.0},{"damage":6.0,"enemies":"2 Louse","floor":8.0,"turns":2.0},{"damage":11.0,"enemies":"Gremlin Nob","floor":12.0,"turns":4.0},{"damage":7.0,"enemies":"Blue Slaver","floor":13.0,"turns":4.0},{"damage":2.0,"enemies":"Red Slaver","floor":14.0,"turns":3.0},{"damage":33.0,"enemies":"Hexaghost","floor":16.0,"turns":9.0},{"damage":10.0,"enemies":"2 Thieves","floor":18.0,"turns":3.0},{"damage":4.0,"enemies":"Spheric Guardian","floor":19.0,"turns":4.0},{"damage":0.0,"enemies":"3 Cultists","floor":21.0,"turns":3.0},{"damage":6.0,"enemies":"Cultist and Chosen","floor":23.0,"turns":3.0},{"damage":10,"enemies":"Shelled Parasite and Fungi","floor":28,"turns":4},{"damage":0,"enemies":"Centurion and Healer","floor":29,"turns":3},{"damage":6,"enemies":"3 Cultists","floor":31,"turns":4},{"damage":64,"enemies":"Automaton","floor":33,"turns":8}],"seed_played":"-626773639432426585","potions_obtained":[{"floor":5.0,"key":"bronze:BurnAndBuffPotion"},{"floor":7.0,"key":"bronze:BurnAndBuffPotion"},{"floor":13.0,"key":"bronze:BurnAndBuffPotion"}],"is_trial":false,"path_per_floor":["M","$","$","?","M","R","E","M","T","$","R","E","M","M","R","B",null,"M","M","?","M","$","M","?","T","T","R","M","M","R","M","R","B"],"character_chosen":"THE_SENSHI","items_purchased":["theSenshi:SailorMercuryAssists","theSenshi:SailorPlanetAttack","theSenshi:SailorPlanetPower","theSenshi:MoonGorgeousMeditation","theSenshi:SailorChibiMoonAssists"],"campfire_rested":1,"item_purchase_floors":[2,3,10,22,22],"current_hp_per_floor":[75,75,75,75,75,75,75,69,69,69,69,58,51,49,49,16,75,65,61,61,61,61,55,55,55,55,55,45,45,45,39,61,0,0],"gold":46,"neow_bonus":"THREE_ENEMY_KILL","is_daily":false,"chose_seed":false,"campfire_upgraded":5,"win_rate":0.0,"timestamp":1611045183,"path_taken":["M","?","$","?","M","R","E","M","T","$","R","E","M","M","R","BOSS","M","M","?","M","$","M","?","?","T","R","M","?","R","M","R","BOSS"],"items_purchased_type":["Card","Card","Card","Card","Card"],"build_version":"2020-12-22","purchased_purges":1,"victory":false,"max_hp_per_floor":[75,75,75,75,75,75,75,75,75,75,75,75,75,75,75,75,75,75,75,75,75,75,75,75,75,75,75,75,75,75,75,75,75,75],"card_choices":[{"not_picked":["theSenshi:DramaticEntrance","theSenshi:YouCanTalk"],"picked":"theSenshi:SailorMarsAssists","floor":1.0},{"not_picked":["theSenshi:Overload","theSenshi:YouCanTalk"],"picked":"theSenshi:SailorUranusAssists","floor":5.0},{"not_picked":["theSenshi:LateForSchool","theSenshi:MoonKick"],"picked":"theSenshi:VenusGlamour","floor":7.0},{"not_picked":["theSenshi:SailorMarsAssists","theSenshi:LateForSchool","theSenshi:EncouragingSpeech"],"picked":"SKIP","floor":8.0},{"not_picked":["theSenshi:MoonsReflection","theSenshi:KlutzyLuck"],"picked":"theSenshi:MoonCrystalPowerMakeUp","floor":12.0},{"not_picked":["theSenshi:LateForSchool","theSenshi:GatheringStrength","theSenshi:SailorMercuryAssists"],"picked":"SKIP","floor":13.0},{"not_picked":["theSenshi:Sidestep","theSenshi:TallSilhouette"],"picked":"theSenshi:MercurysCunning","floor":14.0},{"not_picked":["theSenshi:SilverMoonCrystalPowerKiss","theSenshi:FatedKiss"],"picked":"theSenshi:SailorCosmosAssists","floor":16.0},{"not_picked":["theSenshi:EncouragingSpeech+1","theSenshi:TuxedoSmokingBomber","theSenshi:VenusGlamour"],"picked":"SKIP","floor":18.0},{"not_picked":["theSenshi:UranusStrength","theSenshi:MoonSpiralHeartAttack"],"picked":"theSenshi:MoonsReflection+1","floor":19.0},{"not_picked":["theSenshi:SailorPlanetPower","theSenshi:SailorMarsAssists"],"picked":"theSenshi:SailorVenusAssists","floor":21.0},{"not_picked":["theSenshi:HesSoDreamy","theSenshi:SailorPlanetPower","theSenshi:VenusGlamour"],"picked":"SKIP","floor":23.0},{"not_picked":["theSenshi:MercurysCunning+1","theSenshi:SailorMarsAssists+1"],"picked":"theSenshi:MoonTwilightFlash+1","floor":28},{"not_picked":["theSenshi:SailorMarsAssists+1","theSenshi:SailorMercuryAssists","theSenshi:PlutosSolemnity"],"picked":"SKIP","floor":29},{"not_picked":["theSenshi:MoonPunch+1","theSenshi:NeptunesGrace+1","theSenshi:MoonKick+1"],"picked":"SKIP","floor":31}],"player_experience":288493,"relics_obtained":[{"floor":7.0,"key":"Pen Nib"},{"floor":9.0,"key":"hexamod:BolsterEngine"},{"floor":12.0,"key":"Anchor"},{"floor":25.0,"key":"Oddly Smooth Stone"},{"floor":26.0,"key":"Molten Egg 2"}],"event_choices":[{"damage_healed":0.0,"max_hp_gain":0.0,"max_hp_loss":0.0,"gold_gain":0.0,"event_name":"The Cleric","player_choice":"Leave","floor":4.0,"gold_loss":0.0,"damage_taken":0.0},{"damage_healed":0.0,"max_hp_gain":0.0,"max_hp_loss":0.0,"gold_gain":0.0,"event_name":"Beggar","player_choice":"Ignored","floor":20.0,"gold_loss":0.0,"damage_taken":0.0},{"damage_healed":0.0,"max_hp_gain":0.0,"max_hp_loss":0.0,"gold_gain":0.0,"event_name":"Masked Bandits","player_choice":"Paid Fearfully","floor":24.0,"gold_loss":64.0,"damage_taken":0.0}],"is_beta":false,"boss_relics":[{"not_picked":["Astrolabe","Philosopher\u0027s Stone"],"picked":"Sozu"}],"items_purged_floors":[22],"is_endless":false,"potions_floor_spawned":[5,7,13,18,21,29],"killed_by":"Automaton","ascension_level":0}}