{"host":"mai03x2ekbjy4059","time":1611016236,"event":{"mods":["2.2 Compatiblity","BaseMod","DeckTracker","Keyboard Shortcuts","Minty Spire (QoL Compilation)","Permanent Neow","Quick Restart","SuperFastMode","everything is the same but u backflip on backflip"],"gold_per_floor":[110,127,139,157,167,201,201,230,308,308,318,318,318,335,335,434,434,453,16,16,36,36,67,67,67,147,172,36,54,54,87,87,87,87],"floor_reached":33,"language":"KOR","playtime":844,"items_purged":["Parasite","Strike_B"],"score":331,"play_id":"03e37aed-c596-4d83-94ef-84d2105c558f","local_time":"20210119093036","is_ascension_mode":true,"campfire_choices":[{"floor":7.0,"key":"REST"},{"data":"Zap","floor":12.0,"key":"SMITH"},{"data":"Tempest","floor":15.0,"key":"SMITH"},{"data":"Strike_B","floor":25.0,"key":"PURGE"},{"data":"Defragment","floor":30.0,"key":"SMITH"},{"data":"Strike_B","floor":32,"key":"PURGE"}],"circlet_count":0,"master_deck":["Strike_B","Defend_B","Defend_B+1","Defend_B","Defend_B","Zap+1","Dualcast+1","Electrodynamics","Force Field","Steam","Heatsinks","Tempest+1","Machine Learning","Force Field","Defragment+1"],"relics":["Cracked Core","Bottled Tornado","Pantograph","Busted Crown","Medical Kit","War Paint","Peace Pipe","Oddly Smooth Stone","Shuriken","Question Card","Art of War"],"acts_visited":["Exordium","TheCity"],"potions_floor_usage":[31,31],"damage_taken":[{"damage":1.0,"enemies":"Cultist","floor":1.0,"turns":3.0},{"damage":3.0,"enemies":"Jaw Worm","floor":2.0,"turns":3.0},{"damage":1.0,"enemies":"2 Louse","floor":3.0,"turns":2.0},{"damage":10.0,"enemies":"Exordium Wildlife","floor":4.0,"turns":3.0},{"damage":10.0,"enemies":"Looter","floor":5.0,"turns":3.0},{"damage":25.0,"enemies":"Gremlin Nob","floor":6.0,"turns":4.0},{"damage":36.0,"enemies":"Lagavulin","floor":8.0,"turns":7.0},{"damage":6.0,"enemies":"2 Fungi Beasts","floor":11.0,"turns":2.0},{"damage":2.0,"enemies":"Blue Slaver","floor":14.0,"turns":3.0},{"damage":32.0,"enemies":"Slime Boss","floor":16.0,"turns":9.0},{"damage":21.0,"enemies":"Shell Parasite","floor":18.0,"turns":8.0},{"damage":10.0,"enemies":"Chosen","floor":21.0,"turns":4.0},{"damage":15.0,"enemies":"Gremlin Leader","floor":23.0,"turns":7.0},{"damage":12.0,"enemies":"Book of Stabbing","floor":27.0,"turns":6.0},{"damage":3.0,"enemies":"Shelled Parasite and Fungi","floor":29.0,"turns":5.0},{"damage":6,"enemies":"Gremlin Leader","floor":31,"turns":4},{"damage":48,"enemies":"Champ","floor":33,"turns":14}],"seed_played":"4467801608980962170","potions_obtained":[{"floor":2.0,"key":"FocusPotion"},{"floor":6.0,"key":"Swift Potion"},{"floor":8.0,"key":"LiquidMemories"},{"floor":11.0,"key":"Explosive Potion"},{"floor":14.0,"key":"PowerPotion"}],"is_trial":false,"path_per_floor":["M","M","M","M","M","E","R","E","T","?","M","R","?","M","R","B",null,"M","$","?","M","?","E","?","R","T","E","$","M","R","E","R","B"],"character_chosen":"DEFECT","items_purchased":["Medical Kit","War Paint","Force Field","Defragment"],"campfire_rested":1,"item_purchase_floors":[19,19,19,28],"current_hp_per_floor":[67,64,63,53,43,18,38,2,2,19,13,13,35,33,33,26,68,47,47,47,37,37,22,22,22,22,10,10,7,7,1,1,0,0],"gold":87,"neow_bonus":"THREE_RARE_CARDS","is_daily":false,"chose_seed":false,"campfire_upgraded":3,"win_rate":0.0,"timestamp":1611016236,"path_taken":["M","M","M","?","M","E","R","E","T","?","M","R","?","M","R","BOSS","M","$","?","M","?","E","?","R","T","E","?","M","R","E","R","BOSS"],"items_purchased_type":["Relic","Relic","Card","Card"],"build_version":"2020-12-22","purchased_purges":2,"victory":false,"max_hp_per_floor":[68,68,68,68,68,68,68,68,68,68,68,68,68,68,68,68,68,68,65,65,65,65,65,65,65,65,65,65,65,65,65,65,65,65],"card_choices":[{"not_picked":["Creative AI","Fission"],"picked":"Electrodynamics","floor":0.0},{"not_picked":["Redo","Go for the Eyes","Ball Lightning"],"picked":"SKIP","floor":1.0},{"not_picked":["Doom and Gloom","Barrage","Hologram"],"picked":"SKIP","floor":2.0},{"not_picked":["Cold Snap","Coolheaded","Steam Power"],"picked":"SKIP","floor":3.0},{"not_picked":["Ball Lightning","Redo"],"picked":"Force Field","floor":4.0},{"not_picked":["Undo","Rebound","Fusion"],"picked":"SKIP","floor":5.0},{"not_picked":["Aggregate","Ball Lightning","Amplify"],"picked":"SKIP","floor":6.0},{"not_picked":["Sweeping Beam","Leap"],"picked":"Steam","floor":8.0},{"not_picked":["Leap","Doom and Gloom"],"picked":"Heatsinks","floor":11.0},{"not_picked":["Streamline","Turbo"],"picked":"Tempest","floor":14.0},{"not_picked":["Creative AI","Reboot"],"picked":"Machine Learning","floor":16.0},{"not_picked":["Melter"],"picked":"SKIP","floor":18.0},{"not_picked":["Sweeping Beam"],"picked":"SKIP","floor":21.0},{"not_picked":["Redo"],"picked":"SKIP","floor":23.0},{"not_picked":["Steam"],"picked":"SKIP","floor":27.0},{"not_picked":["Sweeping Beam","Self Repair"],"picked":"SKIP","floor":29.0},{"not_picked":["BootSequence","Compile Driver"],"picked":"SKIP","floor":31}],"player_experience":1094047,"relics_obtained":[{"floor":6.0,"key":"Bottled Tornado"},{"floor":8.0,"key":"Pantograph"},{"floor":23.0,"key":"Oddly Smooth Stone"},{"floor":26.0,"key":"Shuriken"},{"floor":27.0,"key":"Question Card"},{"floor":31,"key":"Art of War"}],"event_choices":[{"damage_healed":17.0,"max_hp_gain":0.0,"max_hp_loss":0.0,"gold_gain":0.0,"event_name":"Mushrooms","player_choice":"Healed and dodged fight","floor":10.0,"gold_loss":0.0,"damage_taken":0.0,"cards_obtained":["Parasite"]},{"damage_healed":22.0,"max_hp_gain":0.0,"max_hp_loss":0.0,"gold_gain":0.0,"event_name":"Big Fish","player_choice":"Banana","floor":13.0,"gold_loss":0.0,"damage_taken":0.0},{"damage_healed":0.0,"max_hp_gain":0.0,"max_hp_loss":0.0,"gold_gain":0.0,"event_name":"The Mausoleum","player_choice":"Opened","floor":20.0,"gold_loss":0.0,"damage_taken":0.0,"relics_obtained":["Peace Pipe"],"cards_obtained":["Writhe"]},{"damage_healed":0.0,"max_hp_gain":0.0,"max_hp_loss":0.0,"gold_gain":0.0,"event_name":"Ghosts","player_choice":"Ignored","floor":22.0,"gold_loss":0.0,"damage_taken":0.0},{"cards_removed":["Writhe"],"damage_healed":0.0,"max_hp_gain":0.0,"max_hp_loss":0.0,"gold_gain":0.0,"event_name":"Back to Basics","player_choice":"Elegance","floor":24.0,"gold_loss":0.0,"damage_taken":0.0}],"is_beta":false,"boss_relics":[{"not_picked":["Nuclear Battery","Philosopher\u0027s Stone"],"picked":"Busted Crown"}],"items_purged_floors":[19,28],"is_endless":false,"potions_floor_spawned":[2,6,8,11,14,18,21],"killed_by":"Champ","ascension_level":1}}