{"host":"svjsz61ic7qdyp36","time":1611079531,"event":{"mods":["BaseMod","Colored Map","Colored Powertips","Hermit","Infinite Spire","Marisa????????","Minty Spire (QoL Compilation)","StSLib","The Servant 0.9.4"],"gold_per_floor":[115,115,115,129,129,164,164,190,271,283,283,301,249,265,265,369,369,386,386,386,386,409,442,455,455,506,506,539,235,245,245,245,350,350,362,69,69,83,83,83,102,102,181,181,199,199,210,210,210,308,308,318,318,327,354,359,359,375,375,425,425,425,422,431,442,442,523,523,539,539,544,459,463,437,437],"floor_reached":74,"language":"ENG","playtime":3173,"items_purged":[],"score":1284,"play_id":"6481c431-2f11-4a59-9622-8af06cf8229d","local_time":"20210119180531","is_ascension_mode":false,"campfire_choices":[{"floor":7,"key":"REST"},{"floor":15,"key":"REST"},{"floor":25,"key":"REST"},{"data":"CasketOfStar","floor":27,"key":"SMITH"},{"floor":32,"key":"REST"},{"floor":40,"key":"REST"},{"floor":42,"key":"REST"},{"floor":49,"key":"REST"},{"data":"LuminesStrike","floor":57,"key":"SMITH"},{"data":"PowerUp","floor":59,"key":"SMITH"},{"data":"UltimateShortwave","floor":62,"key":"SMITH"},{"floor":66,"key":"REST"}],"circlet_count":0,"master_deck":["Strike_MRS","Strike_MRS","Strike_MRS","Strike_MRS","Defend_MRS","Defend_MRS","Defend_MRS","Defend_MRS","MasterSpark","UpSweep","CasketOfStar+1","SprinkleStarSeal","EnergyRecoil","DarkMatter","MilkyWay","DeepEcoloBomb","MysteriousBeam","GalacticHalo","UltimateShortwave+1","CurseOfTheBell","PowerUp+1","infinitespire:NeuralNetwork","Necronomicurse","Hightail","OpenUniverse+1","hermit:FromBeyond","Forethought+1","EnergyFlow","Mayhem","hermit:Quickdraw+1","Pain","LuminesStrike+1","Feed","Turbo","Judgement","hermit:Gambit","hermit:GhostlyPresence","Blasphemy","Singularity"],"relics":["BewitchedHakkero","Tiny Chest","Shuriken","infinitespire:FocusingShard","Calling Bell","Bag of Marbles","infinitespire:Eraser","Incense Burner","PrismaticShard","Philosopher\u0027s Stone","Necronomicon","infinitespire:Satchel","Juzu Bracelet","Vajra","HornCleat","MagicBroom","Empty Cage","Membership Card","Ornamental Fan","Bottled Lightning","WarpedTongs","ExperimentalFamiliar","Unceasing Top","Bag of Preparation","CeramicFish","Black Star","infinitespire:Beetle Shell","Letter Opener"],"acts_visited":["Exordium","TheCity","TheBeyond","Exordium","TheCity"],"potions_floor_usage":[4,6,12,23,28,38,45,50,50,58,58,64,67,74],"damage_taken":[{"damage":0,"enemies":"Small Slimes","floor":1,"turns":3},{"damage":0,"enemies":"2 Louse","floor":4,"turns":3},{"damage":21,"enemies":"Lagavulin","floor":6,"turns":7},{"damage":28,"enemies":"3 Sentries","floor":8,"turns":9},{"damage":4,"enemies":"Cultist","floor":10,"turns":4},{"damage":0,"enemies":"3 Louse","floor":12,"turns":3},{"damage":1,"enemies":"Red Slaver","floor":14,"turns":5},{"damage":41,"enemies":"The Guardian","floor":16,"turns":8},{"damage":0,"enemies":"Shell Parasite","floor":18,"turns":7},{"damage":3,"enemies":"Nightmare","floor":23,"turns":5},{"damage":11,"enemies":"2 Thieves","floor":24,"turns":3},{"damage":0,"enemies":"Book of Stabbing","floor":28,"turns":4},{"damage":0,"enemies":"Snake Plant","floor":30,"turns":2},{"damage":1,"enemies":"Collector","floor":33,"turns":9},{"damage":6,"enemies":"3 Darklings","floor":35,"turns":4},{"damage":61,"enemies":"3 Shapes","floor":38,"turns":5},{"damage":1,"enemies":"Jaw Worm Horde","floor":41,"turns":4},{"damage":28,"enemies":"Sphere and 2 Shapes","floor":45,"turns":3},{"damage":0,"enemies":"Maw","floor":47,"turns":1},{"damage":45,"enemies":"infinitespire:MassOfShapes","floor":50,"turns":5},{"damage":0,"enemies":"2 Louse","floor":52,"turns":1},{"damage":0,"enemies":"Jaw Worm","floor":54,"turns":2},{"damage":0,"enemies":"Cultist","floor":56,"turns":1},{"damage":6,"enemies":"Gremlin Nob","floor":58,"turns":1},{"damage":9,"enemies":"Gremlin Gang","floor":63,"turns":2},{"damage":0,"enemies":"2 Fungi Beasts","floor":64,"turns":2},{"damage":12,"enemies":"Lots of Slimes","floor":65,"turns":3},{"damage":5,"enemies":"Hexaghost","floor":67,"turns":3},{"damage":0,"enemies":"Spheric Guardian","floor":69,"turns":1},{"damage":8,"enemies":"Shell Parasite","floor":71,"turns":2},{"damage":8,"enemies":"Centurion and Healer","floor":73,"turns":2},{"damage":80,"enemies":"Nightmare","floor":74,"turns":4}],"seed_played":"-9121246652591039256","potions_obtained":[{"floor":1,"key":"Explosive Potion"},{"floor":4,"key":"LiquidMemories"},{"floor":10,"key":"AttackPotion"},{"floor":16,"key":"Ancient Potion"},{"floor":18,"key":"Fire Potion"},{"floor":24,"key":"FearPotion"},{"floor":37,"key":"CultistPotion"},{"floor":37,"key":"ShroomBrew"},{"floor":41,"key":"Block Potion"},{"floor":45,"key":"Block Potion"},{"floor":47,"key":"Strength Potion"},{"floor":50,"key":"LiquidMemories"},{"floor":52,"key":"BottledSpark"},{"floor":58,"key":"Fire Potion"},{"floor":69,"key":"EssenceOfSteel"}],"is_trial":false,"path_per_floor":["M","?","?","M","?","E","R","E","T","M","?","M","$","M","R","B",null,"M","?","AVR","?","T","NM","M","R","T","R","E","$","M","?","R","B",null,"M","$","?","M","T","R","M","R","T","?","M","AVR","M","?","R","B",null,"M","?","M","T","M","R","E","R","T","?","R","M","M","M","R","B",null,"M","?","M","?","M","NM"],"character_chosen":"MARISA","items_purchased":["GalacticHalo","MagicBroom","Membership Card","EnergyFlow","Mayhem"],"campfire_rested":8,"item_purchase_floors":[13,29,36,36,36],"current_hp_per_floor":[75,75,75,75,75,54,75,47,47,43,43,43,43,42,64,23,75,75,75,75,59,59,56,45,67,67,67,67,67,67,53,77,76,80,74,74,74,13,13,37,36,60,60,60,32,32,32,32,56,11,80,80,80,84,84,84,84,78,78,78,78,78,73,73,64,91,86,91,91,91,86,86,78,0,0],"gold":437,"neow_bonus":"ONE_RANDOM_RARE_CARD","is_daily":false,"chose_seed":false,"campfire_upgraded":4,"win_rate":0.0,"timestamp":1611079531,"path_taken":["M","?","?","?","?","E","R","E","T","M","?","M","$","M","R","BOSS","M","?","AVR","?","?","NM","M","R","T","R","E","?","M","?","R","BOSS","M","$","?","M","?","R","M","R","T","?","M","AVR","M","?","R","BOSS","M","?","M","?","M","R","E","R","T","?","R","M","M","M","R","BOSS","M","?","M","?","M","NM"],"items_purchased_type":["Card","Relic","Relic","Card","Card"],"build_version":"2020-12-22","purchased_purges":0,"victory":false,"max_hp_per_floor":[75,75,75,75,75,75,75,75,75,75,75,75,75,75,75,75,75,75,75,75,75,75,75,75,75,75,75,75,75,75,80,80,80,80,80,80,80,80,80,80,80,80,80,80,80,80,80,80,80,80,80,80,80,84,84,84,84,84,84,84,84,84,88,88,91,91,91,91,91,91,94,94,94,94,94],"card_choices":[{"not_picked":["LuminesStrike","WitchLeyline"],"picked":"SprinkleStarSeal","floor":1},{"not_picked":["IllusionStar","6A"],"picked":"DoubleSpark","floor":4},{"not_picked":["PulseMagic","DarkSpark"],"picked":"DarkMatter","floor":6},{"not_picked":["MeteoricShower","ShootingEcho"],"picked":"MachineGunSpark","floor":8},{"not_picked":["DC","AlicesGift"],"picked":"MilkyWay","floor":10},{"not_picked":["PowerUp","6A"],"picked":"MysteriousBeam","floor":12},{"not_picked":["NonDirectionalLaser","WitchLeyline"],"picked":"OortCloud","floor":14},{"not_picked":["SatelliteIllusion","CasketOfStar"],"picked":"UltimateShortwave","floor":16},{"not_picked":["EventHorizon","SprinkleStarSeal"],"picked":"PowerUp","floor":18},{"not_picked":["DC","Reinforced Body"],"picked":"Hightail","floor":23},{"not_picked":["Burning Pact","Swivel","hermit:SprayPray+1"],"picked":"SKIP","floor":24},{"not_picked":["Chaos","HandOfGreed"],"picked":"OpenUniverse+1","floor":28},{"not_picked":["Consecrate","Dark Embrace","Streamline"],"picked":"SKIP","floor":30},{"not_picked":["SoulSculpture","hermit:DeadOrAlive"],"picked":"hermit:FromBeyond","floor":33},{"not_picked":["GalacticHalo","WitchOfGreed"],"picked":"Forethought+1","floor":35},{"not_picked":["Finesse","Cold Snap","Go for the Eyes+1"],"picked":"SKIP","floor":38},{"not_picked":["Dash+1","Nirvana"],"picked":"hermit:Quickdraw+1","floor":41},{"not_picked":["Underhanded Strike+1","hermit:Malice"],"picked":"EmptyBody+1","floor":45},{"not_picked":["Weave+1","Rupture+1"],"picked":"LuminesStrike","floor":47},{"not_picked":["Adrenaline","hermit:Purgatory"],"picked":"Feed","floor":50},{"not_picked":["Cloak And Dagger","Armaments"],"picked":"Turbo","floor":52},{"not_picked":["Fire Breathing","Heavy Blade","Warcry"],"picked":"SKIP","floor":54},{"not_picked":["BowlingBash","Scrape"],"picked":"Judgement","floor":56},{"not_picked":["infinitespire:OneForAll","PiercingWail"],"picked":"hermit:Gambit","floor":58},{"not_picked":["Masterful Stab","FlurryOfBlows","Searing Blow"],"picked":"SKIP","floor":63},{"not_picked":["Anger","Unruled","Conserve Battery"],"picked":"SKIP","floor":64},{"not_picked":["WitchOfGreed","Intimidate"],"picked":"hermit:GhostlyPresence","floor":65},{"not_picked":["Grand Finale","hermit:FatalDesire"],"picked":"Blasphemy","floor":67},{"not_picked":["Gash","Dramatic Entrance","Bane"],"picked":"SKIP","floor":69},{"not_picked":["Hightail","Acceleration","Cloak And Dagger"],"picked":"SKIP","floor":71},{"not_picked":["Turbo","Impatience"],"picked":"Singularity","floor":73}],"player_experience":217962,"relics_obtained":[{"floor":6,"key":"Tiny Chest"},{"floor":8,"key":"Shuriken"},{"floor":9,"key":"infinitespire:FocusingShard"},{"floor":17,"key":"Bag of Marbles"},{"floor":17,"key":"infinitespire:Eraser"},{"floor":17,"key":"Incense Burner"},{"floor":21,"key":"Necronomicon"},{"floor":22,"key":"infinitespire:Satchel"},{"floor":23,"key":"Juzu Bracelet"},{"floor":26,"key":"Vajra"},{"floor":28,"key":"HornCleat"},{"floor":39,"key":"Ornamental Fan"},{"floor":43,"key":"Bottled Lightning"},{"floor":53,"key":"Unceasing Top"},{"floor":58,"key":"Bag of Preparation"},{"floor":60,"key":"CeramicFish"}],"event_choices":[{"damage_healed":0,"gold_gain":0,"player_choice":"Full Heal","damage_taken":0,"max_hp_gain":0,"max_hp_loss":0,"event_name":"Wheel of Change","floor":3,"gold_loss":0},{"damage_healed":0,"gold_gain":0,"cards_transformed":["DoubleSpark"],"player_choice":"Change","damage_taken":0,"max_hp_gain":0,"max_hp_loss":0,"event_name":"Living Wall","floor":5,"gold_loss":0,"cards_obtained":["EnergyRecoil"]},{"damage_healed":0,"gold_gain":0,"cards_transformed":["MachineGunSpark"],"player_choice":"Transformed","damage_taken":0,"max_hp_gain":0,"max_hp_loss":0,"event_name":"Transmorgrifier","floor":11,"gold_loss":0,"cards_obtained":["DeepEcoloBomb"]},{"damage_healed":0,"gold_gain":0,"player_choice":"Ignored","damage_taken":0,"max_hp_gain":0,"max_hp_loss":0,"event_name":"Vampires","floor":19,"gold_loss":0},{"damage_healed":0,"gold_gain":0,"player_choice":"Obtained Book","damage_taken":16,"max_hp_gain":0,"max_hp_loss":0,"event_name":"Cursed Tome","floor":21,"gold_loss":0},{"damage_healed":0,"gold_gain":0,"player_choice":"Shed Blood","damage_taken":19,"max_hp_gain":5,"max_hp_loss":0,"event_name":"Forgotten Altar","floor":31,"gold_loss":0},{"damage_healed":0,"gold_gain":0,"player_choice":"Got Potions","damage_taken":0,"max_hp_gain":0,"max_hp_loss":0,"event_name":"Lab","floor":37,"gold_loss":0},{"damage_healed":0,"gold_gain":0,"player_choice":"Rummage","damage_taken":0,"relics_obtained":["WarpedTongs"],"max_hp_gain":0,"max_hp_loss":0,"event_name":"Accursed Blacksmith","floor":44,"gold_loss":0,"cards_obtained":["Pain"]},{"cards_removed":["EmptyBody"],"damage_healed":0,"gold_gain":0,"player_choice":"Elegance","damage_taken":0,"max_hp_gain":0,"max_hp_loss":0,"event_name":"Back to Basics","floor":70,"gold_loss":0},{"damage_healed":0,"gold_gain":0,"player_choice":"Obtained Relic","damage_taken":0,"relics_obtained":["infinitespire:Beetle Shell"],"max_hp_gain":0,"max_hp_loss":0,"event_name":"Addict","floor":72,"gold_loss":85}],"is_beta":false,"boss_relics":[{"not_picked":["Fusion Hammer","SlaversCollar"],"picked":"Calling Bell"},{"not_picked":["Pandora\u0027s Box","Velvet Choker"],"picked":"Empty Cage"},{"not_picked":["SacredBark","infinitespire:Cupcake"],"picked":"BewitchedHakkero"},{"not_picked":["Coffee Dripper","Busted Crown"],"picked":"Black Star"}],"items_purged_floors":[],"is_endless":true,"potions_floor_spawned":[1,4,10,16,18,24,41,45,47,50,52,56,58,69],"killed_by":"Nightmare","ascension_level":0}}