{"host":"5hj512uv6i1x1iks","time":1611023004,"event":{"mods":["BaseMod","Colored Powertips","Minty Spire (QoL Compilation)","Random Character Button","Rare Cards Sparkle","Relic Stats","StSLib","ojb\u0027s Better Paths Mod","ojb\u0027s Info Mod"],"gold_per_floor":[114,114,35,47,63,92,92,118,118,118,135,135,154,154,154,154,154],"floor_reached":16,"language":"ENG","playtime":287,"items_purged":[],"score":198,"play_id":"b5b2bd70-31b1-4865-9386-ccb38859f16f","local_time":"20210118202324","is_ascension_mode":true,"campfire_choices":[{"floor":7,"key":"REST"},{"floor":12,"key":"REST"},{"data":"Zap","floor":15,"key":"SMITH"}],"circlet_count":0,"master_deck":["AscendersBane","Strike_B","Strike_B","Strike_B","Strike_B","Defend_B","Defend_B","Defend_B","Defend_B","Zap+1","Dualcast","Defragment","Defragment","Reinforced Body","Sweeping Beam","Cold Snap"],"relics":["Runic Dome","Anchor","Sundial","Juzu Bracelet","Bag of Preparation","Bottled Lightning"],"acts_visited":[],"potions_floor_usage":[8],"damage_taken":[{"damage":9,"enemies":"2 Louse","floor":1,"turns":3},{"damage":0,"enemies":"Cultist","floor":4,"turns":4},{"damage":1,"enemies":"Jaw Worm","floor":5,"turns":4},{"damage":53,"enemies":"Gremlin Nob","floor":6,"turns":6},{"damage":17,"enemies":"Lagavulin","floor":8,"turns":8},{"damage":0,"enemies":"Looter","floor":11,"turns":5},{"damage":4,"enemies":"Red Slaver","floor":13,"turns":3},{"damage":34,"enemies":"The Guardian","floor":16,"turns":2}],"seed_played":"6367889049472321939","potions_obtained":[{"floor":4,"key":"AttackPotion"},{"floor":5,"key":"Energy Potion"}],"is_trial":false,"path_per_floor":["M","?","$","M","M","E","R","E","T","?","M","R","M","T","R","B"],"character_chosen":"DEFECT","items_purchased":["Defragment"],"campfire_rested":2,"item_purchase_floors":[3],"current_hp_per_floor":[55,55,55,55,54,1,22,5,5,5,5,26,22,22,22,0,0],"gold":154,"neow_bonus":"BOSS_RELIC","is_daily":false,"chose_seed":false,"campfire_upgraded":1,"win_rate":0.0,"timestamp":1611023004,"path_taken":["M","?","?","M","?","E","R","E","T","?","M","R","M","?","R","BOSS"],"items_purchased_type":["Card"],"build_version":"2020-12-22","purchased_purges":0,"victory":false,"max_hp_per_floor":[71,71,71,71,71,71,71,71,71,71,71,71,71,71,71,71,71],"relic_stats":{"counters":[8,35],"Sundial":[4],"Juzu Bracelet":0,"Bag of Preparation":[6],"obtain_stats":[{"Runic Dome":0,"Anchor":2,"Sundial":6,"Juzu Bracelet":8,"Bag of Preparation":9,"Bottled Lightning":14,"Cracked Core":0},{"Runic Dome":0,"Anchor":1,"Sundial":4,"Juzu Bracelet":5,"Bag of Preparation":5,"Bottled Lightning":7,"Cracked Core":0},{"Runic Dome":0,"Anchor":3,"Sundial":17,"Juzu Bracelet":25,"Bag of Preparation":25,"Bottled Lightning":33,"Cracked Core":0}]},"card_choices":[{"not_picked":["Steam","FTL"],"picked":"Barrage","floor":1},{"not_picked":["Compile Driver","Redo","Recycle"],"picked":"SKIP","floor":4},{"not_picked":["Barrage","Storm"],"picked":"Defragment","floor":5},{"not_picked":["Steam","Go for the Eyes","Redo"],"picked":"SKIP","floor":6},{"not_picked":["Multi-Cast","FTL"],"picked":"Reinforced Body","floor":8},{"not_picked":["Hologram","Gash"],"picked":"Sweeping Beam","floor":11},{"not_picked":["Loop","Force Field"],"picked":"Cold Snap","floor":13}],"player_experience":585828,"relics_obtained":[{"floor":6,"key":"Sundial"},{"floor":8,"key":"Juzu Bracelet"},{"floor":9,"key":"Bag of Preparation"},{"floor":14,"key":"Bottled Lightning"}],"event_choices":[{"cards_removed":["Barrage"],"damage_healed":0,"gold_gain":0,"player_choice":"Gave Card","damage_taken":0,"relics_obtained":["Anchor"],"max_hp_gain":0,"max_hp_loss":0,"event_name":"WeMeetAgain","floor":2,"gold_loss":0},{"damage_healed":0,"gold_gain":0,"player_choice":"Ignored","damage_taken":0,"max_hp_gain":0,"max_hp_loss":0,"event_name":"Liars Game","floor":10,"gold_loss":0}],"is_beta":false,"boss_relics":[],"items_purged_floors":[],"is_endless":false,"potions_floor_spawned":[4,5,6],"killed_by":"The Guardian","ascension_level":16}}