{"host":"q3109sz2drhwh89o","time":1611036458,"event":{"mods":["BaseMod","Colored Map","Colored Powertips","Downfall","Hubris","Minty Spire (QoL Compilation)","StSLib","Unceasing Turn Reminder","everything is the same but u backflip on backflip"],"gold_per_floor":[99,119,137,157,5,5,5,180,205,105,105,120,120,120,135,238,238,238,257,257,257,45,45,45,60,74,74,98,98,98],"floor_reached":29,"language":"ENG","playtime":2297,"items_purged":[],"score":257,"play_id":"b4b2824e-08f1-4616-b5de-2a70ad36ad15","local_time":"20210119010738","is_ascension_mode":true,"campfire_choices":[{"floor":1,"key":"RECALL"},{"data":"bronze:Verify","floor":6,"key":"SMITH"},{"floor":10,"key":"REST"},{"data":"bronze:Philosophize","floor":13,"key":"SMITH"},{"data":"bronze:ForLoop","floor":18,"key":"SMITH"}],"circlet_count":0,"master_deck":["bronze:Defend","bronze:Defend+1","bronze:Defend","bronze:Defend+1","bronze:Replicate","bronze:Goto","bronze:Constructor","bronze:Philosophize+1","bronze:Separator","bronze:Iterate","bronze:Verify+1","bronze:ForLoop+1","bronze:Flail","bronze:Fortify","bronze:SpaghettiCode","bronze:FineTuning+1","Bite","Bite","Bite","Bite","Bite","bronze:DelayedGuard","expansioncontent:QuickStudy","bronze:BitShift"],"relics":["bronze:PlatinumCore","Toy Ornithopter","hubris:MysteriousPyramids","War Paint","Nloth\u0027s Gift","Meat on the Bone","Enchiridion"],"acts_visited":["Exordium","TheCity"],"potions_floor_usage":[12,16,29],"damage_taken":[{"damage":0,"enemies":"Cultist","floor":2,"turns":4},{"damage":0,"enemies":"2 Louse","floor":3,"turns":2},{"damage":4,"enemies":"Small Slimes","floor":4,"turns":4},{"damage":5,"enemies":"downfall:FleeingMerchant","floor":5,"turns":4},{"damage":34,"enemies":"Lagavulin","floor":9,"turns":6},{"damage":6,"enemies":"3 Louse","floor":12,"turns":3},{"damage":6,"enemies":"Exordium Wildlife","floor":15,"turns":3},{"damage":41,"enemies":"DF_ARCHETYPE_STREAMLINE","floor":16,"turns":8},{"damage":35,"enemies":"Spheric Guardian","floor":19,"turns":4},{"damage":10,"enemies":"downfall:FleeingMerchant","floor":22,"turns":4},{"damage":15,"enemies":"Chosen","floor":25,"turns":6},{"damage":11,"enemies":"Sentry and Sphere","floor":26,"turns":3},{"damage":32,"enemies":"Book of Stabbing","floor":29,"turns":5}],"seed_played":"-1027570659270810989","potions_obtained":[{"floor":3,"key":"EssenceOfSteel"},{"floor":9,"key":"BlessingOfTheForge"},{"floor":21,"key":"CultistPotion"},{"floor":25,"key":"Dexterity Potion"},{"floor":26,"key":"hexamod:SoulburnPotion"}],"is_trial":false,"path_per_floor":["R","M","M","M","$","R","T","?","E","R","?","M","R","?","M","B",null,"R","M","?","?","$","?","T","M","M","?","T","E"],"character_chosen":"THE_AUTOMATON","items_purchased":["bronze:Verify","expansioncontent:QuickStudy"],"campfire_rested":1,"item_purchase_floors":[5,22],"current_hp_per_floor":[70,70,70,66,61,61,61,61,27,48,48,47,47,47,41,5,70,70,35,35,35,29,29,29,32,35,19,19,0,0],"gold":98,"neow_bonus":"RANDOM_COMMON_RELIC","is_daily":false,"chose_seed":false,"campfire_upgraded":3,"win_rate":0.0,"timestamp":1611036458,"path_taken":["R","M","M","M","?","R","T","?","E","R","?","M","R","?","M","BOSS","R","M","?","?","$","?","T","M","?","?","?","E"],"items_purchased_type":["Card","Card"],"build_version":"2020-12-22","purchased_purges":0,"victory":false,"max_hp_per_floor":[70,70,70,70,70,70,70,70,70,70,70,70,70,70,70,70,70,70,70,49,49,49,49,49,49,49,49,49,49,49],"card_choices":[{"not_picked":["bronze:Branch","bronze:WhirlingStrike"],"picked":"bronze:Constructor","floor":2},{"not_picked":["bronze:OilSpill","bronze:ChildClass"],"picked":"bronze:Philosophize","floor":3},{"not_picked":["bronze:Boost","bronze:DelayedGuard"],"picked":"bronze:Separator","floor":4},{"not_picked":["bronze:Branch","bronze:Invalidate"],"picked":"bronze:Iterate","floor":5},{"not_picked":["bronze:Philosophize","bronze:Break"],"picked":"bronze:ForLoop","floor":9},{"not_picked":["bronze:Constructor","bronze:Allocate"],"picked":"bronze:Flail","floor":12},{"not_picked":["bronze:WildBeam","bronze:BugBarrage"],"picked":"bronze:Fortify","floor":15},{"not_picked":["bronze:Mutator","bronze:Format"],"picked":"bronze:SpaghettiCode","floor":16},{"not_picked":["bronze:Optimize","bronze:BitShift"],"picked":"bronze:FineTuning+1","floor":19},{"not_picked":["bronze:Deprecate","bronze:Separator"],"picked":"bronze:DelayedGuard","floor":22},{"not_picked":["bronze:WildBeam+1","bronze:FineTuning","bronze:Constructor"],"picked":"SKIP","floor":25},{"not_picked":["bronze:Shell","bronze:ChildClass"],"picked":"bronze:BitShift","floor":26}],"player_experience":117829,"relics_obtained":[{"floor":7,"key":"hubris:MysteriousPyramids"},{"floor":9,"key":"War Paint"},{"floor":24,"key":"Meat on the Bone"},{"floor":27,"key":"Enchiridion"}],"event_choices":[{"cards_removed":["Doubt"],"damage_healed":0,"gold_gain":0,"player_choice":"Card Removal","damage_taken":0,"max_hp_gain":0,"max_hp_loss":0,"event_name":"The Cleric","floor":14,"gold_loss":0},{"damage_healed":0,"gold_gain":0,"player_choice":"Became a vampire","damage_taken":0,"max_hp_gain":0,"max_hp_loss":21,"event_name":"Vampires","floor":20,"gold_loss":0,"cards_obtained":["Bite","Bite","Bite","Bite","Bite"]}],"is_beta":false,"boss_relics":[{"not_picked":["Calling Bell","hubris:Stopwatch"],"picked":"bronze:PlatinumCore"}],"items_purged_floors":[],"is_endless":false,"potions_floor_spawned":[3,9,25,26],"killed_by":"Book of Stabbing","ascension_level":1}}