{"host":"w01zow3jg16g8jdh","time":1611076547,"event":{"mods":["AchievementEnabler","BaseMod","DeckTracker","Keyboard Shortcuts","Minty Spire (QoL Compilation)","Permanent Neow","StSLib","SuperFastMode"],"gold_per_floor":[16,16,28,46,62,62,77,105,105,118,118,130,130,130,130,202,202,214,139,155,172,87,87,87],"floor_reached":23,"language":"KOR","playtime":440,"items_purged":["Strike_R"],"score":415,"play_id":"c1000552-cbcd-4fc9-b086-526c3b41f6c4","local_time":"20210120021547","is_ascension_mode":true,"campfire_choices":[{"data":"Pommel Strike","floor":6.0,"key":"SMITH"},{"data":"Feed","floor":11.0,"key":"SMITH"},{"floor":15.0,"key":"REST"}],"circlet_count":0,"master_deck":["AscendersBane","Strike_R+1","Defend_R","Defend_R+1","Defend_R","Defend_R","Bash","Thunderclap+1","Sword Boomerang+1","Pommel Strike+1","Feed+1","Inflame","Shockwave","Second Wind","Flex","Impervious"],"relics":["Burning Blood","Whetstone","Black Star","Tiny Chest"],"acts_visited":["Exordium","TheCity"],"potions_floor_usage":[],"damage_taken":[{"damage":1.0,"enemies":"2 Louse","floor":1.0,"turns":3.0},{"damage":21.0,"enemies":"Jaw Worm","floor":3.0,"turns":5.0},{"damage":7.0,"enemies":"Small Slimes","floor":4.0,"turns":4.0},{"damage":13.0,"enemies":"Red Slaver","floor":5.0,"turns":3.0},{"damage":13.0,"enemies":"Blue Slaver","floor":7.0,"turns":3.0},{"damage":35.0,"enemies":"Lagavulin","floor":8.0,"turns":8.0},{"damage":11.0,"enemies":"Lots of Slimes","floor":10.0,"turns":4.0},{"damage":0.0,"enemies":"3 Louse","floor":12.0,"turns":3.0},{"damage":24.0,"enemies":"Hexaghost","floor":16.0,"turns":9.0},{"damage":24.0,"enemies":"Shell Parasite","floor":18.0,"turns":3.0},{"damage":24.0,"enemies":"Chosen","floor":20.0,"turns":5.0},{"damage":9.0,"enemies":"Snake Plant","floor":21.0,"turns":4.0},{"damage":37,"enemies":"Gremlin Leader","floor":23,"turns":6}],"seed_played":"6416737840969921619","potions_obtained":[{"floor":4.0,"key":"Energy Potion"},{"floor":5.0,"key":"SpeedPotion"},{"floor":8.0,"key":"Fruit Juice"},{"floor":10.0,"key":"Strength Potion"},{"floor":18.0,"key":"Weak Potion"},{"floor":20.0,"key":"PowerPotion"}],"is_trial":false,"path_per_floor":["M","?","M","M","M","R","M","E","T","M","R","M","?","?","R","B",null,"M","$","M","M","?","E"],"character_chosen":"IRONCLAD","items_purchased":[],"campfire_rested":1,"item_purchase_floors":[],"current_hp_per_floor":[73,73,58,57,50,50,46,17,17,15,15,25,4,4,31,17,75,61,61,43,40,40,3,3],"gold":87,"neow_bonus":"REMOVE_TWO","is_daily":false,"chose_seed":false,"campfire_upgraded":2,"win_rate":0.0,"timestamp":1611076547,"path_taken":["M","?","M","M","M","R","M","E","T","M","R","M","?","?","R","BOSS","M","$","M","M","?","E"],"items_purchased_type":[],"build_version":"2020-12-22","purchased_purges":1,"victory":false,"max_hp_per_floor":[75,75,75,75,75,75,78,78,78,81,81,85,90,90,90,94,94,98,98,98,98,98,98,98],"card_choices":[{"not_picked":["Clash","Iron Wave"],"picked":"Thunderclap","floor":1.0},{"not_picked":["Thunderclap","Rage"],"picked":"Sword Boomerang","floor":3.0},{"not_picked":["Evolve","Dual Wield"],"picked":"Pommel Strike","floor":4.0},{"not_picked":["Thunderclap","Perfected Strike"],"picked":"Feed","floor":5.0},{"not_picked":["Clash","Entrench"],"picked":"Inflame","floor":7.0},{"not_picked":["Havoc","Anger"],"picked":"Shockwave","floor":8.0},{"not_picked":["Whirlwind","Armaments"],"picked":"Second Wind","floor":10.0},{"not_picked":["Twin Strike","Whirlwind","Heavy Blade"],"picked":"SKIP","floor":12.0},{"not_picked":["Armaments","Feel No Pain"],"picked":"Flex","floor":18.0},{"not_picked":["Wild Strike+1","Shrug It Off"],"picked":"Impervious","floor":20.0},{"not_picked":["Twin Strike+1","True Grit","Clash"],"picked":"SKIP","floor":21.0}],"player_experience":311827,"relics_obtained":[{"floor":8.0,"key":"Whetstone"}],"event_choices":[{"cards_removed":["Strike_R"],"damage_healed":0.0,"max_hp_gain":0.0,"max_hp_loss":0.0,"gold_gain":0.0,"event_name":"Living Wall","player_choice":"Forget","floor":2.0,"gold_loss":0.0,"damage_taken":0.0},{"damage_healed":0.0,"max_hp_gain":0.0,"max_hp_loss":0.0,"gold_gain":0.0,"event_name":"Shining Light","player_choice":"Entered Light","floor":13.0,"gold_loss":0.0,"damage_taken":26.0,"cards_upgraded":["Thunderclap","Defend_R"]},{"damage_healed":0.0,"max_hp_gain":0.0,"max_hp_loss":0.0,"gold_gain":0.0,"event_name":"Scrap Ooze","player_choice":"Fled","floor":14.0,"gold_loss":0.0,"damage_taken":0.0},{"damage_healed":0.0,"max_hp_gain":0.0,"max_hp_loss":0.0,"gold_gain":0.0,"event_name":"Addict","player_choice":"Obtained Relic","floor":22.0,"gold_loss":85.0,"damage_taken":0.0,"relics_obtained":["Tiny Chest"]}],"is_beta":false,"boss_relics":[{"not_picked":["Mark of Pain","Empty Cage"],"picked":"Black Star"}],"items_purged_floors":[19],"is_endless":false,"potions_floor_spawned":[4,5,8,10,18,20],"killed_by":"Gremlin Leader","ascension_level":20}}