{"host":"obplhmlw33xb91v8","time":1611086228,"event":{"mods":["BaseMod","Block Reminder","Curses Come First","Evolution","Minty Spire (QoL Compilation)","Quick Restart","Relic Stats","Spicy Shops","StSLib","Uncapped","Waifu the Spire","slay the spire mod where everything is the same but ironclad has a cowboy hat"],"gold_per_floor":[112,112,41,56,67,67,92,52,52,66,80,112,124,150,162,272,284,262,199,211,67,85,85,85,85],"floor_reached":24,"language":"ENG","playtime":767,"items_purged":[],"score":258,"play_id":"a7e22dc6-2aeb-47d9-8c8a-cca4f77a6c77","local_time":"20210119145708","is_ascension_mode":true,"campfire_choices":[{"data":"Sweeping Beam","floor":6,"key":"SMITH"},{"floor":13,"key":"REST"},{"floor":15,"key":"REST"},{"floor":23,"key":"REST"}],"circlet_count":0,"master_deck":["Zap","Dualcast","Compile Driver","Sweeping Beam+1","Streamline","Conserve Battery","Loop","Go for the Eyes","Biased Cognition","Defragment","Darkness","Fission","Steam Power","Buffer","FTL","Force Field","Cold Snap+1","Biased Cognition","Thunderclap"],"relics":["Cracked Core","EVO:Axolotl","NeowsBlessing","Whetstone","Potion Belt","Symbiotic Virus","MawBank","Pandora\u0027s Box","PrismaticShard"],"acts_visited":["Exordium","TheCity"],"potions_floor_usage":[12,16,24,24,24,24,24],"damage_taken":[{"damage":0,"enemies":"2 Louse","floor":1,"turns":1},{"damage":0,"enemies":"Cultist","floor":4,"turns":1},{"damage":0,"enemies":"Small Slimes","floor":5,"turns":1},{"damage":30,"enemies":"3 Sentries","floor":7,"turns":5},{"damage":11,"enemies":"Exordium Thugs","floor":10,"turns":3},{"damage":8,"enemies":"3 Louse","floor":11,"turns":2},{"damage":14,"enemies":"Lagavulin","floor":12,"turns":6},{"damage":9,"enemies":"Exordium Wildlife","floor":14,"turns":4},{"damage":40,"enemies":"The Guardian","floor":16,"turns":9},{"damage":39,"enemies":"2 Thieves","floor":18,"turns":5},{"damage":12,"enemies":"Chosen","floor":22,"turns":4},{"damage":29,"enemies":"Book of Stabbing","floor":24,"turns":2}],"seed_played":"4338273305994136084","potions_obtained":[{"floor":4,"key":"Dexterity Potion"},{"floor":7,"key":"Strength Potion"},{"floor":8,"key":"FocusPotion"},{"floor":8,"key":"EssenceOfSteel"},{"floor":8,"key":"GamblersBrew"},{"floor":14,"key":"ColorlessPotion"},{"floor":16,"key":"Strength Potion"}],"is_trial":false,"path_per_floor":["M","?","$","M","M","R","E","?","T","M","M","E","R","M","R","B",null,"M","?","?","$","M","R","E"],"character_chosen":"DEFECT","items_purchased":["Whetstone","PrismaticShard"],"campfire_rested":3,"item_purchase_floors":[3,21],"current_hp_per_floor":[75,75,75,75,75,75,45,45,45,34,26,12,34,25,47,7,58,19,19,19,19,7,29,0,0],"gold":85,"neow_bonus":"THREE_ENEMY_KILL","is_daily":false,"chose_seed":false,"campfire_upgraded":1,"win_rate":0.0,"timestamp":1611086228,"path_taken":["M","?","?","?","M","R","E","?","T","M","M","E","R","M","R","BOSS","M","?","?","$","?","R","E"],"items_purchased_type":["Relic","Relic"],"build_version":"2020-12-22","purchased_purges":0,"victory":false,"max_hp_per_floor":[75,75,75,75,75,75,75,75,75,75,75,75,75,75,75,75,75,75,75,75,75,75,75,75,75],"relic_stats":{"counters":[12,43],"Pandora\u0027s Box":["Defragment","Darkness","Fission","Steam Power","Buffer","FTL","Force Field"],"Whetstone":["Strike_B","Strike_B"],"MawBank":108,"obtain_stats":[{"Potion Belt":7,"NeowsBlessing":0,"Pandora\u0027s Box":17,"EVO:Axolotl":0,"Whetstone":3,"Cracked Core":0,"Symbiotic Virus":9,"MawBank":12,"PrismaticShard":21},{"Potion Belt":4,"NeowsBlessing":0,"Pandora\u0027s Box":9,"EVO:Axolotl":0,"Whetstone":1,"Cracked Core":0,"Symbiotic Virus":4,"MawBank":7,"PrismaticShard":10},{"Potion Belt":8,"NeowsBlessing":0,"Pandora\u0027s Box":32,"EVO:Axolotl":0,"Whetstone":1,"Cracked Core":0,"Symbiotic Virus":8,"MawBank":19,"PrismaticShard":37}]},"card_choices":[{"not_picked":["Conserve Battery","Steam Power"],"picked":"Compile Driver","floor":1},{"not_picked":["Sunder","Turbo"],"picked":"Sweeping Beam","floor":4},{"not_picked":["Gash","Compile Driver","Rip and Tear"],"picked":"SKIP","floor":5},{"not_picked":["Recycle","Machine Learning"],"picked":"Sweeping Beam","floor":7},{"not_picked":["Scrape","Sweeping Beam"],"picked":"Streamline","floor":10},{"not_picked":["Streamline","Scrape"],"picked":"Conserve Battery","floor":11},{"not_picked":["Compile Driver","Cold Snap"],"picked":"Loop","floor":12},{"not_picked":["Beam Cell","Stack"],"picked":"Go for the Eyes","floor":14},{"not_picked":["Reboot","Seek"],"picked":"Biased Cognition","floor":16},{"not_picked":["Steam","Rebound+1"],"picked":"Cold Snap+1","floor":18},{"not_picked":["Expertise","WaveOfTheHand+1"],"picked":"Thunderclap","floor":22}],"player_experience":211314,"relics_obtained":[{"floor":7,"key":"Potion Belt"},{"floor":9,"key":"Symbiotic Virus"},{"floor":12,"key":"MawBank"}],"event_choices":[{"cards_removed":["Defend_B"],"damage_healed":0,"gold_gain":0,"player_choice":"Purged","damage_taken":0,"max_hp_gain":0,"max_hp_loss":0,"event_name":"Purifier","floor":2,"gold_loss":0},{"damage_healed":0,"gold_gain":0,"player_choice":"Bought 3 Potions","damage_taken":0,"max_hp_gain":0,"max_hp_loss":0,"event_name":"The Woman in Blue","floor":8,"gold_loss":0},{"cards_removed":["Sweeping Beam"],"damage_healed":0,"gold_gain":0,"player_choice":"Gave Gold","damage_taken":0,"max_hp_gain":0,"max_hp_loss":0,"event_name":"Beggar","floor":19,"gold_loss":75},{"damage_healed":0,"gold_gain":0,"player_choice":"Copied","damage_taken":0,"max_hp_gain":0,"max_hp_loss":0,"event_name":"Duplicator","floor":20,"gold_loss":0,"cards_obtained":["Biased Cognition"]}],"is_beta":false,"boss_relics":[{"not_picked":["Coffee Dripper","Ectoplasm"],"picked":"Pandora\u0027s Box"}],"items_purged_floors":[],"is_endless":false,"potions_floor_spawned":[4,7,14,16,18],"killed_by":"Book of Stabbing","ascension_level":5}}