{"host":"6h0diz2ap0m56grs","time":1611098714,"event":{"mods":["2.2 Compatiblity","BaseMod","Colored Map","Marisa????????","Minty Spire (QoL Compilation)","Quick Restart","Replay The Spire","Shop Mod","StSLib","The Servant 0.9.4"],"gold_per_floor":[115,126,226,242,48,81,116,116,116,116,141,168,195,282,294,404,416,448,449,449,449,149,178,212,212,212,245,274,307,307,307],"floor_reached":30,"language":"ENG","playtime":1025,"items_purged":[],"score":505,"play_id":"fb4c3ecf-0cd7-4bae-be92-e8b13a2bbac3","local_time":"20210119172514","daily_mods":["SealedDeck","Heirloom","Time Dilation","Flight"],"is_ascension_mode":true,"campfire_choices":[{"data":"TreasureHunter","floor":10,"key":"SMITH"},{"data":"DarkMatter","floor":15,"key":"SMITH"},{"data":"MillisecondPulsars","floor":25,"key":"SMITH"}],"circlet_count":0,"master_deck":["PropBag+1","ShootTheMoon","AlicesGift","GrandCross","AsteroidBelt","OortCloud","ShootingEcho","WitchLeyline","MeteoricShower","WitchLeyline","MeteoricShower","AsteroidBelt+1","TreasureHunter+1","MillisecondPulsars+1","DarkMatter+1","SuperNova","DragonMeteor+1","SuperNova","WitchLeyline","AsteroidBelt","SprinkleStarSeal+1"],"relics":["MiniHakkero","replay:Trail_Library","Ginger","OrangePellets","Gambling Chip","Iron Hammer","Replay:Bottled Steam","ReplayTheSpireMod:Lightbulb","Replay:PocketPolymizer","PreservedInsect","Gremlin Horn","Sozu","MerchantsRug","War Paint","DollysMirror","Art of War","TungstenRod","Lantern","Frozen Egg 2","Question Card","The Courier","Matryoshka","Blue Candle","Replay:Bottled Snecko","Nunchaku"],"acts_visited":["Exordium","TheCity"],"potions_floor_usage":[6,18,29],"damage_taken":[{"damage":3,"enemies":"Jaw Worm","floor":1,"turns":2},{"damage":0,"enemies":"Cultist","floor":2,"turns":2},{"damage":7,"enemies":"2 Louse","floor":4,"turns":2},{"damage":3,"enemies":"Lagavulin","floor":6,"turns":3},{"damage":1,"enemies":"Replay:BlueRogue","floor":7,"turns":3},{"damage":8,"enemies":"Gremlin Nob","floor":11,"turns":3},{"damage":0,"enemies":"Lagavulin","floor":12,"turns":4},{"damage":0,"enemies":"3 Sentries","floor":13,"turns":5},{"damage":8,"enemies":"Hexaghost","floor":16,"turns":7},{"damage":0,"enemies":"2 Thieves","floor":18,"turns":1},{"damage":21,"enemies":"Replay:Snechameleon","floor":23,"turns":4},{"damage":14,"enemies":"Slavers","floor":24,"turns":3},{"damage":0,"enemies":"Book of Stabbing","floor":27,"turns":4},{"damage":6,"enemies":"Replay:Snechameleon","floor":28,"turns":3},{"damage":3,"enemies":"Book of Stabbing","floor":29,"turns":3},{"damage":0,"enemies":"3 Byrds","floor":30,"turns":2}],"seed_played":"-5276457984503142343","potions_obtained":[{"floor":1,"key":"Adrenaline Potion"},{"floor":6,"key":"BottledSpark"},{"floor":7,"key":"EssenceOfSteel"},{"floor":12,"key":"EntropicBrew"},{"floor":13,"key":"Swift Potion"}],"is_trial":true,"path_per_floor":["M","M","?","M","$","E","E","?","T","R","E","E","E","?","R","B",null,"M","$","?","?","$","E","E","R","T","E","E","E","M"],"character_chosen":"MARISA","items_purchased":["OrangePellets","AsteroidBelt","MerchantsRug","War Paint","DollysMirror","WitchLeyline"],"campfire_rested":0,"item_purchase_floors":[5,5,19,22,22,22],"current_hp_per_floor":[72,72,72,65,65,62,61,36,36,36,28,28,28,17,17,34,75,75,75,75,75,75,54,40,40,40,40,34,31,31,31],"gold":307,"neow_bonus":"","is_daily":false,"chose_seed":false,"campfire_upgraded":3,"win_rate":0.0,"timestamp":1611098714,"path_taken":["M","M","?","?","$","E","E","?","T","R","E","E","E","?","R","BOSS","M","$","?","?","$","E","E","R","T","E","E","E","M"],"items_purchased_type":["Relic","Card","Relic","Relic","Relic","Card"],"build_version":"2020-12-22","purchased_purges":0,"victory":false,"max_hp_per_floor":[75,75,75,75,75,75,75,75,75,75,75,75,75,75,75,75,75,75,75,75,75,75,75,75,75,75,75,75,75,75,75],"card_choices":[{"not_picked":["MysteriousBeam","ShootingEcho","Orbital"],"picked":"SKIP","floor":1},{"not_picked":["NonDirectionalLaser","BlazeAway","FairyDestructionRay"],"picked":"SKIP","floor":2},{"not_picked":["GravityBeat","GrandCross"],"picked":"MeteoricShower","floor":4},{"not_picked":["MilkyWay","MagicAbsorber","IllusionStar"],"picked":"SKIP","floor":6},{"not_picked":["MilkyWay","DeepEcoloBomb"],"picked":"TreasureHunter","floor":7},{"not_picked":["GalacticHalo","StarlightTyphoon"],"picked":"MillisecondPulsars","floor":11},{"not_picked":["MilkyWay","NonDirectionalLaser"],"picked":"DarkMatter","floor":12},{"not_picked":["AsteroidBelt","LuminesStrike","IllusionStar"],"picked":"SKIP","floor":13},{"not_picked":["SatelliteIllusion","UltimateShortwave"],"picked":"SuperNova","floor":16},{"not_picked":["GrandCross","WitchOfGreed"],"picked":"DragonMeteor+1","floor":18},{"not_picked":["GravityBeat","PowerUp+1","ShootingEcho"],"picked":"SKIP","floor":23},{"not_picked":["Singularity+1","EnergyRecoil+1"],"picked":"AsteroidBelt","floor":24},{"not_picked":["GalacticHalo+1","OrrerysSun+1","ShootTheMoon","StarlightTyphoon"],"picked":"SKIP","floor":27},{"not_picked":["AsteroidBelt","MilkyWay","SporeBomb"],"picked":"SprinkleStarSeal+1","floor":28},{"not_picked":["MysteriousBeam","JA","MachineGunSpark","PowerUp"],"picked":"SKIP","floor":29}],"player_experience":214064,"relics_obtained":[{"floor":6,"key":"Gambling Chip"},{"floor":7,"key":"Iron Hammer"},{"floor":9,"key":"Replay:Bottled Steam"},{"floor":11,"key":"ReplayTheSpireMod:Lightbulb"},{"floor":11,"key":"Replay:PocketPolymizer"},{"floor":12,"key":"PreservedInsect"},{"floor":12,"key":"Pantograph"},{"floor":13,"key":"Gremlin Horn"},{"floor":13,"key":"MawBank"},{"floor":23,"key":"Art of War"},{"floor":23,"key":"TungstenRod"},{"floor":24,"key":"Lantern"},{"floor":24,"key":"Frozen Egg 2"},{"floor":26,"key":"Question Card"},{"floor":27,"key":"The Courier"},{"floor":27,"key":"Matryoshka"},{"floor":28,"key":"Blue Candle"},{"floor":28,"key":"Replay:Bottled Snecko"},{"floor":29,"key":"Nunchaku"}],"event_choices":[{"damage_healed":0,"gold_gain":100,"player_choice":"Pray","damage_taken":0,"max_hp_gain":0,"max_hp_loss":0,"event_name":"Golden Shrine","floor":3,"gold_loss":0},{"damage_healed":0,"gold_gain":0,"player_choice":"Success","damage_taken":25,"relics_obtained":["StoneCalendar"],"max_hp_gain":0,"max_hp_loss":0,"event_name":"Scrap Ooze","floor":8,"gold_loss":0},{"damage_healed":0,"gold_gain":75,"player_choice":"Gather Gold","damage_taken":11,"max_hp_gain":0,"max_hp_loss":0,"event_name":"World of Goop","floor":14,"gold_loss":0},{"damage_healed":0,"gold_gain":0,"player_choice":"Simplicity","damage_taken":0,"max_hp_gain":0,"max_hp_loss":0,"event_name":"Back to Basics","floor":20,"gold_loss":0,"cards_upgraded":[]},{"cards_removed":["ShootingEcho"],"damage_healed":5,"gold_gain":0,"player_choice":"Offered Common","damage_taken":0,"max_hp_gain":0,"max_hp_loss":0,"event_name":"Bonfire Elementals","floor":21,"gold_loss":0},{"cards_removed":["ShootingEcho"],"damage_healed":5,"gold_gain":0,"player_choice":"Offered Special","damage_taken":0,"max_hp_gain":0,"max_hp_loss":0,"event_name":"Bonfire Elementals","floor":21,"gold_loss":0}],"is_beta":false,"boss_relics":[{"not_picked":["Tiny House","Busted Crown"],"picked":"Sozu"}],"items_purged_floors":[],"is_endless":false,"potions_floor_spawned":[1,6,7,12,13,18,23,24],"killed_by":"3 Byrds","ascension_level":1}}