{"host":"qhhcmep1unj6mpf7","time":1611021488,"event":{"mods":["2.2 Compatiblity","AchievementEnabler","BaseMod","Colored Map","DeckTracker","Highlight Path","Keyboard Shortcuts","Minty Spire (QoL Compilation)","Permanent Neow","Quick Restart","Random Character Button","StSLib","SuperFastMode","everything is the same but u backflip on backflip"],"gold_per_floor":[114,132,148,166,166,166,177,17,44,63,63,63,63,78,78,182,182,202,212,224,224,29,29,40,40,89,39,39,39,39],"floor_reached":29,"language":"KOR","playtime":963,"items_purged":["Strike_B","Strike_B","Coolheaded"],"score":267,"play_id":"c53110a2-c699-4a7b-a06e-a9210af7c1fa","local_time":"20210119105808","is_ascension_mode":false,"campfire_choices":[{"data":"Echo Form","floor":6.0,"key":"SMITH"},{"data":"Enlightenment","floor":11.0,"key":"SMITH"},{"floor":13.0,"key":"REST"},{"data":"Coolheaded","floor":15.0,"key":"SMITH"},{"data":"Hologram","floor":23.0,"key":"SMITH"}],"circlet_count":0,"master_deck":["Strike_B","Defend_B+1","Defend_B","Defend_B+1","Zap","Dualcast+1","Echo Form+1","Coolheaded","Ball Lightning","Coolheaded+1","Enlightenment+1","Biased Cognition","Electrodynamics","Glacier+1","Hologram+1","Core Surge","Compile Driver","Compile Driver"],"relics":["FrozenCore","Smiling Mask","Tiny Chest","War Paint"],"acts_visited":["Exordium","TheCity"],"potions_floor_usage":[29,29],"damage_taken":[{"damage":6.0,"enemies":"Jaw Worm","floor":1.0,"turns":4.0},{"damage":2.0,"enemies":"2 Louse","floor":2.0,"turns":3.0},{"damage":7.0,"enemies":"Small Slimes","floor":3.0,"turns":4.0},{"damage":1.0,"enemies":"2 Fungi Beasts","floor":4.0,"turns":3.0},{"damage":3.0,"enemies":"Looter","floor":7.0,"turns":3.0},{"damage":16.0,"enemies":"Exordium Wildlife","floor":10.0,"turns":6.0},{"damage":0.0,"enemies":"Exordium Thugs","floor":14.0,"turns":5.0},{"damage":0.0,"enemies":"Hexaghost","floor":16.0,"turns":9.0},{"damage":21.0,"enemies":"3 Byrds","floor":18.0,"turns":4.0},{"damage":18.0,"enemies":"2 Thieves","floor":19.0,"turns":3.0},{"damage":9.0,"enemies":"Centurion and Healer","floor":20.0,"turns":6.0},{"damage":3.0,"enemies":"Shelled Parasite and Fungi","floor":24.0,"turns":8.0},{"damage":35,"enemies":"Gremlin Leader","floor":29,"turns":7}],"seed_played":"-7636778182435395922","potions_obtained":[{"floor":2.0,"key":"FearPotion"},{"floor":3.0,"key":"FocusPotion"},{"floor":7.0,"key":"FocusPotion"},{"floor":16.0,"key":"Explosive Potion"}],"is_trial":false,"path_per_floor":["M","M","M","M","?","R","M","$","T","M","R","?","R","M","R","B",null,"M","M","M","?","$","R","M","?","T","$","?","E"],"character_chosen":"DEFECT","items_purchased":["Enlightenment","Core Surge"],"campfire_rested":1,"item_purchase_floors":[8,22],"current_hp_per_floor":[48,46,39,38,23,23,20,20,20,4,4,1,23,23,23,23,75,54,36,27,27,27,27,24,24,24,24,24,0,0],"gold":39,"neow_bonus":"THREE_RARE_CARDS","is_daily":false,"chose_seed":false,"campfire_upgraded":4,"win_rate":0.0,"timestamp":1611021488,"path_taken":["M","M","M","M","?","R","M","$","T","M","R","?","R","M","R","BOSS","M","M","M","?","$","R","M","?","T","$","?","E"],"items_purchased_type":["Card","Card"],"build_version":"2020-12-22","purchased_purges":3,"victory":false,"max_hp_per_floor":[75,75,75,75,75,75,75,75,75,75,75,75,75,75,75,75,75,75,75,75,75,75,75,75,75,75,75,75,75,75],"card_choices":[{"not_picked":["Buffer","Thunder Strike"],"picked":"Echo Form","floor":0.0},{"not_picked":["Rebound","Loop"],"picked":"Coolheaded","floor":1.0},{"not_picked":["Heatsinks","Rip and Tear","Cold Snap"],"picked":"SKIP","floor":2.0},{"not_picked":["Go for the Eyes","Chaos","Leap"],"picked":"SKIP","floor":3.0},{"not_picked":["Steam","Echo Form"],"picked":"Ball Lightning","floor":4.0},{"not_picked":["Sweeping Beam","Beam Cell"],"picked":"Coolheaded","floor":7.0},{"not_picked":["Steam","Go for the Eyes","Rebound"],"picked":"SKIP","floor":10.0},{"not_picked":["Leap","Compile Driver"],"picked":"Biased Cognition","floor":14.0},{"not_picked":["Hyperbeam","Reboot"],"picked":"Electrodynamics","floor":16.0},{"not_picked":["Go for the Eyes","Sweeping Beam+1"],"picked":"Glacier","floor":18.0},{"not_picked":["Leap+1","Sweeping Beam"],"picked":"Coolheaded","floor":19.0},{"not_picked":["Cold Snap","Chill"],"picked":"Hologram","floor":20.0},{"not_picked":["Genetic Algorithm","Melter","Force Field"],"picked":"SKIP","floor":24.0}],"player_experience":315888,"relics_obtained":[{"floor":9.0,"key":"Smiling Mask"},{"floor":26,"key":"War Paint"}],"event_choices":[{"damage_healed":0.0,"max_hp_gain":0.0,"max_hp_loss":0.0,"gold_gain":0.0,"event_name":"Shining Light","player_choice":"Entered Light","floor":5.0,"gold_loss":0.0,"damage_taken":15.0,"cards_upgraded":["Defend_B","Defend_B"]},{"damage_healed":0.0,"max_hp_gain":0.0,"max_hp_loss":0.0,"gold_gain":0.0,"event_name":"Scrap Ooze","player_choice":"Success","floor":12.0,"gold_loss":0.0,"damage_taken":3.0,"relics_obtained":["Tiny Chest"]},{"damage_healed":0.0,"max_hp_gain":0.0,"max_hp_loss":0.0,"gold_gain":0.0,"event_name":"The Mausoleum","player_choice":"Ignored","floor":21.0,"gold_loss":0.0,"damage_taken":0.0},{"damage_healed":0,"gold_gain":0,"cards_transformed":["Strike_B","Defend_B"],"player_choice":"Became Test Subject","damage_taken":0,"max_hp_gain":0,"max_hp_loss":0,"event_name":"Drug Dealer","floor":25,"gold_loss":0,"cards_obtained":["Compile Driver","Compile Driver"]},{"damage_healed":0,"gold_gain":0,"player_choice":"Ignored","damage_taken":0,"max_hp_gain":0,"max_hp_loss":0,"event_name":"Vampires","floor":28,"gold_loss":0}],"is_beta":false,"boss_relics":[{"not_picked":["Busted Crown","Black Star"],"picked":"FrozenCore"}],"items_purged_floors":[8,22,27],"is_endless":false,"potions_floor_spawned":[2,3,7,14,16,24],"killed_by":"Gremlin Leader","ascension_level":0}}