{"host":"xj2wyr3bqqv4irjd","time":1611087373,"event":{"mods":["Act Like it!","Aspiration","BaseMod","DeckTracker","Highlight Path","Jorbs\u0027s Wanderer Trilogy","Koishi","Lobotomy","LobotomyExtend","Marisa£®ÏF”Í°°ƒß¿Ì…≥£©","Minty Spire (QoL Compilation)","Quick Restart","Rare Cards Sparkle","Reimu£®≤©¿ˆ¡È√Œ£©","Remilia£®¿Ÿ√◊¿Ú—«£©","Replay The Spire","SIMod","StSLib","Td1madao Mod","The Animator","WarShipGirlsR/’ΩΩ¢…Ÿ≈ÆR mod","Yakumo Yukari mod"],"gold_per_floor":[140,159,159,178,195,50,50,79,79,79,29,29,44,71,71,170,170,190,205,145,170,135,135,168,168,221,240,258,258,290,302,302,399,399,417,429,221,233,250,276,276,56,56,83,83,97,97,114,114,114,114,114,114,14,49,49],"floor_reached":57,"language":"ZHS","playtime":3335,"items_purged":["Boundary_DynamicStaticEquilibrium_purple","SfantasyHide_purple"],"score":2596,"play_id":"c11cc536-47da-4d70-ad08-867fac3f45ca","local_time":"20210120041613","is_ascension_mode":true,"campfire_choices":[{"data":"EighthInstrument_OneDividesIntoTwo_purple","floor":7.0,"key":"SMITH"},{"data":"Umbrella_purple","floor":10.0,"key":"SMITH"},{"data":"Observe_purple_2","floor":15.0,"key":"SMITH"},{"data":"Mirror_TwoAndThreeElementRealm_purple","floor":23.0,"key":"SMITH"},{"data":"WorldDissolvedintheRealm_purple","floor":29.0,"key":"SMITH"},{"data":"BarrageBoundary_PipeDream_purple","floor":32.0,"key":"SMITH"},{"data":"LoveAcrossDimensions_purple","floor":41,"key":"SMITH"},{"floor":45,"key":"RECALL"},{"data":"WangLiang_OokamiKakushi_purple","floor":47,"key":"SMITH"},{"data":"Know_ledgeAbilityRealm_purple","floor":49,"key":"SMITH"},{"data":"PositiveMatter_Antimatter_Universe_purple","floor":53,"key":"SMITH"}],"circlet_count":0,"master_deck":["Observe_purple_1","Observe_purple_2+1","WorldDissolvedintheRealm_purple+1","Mirror_WaveAndshot_purple","StateErode_purple","EighthInstrument_OneDividesIntoTwo_purple+1","Umbrella_purple+1","Mirror_FourBoundary_purple","BarrageBoundary_PipeDream_purple+1","Mirror_TwoAndThreeElementRealm_purple+1","WingOfChimera_purple","Mirror_FourBoundary_purple","GluttonyofRealm_purpleEX","RuleDissolution_purple+1","WeekHit_purple","Mirror_WaveAndshot_purple+1","DimensionStaggered_purple","PositiveMatter_Antimatter_Universe_purple+1","WangLiang_OokamiKakushi_purple+1","Charmbait_purple","Bait_HighSpeedFlying_purple","Know_ledgeAbilityRealm_purple+1","LoveAcrossDimensions_purple+1","Boundary_LightAndDark_purple+1"],"relics":["Boundary_crack","Memoryfragments_purpleEX","Replay:Wax Seal","LetterFromLob","Medical Kit","Orichalcum","aspiration:ChemicalBlood","Eternal Feather","Pandora\u0027s Box","Red Mask","Thread and Needle","Omamori","Pear","Replay:Grab Bag","Philosopher\u0027s Stone","Coffee Dripper","aspiration:PoetsPen","Boot","Pet Ghost","Blood Vial","War Paint"],"acts_visited":["Exordium","TheCity","TheBeyond","TheEnding"],"potions_floor_usage":[38,56,56],"damage_taken":[{"damage":0.0,"enemies":"Small Slimes","floor":1.0,"turns":3.0},{"damage":0.0,"enemies":"Cultist","floor":2.0,"turns":3.0},{"damage":0.0,"enemies":"2 Louse","floor":4.0,"turns":2.0},{"damage":6.0,"enemies":"Blue Slaver","floor":5.0,"turns":3.0},{"damage":29.0,"enemies":"Lagavulin","floor":8.0,"turns":5.0},{"damage":3.0,"enemies":"2 Fungi Beasts","floor":13.0,"turns":2.0},{"damage":10.0,"enemies":"Gremlin Nob","floor":14.0,"turns":2.0},{"damage":0.0,"enemies":"Hexaghost","floor":16.0,"turns":4.0},{"damage":4.0,"enemies":"2 Thieves","floor":18.0,"turns":3.0},{"damage":2.0,"enemies":"3 Byrds","floor":19.0,"turns":3.0},{"damage":4.0,"enemies":"Masked Bandits","floor":21.0,"turns":2.0},{"damage":34.0,"enemies":"Gremlin Leader","floor":24.0,"turns":5.0},{"damage":0.0,"enemies":"Sentry and Sphere","floor":27.0,"turns":2.0},{"damage":0.0,"enemies":"Chosen and Byrds","floor":28.0,"turns":3.0},{"damage":20.0,"enemies":"Book of Stabbing","floor":30.0,"turns":3.0},{"damage":0.0,"enemies":"Snake Plant","floor":31.0,"turns":2.0},{"damage":3,"enemies":"Pondfish","floor":33,"turns":6},{"damage":0,"enemies":"3 Darklings","floor":35,"turns":2},{"damage":5,"enemies":"3 Shapes","floor":36,"turns":2},{"damage":15,"enemies":"Writhing Mass","floor":38,"turns":2},{"damage":0,"enemies":"4 Shapes","floor":39,"turns":1},{"damage":0,"enemies":"Reptomancer","floor":40,"turns":3},{"damage":0,"enemies":"Nemesis","floor":44,"turns":3},{"damage":0,"enemies":"Jaw Worm Horde","floor":46,"turns":1},{"damage":0,"enemies":"Writhing Mass","floor":48,"turns":2},{"damage":33,"enemies":"Time Eater","floor":50,"turns":5},{"damage":0,"enemies":"Shield and Spear","floor":55,"turns":2},{"damage":79,"enemies":"The Heart","floor":56,"turns":4}],"seed_played":"6945708405492743945","potions_obtained":[{"floor":4.0,"key":"LifebloodPotion"},{"floor":8.0,"key":"SpeedPotion"},{"floor":13.0,"key":"ColorlessPotion"},{"floor":14.0,"key":"Reflective Coating"},{"floor":18.0,"key":"DistilledChaos"},{"floor":19.0,"key":"LiquidBronze"},{"floor":27.0,"key":"SkillPotion"},{"floor":27.0,"key":"AttackPotion"},{"floor":30.0,"key":"Fire Potion"},{"floor":31.0,"key":"Toxic Potion"},{"floor":35,"key":"Death Potion"},{"floor":39,"key":"Strength Potion"},{"floor":40,"key":"EssenceOfSteel"},{"floor":50,"key":"GrandPatriotsElixir:ReiMu"},{"floor":56,"key":"Strength Potion"}],"is_trial":false,"path_per_floor":["M","M","?","M","M","$","R","E","T","R","?","?","M","E","R","B",null,"M","M","?","?","?","R","E","?","T","M","M","R","E","M","R","B",null,"M","M","$","M","M","E","R","$","T","E","R","M","R","M","R","B",null,null,"R","$","E","B",null],"character_chosen":"Youkari","items_purchased":["Medical Kit","Bait_HighSpeedFlying_purple","Know_ledgeAbilityRealm_purple","Pet Ghost"],"campfire_rested":0,"item_purchase_floors":[6,37,37,42],"current_hp_per_floor":[70,70,70,70,65,65,65,36,36,36,36,36,34,25,31,32,70,73,76,76,76,76,76,45,45,45,52,56,65,58,58,70,67,95,95,93,93,98,98,98,98,98,98,98,98,98,98,98,98,79,79,98,98,98,98,22],"gold":49,"neow_bonus":"RANDOM_COMMON_RELIC","is_daily":false,"chose_seed":false,"campfire_upgraded":10,"win_rate":0.0,"timestamp":1611087373,"path_taken":["M","M","?","?","M","$","R","E","T","R","?","?","M","E","R","BOSS","M","M","?","?","?","R","E","?","T","M","M","R","E","M","R","BOSS","M","M","?","M","M","E","R","$","T","E","R","M","R","M","R","BOSS","R","$","E","BOSS"],"items_purchased_type":["Relic","Card","Card","Relic"],"build_version":"2020-12-22","purchased_purges":2,"victory":true,"max_hp_per_floor":[70,70,70,70,70,70,70,70,70,70,70,70,70,70,70,70,70,73,76,76,76,76,76,76,76,76,79,82,82,95,95,95,95,95,95,98,98,98,98,98,98,98,98,98,98,98,98,98,98,98,98,98,98,98,98,98],"card_choices":[{"not_picked":["StateErode_purple","MeetDecomposer_purple"],"picked":"WorldDissolvedintheRealm_purple","floor":1.0},{"not_picked":["Shallow_ocean_purpleEX","RuleDissolution_purple"],"picked":"Mirror_WaveAndshot_purple","floor":2.0},{"not_picked":["PositiveMatter_Antimatter_Universe_purple","Anti_communist_purple"],"picked":"EighthInstrument_OneDividesIntoTwo_purple","floor":4.0},{"not_picked":["OmniscientAndOmnipotent_Monster_purple","EighthInstrument_OneDividesIntoTwo_purple","Boundary_DynamicStaticEquilibrium_purple"],"picked":"SKIP","floor":5.0},{"not_picked":["Yakumo_Ran_purple","MeetDecomposer_purple"],"picked":"Umbrella_purple","floor":8.0},{"not_picked":["UniverseChoice_purple","WorldDissolvedintheRealm_purple","PositiveMatter_Antimatter_Universe_purple"],"picked":"SKIP","floor":13.0},{"not_picked":["Line_surface_state_purple","OmniscientAndOmnipotent_Monster_purple"],"picked":"SfantasyHide_purple","floor":14.0},{"not_picked":["Computing_the_future_purpleEX","MagicEyes_LaplaceDemon_purple"],"picked":"BarrageBoundary_PipeDream_purple","floor":16.0},{"not_picked":["SfantasyHide_purple","AdvanceAttack_purple+1","ExistenceContinue_purple"],"picked":"SKIP","floor":18.0},{"not_picked":["SfantasyHide_purple","AdvanceAttack_purple+1","ExistenceContinue_purple"],"picked":"SKIP","floor":18.0},{"not_picked":["WeekHit_purple","StateErode_purple+1","ExistenceContinue_purple"],"picked":"SKIP","floor":19.0},{"not_picked":["MeetDecomposer_purple","SfantasyHide_purple"],"picked":"RuleDissolution_purple","floor":21.0},{"not_picked":["Umbrella_purple+1","Shallow_ocean_purpleEX"],"picked":"WeekHit_purple","floor":24.0},{"not_picked":["Shallow_ocean_purpleEX","ExistenceContinue_purple"],"picked":"DimensionStaggered_purple","floor":27.0},{"not_picked":["MonsterNeedle_purple","AdvanceAttack_purple","ExistenceContinue_purple"],"picked":"SKIP","floor":28.0},{"not_picked":["RuleDissolution_purple","Extrememeaning_purpleEX"],"picked":"PositiveMatter_Antimatter_Universe_purple","floor":30.0},{"not_picked":["Line_surface_state_purple","Worldmountain_purple","OmniscientAndOmnipotent_Monster_purple+1"],"picked":"SKIP","floor":31.0},{"not_picked":["Theboundaryofcreation_purpleEX","Price_of_realm_purpleEX"],"picked":"WangLiang_OokamiKakushi_purple","floor":33},{"not_picked":["DimensionStaggered_purple+1","Umbrella_purple+1"],"picked":"Charmbait_purple","floor":35},{"not_picked":["Line_surface_state_purple","Charmbait_purple","SharpContractionReality_purple+1"],"picked":"SKIP","floor":36},{"not_picked":["ExternalForce_HighSpeedFlying_purple","OmniscientAndOmnipotent_Monster_purple+1","MetroBOOM_purple"],"picked":"SKIP","floor":38},{"not_picked":["RuleDissolution_purple+1","PositiveMatter_Antimatter_Universe_purple","AdvanceAttack_purple"],"picked":"SKIP","floor":39},{"not_picked":["Bait_HighSpeedFlying_purple","Mirror_FormAndEmptin_purple"],"picked":"LoveAcrossDimensions_purple","floor":40},{"not_picked":["StretchesForeverDream_purple+1","Mirror_Drifter_purple"],"picked":"Boundary_LightAndDark_purple+1","floor":44},{"not_picked":["WeekHit_purple","Charmbait_purple+1","Line_surface_state_purple+1"],"picked":"SKIP","floor":46},{"not_picked":["DimensionStaggered_purple+1","WingOfChimera_purple","Worldmountain_purple+1"],"picked":"SKIP","floor":48},{"not_picked":["Line_surface_state_purple+1","SfantasyHide_purple+1","Mirror_FormAndEmptin_purple"],"picked":"SKIP","floor":55}],"player_experience":544100,"relics_obtained":[{"floor":1.0,"key":"LetterFromLob"},{"floor":8.0,"key":"Orichalcum"},{"floor":9.0,"key":"aspiration:ChemicalBlood"},{"floor":14.0,"key":"Eternal Feather"},{"floor":21.0,"key":"Red Mask"},{"floor":24.0,"key":"Thread and Needle"},{"floor":26.0,"key":"Omamori"},{"floor":30.0,"key":"Pear"},{"floor":40,"key":"Boot"},{"floor":44,"key":"Blood Vial"},{"floor":55,"key":"War Paint"}],"event_choices":[{"damage_healed":0.0,"max_hp_gain":0.0,"max_hp_loss":0.0,"gold_gain":0.0,"cards_transformed":["Defend_purpleEX"],"event_name":"Transmorgrifier","player_choice":"Transformed","floor":3.0,"gold_loss":0.0,"damage_taken":0.0,"cards_obtained":["StateErode_purple"]},{"cards_removed":["AT_purpleEX"],"damage_healed":0.0,"max_hp_gain":0.0,"max_hp_loss":0.0,"gold_gain":0.0,"event_name":"The Cleric","player_choice":"Card Removal","floor":11.0,"gold_loss":50.0,"damage_taken":0.0},{"damage_healed":0.0,"max_hp_gain":0.0,"max_hp_loss":0.0,"gold_gain":0.0,"cards_transformed":["AT_purpleEX"],"event_name":"Living Wall","player_choice":"Change","floor":12.0,"gold_loss":0.0,"damage_taken":0.0,"cards_obtained":["Mirror_FourBoundary_purple"]},{"damage_healed":0.0,"max_hp_gain":0.0,"max_hp_loss":0.0,"gold_gain":0.0,"event_name":"Masked Bandits","player_choice":"Fought Bandits","floor":21.0,"gold_loss":0.0,"damage_taken":0.0},{"damage_healed":0.0,"max_hp_gain":0.0,"max_hp_loss":0.0,"gold_gain":0.0,"event_name":"Duplicator","player_choice":"Copied","floor":25.0,"gold_loss":0.0,"damage_taken":0.0,"cards_obtained":["Mirror_WaveAndshot_purple"]}],"is_beta":false,"boss_relics":[{"not_picked":["SlaversCollar","aspiration:RitualDagger"],"picked":"Pandora\u0027s Box"},{"not_picked":["Astrolabe","Replay:Ancient Bell"],"picked":"Replay:Grab Bag"},{"not_picked":["Sozu","ChewingGum"],"picked":"Philosopher\u0027s Stone"},{"not_picked":["Fusion Hammer","Busted Crown"],"picked":"Coffee Dripper"},{"not_picked":["SacredBark","aspiration:SilentSkillbook"],"picked":"aspiration:PoetsPen"}],"items_purged_floors":[42,54],"is_endless":false,"potions_floor_spawned":[4,8,13,14,18,27,28,30,35,39,40],"ascension_level":1}}