{"host":"f5gffvlv6a66yqkd","time":1611074734,"event":{"mods":["2.2 Compatiblity","BaseMod","Colored Map","Custom Start","Dark Map","DeckTracker","Keyboard Shortcuts","Minty Spire (QoL Compilation)","Permanent Neow","Quick Restart","Relic Stats","StSLib","SuperFastMode"],"gold_per_floor":[11,31,41,60,60,60,95,95,95,127,127,157,176,176,176,254,254,274,274,293,293,303,303,303,303],"floor_reached":24,"language":"KOR","playtime":993,"items_purged":[],"score":432,"play_id":"32140cf0-9866-4db9-98b7-d63bdcceea6b","local_time":"20210120014534","is_ascension_mode":true,"campfire_choices":[{"data":"Bane","floor":6.0,"key":"SMITH"},{"floor":8.0,"key":"REST"},{"floor":11.0,"key":"REST"},{"data":"Deadly Poison","floor":15.0,"key":"SMITH"},{"floor":23,"key":"REST"}],"circlet_count":0,"master_deck":["AscendersBane","Strike_G","Strike_G","Strike_G","Strike_G","Defend_G","Defend_G","Defend_G","Defend_G","Survivor","Neutralize","Poisoned Stab","Deadly Poison+1","Bane+1","Malaise","Acrobatics","Glass Knife","Well Laid Plans+1","Catalyst","Catalyst"],"relics":["Ring of the Snake","Blue Candle","Singing Bowl","Mercury Hourglass","Darkstone Periapt","Art of War","Velvet Choker"],"acts_visited":["Exordium","TheCity"],"potions_floor_usage":[24],"damage_taken":[{"damage":0.0,"enemies":"Jaw Worm","floor":1.0,"turns":4.0},{"damage":1.0,"enemies":"Small Slimes","floor":2.0,"turns":4.0},{"damage":0.0,"enemies":"2 Louse","floor":3.0,"turns":2.0},{"damage":0.0,"enemies":"Large Slime","floor":4.0,"turns":4.0},{"damage":22.0,"enemies":"Lagavulin","floor":7.0,"turns":6.0},{"damage":19.0,"enemies":"Gremlin Nob","floor":10.0,"turns":4.0},{"damage":14.0,"enemies":"3 Sentries","floor":12.0,"turns":7.0},{"damage":3.0,"enemies":"3 Louse","floor":13.0,"turns":3.0},{"damage":17.0,"enemies":"Hexaghost","floor":16.0,"turns":10.0},{"damage":4,"enemies":"3 Byrds","floor":18,"turns":4},{"damage":16,"enemies":"Chosen","floor":20,"turns":6},{"damage":9,"enemies":"Snake Plant","floor":22,"turns":5},{"damage":24,"enemies":"Slavers","floor":24,"turns":2}],"seed_played":"-2720308549005029325","potions_obtained":[{"floor":2.0,"key":"PowerPotion"},{"floor":7.0,"key":"Ancient Potion"},{"floor":10.0,"key":"Dexterity Potion"},{"floor":12.0,"key":"Ancient Potion"}],"is_trial":false,"path_per_floor":["M","M","M","M","?","R","E","R","T","E","R","E","M","?","R","B",null,"M","?","M","?","M","R","E"],"character_chosen":"THE_SILENT","items_purchased":[],"campfire_rested":3,"item_purchase_floors":[],"current_hp_per_floor":[59,58,58,58,32,32,12,32,32,13,33,21,18,23,23,6,58,54,33,17,17,8,32,8,8],"gold":303,"neow_bonus":"TRANSFORM_TWO_CARDS","is_daily":false,"chose_seed":false,"campfire_upgraded":2,"win_rate":0.0,"timestamp":1611074734,"path_taken":["M","M","M","M","?","R","E","R","T","E","R","E","M","?","R","BOSS","M","?","M","?","M","R","E"],"items_purchased_type":[],"build_version":"2020-12-22","purchased_purges":0,"victory":false,"max_hp_per_floor":[66,66,66,66,66,66,68,68,68,68,68,70,70,75,75,75,75,75,80,80,80,80,80,80,80],"relic_stats":{"Darkstone Periapt":0,"Singing Bowl":4,"counters":[13,58],"Blue Candle":[0],"Art of War":[5],"obtain_stats":[{"Darkstone Periapt":10,"Singing Bowl":7,"Blue Candle":5,"Velvet Choker":17,"Art of War":12,"Ring of the Snake":0,"Mercury Hourglass":9},{"Darkstone Periapt":6,"Singing Bowl":5,"Blue Candle":4,"Velvet Choker":9,"Art of War":7,"Ring of the Snake":0,"Mercury Hourglass":5},{"Darkstone Periapt":24,"Singing Bowl":20,"Blue Candle":14,"Velvet Choker":42,"Art of War":30,"Ring of the Snake":0,"Mercury Hourglass":20}],"Ring of the Snake":[26],"Mercury Hourglass":[183]},"card_choices":[{"not_picked":["Flying Knee","Deadly Poison","Finisher"],"picked":"SKIP","floor":1.0},{"not_picked":["Prepared","Crippling Poison"],"picked":"Bane","floor":2.0},{"not_picked":["Sucker Punch","Blade Dance","Quick Slash"],"picked":"SKIP","floor":3.0},{"not_picked":["Choke","Terror","Sucker Punch"],"picked":"SKIP","floor":4.0},{"not_picked":["Flying Knee","Dodge and Roll","Sucker Punch"],"picked":"Singing Bowl","floor":7.0},{"not_picked":["Dagger Throw","Tactician"],"picked":"Malaise","floor":10.0},{"not_picked":["Dagger Spray","Tactician","Poisoned Stab"],"picked":"Singing Bowl","floor":12.0},{"not_picked":["Terror","Backflip"],"picked":"Acrobatics","floor":13.0},{"not_picked":["Tools of the Trade","Grand Finale"],"picked":"Glass Knife","floor":16.0},{"not_picked":["Eviscerate","Reflex"],"picked":"Well Laid Plans+1","floor":18},{"not_picked":["Backflip","Quick Slash"],"picked":"Catalyst","floor":20},{"not_picked":["Quick Slash","Acrobatics+1"],"picked":"Catalyst","floor":22}],"player_experience":1604926,"relics_obtained":[{"floor":7.0,"key":"Singing Bowl"},{"floor":9.0,"key":"Mercury Hourglass"},{"floor":10.0,"key":"Darkstone Periapt"},{"floor":12.0,"key":"Art of War"}],"event_choices":[{"damage_healed":0.0,"max_hp_gain":0.0,"max_hp_loss":0.0,"gold_gain":0.0,"event_name":"Scrap Ooze","player_choice":"Success","floor":5.0,"gold_loss":0.0,"damage_taken":26.0,"relics_obtained":["Blue Candle"]},{"damage_healed":0.0,"max_hp_gain":5.0,"max_hp_loss":0.0,"gold_gain":0.0,"event_name":"Big Fish","player_choice":"Donut","floor":14.0,"gold_loss":0.0,"damage_taken":0.0},{"damage_healed":0,"gold_gain":0,"player_choice":"Shed Blood","damage_taken":26,"max_hp_gain":5,"max_hp_loss":0,"event_name":"Forgotten Altar","floor":19,"gold_loss":0},{"damage_healed":0,"gold_gain":0,"player_choice":"Ignored","damage_taken":0,"max_hp_gain":0,"max_hp_loss":0,"event_name":"Cursed Tome","floor":21,"gold_loss":0}],"is_beta":false,"boss_relics":[{"not_picked":["Philosopher\u0027s Stone","Coffee Dripper"],"picked":"Velvet Choker"}],"items_purged_floors":[],"is_endless":false,"potions_floor_spawned":[2,7,10,12,18,22],"killed_by":"Slavers","ascension_level":20}}