{"host":"tf5skwcwe0vlu2md","time":1611063449,"event":{"mods":["BaseMod","Downfall","Highlight Path","Minty Spire (QoL Compilation)","StSLib","The Hierophant"],"gold_per_floor":[115,135,149,149,169,169,198,198,224,224,241,198,198,232,232,327,327,340,354,354,354],"floor_reached":20,"playtime":920,"items_purged":[],"score":212,"play_id":"e7ce8130-dcee-4346-8f8c-f6e48b4f27ac","local_time":"20210120003729","is_ascension_mode":true,"campfire_choices":[{"data":"Zap","floor":6,"key":"SMITH"},{"data":"Dualcast","floor":8,"key":"SMITH"},{"data":"Multi-Cast","floor":10,"key":"SMITH"},{"floor":15,"key":"REST"}],"circlet_count":0,"master_deck":["Strike_B+1","Strike_B","Strike_B","Strike_B","Defend_B+1","Defend_B","Defend_B","Defend_B","Zap+1","Dualcast+1","Lockon","Melter","Rebound","Lockon","Multi-Cast+1","Redo","Loop","Biased Cognition","Barrage","Conserve Battery+1"],"relics":["Cracked Core","Toy Ornithopter","Tiny Chest","Oddly Smooth Stone","Inserter"],"acts_visited":["Exordium","TheCity"],"potions_floor_usage":[14,16,19,19,20],"damage_taken":[{"damage":0,"enemies":"Small Slimes","floor":1,"turns":3},{"damage":1,"enemies":"2 Louse","floor":2,"turns":2},{"damage":7,"enemies":"Jaw Worm","floor":3,"turns":2},{"damage":0,"enemies":"3 Louse","floor":5,"turns":2},{"damage":17,"enemies":"Lagavulin","floor":7,"turns":5},{"damage":16,"enemies":"Exordium Thugs","floor":11,"turns":3},{"damage":30,"enemies":"3 Sentries","floor":14,"turns":6},{"damage":28,"enemies":"Hexaghost","floor":16,"turns":8},{"damage":0,"enemies":"Spheric Guardian","floor":18,"turns":1},{"damage":32,"enemies":"3 Byrds","floor":19,"turns":4},{"damage":69,"enemies":"Centurion and Healer","floor":20,"turns":12}],"seed_played":"160675460058193536","potions_obtained":[{"floor":1,"key":"Regen Potion"},{"floor":3,"key":"Strength Potion"},{"floor":14,"key":"BlessingOfTheForge"},{"floor":16,"key":"Explosive Potion"},{"floor":18,"key":"GamblersBrew"}],"is_trial":false,"path_per_floor":["M","M","M","?","M","R","E","R","T","R","M","?","?","E","R","B",null,"M","M","M"],"character_chosen":"DEFECT","items_purchased":[],"campfire_rested":1,"item_purchase_floors":[],"current_hp_per_floor":[82,81,74,58,58,58,41,41,41,41,25,25,30,14,40,17,87,87,61,0,0],"gold":354,"neow_bonus":"TEN_PERCENT_HP_BONUS","is_daily":false,"chose_seed":false,"campfire_upgraded":3,"win_rate":0.0,"timestamp":1611063449,"path_taken":["M","M","M","?","M","R","E","R","T","R","M","?","?","E","R","BOSS","M","M","M"],"items_purchased_type":[],"build_version":"2020-12-13","purchased_purges":0,"victory":false,"max_hp_per_floor":[82,82,82,82,82,82,82,82,82,82,82,82,87,87,87,87,87,87,87,87,87],"card_choices":[{"not_picked":["Melter","Hologram"],"picked":"Lockon","floor":1},{"not_picked":["Coolheaded","Conserve Battery"],"picked":"Melter","floor":2},{"not_picked":["Turbo","Double Energy"],"picked":"Rebound","floor":3},{"not_picked":["BootSequence","White Noise"],"picked":"Lockon","floor":5},{"not_picked":["Core Surge","Steam"],"picked":"Multi-Cast","floor":7},{"not_picked":["Recycle","Reprogram"],"picked":"Redo","floor":11},{"not_picked":["Barrage","Rebound"],"picked":"Loop","floor":14},{"not_picked":["Echo Form","Reboot"],"picked":"Biased Cognition","floor":16},{"not_picked":["Steam","Undo+1"],"picked":"Barrage","floor":18},{"not_picked":["Double Energy","Gash+1"],"picked":"Conserve Battery+1","floor":19}],"player_experience":216871,"relics_obtained":[{"floor":7,"key":"Toy Ornithopter"},{"floor":9,"key":"Tiny Chest"},{"floor":14,"key":"Oddly Smooth Stone"}],"event_choices":[{"damage_healed":0,"gold_gain":0,"player_choice":"Entered Light","damage_taken":16,"max_hp_gain":0,"max_hp_loss":0,"event_name":"Shining Light","floor":4,"gold_loss":0,"cards_upgraded":["Defend_B","Strike_B"]},{"damage_healed":0,"gold_gain":0,"player_choice":"Left Gold","damage_taken":0,"max_hp_gain":0,"max_hp_loss":0,"event_name":"World of Goop","floor":12,"gold_loss":43},{"damage_healed":0,"gold_gain":0,"player_choice":"Donut","damage_taken":0,"max_hp_gain":5,"max_hp_loss":0,"event_name":"Big Fish","floor":13,"gold_loss":0}],"is_beta":false,"boss_relics":[{"not_picked":["Velvet Choker","Ectoplasm"],"picked":"Inserter"}],"items_purged_floors":[],"is_endless":false,"potions_floor_spawned":[1,3,14,16,18],"killed_by":"Centurion and Healer","ascension_level":3}}