{"host":"1a3cjta80tad0aqj","time":1611017238,"event":{"mods":["2.2 Compatiblity","AchievementEnabler","BaseMod","Colored Map","DeckTracker","KOR Keyword Fix","Keyboard Shortcuts","Minty Spire (QoL Compilation)","Permanent Neow","Quick Restart","Random Character Button","StSLib","SuperFastMode","everything is the same but u backflip on backflip"],"gold_per_floor":[115,125,135,150,168,168,181,132,132,132,147,179,179,195,195,292,292,312,411,411,97,97,97,127,127,150,150,184,197,0,13,13,110,110,130,130,142,67,83,83,31,46,95,110,58,58,71,91,91,91],"floor_reached":51,"language":"KOR","playtime":2488,"items_purged":["Defend_R"],"score":808,"play_id":"40a3f770-0201-40c2-b741-a4135e4ffa12","local_time":"20210119094718","is_ascension_mode":true,"campfire_choices":[{"data":"Bash","floor":6.0,"key":"SMITH"},{"floor":10.0,"key":"REST"},{"data":"Body Slam","floor":13.0,"key":"SMITH"},{"data":"Shrug It Off","floor":15.0,"key":"SMITH"},{"floor":23.0,"key":"REST"},{"data":"Inflame","floor":25.0,"key":"SMITH"},{"data":"Demon Form","floor":27.0,"key":"SMITH"},{"floor":32.0,"key":"REST"},{"floor":40.0,"key":"REST"},{"floor":49.0,"key":"REST"}],"circlet_count":0,"master_deck":["Strike_R","Strike_R","Strike_R","Strike_R","Strike_R","Defend_R","Defend_R","Defend_R","Bash+1","Body Slam+1","Dual Wield+1","Twin Strike","Spot Weakness+1","Inflame+1","Shrug It Off+1","Shockwave","Entrench","Headbutt","Demon Form+1","Armaments","True Grit","Seeing Red+1","Heavy Blade+1","Spot Weakness","Feed","Infernal Blade+1","Infernal Blade+1","Power Through","Madness","Madness","Disarm+1"],"relics":["Black Blood","Vajra","Toy Ornithopter","Akabeko","Singing Bowl","War Paint","Boot","Self Forming Clay","Bag of Preparation","Fusion Hammer","Bronze Scales"],"acts_visited":["Exordium","TheCity","TheBeyond"],"potions_floor_usage":[50,50],"damage_taken":[{"damage":0.0,"enemies":"2 Louse","floor":1.0,"turns":2.0},{"damage":0.0,"enemies":"Small Slimes","floor":2.0,"turns":4.0},{"damage":7.0,"enemies":"Jaw Worm","floor":3.0,"turns":5.0},{"damage":9.0,"enemies":"3 Louse","floor":4.0,"turns":5.0},{"damage":17.0,"enemies":"Red Slaver","floor":5.0,"turns":6.0},{"damage":16.0,"enemies":"Looter","floor":7.0,"turns":4.0},{"damage":7.0,"enemies":"Large Slime","floor":11.0,"turns":6.0},{"damage":32.0,"enemies":"3 Sentries","floor":12.0,"turns":11.0},{"damage":8.0,"enemies":"Blue Slaver","floor":14.0,"turns":2.0},{"damage":39.0,"enemies":"The Guardian","floor":16.0,"turns":10.0},{"damage":27.0,"enemies":"Spheric Guardian","floor":18.0,"turns":4.0},{"damage":31.0,"enemies":"Gremlin Leader","floor":24.0,"turns":7.0},{"damage":44.0,"enemies":"Slavers","floor":28.0,"turns":5.0},{"damage":1.0,"enemies":"3 Byrds","floor":29.0,"turns":6.0},{"damage":15.0,"enemies":"Shelled Parasite and Fungi","floor":31.0,"turns":4.0},{"damage":28.0,"enemies":"Collector","floor":33.0,"turns":5.0},{"damage":3.0,"enemies":"Orb Walker","floor":35.0,"turns":3.0},{"damage":4.0,"enemies":"3 Shapes","floor":37.0,"turns":4.0},{"damage":28.0,"enemies":"Transient","floor":39.0,"turns":5.0},{"damage":31.0,"enemies":"Writhing Mass","floor":42.0,"turns":4.0},{"damage":15.0,"enemies":"Jaw Worm Horde","floor":44.0,"turns":3.0},{"damage":21.0,"enemies":"4 Shapes","floor":47.0,"turns":3.0},{"damage":6.0,"enemies":"Maw","floor":48.0,"turns":6.0},{"damage":108,"enemies":"Awakened One","floor":50,"turns":10}],"seed_played":"1401112805007671130","potions_obtained":[{"floor":4.0,"key":"DistilledChaos"},{"floor":5.0,"key":"LiquidBronze"},{"floor":14.0,"key":"Strength Potion"},{"floor":18.0,"key":"DuplicationPotion"},{"floor":33.0,"key":"LiquidBronze"},{"floor":35.0,"key":"Weak Potion"},{"floor":44.0,"key":"Swift Potion"}],"is_trial":false,"path_per_floor":["M","M","M","M","M","R","M","$","T","R","M","E","R","M","R","B",null,"M","?","?","$","?","R","E","R","T","R","E","M","$","M","R","B",null,"M","?","M","$","M","R","$","M","T","M","$","?","M","M","R","B",null],"character_chosen":"IRONCLAD","items_purchased":["Shrug It Off","Singing Bowl","True Grit","Bag of Preparation","SteroidPotion","Block Potion","Energy Potion"],"campfire_rested":5,"item_purchase_floors":[8,21,21,30,30,41,45],"current_hp_per_floor":[80,80,79,76,65,65,55,55,55,79,80,54,54,52,52,19,80,65,65,50,50,50,75,66,66,66,66,36,47,47,44,70,54,87,90,90,90,90,81,92,92,75,75,79,79,67,66,77,104,18],"gold":91,"neow_bonus":"RANDOM_COMMON_RELIC","is_daily":false,"chose_seed":false,"campfire_upgraded":5,"win_rate":0.0,"timestamp":1611017238,"path_taken":["M","M","M","M","M","R","M","$","T","R","M","E","R","M","R","BOSS","M","?","?","$","?","R","E","R","T","R","E","M","$","M","R","BOSS","M","?","?","$","M","R","$","M","T","M","$","?","M","M","R","BOSS"],"items_purchased_type":["Card","Relic","Card","Relic","Potion","Potion","Potion"],"build_version":"2020-12-22","purchased_purges":1,"victory":true,"max_hp_per_floor":[80,80,80,80,80,80,80,80,80,80,80,80,80,80,80,80,80,80,80,85,85,85,85,85,85,85,85,87,87,87,87,87,87,87,90,90,90,90,92,92,92,94,94,96,96,96,99,104,104,104],"card_choices":[{"not_picked":["Cleave","Heavy Blade"],"picked":"Body Slam","floor":1.0},{"not_picked":["Rage","Carnage"],"picked":"Dual Wield","floor":2.0},{"not_picked":["Thunderclap","Heavy Blade"],"picked":"Twin Strike","floor":3.0},{"not_picked":["Thunderclap","Twin Strike","Fire Breathing"],"picked":"SKIP","floor":4.0},{"not_picked":["Sever Soul","Pommel Strike"],"picked":"Spot Weakness","floor":5.0},{"not_picked":["Body Slam","Rage"],"picked":"Inflame","floor":7.0},{"not_picked":["Havoc","Entrench"],"picked":"Shockwave","floor":11.0},{"not_picked":["Anger","Thunderclap","Entrench"],"picked":"SKIP","floor":12.0},{"not_picked":["Anger","Thunderclap"],"picked":"Entrench","floor":12.0},{"not_picked":["Body Slam","Fire Breathing"],"picked":"Headbutt","floor":14.0},{"not_picked":["Limit Break","Corruption"],"picked":"Demon Form","floor":16.0},{"not_picked":["Twin Strike","Clothesline"],"picked":"Armaments","floor":18.0},{"not_picked":["Sever Soul","Reaper"],"picked":"Seeing Red+1","floor":24.0},{"not_picked":["Havoc","Sever Soul","Clash"],"picked":"Singing Bowl","floor":28.0},{"not_picked":["Rage+1","Anger"],"picked":"Heavy Blade+1","floor":29.0},{"not_picked":["Thunderclap","Clash"],"picked":"Spot Weakness","floor":31.0},{"not_picked":["Barricade","Corruption"],"picked":"Feed","floor":33.0},{"not_picked":["Evolve+1","Shockwave+1"],"picked":"Infernal Blade+1","floor":35.0},{"not_picked":["Entrench","Spot Weakness+1"],"picked":"Power Through","floor":37.0},{"not_picked":["Cleave+1","Wild Strike+1","Clash"],"picked":"Singing Bowl","floor":39.0},{"not_picked":["Headbutt","Searing Blow","Rampage"],"picked":"Singing Bowl","floor":42.0},{"not_picked":["Combust+1","Anger+1","Whirlwind+1"],"picked":"Singing Bowl","floor":44.0},{"not_picked":["Ghostly Armor+1","Sentinel+1"],"picked":"Disarm+1","floor":47.0},{"not_picked":["Sentinel","Armaments","Dual Wield+1"],"picked":"Singing Bowl","floor":48.0}],"player_experience":765921,"relics_obtained":[{"floor":9.0,"key":"Toy Ornithopter"},{"floor":12.0,"key":"Akabeko"},{"floor":24.0,"key":"War Paint"},{"floor":26.0,"key":"Boot"},{"floor":28.0,"key":"Self Forming Clay"},{"floor":43.0,"key":"Bronze Scales"}],"event_choices":[{"damage_healed":0.0,"max_hp_gain":0.0,"max_hp_loss":0.0,"gold_gain":99.0,"event_name":"Nest","player_choice":"Stole From Cult","floor":19.0,"gold_loss":0.0,"damage_taken":0.0},{"damage_healed":0.0,"max_hp_gain":5.0,"max_hp_loss":0.0,"gold_gain":0.0,"event_name":"Forgotten Altar","player_choice":"Shed Blood","floor":20.0,"gold_loss":0.0,"damage_taken":20.0},{"damage_healed":0.0,"max_hp_gain":0.0,"max_hp_loss":0.0,"gold_gain":0.0,"event_name":"Ghosts","player_choice":"Ignored","floor":22.0,"gold_loss":0.0,"damage_taken":0.0},{"damage_healed":0.0,"max_hp_gain":0.0,"max_hp_loss":0.0,"gold_gain":0.0,"event_name":"Duplicator","player_choice":"Copied","floor":36.0,"gold_loss":0.0,"damage_taken":0.0,"cards_obtained":["Infernal Blade"]},{"damage_healed":0.0,"max_hp_gain":0.0,"max_hp_loss":0.0,"gold_gain":0.0,"event_name":"Winding Halls","player_choice":"Embrace Madness","floor":46.0,"gold_loss":0.0,"damage_taken":12.0,"cards_obtained":["Madness","Madness"]}],"is_beta":false,"boss_relics":[{"not_picked":["Runic Dome","Runic Cube"],"picked":"Black Blood"},{"not_picked":["Astrolabe","Tiny House"],"picked":"Fusion Hammer"}],"items_purged_floors":[38],"is_endless":false,"potions_floor_spawned":[4,5,14,18,33,35,37,44],"ascension_level":2}}