{"host":"0bf1j2iyw2812bby","time":1611080097,"event":{"mods":["BaseMod","Colored Map","Downfall","Highlight Path","Minty Spire (QoL Compilation)","StSLib"],"gold_per_floor":[99,115,174,189,189,201,501,155,155,55,72,19,38,38,53,153,153,53,66,166,182,11,29,82,82,95,95,95],"floor_reached":27,"language":"ENG","playtime":1441,"items_purged":["bronze:Strike"],"score":205,"play_id":"7ccfef31-c6c8-4c5e-974f-b29ae77d5786","local_time":"20210119131457","is_ascension_mode":false,"campfire_choices":[{"floor":1.0,"key":"RECALL"},{"floor":10.0,"key":"REST"},{"data":"bronze:Repulsor","floor":18.0,"key":"SMITH"},{"data":"bronze:RecursiveStrike","floor":25.0,"key":"SMITH"}],"circlet_count":0,"master_deck":["bronze:Strike","bronze:Strike","bronze:Strike","bronze:Defend","bronze:Defend","bronze:Defend","bronze:Defend","bronze:Replicate","bronze:Goto","bronze:Deprecate","bronze:Branch","bronze:ChosenStrike","bronze:Repulsor+1","bronze:Return","bronze:Overheat","bronze:Repair","bronze:ClassDefault","bronze:Iterate","bronze:RecursiveStrike+1","bronze:MaxOutput","bronze:ChildClass","bronze:Boost","bronze:Shell"],"relics":["bronze:BronzeCore","Vajra","Old Coin","Letter Opener","downfall:HeartBlessingRed","bronze:BottledCode","Coffee Dripper","downfall:HeartBlessingBlue","Potion Belt","Nunchaku","Orichalcum"],"acts_visited":["Exordium","TheCity"],"potions_floor_usage":[],"damage_taken":[{"damage":4.0,"enemies":"2 Louse","floor":2.0,"turns":3.0},{"damage":49.0,"enemies":"Lagavulin Event","floor":3.0,"turns":9.0},{"damage":0.0,"enemies":"Small Slimes","floor":4.0,"turns":3.0},{"damage":0.0,"enemies":"Cultist","floor":6.0,"turns":2.0},{"damage":2.0,"enemies":"downfall:FleeingMerchant","floor":8.0,"turns":4.0},{"damage":8.0,"enemies":"Red Slaver","floor":11.0,"turns":3.0},{"damage":9.0,"enemies":"downfall:FleeingMerchant","floor":12.0,"turns":4.0},{"damage":0.0,"enemies":"2 Fungi Beasts","floor":13.0,"turns":3.0},{"damage":0.0,"enemies":"Large Slime","floor":15.0,"turns":3.0},{"damage":51.0,"enemies":"DF_ARCHETYPE_STREAMLINE","floor":16.0,"turns":13.0},{"damage":16.0,"enemies":"3 Byrds","floor":19.0,"turns":4.0},{"damage":39.0,"enemies":"downfall:LadyInBlue","floor":20.0,"turns":9.0},{"damage":19.0,"enemies":"Snake Plant","floor":21.0,"turns":4.0},{"damage":7.0,"enemies":"downfall:FleeingMerchant","floor":22.0,"turns":4.0},{"damage":17.0,"enemies":"Snecko","floor":23.0,"turns":3.0},{"damage":17,"enemies":"Sentry and Sphere","floor":26,"turns":4},{"damage":0,"enemies":"Snake Plant","floor":27,"turns":1}],"seed_played":"4647824181298663744","potions_obtained":[{"floor":4.0,"key":"LiquidBronze"},{"floor":11.0,"key":"Energy Potion"},{"floor":13.0,"key":"Energy Potion"},{"floor":15.0,"key":"Fruit Juice"},{"floor":16.0,"key":"ColorlessPotion"},{"floor":20.0,"key":"SmokeBomb"},{"floor":20.0,"key":"Ancient Potion"},{"floor":20.0,"key":"hexamod:SoulburnPotion"},{"floor":26,"key":"Dexterity Potion"}],"is_trial":false,"path_per_floor":["R","M","?","M","?","M","T","$","T","R","M","$","M","?","M","B",null,"R","M","?","M","$","M","T","R","M","M"],"character_chosen":"THE_AUTOMATON","items_purchased":["Letter Opener","bronze:ClassDefault","Nunchaku"],"campfire_rested":1,"item_purchase_floors":[8,12,22],"current_hp_per_floor":[77,73,24,24,24,24,24,22,22,45,37,28,35,35,47,3,72,82,73,41,29,29,12,12,12,2,2,2],"gold":95,"neow_bonus":"TEN_PERCENT_HP_BONUS","is_daily":false,"chose_seed":false,"campfire_upgraded":2,"win_rate":0.0,"timestamp":1611080097,"path_taken":["R","M","?","M","?","?","T","$","?","R","M","$","M","?","M","BOSS","R","M","?","M","$","M","T","R","?","M"],"items_purchased_type":["Relic","Card","Relic"],"build_version":"2020-12-13","purchased_purges":1,"victory":false,"max_hp_per_floor":[77,77,77,77,77,77,77,77,77,77,77,77,77,67,72,72,72,82,82,82,82,82,82,82,82,82,82,82],"card_choices":[{"not_picked":["bronze:Shield","bronze:ForceShield"],"picked":"bronze:Deprecate","floor":2.0},{"not_picked":["bronze:NullPointer","bronze:DelayedSlice"],"picked":"bronze:Branch","floor":3.0},{"not_picked":["bronze:RecursiveStrike","bronze:BronzeArmor"],"picked":"bronze:ChosenStrike","floor":4.0},{"not_picked":["bronze:Overheat","bronze:Frontload"],"picked":"bronze:Repulsor","floor":6.0},{"not_picked":["bronze:DelayedSlice","bronze:CleanCode"],"picked":"bronze:Return","floor":8.0},{"not_picked":["bronze:OilSpill","bronze:BuggyMess"],"picked":"bronze:Overheat","floor":11.0},{"not_picked":["bronze:Invalidate","bronze:OilSpill"],"picked":"bronze:Repair","floor":12.0},{"not_picked":["bronze:CutThrough","bronze:Branch"],"picked":"bronze:Iterate","floor":13.0},{"not_picked":["bronze:Allocate","bronze:DarkDash","bronze:DelayedSlice"],"picked":"SKIP","floor":15.0},{"not_picked":["bronze:HyperBeam","bronze:CleanCode"],"picked":"bronze:RecursiveStrike","floor":16.0},{"not_picked":["bronze:Philosophize","bronze:DelayedSlice+1"],"picked":"bronze:MaxOutput","floor":19.0},{"not_picked":["bronze:GetLatest","bronze:DelayedSlice"],"picked":"bronze:ChildClass","floor":20.0},{"not_picked":["bronze:ForLoop","bronze:Safeguard+1","bronze:Overheat"],"picked":"SKIP","floor":21.0},{"not_picked":["bronze:Frontload","bronze:OilSpill+1"],"picked":"bronze:Boost","floor":22.0},{"not_picked":["bronze:Return","bronze:Philosophize+1"],"picked":"bronze:Shell","floor":23.0},{"not_picked":["bronze:ItsAFeature","bronze:Deprecate","bronze:Invalidate"],"picked":"SKIP","floor":26}],"player_experience":340836,"relics_obtained":[{"floor":7.0,"key":"Old Coin"},{"floor":20.0,"key":"Potion Belt"},{"floor":24.0,"key":"Orichalcum"}],"event_choices":[{"damage_healed":0.0,"max_hp_gain":0.0,"max_hp_loss":0.0,"gold_gain":0.0,"event_name":"NoteForYourself","player_choice":"Ignored","floor":5.0,"gold_loss":0.0,"damage_taken":0.0}],"is_beta":false,"boss_relics":[{"not_picked":["Tiny House","bronze:PlatinumCore"],"picked":"Coffee Dripper"}],"items_purged_floors":[8],"is_endless":false,"potions_floor_spawned":[4,11,13,15,16,26],"killed_by":"Snake Plant","ascension_level":0}}