{"host":"6r3ioyv75hs1gp74","time":1611021494,"event":{"mods":["AchievementEnabler","Act Like it!","BaseMod","Better Sensory Stone","Better Third Choice","Block Reminder","Colored Map","Colored Powertips","Curses Come First","Minty Spire (QoL Compilation)","StSLib"],"gold_per_floor":[114,132,145,155,170,170,203,222,222,222,25,37,52,80,80,176,176,186,201,219,318,44,44,71,85,85,85,85,85,85,96,96,201,201,218,228,228,241,291,291,291],"floor_reached":40,"language":"ENG","playtime":2998,"items_purged":[],"score":514,"play_id":"b7c94c6f-bad9-4cca-9e2c-ea3ffb7ca0e0","local_time":"20210119015814","is_ascension_mode":true,"campfire_choices":[{"data":"Corruption","floor":6,"key":"SMITH"},{"data":"Armaments","floor":15,"key":"SMITH"},{"floor":23,"key":"REST"},{"data":"Armaments","floor":28,"key":"SMITH"},{"floor":30,"key":"REST"},{"data":"Feel No Pain","floor":32,"key":"SMITH"}],"circlet_count":0,"master_deck":["Defend_R","Defend_R","Defend_R","Defend_R","Bash","Corruption+1","Metallicize","Cleave","Thunderclap","Shrug It Off","Bloodletting","Armaments+1","Rampage","Feel No Pain+1","Armaments+1","Impervious","Iron Wave","Evolve","Bludgeon","Reckless Charge","Twin Strike+1","Wild Strike","Pummel","Ghostly Armor","J.A.X.","Bite","Bite","Bite","Bite","Bite","Body Slam","Feed","CurseOfTheBell","Headbutt","Inflame+1","Body Slam+1"],"relics":["Burning Blood","Happy Flower","Magic Flower","Lantern","Black Star","Sundial","Calipers","Torii","Gremlin Horn","Calling Bell","Orichalcum","Ornamental Fan","Lizard Tail","WingedGreaves"],"acts_visited":["Exordium","TheCity","TheBeyond"],"potions_floor_usage":[5,8,16,20,33,39],"damage_taken":[{"damage":12,"enemies":"2 Louse","floor":1,"turns":4},{"damage":3,"enemies":"Jaw Worm","floor":2,"turns":5},{"damage":4,"enemies":"Small Slimes","floor":3,"turns":3},{"damage":13,"enemies":"Blue Slaver","floor":4,"turns":5},{"damage":47,"enemies":"Exordium Thugs","floor":5,"turns":6},{"damage":17,"enemies":"3 Sentries","floor":7,"turns":9},{"damage":9,"enemies":"Large Slime","floor":8,"turns":6},{"damage":7,"enemies":"3 Louse","floor":12,"turns":3},{"damage":2,"enemies":"Exordium Wildlife","floor":13,"turns":3},{"damage":1,"enemies":"Lagavulin","floor":14,"turns":9},{"damage":53,"enemies":"The Guardian","floor":16,"turns":11},{"damage":0,"enemies":"Chosen","floor":18,"turns":5},{"damage":32,"enemies":"2 Thieves","floor":19,"turns":4},{"damage":46,"enemies":"Snake Plant","floor":20,"turns":6},{"damage":46,"enemies":"Slavers","floor":24,"turns":8},{"damage":14,"enemies":"Chosen and Byrds","floor":25,"turns":8},{"damage":11,"enemies":"3 Cultists","floor":31,"turns":6},{"damage":66,"enemies":"Automaton","floor":33,"turns":11},{"damage":3,"enemies":"3 Shapes","floor":35,"turns":4},{"damage":14,"enemies":"Orb Walker","floor":36,"turns":3},{"damage":40,"enemies":"Jaw Worm Horde","floor":38,"turns":6},{"damage":4,"enemies":"Mind Bloom Boss Battle","floor":39,"turns":10},{"damage":156,"enemies":"Nemesis","floor":40,"turns":11}],"seed_played":"-1747382741322109040","potions_obtained":[{"floor":2,"key":"BloodPotion"},{"floor":4,"key":"BloodPotion"},{"floor":5,"key":"FairyPotion"},{"floor":14,"key":"Strength Potion"},{"floor":16,"key":"BlessingOfTheForge"},{"floor":19,"key":"LiquidMemories"},{"floor":31,"key":"DuplicationPotion"},{"floor":33,"key":"Strength Potion"},{"floor":36,"key":"Ancient Potion"}],"is_trial":false,"path_per_floor":["M","M","M","M","M","R","E","M","T","?","$","M","M","E","R","B",null,"M","M","M","?","$","R","E","M","T","?","R","?","R","M","R","B",null,"M","M","?","M","?","E"],"character_chosen":"IRONCLAD","items_purchased":["Rampage","Feel No Pain","Armaments","Sundial","Wild Strike"],"campfire_rested":2,"item_purchase_floors":[11,11,11,22,22],"current_hp_per_floor":[66,69,71,64,37,37,26,37,37,61,61,63,70,72,72,28,72,72,49,12,12,12,33,34,29,29,29,29,29,44,50,50,30,50,53,52,52,35,56,0,0],"gold":291,"neow_bonus":"THREE_RARE_CARDS","is_daily":false,"chose_seed":false,"campfire_upgraded":4,"win_rate":0.0,"timestamp":1611021494,"path_taken":["M","M","M","M","M","R","E","M","T","?","$","M","M","E","R","BOSS","M","M","M","?","$","R","E","M","T","?","R","?","R","M","R","BOSS","M","M","?","M","?","E"],"items_purchased_type":["Card","Card","Card","Relic","Card"],"build_version":"2020-12-22","purchased_purges":0,"victory":false,"max_hp_per_floor":[72,72,72,72,72,72,72,72,72,72,72,72,72,72,72,72,72,72,72,72,72,72,72,72,72,72,72,72,50,50,50,50,50,50,53,53,53,53,56,56,56],"card_choices":[{"not_picked":["Brutality","Reaper"],"picked":"Corruption","floor":0},{"not_picked":["Heavy Blade","Anger"],"picked":"Metallicize","floor":1},{"not_picked":["Metallicize","Ghostly Armor"],"picked":"Cleave","floor":2},{"not_picked":["Clothesline","Whirlwind"],"picked":"Thunderclap","floor":3},{"not_picked":["Iron Wave","Juggernaut"],"picked":"Shrug It Off","floor":4},{"not_picked":["Warcry","Thunderclap"],"picked":"Bloodletting","floor":5},{"not_picked":["Cleave","Body Slam"],"picked":"Iron Wave","floor":7},{"not_picked":["Whirlwind","Warcry"],"picked":"Armaments","floor":8},{"not_picked":["Clothesline","True Grit"],"picked":"Impervious","floor":12},{"not_picked":["Body Slam","Clothesline"],"picked":"Iron Wave","floor":13},{"not_picked":["Clash","Headbutt"],"picked":"Evolve","floor":14},{"not_picked":["Double Tap","Fiend Fire"],"picked":"Bludgeon","floor":16},{"not_picked":["Twin Strike","Pommel Strike","Sword Boomerang+1"],"picked":"SKIP","floor":18},{"not_picked":["Sword Boomerang","Pommel Strike"],"picked":"Reckless Charge","floor":19},{"not_picked":["Heavy Blade","Pommel Strike"],"picked":"Twin Strike+1","floor":20},{"not_picked":["Battle Trance","Combust"],"picked":"Pummel","floor":24},{"not_picked":["True Grit","Uppercut"],"picked":"Ghostly Armor","floor":25},{"not_picked":["Warcry","Flex+1"],"picked":"Body Slam","floor":31},{"not_picked":["Reaper","Impervious"],"picked":"Feed","floor":33},{"not_picked":["Whirlwind","Entrench"],"picked":"Headbutt","floor":35},{"not_picked":["Rampage","Pommel Strike+1"],"picked":"Inflame+1","floor":36},{"not_picked":["Sword Boomerang+1","Warcry","True Grit+1"],"picked":"SKIP","floor":38},{"not_picked":["True Grit+1","Ghostly Armor"],"picked":"Body Slam+1","floor":39}],"player_experience":97246,"relics_obtained":[{"floor":7,"key":"Happy Flower"},{"floor":9,"key":"Magic Flower"},{"floor":14,"key":"Lantern"},{"floor":24,"key":"Calipers"},{"floor":24,"key":"Torii"},{"floor":26,"key":"Gremlin Horn"},{"floor":34,"key":"Orichalcum"},{"floor":34,"key":"Ornamental Fan"},{"floor":34,"key":"Lizard Tail"},{"floor":39,"key":"WingedGreaves"}],"event_choices":[{"damage_healed":24,"gold_gain":0,"player_choice":"Banana","damage_taken":0,"max_hp_gain":0,"max_hp_loss":0,"event_name":"Big Fish","floor":10,"gold_loss":0},{"damage_healed":0,"gold_gain":99,"player_choice":"Steal","damage_taken":0,"max_hp_gain":0,"max_hp_loss":0,"event_name":"betterThird:BetterNest","floor":21,"gold_loss":0},{"damage_healed":0,"gold_gain":0,"player_choice":"Obtain J.A.X.","damage_taken":0,"max_hp_gain":0,"max_hp_loss":0,"event_name":"Drug Dealer","floor":27,"gold_loss":0,"cards_obtained":["J.A.X."]},{"damage_healed":0,"gold_gain":0,"player_choice":"Became a vampire","damage_taken":0,"max_hp_gain":0,"max_hp_loss":22,"event_name":"Vampires","floor":29,"gold_loss":0,"cards_obtained":["Bite","Bite","Bite","Bite","Bite"]},{"cards_removed":["Iron Wave"],"damage_healed":0,"gold_gain":0,"player_choice":"Removed Attack","damage_taken":0,"max_hp_gain":0,"max_hp_loss":0,"event_name":"Falling","floor":37,"gold_loss":0},{"damage_healed":0,"gold_gain":0,"player_choice":"Fight","damage_taken":0,"max_hp_gain":0,"max_hp_loss":0,"event_name":"MindBloom","floor":39,"gold_loss":0}],"is_beta":false,"boss_relics":[{"not_picked":["Empty Cage","Tiny House"],"picked":"Black Star"},{"not_picked":["SacredBark","Mark of Pain"],"picked":"Calling Bell"}],"items_purged_floors":[],"is_endless":false,"potions_floor_spawned":[2,4,5,14,16,19,31,33,36,38],"killed_by":"Nemesis","ascension_level":2}}