{"host":"y1oqg7uy0jc6f5mb","time":1611091609,"event":{"mods":["BaseMod","Better Altar","Better Match","Better Note","Better Sensory Stone","Better Skull","Better Third Choice","BetterRewards","Block Reminder","Colored Map","Colored Powertips","Custom Start","DeckTracker","Highlight Path","Minty Spire (QoL Compilation)","Permanent Neow","Quick Restart","Relic Sorter","Relic Stats","Shop Mod","StSLib"],"gold_per_floor":[212,223,223,238,48,83,83,103,128,128,143,183,183,183,183,314,314,339,364,14,28,28,28,66,66,66,101,26,26,39,59,59,189,189,208,14,30,46,61,61,100,100,172,192,226,15,15,50,50,50],"floor_reached":51,"language":"ENG","playtime":5205,"items_purged":["Pain"],"score":847,"play_id":"6cf7a3c9-be6c-4d36-9634-a96d31887f2a","local_time":"20210120052649","is_ascension_mode":true,"campfire_choices":[{"floor":7.0,"key":"REST"},{"floor":10.0,"key":"REST"},{"data":"Panache","floor":15.0,"key":"SMITH"},{"floor":23.0,"key":"REST"},{"data":"Noxious Fumes","floor":25.0,"key":"SMITH"},{"floor":32.0,"key":"REST"},{"data":"Adrenaline","floor":40.0,"key":"SMITH"},{"data":"Burst","floor":42.0,"key":"SMITH"},{"floor":49.0,"key":"REST"}],"circlet_count":0,"master_deck":["Strike_G","Strike_G","Strike_G","Strike_G","Strike_G","Defend_G","Defend_G","Defend_G","Defend_G","Defend_G","Survivor","Neutralize","Outmaneuver","Noxious Fumes+1","Acrobatics","Panache+1","Dodge and Roll","Prepared","Backflip","Burst+1","Poisoned Stab","Catalyst","Caltrops+1","Backflip","Outmaneuver","Quick Slash","Crippling Poison","Choke","Flying Knee+1","Poisoned Stab","PiercingWail+1","Adrenaline+1","Deflect+1","Footwork","Choke+1","Leg Sweep","PiercingWail+1","Deflect","Terror","Panache+1"],"relics":["Ring of the Serpent","Golden Idol","MealTicket","Regal Pillow","Omamori","Membership Card","Letter Opener","Strawberry","Pear","Potion Belt","Centennial Puzzle","WarpedTongs","Busted Crown","Snake Skull","Anchor","Darkstone Periapt","Peace Pipe","Mercury Hourglass","Shuriken"],"acts_visited":["Exordium","TheCity","TheBeyond"],"potions_floor_usage":[50,50],"damage_taken":[{"damage":0.0,"enemies":"Jaw Worm","floor":1.0,"turns":4.0},{"damage":2.0,"enemies":"Small Slimes","floor":2.0,"turns":7.0},{"damage":7.0,"enemies":"Cultist","floor":4.0,"turns":6.0},{"damage":57.0,"enemies":"Gremlin Nob","floor":6.0,"turns":6.0},{"damage":7.0,"enemies":"Gremlin Gang","floor":8.0,"turns":6.0},{"damage":2.0,"enemies":"Looter","floor":11.0,"turns":5.0},{"damage":30.0,"enemies":"Lagavulin","floor":12.0,"turns":11.0},{"damage":22.0,"enemies":"Slime Boss","floor":16.0,"turns":11.0},{"damage":37.0,"enemies":"3 Byrds","floor":18.0,"turns":5.0},{"damage":23.0,"enemies":"2 Thieves","floor":19.0,"turns":3.0},{"damage":22.0,"enemies":"Snake Plant","floor":21.0,"turns":4.0},{"damage":25.0,"enemies":"Slavers","floor":24.0,"turns":3.0},{"damage":21.0,"enemies":"Book of Stabbing","floor":27.0,"turns":5.0},{"damage":22.0,"enemies":"3 Cultists","floor":30.0,"turns":4.0},{"damage":3.0,"enemies":"Cultist and Chosen","floor":31.0,"turns":6.0},{"damage":23.0,"enemies":"Automaton","floor":33.0,"turns":9.0},{"damage":10.0,"enemies":"3 Shapes","floor":35.0,"turns":4.0},{"damage":11.0,"enemies":"Orb Walker","floor":37.0,"turns":3.0},{"damage":12.0,"enemies":"Maw","floor":38.0,"turns":8.0},{"damage":4.0,"enemies":"Sphere and 2 Shapes","floor":39.0,"turns":5.0},{"damage":7.0,"enemies":"Reptomancer","floor":41.0,"turns":5.0},{"damage":10.0,"enemies":"Transient","floor":44.0,"turns":5.0},{"damage":24.0,"enemies":"Giant Head","floor":45.0,"turns":10.0},{"damage":5.0,"enemies":"Reptomancer","floor":48.0,"turns":4.0},{"damage":32,"enemies":"Donu and Deca","floor":50,"turns":8}],"seed_played":"-3367315544547518655","potions_obtained":[{"floor":4.0,"key":"SteroidPotion"},{"floor":8.0,"key":"LiquidMemories"},{"floor":12.0,"key":"Fruit Juice"},{"floor":18.0,"key":"DistilledChaos"},{"floor":19.0,"key":"Explosive Potion"},{"floor":21.0,"key":"Explosive Potion"},{"floor":30.0,"key":"SpeedPotion"},{"floor":37.0,"key":"SmokeBomb"},{"floor":45.0,"key":"Weak Potion"},{"floor":48.0,"key":"Dexterity Potion"}],"is_trial":false,"path_per_floor":["M","M","?","M","$","E","R","M","T","R","M","E","?","?","R","B",null,"M","M","$","M","?","R","E","R","T","E","$","?","M","M","R","B",null,"M","$","M","M","M","R","E","R","T","M","E","$","?","E","R","B",null],"character_chosen":"THE_SILENT","items_purchased":["Acrobatics","Panache","EntropicBrew","Membership Card","Regen Potion","Backflip","Outmaneuver","Quick Slash","Centennial Puzzle","Footwork","Snake Skull","Energy Potion","Regen Potion","Regen Potion","Deflect","Terror","Mercury Hourglass"],"campfire_rested":5,"item_purchase_floors":[5,5,20,20,20,20,20,20,28,36,36,36,36,46,46,46,46],"current_hp_per_floor":[70,68,68,61,61,4,25,18,18,54,52,22,15,32,37,15,75,38,15,30,22,22,59,50,50,60,39,54,54,32,29,71,48,92,82,92,81,81,77,77,70,70,70,60,36,51,51,58,92,60],"gold":50,"neow_bonus":"HUNDRED_GOLD","is_daily":false,"chose_seed":false,"campfire_upgraded":4,"win_rate":0.0,"timestamp":1611091609,"path_taken":["M","M","?","M","$","E","R","M","T","R","M","E","?","?","R","BOSS","M","M","$","M","?","R","E","R","T","E","$","?","M","?","R","BOSS","M","$","?","M","M","R","E","R","T","M","E","$","?","E","R","BOSS"],"items_purchased_type":["Card","Card","Potion","Relic","Potion","Card","Card","Card","Relic","Card","Relic","Potion","Potion","Potion","Card","Card","Relic"],"build_version":"2020-12-22","purchased_purges":1,"victory":true,"max_hp_per_floor":[70,70,70,70,70,70,70,70,70,70,70,70,70,70,75,75,75,75,75,75,75,75,75,82,82,92,92,92,92,92,92,92,92,92,92,92,92,92,92,92,92,92,92,92,92,92,92,92,92,92],"relic_stats":{"Darkstone Periapt":0,"Regal Pillow":52,"counters":[25,147],"Golden Idol":176,"Snake Skull":[64],"Letter Opener":[427],"WarpedTongs":[71],"Mercury Hourglass":[57],"Peace Pipe":0,"Centennial Puzzle":[36],"Busted Crown":16,"Shuriken":[1],"MealTicket":55,"obtain_stats":[{"Potion Belt":27,"Darkstone Periapt":43,"Regal Pillow":9,"Pear":26,"Golden Idol":3,"Snake Skull":36,"Omamori":12,"Letter Opener":22,"WarpedTongs":29,"Mercury Hourglass":46,"Peace Pipe":45,"Centennial Puzzle":28,"Anchor":41,"Busted Crown":34,"Shuriken":48,"Strawberry":24,"MealTicket":6,"Membership Card":20,"Ring of the Serpent":17,"Ring of the Snake":0},{"Potion Belt":13,"Darkstone Periapt":21,"Regal Pillow":5,"Pear":12,"Golden Idol":2,"Snake Skull":17,"Omamori":7,"Letter Opener":11,"WarpedTongs":13,"Mercury Hourglass":23,"Peace Pipe":23,"Centennial Puzzle":13,"Anchor":21,"Busted Crown":16,"Shuriken":24,"Strawberry":12,"MealTicket":4,"Membership Card":10,"Ring of the Serpent":8,"Ring of the Snake":0},{"Potion Belt":76,"Darkstone Periapt":120,"Regal Pillow":29,"Pear":71,"Golden Idol":11,"Snake Skull":99,"Omamori":45,"Letter Opener":68,"WarpedTongs":76,"Mercury Hourglass":135,"Peace Pipe":135,"Centennial Puzzle":76,"Anchor":120,"Busted Crown":95,"Shuriken":139,"Strawberry":71,"MealTicket":23,"Membership Card":64,"Ring of the Serpent":56,"Ring of the Snake":0}]},"card_choices":[{"not_picked":["Slice","Infinite Blades"],"picked":"Outmaneuver","floor":1.0},{"not_picked":["Deadly Poison","Sucker Punch","Skewer"],"picked":"SKIP","floor":2.0},{"not_picked":["PiercingWail","Quick Slash"],"picked":"Noxious Fumes","floor":4.0},{"not_picked":["Slice","Deadly Poison"],"picked":"Bane","floor":6.0},{"not_picked":["Underhanded Strike","Backstab"],"picked":"Dodge and Roll","floor":8.0},{"not_picked":["Bullet Time","Acrobatics"],"picked":"Prepared","floor":11.0},{"not_picked":["Reflex","PiercingWail"],"picked":"Backflip","floor":12.0},{"not_picked":["Glass Knife","Adrenaline"],"picked":"Burst","floor":16.0},{"not_picked":["Eviscerate+1","Predator"],"picked":"Catalyst","floor":18.0},{"not_picked":["Poisoned Stab","Finisher"],"picked":"Caltrops+1","floor":19.0},{"not_picked":["Dagger Throw","Quick Slash"],"picked":"Crippling Poison","floor":21.0},{"not_picked":["Caltrops","Predator"],"picked":"Choke","floor":24.0},{"not_picked":["Tactician","Infinite Blades"],"picked":"Flying Knee+1","floor":27.0},{"not_picked":["Slice","Eviscerate"],"picked":"Poisoned Stab","floor":30.0},{"not_picked":["Deflect","Deadly Poison"],"picked":"PiercingWail+1","floor":31.0},{"not_picked":["Unload","Burst"],"picked":"Adrenaline","floor":33.0},{"not_picked":[],"picked":"Deflect+1","floor":35.0},{"not_picked":["Backflip+1"],"picked":"SKIP","floor":37.0},{"not_picked":[],"picked":"Choke+1","floor":38.0},{"not_picked":[],"picked":"Leg Sweep","floor":39.0},{"not_picked":["Eviscerate"],"picked":"SKIP","floor":41.0},{"not_picked":[],"picked":"PiercingWail+1","floor":44.0},{"not_picked":["Heel Hook+1"],"picked":"SKIP","floor":45.0},{"not_picked":["Sucker Punch+1"],"picked":"SKIP","floor":48.0}],"player_experience":79210,"relics_obtained":[{"floor":6.0,"key":"MealTicket"},{"floor":9.0,"key":"Regal Pillow"},{"floor":12.0,"key":"Omamori"},{"floor":24.0,"key":"Strawberry"},{"floor":26.0,"key":"Pear"},{"floor":27.0,"key":"Potion Belt"},{"floor":41.0,"key":"Anchor"},{"floor":43.0,"key":"Darkstone Periapt"},{"floor":45.0,"key":"Peace Pipe"},{"floor":48.0,"key":"Shuriken"}],"event_choices":[{"damage_healed":0.0,"max_hp_gain":0.0,"max_hp_loss":0.0,"gold_gain":0.0,"event_name":"Golden Idol","player_choice":"Take Wound","floor":3.0,"gold_loss":0.0,"damage_taken":0.0,"relics_obtained":["Golden Idol"],"cards_obtained":["Injury"]},{"cards_removed":["Injury"],"damage_healed":0.0,"max_hp_gain":0.0,"max_hp_loss":0.0,"gold_gain":0.0,"event_name":"Golden Wing","player_choice":"Card Removal","floor":13.0,"gold_loss":0.0,"damage_taken":7.0},{"damage_healed":17.0,"max_hp_gain":0.0,"max_hp_loss":0.0,"gold_gain":0.0,"event_name":"Mushrooms","player_choice":"Healed and dodged fight","floor":14.0,"gold_loss":0.0,"damage_taken":0.0,"cards_obtained":["Parasite"]},{"damage_healed":0.0,"max_hp_gain":0.0,"max_hp_loss":0.0,"gold_gain":0.0,"event_name":"The Mausoleum","player_choice":"Opened","floor":22.0,"gold_loss":0.0,"damage_taken":0.0,"relics_obtained":["Letter Opener"],"cards_obtained":["Writhe"]},{"damage_healed":0.0,"max_hp_gain":0.0,"max_hp_loss":0.0,"gold_gain":0.0,"event_name":"Accursed Blacksmith","player_choice":"Rummage","floor":29.0,"gold_loss":0.0,"damage_taken":0.0,"relics_obtained":["WarpedTongs"],"cards_obtained":["Pain"]},{"damage_healed":0.0,"max_hp_gain":0.0,"max_hp_loss":0.0,"gold_gain":0.0,"event_name":"Duplicator","player_choice":"Copied","floor":47.0,"gold_loss":0.0,"damage_taken":0.0,"cards_obtained":["Panache"]}],"is_beta":false,"boss_relics":[{"not_picked":["Tiny House","SlaversCollar"],"picked":"Ring of the Serpent"},{"not_picked":["Astrolabe","Empty Cage"],"picked":"Busted Crown"}],"items_purged_floors":[36],"is_endless":false,"potions_floor_spawned":[4,8,12,18,19,21,30,37,45,48],"ascension_level":1}}