{"host":"nptej036rrbiurf5","time":1611036920,"event":{"mods":["BaseMod","Colored Map","Colored Powertips","DeckTracker","Minty Spire (QoL Compilation)","StSLib","SuperFastMode"],"gold_per_floor":[117,117,42,42,61,102,22,22,45,76,95,170,170,193,193,193,193],"floor_reached":16,"language":"KOR","playtime":172,"items_purged":["Strike_B"],"score":259,"play_id":"16e9fa91-0d10-4b4b-8514-e47189488b6e","local_time":"20210119151520","is_ascension_mode":true,"campfire_choices":[{"data":"Double Energy","floor":8.0,"key":"SMITH"},{"floor":13,"key":"REST"},{"floor":15,"key":"REST"}],"circlet_count":0,"master_deck":["AscendersBane","Strike_B","Strike_B","Strike_B","Defend_B","Defend_B","Defend_B","Defend_B","Zap","Dualcast","Loop+1","Undo","Double Energy+1","Capacitor","Creative AI","Ball Lightning"],"relics":["Cracked Core","NeowsBlessing","Golden Idol","Bottled Tornado","PreservedInsect","Ancient Tea Set"],"acts_visited":["Exordium"],"potions_floor_usage":[16],"damage_taken":[{"damage":0.0,"enemies":"2 Louse","floor":1.0,"turns":1.0},{"damage":0.0,"enemies":"Jaw Worm","floor":5.0,"turns":1.0},{"damage":0.0,"enemies":"Lagavulin","floor":6.0,"turns":1.0},{"damage":50.0,"enemies":"Gremlin Nob","floor":10.0,"turns":4.0},{"damage":2,"enemies":"Cultist","floor":11,"turns":4},{"damage":19,"enemies":"Blue Slaver","floor":14,"turns":4},{"damage":24,"enemies":"Hexaghost","floor":16,"turns":4}],"seed_played":"1788552634809400871","potions_obtained":[{"floor":1.0,"key":"PotionOfCapacity"},{"floor":6.0,"key":"DistilledChaos"},{"floor":11,"key":"Dexterity Potion"}],"is_trial":false,"path_per_floor":["M","?","$","?","M","E","$","R","T","E","M","?","R","M","R","B"],"character_chosen":"DEFECT","items_purchased":["Capacitor"],"campfire_rested":2,"item_purchase_floors":[7],"current_hp_per_floor":[64,64,64,64,64,64,64,64,64,14,12,1,20,1,20,0,0],"gold":193,"neow_bonus":"THREE_ENEMY_KILL","is_daily":false,"chose_seed":false,"campfire_upgraded":1,"win_rate":0.0,"timestamp":1611036920,"path_taken":["M","?","$","?","M","E","?","R","T","E","M","?","R","M","R","BOSS"],"items_purchased_type":["Card"],"build_version":"2020-12-22","purchased_purges":1,"victory":false,"max_hp_per_floor":[71,71,71,64,64,64,64,64,64,64,64,64,64,64,64,64,64],"card_choices":[{"not_picked":["Self Repair","Compile Driver"],"picked":"Loop","floor":1.0},{"not_picked":["Leap","Compile Driver"],"picked":"Undo","floor":5.0},{"not_picked":["Blizzard","Beam Cell"],"picked":"Double Energy","floor":6.0},{"not_picked":["Auto Shields","Go for the Eyes"],"picked":"Creative AI","floor":10},{"not_picked":["Doom and Gloom","Double Energy"],"picked":"Ball Lightning","floor":11},{"not_picked":["Hologram","Scrape","Streamline"],"picked":"SKIP","floor":14}],"player_experience":892913,"relics_obtained":[{"floor":6.0,"key":"Bottled Tornado"},{"floor":9.0,"key":"PreservedInsect"},{"floor":10,"key":"Ancient Tea Set"}],"event_choices":[{"damage_healed":0.0,"max_hp_gain":0.0,"max_hp_loss":0.0,"gold_gain":0.0,"event_name":"Living Wall","player_choice":"Grow","floor":2.0,"gold_loss":0.0,"damage_taken":0.0,"cards_upgraded":["Loop"]},{"damage_healed":0.0,"max_hp_gain":0.0,"max_hp_loss":7.0,"gold_gain":0.0,"event_name":"Golden Idol","player_choice":"Lose Max HP","floor":4.0,"gold_loss":0.0,"damage_taken":0.0,"relics_obtained":["Golden Idol"]},{"damage_healed":0,"gold_gain":75,"player_choice":"Gather Gold","damage_taken":11,"max_hp_gain":0,"max_hp_loss":0,"event_name":"World of Goop","floor":12,"gold_loss":0}],"is_beta":false,"boss_relics":[],"items_purged_floors":[3],"is_endless":false,"potions_floor_spawned":[1,6,11,14],"killed_by":"Hexaghost","ascension_level":19}}