{"host":"1a3cjta80tad0aqj","time":1611049785,"event":{"mods":["2.2 Compatiblity","AchievementEnabler","BaseMod","Colored Map","DeckTracker","KOR Keyword Fix","Keyboard Shortcuts","Minty Spire (QoL Compilation)","Permanent Neow","Quick Restart","Random Character Button","StSLib","SuperFastMode","everything is the same but u backflip on backflip"],"gold_per_floor":[212,229,229,249,269,269,281,297,351,351,370,370,397,417,417,417,417],"floor_reached":16,"language":"KOR","playtime":502,"items_purged":[],"score":192,"play_id":"3dadcefe-4f99-4d00-b390-d71c26ff9fb1","local_time":"20210119184945","is_ascension_mode":true,"campfire_choices":[{"data":"Eruption","floor":6.0,"key":"SMITH"},{"floor":12.0,"key":"REST"},{"data":"Vault","floor":15,"key":"SMITH"}],"circlet_count":0,"master_deck":["AscendersBane","Strike_P","Strike_P","Strike_P","Strike_P","Defend_P+1","Defend_P+1","Defend_P","Defend_P","Eruption+1","Vigilance","ClearTheMind","Scrawl","Halt","TalkToTheHand","TalkToTheHand","EmptyMind","Vault+1"],"relics":["PureWater","Bag of Marbles","Damaru"],"acts_visited":["Exordium"],"potions_floor_usage":[16],"damage_taken":[{"damage":0.0,"enemies":"Jaw Worm","floor":1.0,"turns":7.0},{"damage":0.0,"enemies":"2 Louse","floor":2.0,"turns":2.0},{"damage":0.0,"enemies":"Cultist","floor":4.0,"turns":2.0},{"damage":3.0,"enemies":"Looter","floor":5.0,"turns":4.0},{"damage":0.0,"enemies":"Lots of Slimes","floor":7.0,"turns":2.0},{"damage":4.0,"enemies":"Blue Slaver","floor":8.0,"turns":6.0},{"damage":8.0,"enemies":"2 Fungi Beasts","floor":11.0,"turns":5.0},{"damage":5,"enemies":"Exordium Wildlife","floor":14,"turns":3},{"damage":33,"enemies":"Slime Boss","floor":16,"turns":8}],"seed_played":"-5070051523911214428","potions_obtained":[{"floor":2.0,"key":"Explosive Potion"},{"floor":5.0,"key":"CultistPotion"},{"floor":7.0,"key":"LiquidBronze"},{"floor":14,"key":"EssenceOfSteel"}],"is_trial":false,"path_per_floor":["M","M","?","M","M","R","M","M","T","?","M","R","T","M","R","B"],"character_chosen":"WATCHER","items_purchased":[],"campfire_rested":1,"item_purchase_floors":[],"current_hp_per_floor":[61,61,41,41,38,38,38,34,34,34,26,46,46,41,41,8,8],"gold":417,"neow_bonus":"HUNDRED_GOLD","is_daily":false,"chose_seed":false,"campfire_upgraded":2,"win_rate":0.0,"timestamp":1611049785,"path_taken":["M","M","?","M","M","R","M","M","T","?","M","R","?","M","R","BOSS"],"items_purchased_type":[],"build_version":"2020-12-22","purchased_purges":0,"victory":false,"max_hp_per_floor":[68,68,68,68,68,68,68,68,68,68,68,68,68,68,68,68,68],"card_choices":[{"not_picked":["FollowUp","Consecrate"],"picked":"ClearTheMind","floor":1.0},{"not_picked":["Consecrate","Protect"],"picked":"Scrawl","floor":2.0},{"not_picked":["ThirdEye","Evaluate"],"picked":"Halt","floor":4.0},{"not_picked":["CutThroughFate","Fasting2"],"picked":"TalkToTheHand","floor":5.0},{"not_picked":["ClearTheMind","Pray"],"picked":"TalkToTheHand","floor":7.0},{"not_picked":["PathToVictory","TalkToTheHand"],"picked":"EmptyMind","floor":8.0},{"not_picked":["FlyingSleeves","CrushJoints"],"picked":"Vault","floor":11.0},{"not_picked":["ThirdEye","EmptyMind","WaveOfTheHand"],"picked":"SKIP","floor":14}],"player_experience":778421,"relics_obtained":[{"floor":9.0,"key":"Bag of Marbles"},{"floor":13.0,"key":"Damaru"}],"event_choices":[{"damage_healed":0.0,"max_hp_gain":0.0,"max_hp_loss":0.0,"gold_gain":0.0,"event_name":"Shining Light","player_choice":"Entered Light","floor":3.0,"gold_loss":0.0,"damage_taken":20.0,"cards_upgraded":["Defend_P","Defend_P"]},{"damage_healed":0.0,"max_hp_gain":0.0,"max_hp_loss":0.0,"gold_gain":0.0,"event_name":"Liars Game","player_choice":"Ignored","floor":10.0,"gold_loss":0.0,"damage_taken":0.0}],"is_beta":false,"boss_relics":[],"items_purged_floors":[],"is_endless":false,"potions_floor_spawned":[2,5,7,8,14],"killed_by":"Slime Boss","ascension_level":20}}