{"host":"Qube","time":1611084414,"event":{"mods":["AchievementEnabler","BaseMod","Colored Map","Colored Powertips","Highlight Path","Minty Spire (QoL Compilation)","Permanent Neow","Quick Restart","Random Character Button","StSLib"],"gold_per_floor":[114,114,127,147,164,164,189,239,264,282,282,282,316,51,51,128,128,140,140,140,153,37,65,65,99,99,99,129,129,148,159,159,159,159],"floor_reached":33,"language":"ENG","playtime":1255,"items_purged":["Pain"],"score":626,"play_id":"b412508a-43f9-46bc-8c7c-9a6bbdcde845","local_time":"20210119112654","is_ascension_mode":true,"campfire_choices":[{"data":"Crippling Poison","floor":6.0,"key":"SMITH"},{"data":"Catalyst","floor":11.0,"key":"SMITH"},{"data":"After Image","floor":15.0,"key":"SMITH"},{"floor":24,"key":"REST"},{"data":"Tools of the Trade","floor":27,"key":"SMITH"},{"floor":29,"key":"REST"},{"floor":32,"key":"REST"}],"circlet_count":0,"master_deck":["AscendersBane","Strike_G","Strike_G","Strike_G","Strike_G","Strike_G","Defend_G","Defend_G+1","Defend_G","Survivor+1","Neutralize+1","Cloak And Dagger","Catalyst+1","Crippling Poison+1","Predator","Deadly Poison","Cloak And Dagger","After Image+1","Venomology","Backflip","Footwork","Accuracy","Tools of the Trade+1","Blur","Acrobatics+1"],"relics":["Ring of the Snake","Anchor","Blood Vial","Strawberry","Bottled Lightning","Calling Bell","Potion Belt","Mummified Hand","Shovel","WarpedTongs","Art of War","Centennial Puzzle","Ninja Scroll","Pen Nib"],"acts_visited":["Exordium","TheCity"],"potions_floor_usage":[21,23,23,25,25,28,28,28,30,31],"damage_taken":[{"damage":1.0,"enemies":"Small Slimes","floor":1.0,"turns":3.0},{"damage":0.0,"enemies":"2 Louse","floor":3.0,"turns":2.0},{"damage":0.0,"enemies":"Cultist","floor":4.0,"turns":4.0},{"damage":0.0,"enemies":"2 Fungi Beasts","floor":5.0,"turns":4.0},{"damage":15.0,"enemies":"Lagavulin","floor":7.0,"turns":4.0},{"damage":5.0,"enemies":"3 Louse","floor":10.0,"turns":3.0},{"damage":10.0,"enemies":"3 Sentries","floor":13.0,"turns":6.0},{"damage":14.0,"enemies":"The Guardian","floor":16.0,"turns":9.0},{"damage":22.0,"enemies":"2 Thieves","floor":18.0,"turns":4.0},{"damage":0,"enemies":"3 Byrds","floor":21,"turns":3},{"damage":9,"enemies":"Gremlin Leader","floor":23,"turns":6},{"damage":3,"enemies":"Slavers","floor":25,"turns":6},{"damage":32,"enemies":"Gremlin Leader","floor":28,"turns":10},{"damage":10,"enemies":"3 Cultists","floor":30,"turns":5},{"damage":6,"enemies":"Cultist and Chosen","floor":31,"turns":4},{"damage":64,"enemies":"Automaton","floor":33,"turns":6}],"seed_played":"-2076581121727948120","potions_obtained":[{"floor":1.0,"key":"LiquidBronze"},{"floor":5.0,"key":"SkillPotion"},{"floor":7.0,"key":"PowerPotion"},{"floor":13.0,"key":"GhostInAJar"},{"floor":21,"key":"SpeedPotion"},{"floor":25,"key":"Strength Potion"},{"floor":28,"key":"LiquidMemories"}],"is_trial":false,"path_per_floor":["M","?","M","M","M","R","E","?","T","M","R","?","E","$","R","B",null,"M","?","?","M","$","E","R","E","T","R","E","R","M","M","R","B"],"character_chosen":"THE_SILENT","items_purchased":["Bottled Lightning","Accuracy"],"campfire_rested":3,"item_purchase_floors":[14,22],"current_hp_per_floor":[58,58,58,58,58,58,43,43,43,40,40,22,21,21,21,9,53,33,33,33,35,35,28,48,47,47,47,17,37,29,25,45,0,0],"gold":159,"neow_bonus":"REMOVE_TWO","is_daily":false,"chose_seed":false,"campfire_upgraded":4,"win_rate":0.0,"timestamp":1611084414,"path_taken":["M","?","M","M","M","R","E","?","T","?","R","?","E","$","R","BOSS","M","?","?","M","$","E","R","E","T","R","E","R","M","M","R","BOSS"],"items_purchased_type":["Relic","Card"],"build_version":"2020-12-18","purchased_purges":1,"victory":false,"max_hp_per_floor":[60,60,60,60,60,60,60,60,60,60,60,60,67,67,67,67,67,67,67,67,67,67,67,67,67,67,67,67,67,67,67,67,67,67],"card_choices":[{"not_picked":["Finisher","Acrobatics"],"picked":"Cloak And Dagger","floor":1.0},{"not_picked":["Cloak And Dagger","Sucker Punch"],"picked":"Catalyst","floor":3.0},{"not_picked":["Deadly Poison","Dagger Throw"],"picked":"Crippling Poison","floor":4.0},{"not_picked":["Expertise","Outmaneuver"],"picked":"Predator","floor":5.0},{"not_picked":["Flying Knee","Backflip"],"picked":"Deadly Poison","floor":7.0},{"not_picked":["Underhanded Strike","Outmaneuver"],"picked":"Cloak And Dagger","floor":10.0},{"not_picked":["Malaise","Blur"],"picked":"After Image","floor":13.0},{"not_picked":["A Thousand Cuts","Envenom"],"picked":"Venomology","floor":16.0},{"not_picked":["Dagger Throw","Deadly Poison"],"picked":"Backflip","floor":18.0},{"not_picked":["Cloak And Dagger","Endless Agony"],"picked":"Footwork","floor":21},{"not_picked":["Flying Knee","Deadly Poison","Choke"],"picked":"SKIP","floor":23},{"not_picked":["Blade Dance","Unload"],"picked":"Tools of the Trade","floor":25},{"not_picked":["Flying Knee","Slice"],"picked":"Blur","floor":28},{"not_picked":["Blade Dance","Escape Plan+1","Poisoned Stab"],"picked":"SKIP","floor":30},{"not_picked":["Deadly Poison","Underhanded Strike+1"],"picked":"Acrobatics+1","floor":31}],"player_experience":946738,"relics_obtained":[{"floor":7.0,"key":"Anchor"},{"floor":9.0,"key":"Blood Vial"},{"floor":13.0,"key":"Strawberry"},{"floor":17.0,"key":"Potion Belt"},{"floor":17.0,"key":"Mummified Hand"},{"floor":17.0,"key":"Shovel"},{"floor":23,"key":"Art of War"},{"floor":25,"key":"Centennial Puzzle"},{"floor":26,"key":"Ninja Scroll"},{"floor":28,"key":"Pen Nib"}],"event_choices":[{"damage_healed":0.0,"max_hp_gain":0.0,"max_hp_loss":0.0,"gold_gain":0.0,"event_name":"Living Wall","player_choice":"Grow","floor":2.0,"gold_loss":0.0,"damage_taken":0.0,"cards_upgraded":["Neutralize"]},{"damage_healed":0.0,"max_hp_gain":0.0,"max_hp_loss":0.0,"gold_gain":50.0,"event_name":"Golden Shrine","player_choice":"Pray","floor":8.0,"gold_loss":0.0,"damage_taken":0.0},{"damage_healed":0.0,"max_hp_gain":0.0,"max_hp_loss":0.0,"gold_gain":0.0,"event_name":"Shining Light","player_choice":"Entered Light","floor":12.0,"gold_loss":0.0,"damage_taken":18.0,"cards_upgraded":["Survivor","Defend_G"]},{"damage_healed":0.0,"max_hp_gain":0.0,"max_hp_loss":0.0,"gold_gain":0.0,"event_name":"Cursed Tome","player_choice":"Ignored","floor":19.0,"gold_loss":0.0,"damage_taken":0.0},{"damage_healed":0.0,"max_hp_gain":0.0,"max_hp_loss":0.0,"gold_gain":0.0,"event_name":"Accursed Blacksmith","player_choice":"Rummage","floor":20.0,"gold_loss":0.0,"damage_taken":0.0,"relics_obtained":["WarpedTongs"],"cards_obtained":["Pain"]}],"is_beta":true,"boss_relics":[{"not_picked":["HoveringKite","Velvet Choker"],"picked":"Calling Bell"}],"items_purged_floors":[22],"is_endless":false,"potions_floor_spawned":[1,5,7,13,21,25,28],"killed_by":"Automaton","ascension_level":20}}