{"host":"r53pw7z744tg3fxg","time":1611077211,"event":{"mods":["AchievementEnabler","BaseMod","Colored Map","Colored Powertips","Highlight Path","Minty Spire (QoL Compilation)","Quick Restart","Transform Curses"],"gold_per_floor":[114,24,39,50,67,67,98,113,113,113,57,73,89,106,106,183,183,200,200,213,213,213],"floor_reached":21,"language":"ENG","playtime":1084,"items_purged":[],"score":358,"play_id":"7db8d5e4-cccc-4ee7-8964-e82cb497d42e","local_time":"20210119102651","is_ascension_mode":true,"campfire_choices":[{"data":"Eruption","floor":6.0,"key":"SMITH"},{"floor":10.0,"key":"REST"},{"floor":15.0,"key":"REST"}],"circlet_count":0,"master_deck":["AscendersBane","Strike_P","Strike_P","Strike_P","Strike_P","Defend_P","Defend_P","Defend_P","Defend_P","Eruption+1","Vigilance","Evaluate","SashWhip","TalkToTheHand","Establishment","BowlingBash","ThirdEye","Perseverance","EmptyBody","FollowUp","WheelKick","FearNoEvil","DevaForm","RitualDagger","Halt"],"relics":["PureWater","Dream Catcher","Kunai","Ice Cream","Mango","Busted Crown"],"acts_visited":["TheCity"],"potions_floor_usage":[],"damage_taken":[{"damage":1.0,"enemies":"Small Slimes","floor":1.0,"turns":4.0},{"damage":5.0,"enemies":"Cultist","floor":3.0,"turns":3.0},{"damage":9.0,"enemies":"2 Louse","floor":4.0,"turns":3.0},{"damage":0.0,"enemies":"Looter","floor":5.0,"turns":4.0},{"damage":43.0,"enemies":"Lagavulin","floor":7.0,"turns":6.0},{"damage":2.0,"enemies":"Blue Slaver","floor":8.0,"turns":5.0},{"damage":3.0,"enemies":"Large Slime","floor":12.0,"turns":7.0},{"damage":1.0,"enemies":"2 Fungi Beasts","floor":13.0,"turns":3.0},{"damage":6.0,"enemies":"Looter","floor":14.0,"turns":4.0},{"damage":36.0,"enemies":"The Guardian","floor":16.0,"turns":19.0},{"damage":0.0,"enemies":"3 Byrds","floor":18.0,"turns":2.0},{"damage":0.0,"enemies":"Spheric Guardian","floor":20.0,"turns":3.0},{"damage":67,"enemies":"Snake Plant","floor":21,"turns":7}],"seed_played":"1323827112952236078","potions_obtained":[{"floor":5.0,"key":"Fruit Juice"},{"floor":7.0,"key":"BlessingOfTheForge"},{"floor":14.0,"key":"Fire Potion"}],"is_trial":false,"path_per_floor":["M","?","M","M","M","R","E","M","T","R","$","M","M","M","R","B",null,"M","?","M","M"],"character_chosen":"WATCHER","items_purchased":["EmptyBody"],"campfire_rested":2,"item_purchase_floors":[11],"current_hp_per_floor":[60,60,55,46,51,51,8,6,20,46,46,43,42,36,62,26,72,72,66,66,0,0],"gold":213,"neow_bonus":"RANDOM_COMMON_RELIC","is_daily":false,"chose_seed":false,"campfire_upgraded":1,"win_rate":0.0,"timestamp":1611077211,"path_taken":["M","?","M","M","?","R","E","M","T","R","$","M","M","M","R","BOSS","M","?","M","M"],"items_purchased_type":["Card"],"build_version":"2020-12-22","purchased_purges":0,"victory":false,"max_hp_per_floor":[68,68,68,68,73,73,73,73,87,87,87,87,87,87,87,87,87,87,87,87,87,87],"card_choices":[{"not_picked":["FlyingSleeves","EmptyFist"],"picked":"Evaluate","floor":1.0},{"not_picked":["Collect","Evaluate"],"picked":"SashWhip","floor":3.0},{"not_picked":["Crescendo","FlyingSleeves"],"picked":"TalkToTheHand","floor":4.0},{"not_picked":["FlyingSleeves","Consecrate"],"picked":"Establishment","floor":5.0},{"not_picked":["WheelKick","CrushJoints"],"picked":"BowlingBash","floor":7.0},{"not_picked":["EmptyFist","SandsOfTime"],"picked":"ThirdEye","floor":8.0},{"not_picked":["BowlingBash","FollowUp"],"picked":"Perseverance","floor":10.0},{"not_picked":["Indignation","Halt","Weave"],"picked":"SKIP","floor":12.0},{"not_picked":["Evaluate","BowlingBash"],"picked":"FollowUp","floor":13.0},{"not_picked":["JustLucky","EmptyBody"],"picked":"WheelKick","floor":14.0},{"not_picked":["PathToVictory","LikeWater"],"picked":"FearNoEvil","floor":15.0},{"not_picked":["Wish","Omniscience"],"picked":"DevaForm","floor":16.0},{"not_picked":["MentalFortress"],"picked":"SKIP","floor":18.0},{"not_picked":[],"picked":"Halt","floor":20.0}],"player_experience":1309335,"relics_obtained":[{"floor":7.0,"key":"Ice Cream"},{"floor":9.0,"key":"Mango"}],"event_choices":[{"damage_healed":0.0,"max_hp_gain":0.0,"max_hp_loss":0.0,"gold_gain":0.0,"event_name":"WeMeetAgain","player_choice":"Paid Gold","floor":2.0,"gold_loss":90.0,"damage_taken":0.0,"relics_obtained":["Kunai"]},{"damage_healed":0.0,"max_hp_gain":0.0,"max_hp_loss":0.0,"gold_gain":0.0,"event_name":"Nest","player_choice":"Joined the Cult","floor":19.0,"gold_loss":0.0,"damage_taken":6.0,"cards_obtained":["RitualDagger"]}],"is_beta":false,"boss_relics":[{"not_picked":["Black Star","Astrolabe"],"picked":"Busted Crown"}],"items_purged_floors":[],"is_endless":false,"potions_floor_spawned":[5,7,14],"killed_by":"Snake Plant","ascension_level":16}}