{"host":"3zmssa4s99zhxek5","time":1611039491,"event":{"mods":["AchievementEnabler","BaseMod","Minty Spire (QoL Compilation)","Permanent Neow","Relic Stats"],"gold_per_floor":[116,41,59,71,97,126,126,153,176,186,201,212,212,52,52,52,52],"floor_reached":16,"language":"KOR","playtime":788,"items_purged":[],"score":224,"play_id":"d3072d75-4e5f-45e6-9709-4db0dd5bffd5","local_time":"20210119155811","is_ascension_mode":true,"campfire_choices":[{"data":"Heavy Blade","floor":7,"key":"SMITH"},{"data":"True Grit","floor":15,"key":"SMITH"}],"circlet_count":0,"master_deck":["AscendersBane","Strike_R","Strike_R","Strike_R","Defend_R","Defend_R","Defend_R","Bash","Shockwave","Shrug It Off","Heavy Blade+1","Pummel","Spot Weakness","Sword Boomerang","Impervious","True Grit+1"],"relics":["Burning Blood","Oddly Smooth Stone","Vajra","PreservedInsect","Nunchaku","Lantern","Lee\u0027s Waffle"],"acts_visited":["Exordium"],"potions_floor_usage":[6,6],"damage_taken":[{"damage":12,"enemies":"Small Slimes","floor":1,"turns":3},{"damage":2,"enemies":"Jaw Worm","floor":3,"turns":7},{"damage":2,"enemies":"2 Louse","floor":4,"turns":4},{"damage":11,"enemies":"Lagavulin","floor":6,"turns":6},{"damage":24,"enemies":"Gremlin Nob","floor":8,"turns":4},{"damage":10,"enemies":"Large Slime","floor":10,"turns":5},{"damage":6,"enemies":"2 Fungi Beasts","floor":11,"turns":3},{"damage":0,"enemies":"Looter","floor":12,"turns":3},{"damage":84,"enemies":"Slime Boss","floor":16,"turns":12}],"seed_played":"3647255291574394227","potions_obtained":[{"floor":1,"key":"SkillPotion"},{"floor":4,"key":"ColorlessPotion"},{"floor":8,"key":"Dexterity Potion"}],"is_trial":false,"path_per_floor":["M","?","M","M","T","E","R","E","T","M","M","M","?","$","R","B"],"character_chosen":"IRONCLAD","items_purchased":["Lee\u0027s Waffle"],"campfire_rested":0,"item_purchase_floors":[14],"current_hp_per_floor":[44,44,48,52,52,47,47,29,29,25,25,31,5,82,82,0,0],"gold":52,"neow_bonus":"REMOVE_TWO","is_daily":false,"chose_seed":false,"campfire_upgraded":2,"win_rate":0.0,"timestamp":1611039491,"path_taken":["M","?","M","M","?","E","R","E","T","M","M","M","?","$","R","BOSS"],"items_purchased_type":["Relic"],"build_version":"2020-12-22","purchased_purges":0,"victory":false,"max_hp_per_floor":[75,75,75,75,75,75,75,75,75,75,75,75,75,82,82,82,82],"relic_stats":{"Nunchaku":[2],"Lee\u0027s Waffle":77,"counters":[9,47],"PreservedInsect":0,"obtain_stats":[{"Nunchaku":9,"Lantern":13,"Lee\u0027s Waffle":14,"Oddly Smooth Stone":5,"Vajra":6,"PreservedInsect":8,"Burning Blood":0},{"Nunchaku":5,"Lantern":8,"Lee\u0027s Waffle":8,"Oddly Smooth Stone":3,"Vajra":4,"PreservedInsect":5,"Burning Blood":0},{"Nunchaku":24,"Lantern":35,"Lee\u0027s Waffle":35,"Oddly Smooth Stone":14,"Vajra":20,"PreservedInsect":24,"Burning Blood":0}],"Burning Blood":48},"card_choices":[{"not_picked":["Perfected Strike","Headbutt"],"picked":"Shockwave","floor":1},{"not_picked":["Intimidate","Body Slam"],"picked":"Shrug It Off","floor":3},{"not_picked":["Corruption","Shockwave"],"picked":"Heavy Blade","floor":4},{"not_picked":["Heavy Blade","Pommel Strike"],"picked":"Pummel","floor":6},{"not_picked":["Dual Wield","Heavy Blade"],"picked":"Spot Weakness","floor":8},{"not_picked":["Body Slam","Clothesline"],"picked":"Sword Boomerang","floor":10},{"not_picked":["Anger","Second Wind"],"picked":"Impervious","floor":11},{"not_picked":["Burning Pact","Clash"],"picked":"True Grit","floor":12}],"player_experience":1521191,"relics_obtained":[{"floor":5,"key":"Oddly Smooth Stone"},{"floor":6,"key":"Vajra"},{"floor":8,"key":"PreservedInsect"},{"floor":9,"key":"Nunchaku"}],"event_choices":[{"cards_removed":["Strike_R"],"damage_healed":0,"gold_gain":0,"player_choice":"Card Removal","damage_taken":0,"max_hp_gain":0,"max_hp_loss":0,"event_name":"The Cleric","floor":2,"gold_loss":75},{"damage_healed":0,"gold_gain":0,"player_choice":"Success","damage_taken":26,"relics_obtained":["Lantern"],"max_hp_gain":0,"max_hp_loss":0,"event_name":"Scrap Ooze","floor":13,"gold_loss":0}],"is_beta":false,"boss_relics":[],"items_purged_floors":[],"is_endless":false,"potions_floor_spawned":[1,4,8],"killed_by":"Slime Boss","ascension_level":20}}