{"host":"0j49nvi4cbm626s8","time":1611091904,"event":{"mods":["AchievementEnabler","BaseMod","Highlight Path","Marisa????????","Minty Spire (QoL Compilation)"],"gold_per_floor":[112,112,15,15,26,75,75,0,76,103,53,100,100,133,133,223,223,233,12,44,78,78,78,128,227,227,227,227],"floor_reached":27,"language":"ENG","playtime":857,"items_purged":["Strike_MRS"],"score":491,"play_id":"2cf3ea3b-15cd-4077-97a7-8ae18766366b","local_time":"20210119223144","is_ascension_mode":true,"campfire_choices":[{"data":"EnergyFlow","floor":7,"key":"SMITH"},{"data":"MilkyWay","floor":13,"key":"SMITH"},{"data":"GalacticHalo","floor":15,"key":"SMITH"},{"data":"ManaRampage","floor":23,"key":"SMITH"}],"circlet_count":0,"master_deck":["AscendersBane","Strike_MRS+1","Strike_MRS","Defend_MRS","Defend_MRS","Defend_MRS","Defend_MRS","MasterSpark+1","UpSweep","EnergyFlow+1","MilkyWay+1","WitchOfGreed","MagicAbsorber","GalacticHalo+1","ManaRampage+1","6A","GalacticHalo","SprinkleStarSeal","BinaryStars"],"relics":["MiniHakkero","NeowsBlessing","Ancient Tea Set","Meat on the Bone","Art of War","Sozu","Membership Card","Oddly Smooth Stone","Question Card","Bronze Scales"],"acts_visited":["Exordium","TheCity"],"potions_floor_usage":[16],"damage_taken":[{"damage":0,"enemies":"Small Slimes","floor":1,"turns":1},{"damage":0,"enemies":"Jaw Worm","floor":5,"turns":1},{"damage":0,"enemies":"Gremlin Nob","floor":6,"turns":2},{"damage":1,"enemies":"2 Louse","floor":10,"turns":2},{"damage":12,"enemies":"Lagavulin","floor":12,"turns":6},{"damage":1,"enemies":"2 Fungi Beasts","floor":14,"turns":3},{"damage":14,"enemies":"The Guardian","floor":16,"turns":8},{"damage":18,"enemies":"3 Byrds","floor":18,"turns":5},{"damage":6,"enemies":"Shell Parasite","floor":20,"turns":3},{"damage":5,"enemies":"Snecko","floor":21,"turns":5},{"damage":30,"enemies":"Gremlin Leader","floor":24,"turns":5},{"damage":29,"enemies":"Slavers","floor":27,"turns":5}],"seed_played":"-3975466493669684694","potions_obtained":[{"floor":5,"key":"SmokeBomb"},{"floor":6,"key":"BlessingOfTheForge"},{"floor":10,"key":"Block Potion"}],"is_trial":false,"path_per_floor":["M","?","$","?","M","E","R","$","T","M","?","E","R","M","R","B",null,"M","$","M","M","?","R","E","?","T","E"],"character_chosen":"MARISA","items_purchased":["EnergyFlow","MilkyWay","Membership Card","Oddly Smooth Stone"],"campfire_rested":0,"item_purchase_floors":[3,3,19,19],"current_hp_per_floor":[63,49,49,49,49,49,49,49,49,48,48,36,36,47,47,45,64,46,46,40,47,47,47,29,29,29,0,0],"gold":227,"neow_bonus":"THREE_ENEMY_KILL","is_daily":false,"chose_seed":false,"campfire_upgraded":4,"win_rate":0.0,"timestamp":1611091904,"path_taken":["M","?","$","?","M","E","R","$","T","M","?","E","R","?","R","BOSS","M","$","M","M","?","R","E","?","T","E"],"items_purchased_type":["Card","Card","Relic","Relic"],"build_version":"2020-12-22","purchased_purges":1,"victory":false,"max_hp_per_floor":[70,70,70,70,70,70,70,70,70,70,70,70,70,70,70,70,70,70,70,70,70,70,70,70,70,70,70,70],"card_choices":[{"not_picked":["GrandCross","RefractionSpark","OrrerysSun"],"picked":"SKIP","floor":1},{"not_picked":["SporeBomb","DarkMatter"],"picked":"WitchOfGreed","floor":5},{"not_picked":["PowerUp","DarkMatter","WitchLeyline"],"picked":"SKIP","floor":6},{"not_picked":["FinalSpark","GravityBeat"],"picked":"MagicAbsorber","floor":10},{"not_picked":["ShootingEcho","CasketOfStar","MagicChant"],"picked":"SKIP","floor":12},{"not_picked":["SporeBomb","Acceleration"],"picked":"GalacticHalo","floor":14},{"not_picked":["FinalSpark","SuperNova"],"picked":"ManaRampage","floor":16},{"not_picked":["IllusionStar","MysteriousBeam"],"picked":"6A","floor":18},{"not_picked":["DC","WitchLeyline+1"],"picked":"GalacticHalo","floor":20},{"not_picked":["DoubleSpark","LuminesStrike"],"picked":"SprinkleStarSeal","floor":21},{"not_picked":["StarlightTyphoon","CollectingQuirk"],"picked":"BinaryStars","floor":24}],"player_experience":245900,"relics_obtained":[{"floor":6,"key":"Ancient Tea Set"},{"floor":9,"key":"Meat on the Bone"},{"floor":12,"key":"Art of War"},{"floor":24,"key":"Question Card"},{"floor":26,"key":"Bronze Scales"}],"event_choices":[{"damage_healed":0,"gold_gain":0,"player_choice":"Entered Light","damage_taken":14,"max_hp_gain":0,"max_hp_loss":0,"event_name":"Shining Light","floor":2,"gold_loss":0,"cards_upgraded":["Strike_MRS","MasterSpark"]},{"damage_healed":0,"gold_gain":0,"player_choice":"Ignored","damage_taken":0,"max_hp_gain":0,"max_hp_loss":0,"event_name":"Liars Game","floor":4,"gold_loss":0},{"cards_removed":["Strike_MRS"],"damage_healed":0,"gold_gain":0,"player_choice":"Card Removal","damage_taken":0,"max_hp_gain":0,"max_hp_loss":0,"event_name":"The Cleric","floor":11,"gold_loss":50},{"damage_healed":0,"gold_gain":99,"player_choice":"Stole From Cult","damage_taken":0,"max_hp_gain":0,"max_hp_loss":0,"event_name":"Nest","floor":25,"gold_loss":0}],"is_beta":false,"boss_relics":[{"not_picked":["Calling Bell","ExperimentalFamiliar"],"picked":"Sozu"}],"items_purged_floors":[8],"is_endless":false,"potions_floor_spawned":[5,18,21],"killed_by":"Slavers","ascension_level":14}}