{"host":"ecaj4hn004xnnrw9","time":1611011259,"event":{"mods":["AchievementEnabler","BaseMod","Better Third Choice","Card Forge","Hermit","Hubris","Infinite Spire","Jorbs\u0027s Wanderer Trilogy","Minty Spire (QoL Compilation)","Quick Restart","Relic Stats","Shop Mod","StSLib","The Construct","The Jungle","The Runesmith"],"gold_per_floor":[119,43,55,73,73,88,119,131,131,131,131,131,164,164,164,269,269,280,299,319,331,188,220,220,220,220],"floor_reached":25,"language":"ENG","playtime":1346,"items_purged":[],"score":458,"play_id":"1ab8b293-215c-4306-b424-62aa5d689aec","local_time":"20210118230739","is_ascension_mode":true,"campfire_choices":[{"floor":10,"key":"REST"},{"floor":12,"key":"REST"},{"floor":15,"key":"REST"}],"circlet_count":0,"master_deck":["Steam+1","Seek+1","Seek+1","Genetic Algorithm+1","Core Surge+1","Consume+1","Darkness+1","Dualcast+1","Biased Cognition+1","BootSequence+1","Echo Form+1","Double Energy+1","Biased Cognition+1","Loop+1","Seek+1","Turbo+1","Loop+1","Reboot+1","Seek+1","Coolheaded+1"],"relics":["Cracked Core","Hammer of Thor","Seething Fire","Anvil of the Gods","NeowsBlessing","infinitespire:Eraser","Cables","Lizard Tail","Lee\u0027s Waffle","hubris:Zylophone","Meat on the Bone"],"acts_visited":["Exordium","TheCity"],"potions_floor_usage":[13,13,23,23],"damage_taken":[{"damage":0.0,"enemies":"Cultist","floor":1.0,"turns":1.0},{"damage":0.0,"enemies":"Jaw Worm","floor":3.0,"turns":1.0},{"damage":0.0,"enemies":"2 Louse","floor":4.0,"turns":1.0},{"damage":4.0,"enemies":"Large Slime","floor":6.0,"turns":4.0},{"damage":38.0,"enemies":"Lagavulin","floor":7.0,"turns":5.0},{"damage":18,"enemies":"Looter","floor":8,"turns":3},{"damage":10,"enemies":"3 Sentries","floor":13,"turns":3},{"damage":0,"enemies":"Slime Boss","floor":16,"turns":4},{"damage":15,"enemies":"2 Thieves","floor":18,"turns":3},{"damage":10,"enemies":"3 Byrds","floor":19,"turns":3},{"damage":8,"enemies":"Centurion and Healer","floor":20,"turns":3},{"damage":0,"enemies":"Chosen and Byrds","floor":21,"turns":4},{"damage":8,"enemies":"Book of Stabbing","floor":23,"turns":3},{"damage":1,"enemies":"Snake Plant","floor":25,"turns":2}],"seed_played":"-8461930986248400412","potions_obtained":[{"floor":1.0,"key":"DistilledChaos"},{"floor":7,"key":"Ancient Potion"},{"floor":8,"key":"FocusPotion"},{"floor":16,"key":"Block Potion"},{"floor":20,"key":"Explosive Potion"},{"floor":21,"key":"DuplicationPotion"},{"floor":23,"key":"Fruit Juice"}],"is_trial":false,"path_per_floor":["M","$","M","M","?","M","E","M","T","R","$","R","E","?","R","B",null,"M","M","M","M","$","E","T","M"],"character_chosen":"DEFECT","items_purchased":["Defragment","Lee\u0027s Waffle"],"campfire_rested":3,"item_purchase_floors":[2,22],"current_hp_per_floor":[68,68,68,68,68,64,26,8,8,30,30,52,42,42,64,64,72,57,47,39,39,82,74,74,73,73],"gold":220,"neow_bonus":"THREE_ENEMY_KILL","is_daily":false,"chose_seed":false,"campfire_upgraded":0,"win_rate":0.0,"timestamp":1611011259,"path_taken":["M","$","M","M","?","M","E","?","T","R","$","R","E","?","R","BOSS","M","M","M","M","$","E","?","M"],"items_purchased_type":["Card","Relic"],"build_version":"2020-12-22","purchased_purges":0,"victory":false,"max_hp_per_floor":[75,75,75,75,75,75,75,75,75,75,75,75,75,75,75,75,75,75,75,75,75,82,82,82,82,82],"relic_stats":{"Lizard Tail":0,"Lee\u0027s Waffle":43,"counters":[14,39],"obtain_stats":[{"hubris:Zylophone":23,"Lizard Tail":13,"Lee\u0027s Waffle":22,"NeowsBlessing":0,"Anvil of the Gods":0,"Hammer of Thor":0,"Seething Fire":0,"infinitespire:Eraser":7,"Cracked Core":0,"Cables":9,"Meat on the Bone":24},{"hubris:Zylophone":13,"Lizard Tail":7,"Lee\u0027s Waffle":12,"NeowsBlessing":0,"Anvil of the Gods":0,"Hammer of Thor":0,"Seething Fire":0,"infinitespire:Eraser":5,"Cracked Core":0,"Cables":6,"Meat on the Bone":13},{"hubris:Zylophone":37,"Lizard Tail":17,"Lee\u0027s Waffle":34,"NeowsBlessing":0,"Anvil of the Gods":0,"Hammer of Thor":0,"Seething Fire":0,"infinitespire:Eraser":12,"Cracked Core":0,"Cables":15,"Meat on the Bone":37}],"Cables":[23,10,0,13,0],"Meat on the Bone":0},"card_choices":[{"not_picked":["Leap","Fusion","Aggregate"],"picked":"SKIP","floor":1.0},{"not_picked":["Hologram","Steam"],"picked":"Beam Cell","floor":3.0},{"not_picked":["Steam Power","Barrage"],"picked":"Doom and Gloom","floor":4.0},{"not_picked":["Leap","Streamline"],"picked":"Loop","floor":6.0},{"not_picked":["Self Repair","Hologram"],"picked":"Darkness","floor":7},{"not_picked":["Redo","Barrage","Coolheaded"],"picked":"SKIP","floor":8},{"not_picked":["Go for the Eyes","Steam","Melter"],"picked":"SKIP","floor":13},{"not_picked":["Streamline","Force Field+1","Gash"],"picked":"SKIP","floor":18},{"not_picked":["Tempest+1","Beam Cell","Coolheaded+1"],"picked":"SKIP","floor":19},{"not_picked":["Leap+1","Fission","Loop"],"picked":"SKIP","floor":20},{"not_picked":["Aggregate+1","Coolheaded+1","Chill+1"],"picked":"SKIP","floor":21},{"not_picked":["Static Discharge+1","Redo"],"picked":"Coolheaded+1","floor":23}],"player_experience":362971,"relics_obtained":[{"floor":7,"key":"infinitespire:Eraser"},{"floor":9,"key":"Cables"},{"floor":13,"key":"Lizard Tail"},{"floor":23,"key":"hubris:Zylophone"},{"floor":24,"key":"Meat on the Bone"}],"event_choices":[{"cards_removed":["Strike_B"],"damage_healed":0.0,"max_hp_gain":0.0,"max_hp_loss":0.0,"gold_gain":0.0,"event_name":"Purifier","player_choice":"Purged","floor":5.0,"gold_loss":0.0,"damage_taken":0.0},{"damage_healed":0,"gold_gain":0,"player_choice":"Ignored","damage_taken":0,"max_hp_gain":0,"max_hp_loss":0,"event_name":"Transmorgrifier","floor":14,"gold_loss":0}],"is_beta":false,"boss_relics":[{"not_picked":["Snecko Eye","hubris:BlackHole","Cursed Key"]}],"items_purged_floors":[],"is_endless":false,"potions_floor_spawned":[1,7,8,16,20,21,23],"killed_by":"Snake Plant","ascension_level":6}}