{"host":"2pmmafybkq7zb6na","time":1611035074,"event":{"mods":["AchievementEnabler","BaseMod","Colored Map","Highlight Path","Keyboard Shortcuts","Minty Spire (QoL Compilation)","Quick Restart","StSLib","SuperFastMode"],"gold_per_floor":[112,35,35,47,47,81,81,109,109,134,146,177,127,137,137,234,234],"floor_reached":16,"language":"KOR","playtime":1321,"items_purged":[],"score":213,"play_id":"f21e2020-688b-4b99-b12b-17a07e714c3f","local_time":"20210119144434","is_ascension_mode":true,"campfire_choices":[{"data":"Gash","floor":7,"key":"SMITH"},{"floor":15,"key":"REST"}],"circlet_count":0,"master_deck":["Strike_B","Strike_B","Defend_B","Defend_B","Defend_B","Defend_B","Zap","Dualcast","Redo","FTL","Gash+1","Skim","Creative AI+1","Conserve Battery","Turbo","Coolheaded","Conserve Battery"],"relics":["Cracked Core","NeowsBlessing","Frozen Egg 2","Emotion Chip","HornCleat","Gremlin Horn","Toy Ornithopter"],"acts_visited":["Exordium"],"potions_floor_usage":[3,12,16],"damage_taken":[{"damage":0,"enemies":"2 Louse","floor":1,"turns":1},{"damage":0,"enemies":"Cultist","floor":4,"turns":1},{"damage":0,"enemies":"Gremlin Nob","floor":6,"turns":1},{"damage":28,"enemies":"Lagavulin","floor":8,"turns":8},{"damage":18,"enemies":"Gremlin Nob","floor":10,"turns":5},{"damage":1,"enemies":"Jaw Worm","floor":11,"turns":4},{"damage":11,"enemies":"Lagavulin","floor":12,"turns":5},{"damage":6,"enemies":"Large Slime","floor":14,"turns":6},{"damage":9,"enemies":"The Guardian","floor":16,"turns":11}],"seed_played":"-8874018815003723943","potions_obtained":[{"floor":3,"key":"Fruit Juice"},{"floor":3,"key":"SkillPotion"},{"floor":3,"key":"FearPotion"},{"floor":10,"key":"ColorlessPotion"},{"floor":12,"key":"Swift Potion"}],"is_trial":false,"path_per_floor":["M","$","?","M","?","E","R","E","T","E","M","E","?","M","R","B"],"character_chosen":"DEFECT","items_purchased":["FTL"],"campfire_rested":1,"item_purchase_floors":[2],"current_hp_per_floor":[75,75,80,80,80,80,80,52,52,34,33,22,22,16,40,36,36],"gold":234,"neow_bonus":"THREE_ENEMY_KILL","is_daily":false,"chose_seed":false,"campfire_upgraded":1,"win_rate":0.0,"timestamp":1611035074,"path_taken":["M","$","?","?","?","E","R","E","T","E","M","E","?","M","R","BOSS"],"items_purchased_type":["Card"],"build_version":"2020-12-22","purchased_purges":0,"victory":false,"max_hp_per_floor":[75,75,80,80,80,80,80,80,80,80,80,80,80,80,80,80,80],"card_choices":[{"not_picked":["Auto Shields","Leap"],"picked":"Redo","floor":1},{"not_picked":["Redo","Coolheaded"],"picked":"Gash","floor":4},{"not_picked":["Auto Shields","Loop+1"],"picked":"Creative AI+1","floor":6},{"not_picked":["Darkness","Fusion"],"picked":"Conserve Battery","floor":8},{"not_picked":["Chaos","Hello World+1"],"picked":"Turbo","floor":10},{"not_picked":["Ball Lightning","Self Repair+1"],"picked":"Coolheaded","floor":11},{"not_picked":["Barrage","Reprogram","Fusion"],"picked":"SKIP","floor":12},{"not_picked":["Steam","Cold Snap"],"picked":"Conserve Battery","floor":14}],"player_experience":89020,"relics_obtained":[{"floor":6,"key":"Frozen Egg 2"},{"floor":8,"key":"Emotion Chip"},{"floor":9,"key":"HornCleat"},{"floor":10,"key":"Gremlin Horn"},{"floor":12,"key":"Toy Ornithopter"}],"event_choices":[{"damage_healed":0,"gold_gain":0,"player_choice":"Got Potions","damage_taken":0,"max_hp_gain":0,"max_hp_loss":0,"event_name":"Lab","floor":3,"gold_loss":0},{"damage_healed":0,"gold_gain":0,"cards_transformed":["Strike_B"],"player_choice":"Change","damage_taken":0,"max_hp_gain":0,"max_hp_loss":0,"event_name":"Living Wall","floor":5,"gold_loss":0,"cards_obtained":["Skim"]},{"cards_removed":["Strike_B"],"damage_healed":0,"gold_gain":0,"player_choice":"Card Removal","damage_taken":0,"max_hp_gain":0,"max_hp_loss":0,"event_name":"The Cleric","floor":13,"gold_loss":50}],"is_beta":false,"boss_relics":[],"items_purged_floors":[],"is_endless":false,"potions_floor_spawned":[10,12],"killed_by":"The Guardian","ascension_level":1}}