{"host":"fzku1ofsxv8lro8o","time":1611030237,"event":{"mods":["BaseMod","Colored Map","Downfall","Minty Spire (QoL Compilation)","Relic Stats","StSLib","everything is the same but u backflip on backflip"],"gold_per_floor":[99,110,129,139,139,49,75,75,86,186,196,96,113,133,145,245,245,245,265,279,292,312,312,312,312,312,312,312],"floor_reached":26,"language":"ENG","playtime":1233,"items_purged":["Regret"],"score":214,"play_id":"b745d72b-00f5-46a6-9625-8f0261f1c8a0","local_time":"20210119072357","is_ascension_mode":true,"campfire_choices":[{"floor":1.0,"key":"RECALL"},{"data":"Slimebound:Repurpose","floor":8.0,"key":"SMITH"},{"floor":12.0,"key":"REST"},{"data":"Slimebound:Teamwork","floor":18,"key":"SMITH"},{"data":"Slimebound:SamplingLick","floor":23,"key":"SMITH"},{"data":"Slimebound:TongueLash","floor":25,"key":"SMITH"}],"circlet_count":0,"master_deck":["Slimebound:Strike_Slimebound","Slimebound:Strike_Slimebound","Slimebound:Strike_Slimebound","Slimebound:Tackle","Slimebound:Defend_Slimebound","Slimebound:Defend_Slimebound","Slimebound:Defend_Slimebound","Slimebound:Split","Slimebound:TongueLash+1","Slimebound:Repurpose+1","Slimebound:SlimeSpikes+1","Slimebound:SlimeSlap","Slimebound:LivingWall","Slimebound:Teamwork+1","Slimebound:Grow","Slimebound:SlimeSpikes","Slimebound:SamplingLick+1"],"relics":["Busted Crown","Bag of Marbles","Potion Belt","downfall:HeartBlessingRed","Velvet Choker","Frozen Egg 2"],"acts_visited":["Exordium","TheCity"],"potions_floor_usage":[16,16,20,20,21],"damage_taken":[{"damage":0.0,"enemies":"Cultist","floor":2.0,"turns":3.0},{"damage":1.0,"enemies":"Jaw Worm","floor":3.0,"turns":3.0},{"damage":0.0,"enemies":"2 Louse","floor":4.0,"turns":2.0},{"damage":5.0,"enemies":"downfall:FleeingMerchant","floor":6.0,"turns":4.0},{"damage":3.0,"enemies":"Exordium Wildlife","floor":9.0,"turns":2.0},{"damage":41.0,"enemies":"downfall:Heads","floor":10.0,"turns":6.0},{"damage":14.0,"enemies":"Large Slime","floor":11.0,"turns":7.0},{"damage":3.0,"enemies":"3 Louse","floor":13.0,"turns":3.0},{"damage":5.0,"enemies":"Blue Slaver","floor":14.0,"turns":3.0},{"damage":0.0,"enemies":"2 Fungi Beasts","floor":15.0,"turns":2.0},{"damage":5,"enemies":"SI_SHIV_ARCHETYPE","floor":16,"turns":6},{"damage":15,"enemies":"Shell Parasite","floor":19,"turns":3},{"damage":25,"enemies":"Snake Plant","floor":20,"turns":4},{"damage":11,"enemies":"Shelled Parasite and Fungi","floor":21,"turns":6},{"damage":1,"enemies":"Snecko","floor":22,"turns":4},{"damage":24,"enemies":"Cultist and Chosen","floor":26,"turns":7}],"seed_played":"-1482760495559515156","potions_obtained":[{"floor":2.0,"key":"Slimebound:ThreeZeroPotion"},{"floor":3.0,"key":"Fire Potion"},{"floor":9.0,"key":"Slimebound:ThreeZeroPotion"},{"floor":10.0,"key":"Ancient Potion"},{"floor":14.0,"key":"sneckomod:MuddlingPotion"},{"floor":15.0,"key":"Strength Potion"},{"floor":19,"key":"ColorlessPotion"},{"floor":20,"key":"Energy Potion"}],"is_trial":false,"path_per_floor":["R","M","M","M","?","$","T","R","M","?","M","R","M","M","M","B",null,"R","M","M","M","M","R","T","R","M"],"character_chosen":"SLIMEBOUND","items_purchased":[],"campfire_rested":1,"item_purchase_floors":[],"current_hp_per_floor":[65,65,64,64,64,59,59,59,56,15,1,20,17,12,12,7,65,65,50,25,14,13,13,13,13,0,0,0],"gold":312,"neow_bonus":"BOSS_RELIC","is_daily":false,"chose_seed":false,"campfire_upgraded":4,"win_rate":0.0,"timestamp":1611030237,"path_taken":["R","M","M","M","?","$","T","R","M","?","?","R","M","M","M","BOSS","R","M","M","M","M","R","T","R","M"],"items_purchased_type":[],"build_version":"2020-12-22","purchased_purges":1,"victory":false,"max_hp_per_floor":[65,65,65,65,65,65,65,65,65,65,65,65,65,65,65,65,65,65,65,65,65,65,65,65,65,65,65,65],"relic_stats":{"Busted Crown":36,"counters":[16,62],"obtain_stats":[{"Potion Belt":7,"Busted Crown":0,"downfall:HeartBlessingRed":12,"Velvet Choker":17,"Slimebound:AbsorbEndCombat":0,"Bag of Marbles":5,"Frozen Egg 2":24},{"Potion Belt":4,"Busted Crown":0,"downfall:HeartBlessingRed":7,"Velvet Choker":11,"Slimebound:AbsorbEndCombat":0,"Bag of Marbles":3,"Frozen Egg 2":15},{"Potion Belt":12,"Busted Crown":0,"downfall:HeartBlessingRed":27,"Velvet Choker":40,"Slimebound:AbsorbEndCombat":0,"Bag of Marbles":8,"Frozen Egg 2":55}]},"card_choices":[{"not_picked":[],"picked":"Slimebound:TongueLash","floor":2.0},{"not_picked":["Slimebound:FlameTackle"],"picked":"SKIP","floor":3.0},{"not_picked":["Slimebound:Repurpose"],"picked":"SKIP","floor":4.0},{"not_picked":[],"picked":"Slimebound:Repurpose","floor":4.0},{"not_picked":["Slimebound:LeadByExample"],"picked":"SKIP","floor":6.0},{"not_picked":[],"picked":"Slimebound:SlimeSpikes","floor":9.0},{"not_picked":["Slimebound:SplitLeeching"],"picked":"SKIP","floor":11.0},{"not_picked":["Slimebound:Replication"],"picked":"SKIP","floor":13.0},{"not_picked":[],"picked":"Slimebound:LivingWall","floor":14.0},{"not_picked":["Slimebound:DivideAndConquer"],"picked":"SKIP","floor":15.0},{"not_picked":[],"picked":"Slimebound:Teamwork","floor":16},{"not_picked":[],"picked":"Slimebound:Grow","floor":19},{"not_picked":["Slimebound:ComboTackle"],"picked":"SKIP","floor":20},{"not_picked":[],"picked":"Slimebound:SlimeSpikes","floor":21},{"not_picked":[],"picked":"Slimebound:SamplingLick","floor":22}],"player_experience":871361,"relics_obtained":[{"floor":7.0,"key":"Potion Belt"},{"floor":24,"key":"Frozen Egg 2"}],"event_choices":[{"damage_healed":0.0,"max_hp_gain":0.0,"max_hp_loss":0.0,"gold_gain":0.0,"event_name":"Big Fish","player_choice":"Box","floor":5.0,"gold_loss":0.0,"damage_taken":0.0,"relics_obtained":["Bag of Marbles"],"cards_obtained":["Regret"]}],"is_beta":false,"boss_relics":[{"not_picked":["Sozu","Snecko Eye"],"picked":"Velvet Choker"}],"items_purged_floors":[6],"is_endless":false,"potions_floor_spawned":[2,3,9,10,14,15,19,20],"killed_by":"Cultist and Chosen","ascension_level":1}}