{"host":"97k5lqmr6aaz1p9r","time":1611090135,"event":{"mods":["BaseMod","Colored Map","Downfall","Jorbs\u0027s Wanderer Trilogy","Minty Spire (QoL Compilation)","StSLib","The Cursed"],"gold_per_floor":[99,110,110,127,127,127,175,206,206,239,239,2,16,16,36,137,137,37,37,50,69,69,104,104,4,36,21,21,6,18,50,67,162,162,162,174,190,210,350,350,398,298,317,331,331,16,32,60,60,60,60],"floor_reached":49,"language":"ENG","playtime":4572,"items_purged":[],"score":692,"play_id":"da272715-45f0-4d33-9afd-f4693737a190","local_time":"20210119210215","is_ascension_mode":true,"campfire_choices":[{"data":"champ:Execute","floor":1,"key":"SMITH"},{"data":"champ:ShieldWall","floor":9,"key":"SMITH"},{"floor":11,"key":"RECALL"},{"data":"champ:SwordThrow","floor":18,"key":"SMITH"},{"data":"champ:FlashCut","floor":25,"key":"SMITH"},{"data":"champ:Circumvent","floor":28,"key":"SMITH"},{"data":"champ:StanceDance","floor":35,"key":"SMITH"},{"data":"champ:TornadoPunch","floor":40,"key":"SMITH"},{"data":"champ:RisingSlash","floor":42,"key":"SMITH"},{"data":"champ:Taunt","floor":45,"key":"SMITH"}],"circlet_count":0,"master_deck":["champ:Strike","champ:Strike","champ:Strike","champ:Defend","champ:Defend+1","champ:Defend","champ:Execute+1","champ:Taunt+1","champ:FlashCut+1","champ:Circumvent+1","champ:ShieldWall+1","champ:RisingSlash+1","champ:TornadoPunch+1","champ:ShieldWall+1","champ:Lariat+1","champ:DeathBlow","champ:SwordThrow+1","champ:Encircle+1","champ:Backstep+1","champ:BerserkersShout","champ:DancingMaster+1","champ:GutPunch","champ:StanceDance+1","champ:BerserkerStyle+1","champ:CrownThrow+1","champ:IgnorePain","champ:FanOfKnives+1","champ:EnGarde+1","champ:FlashCut+1","champ:DefensiveShout","champ:AdrenalArmor+1","champ:ViciousMockery+1","champ:TripleStrike","expansioncontent:DashGenerateEvil","champ:EnGarde","champ:IronFortress+1"],"relics":["champ:ChampionCrownUpgraded","Guardian:PocketSentry","champ:FightingForDummies","Ornamental Fan","Orichalcum","DollysMirror","Eternal Feather","downfall:HeartBlessingRed","Blood Vial","War Paint","Frozen Egg 2","downfall:HeartBlessingGreen","Toy Ornithopter","Lantern","SlaversCollar","champ:DefensiveTrainingManual","downfall:HeartBlessingBlue","Oddly Smooth Stone"],"acts_visited":["Exordium","TheCity","TheBeyond"],"potions_floor_usage":[10,23,23,33,38,39,48],"damage_taken":[{"damage":10,"enemies":"2 Louse","floor":2,"turns":2},{"damage":10,"enemies":"Small Slimes","floor":4,"turns":2},{"damage":33,"enemies":"3 Sentries","floor":8,"turns":8},{"damage":10,"enemies":"Lagavulin","floor":10,"turns":5},{"damage":20,"enemies":"downfall:FleeingMerchant","floor":12,"turns":4},{"damage":1,"enemies":"Jaw Worm","floor":13,"turns":2},{"damage":1,"enemies":"3 Louse","floor":15,"turns":3},{"damage":40,"enemies":"DF_ARCHETYPE_STREAMLINE","floor":16,"turns":9},{"damage":16,"enemies":"Shell Parasite","floor":20,"turns":4},{"damage":19,"enemies":"Chosen","floor":21,"turns":4},{"damage":42,"enemies":"Slavers","floor":23,"turns":6},{"damage":39,"enemies":"Book of Stabbing","floor":26,"turns":5},{"damage":40,"enemies":"downfall:FleeingMerchant","floor":27,"turns":4},{"damage":35,"enemies":"downfall:FleeingMerchant","floor":29,"turns":4},{"damage":5,"enemies":"Snake Plant","floor":30,"turns":3},{"damage":54,"enemies":"Gremlin Leader","floor":31,"turns":7},{"damage":14,"enemies":"Snecko","floor":32,"turns":3},{"damage":109,"enemies":"SI_MIRROR_ARCHETYPE","floor":33,"turns":7},{"damage":41,"enemies":"3 Darklings","floor":36,"turns":5},{"damage":14,"enemies":"3 Shapes","floor":37,"turns":6},{"damage":62,"enemies":"Transient","floor":38,"turns":5},{"damage":38,"enemies":"downfall:FleeingMerchant","floor":39,"turns":3},{"damage":62,"enemies":"Writhing Mass","floor":43,"turns":5},{"damage":39,"enemies":"Jaw Worm Horde","floor":44,"turns":4},{"damage":42,"enemies":"Spire Growth","floor":47,"turns":3},{"damage":98,"enemies":"Giant Head","floor":48,"turns":8},{"damage":46,"enemies":"3 Darklings","floor":49,"turns":2}],"seed_played":"-2733101554196358752","potions_obtained":[{"floor":4,"key":"Regen Potion"},{"floor":8,"key":"Explosive Potion"},{"floor":13,"key":"Swift Potion"},{"floor":15,"key":"Strength Potion"},{"floor":21,"key":"Block Potion"},{"floor":22,"key":"CultistPotion"},{"floor":30,"key":"EssenceOfSteel"},{"floor":31,"key":"champ:CounterPotion"},{"floor":33,"key":"Fire Potion"},{"floor":38,"key":"LiquidMemories"},{"floor":44,"key":"Ancient Potion"},{"floor":48,"key":"DuplicationPotion"}],"is_trial":false,"path_per_floor":["R","M","?","M","?","?","T","E","R","E","R","$","M","?","M","B",null,"R","?","M","M","?","E","T","R","E","$","R","$","M","E","M","B",null,"R","M","M","M","$","R","T","R","M","M","R","$","M","E","M"],"character_chosen":"THE_CHAMP","items_purchased":["DollysMirror","champ:Lariat","champ:DefensiveTrainingManual","champ:DefensiveShout","champ:TripleStrike","expansioncontent:DashGenerateEvil"],"campfire_rested":0,"item_purchase_floors":[12,12,39,39,46,46],"current_hp_per_floor":[90,90,90,90,90,90,90,77,77,90,90,90,89,77,76,56,90,90,90,84,82,82,77,77,89,81,83,90,90,90,81,83,67,90,90,69,67,36,43,61,61,89,41,43,61,61,63,41,0,0,0],"gold":60,"neow_bonus":"RANDOM_COMMON_RELIC","is_daily":false,"chose_seed":false,"campfire_upgraded":9,"win_rate":0.0,"timestamp":1611090135,"path_taken":["R","M","?","M","?","?","T","E","R","E","R","?","?","?","M","BOSS","R","?","M","M","?","E","T","R","E","?","R","$","M","E","M","BOSS","R","M","M","M","$","R","T","R","M","M","R","$","M","E","M"],"items_purchased_type":["Relic","Card","Relic","Card","Card","Card"],"build_version":"2020-12-22","purchased_purges":0,"victory":false,"max_hp_per_floor":[90,90,90,90,90,90,90,90,90,90,90,90,90,90,90,90,90,90,90,90,90,90,90,90,90,90,90,90,90,90,90,90,90,90,90,90,90,90,90,90,90,100,100,100,100,100,100,100,100,100,100],"card_choices":[{"not_picked":["champ:Shatter","champ:Lariat"],"picked":"champ:FlashCut","floor":2},{"not_picked":["champ:PerfectedStrike","champ:BerserkerStyle"],"picked":"champ:Circumvent","floor":4},{"not_picked":["champ:GladiatorStyle","champ:IgnorePain"],"picked":"champ:ShieldWall","floor":8},{"not_picked":["champ:Endure","champ:FanOfKnives"],"picked":"champ:RisingSlash","floor":10},{"not_picked":["champ:Circumvent","champ:GutPunch"],"picked":"champ:TornadoPunch","floor":12},{"not_picked":["champ:Lariat","champ:EndlessRage","champ:PreciseThrust"],"picked":"SKIP","floor":13},{"not_picked":["champ:BladeFlurry","champ:Shatter"],"picked":"champ:DeathBlow","floor":15},{"not_picked":["champ:CheapShot","champ:LastStand"],"picked":"champ:SwordThrow","floor":16},{"not_picked":["champ:CrownThrow","champ:TornadoPunch+1"],"picked":"champ:Encircle+1","floor":20},{"not_picked":["champ:FanOfKnives","champ:Endure"],"picked":"champ:Backstep+1","floor":21},{"not_picked":["champ:PreemptiveStrike","champ:PerfectedStrike"],"picked":"champ:BerserkersShout","floor":23},{"not_picked":["champ:BerserkersShout","champ:FocusedBerserking"],"picked":"champ:DancingMaster+1","floor":26},{"not_picked":["champ:PreciseThrust","champ:RapidStrikes"],"picked":"champ:GutPunch","floor":27},{"not_picked":["champ:FanOfKnives","champ:EnchantSword"],"picked":"champ:StanceDance","floor":29},{"not_picked":["champ:CrookedStrike","champ:Encircle","champ:PreciseThrust"],"picked":"SKIP","floor":30},{"not_picked":["champ:ShieldSlam","champ:EnGarde"],"picked":"champ:BerserkerStyle+1","floor":31},{"not_picked":["champ:EndlessRage+1","champ:TornadoPunch+1"],"picked":"champ:CrownThrow+1","floor":32},{"not_picked":["champ:Devastate","champ:CheapShot"],"picked":"champ:IgnorePain","floor":33},{"not_picked":["champ:TornadoPunch+1","champ:CrookedStrike"],"picked":"champ:FanOfKnives+1","floor":36},{"not_picked":["champ:PreemptiveStrike+1","champ:GutPunch+1"],"picked":"champ:EnGarde+1","floor":37},{"not_picked":["champ:FocusedBerserking","champ:PreemptiveStrike"],"picked":"champ:FlashCut+1","floor":38},{"not_picked":["champ:Shatter","champ:Backstep+1","champ:RisingSlash"],"picked":"SKIP","floor":39},{"not_picked":["champ:GladiatorStyle+1","champ:CrownThrow"],"picked":"champ:AdrenalArmor+1","floor":43},{"not_picked":["champ:TornadoPunch","champ:CrownThrow+1"],"picked":"champ:ViciousMockery+1","floor":44},{"not_picked":["champ:BringItOn","champ:ShieldSigil"],"picked":"champ:EnGarde","floor":47},{"not_picked":["champ:IgnorePain","champ:SetATrap"],"picked":"champ:IronFortress+1","floor":48}],"player_experience":695452,"relics_obtained":[{"floor":7,"key":"champ:FightingForDummies"},{"floor":8,"key":"Ornamental Fan"},{"floor":10,"key":"Orichalcum"},{"floor":23,"key":"War Paint"},{"floor":24,"key":"Frozen Egg 2"},{"floor":26,"key":"Toy Ornithopter"},{"floor":31,"key":"Lantern"},{"floor":48,"key":"Oddly Smooth Stone"}],"event_choices":[{"cards_removed":["champ:Defend"],"damage_healed":0,"gold_gain":0,"player_choice":"Card Removal","damage_taken":0,"max_hp_gain":0,"max_hp_loss":0,"event_name":"The Cleric","floor":3,"gold_loss":0},{"damage_healed":0,"gold_gain":0,"player_choice":"Success","damage_taken":12,"relics_obtained":["Eternal Feather"],"max_hp_gain":0,"max_hp_loss":0,"event_name":"Scrap Ooze","floor":14,"gold_loss":0}],"is_beta":false,"boss_relics":[{"not_picked":["Tiny House","Black Star"],"picked":"champ:ChampionCrownUpgraded"},{"not_picked":["Cursed Key","Philosopher\u0027s Stone"],"picked":"SlaversCollar"}],"items_purged_floors":[],"is_endless":false,"potions_floor_spawned":[4,8,13,15,20,21,30,31,33,38,44,47,48],"killed_by":"3 Darklings","ascension_level":3}}