{"host":"evor8co6wap25kfw","time":1611035373,"event":{"mods":["100% Spire Juice","ATMod(°¢èªMod)","Act Like it!","BaseMod","Conspire","Dota2Spire","KinomotoSakuraMod(Ä¾Ö®±¾Ó£)","Koishi","KomeijiMod","Minty Spire (QoL Compilation)","MostiFishMod","Reimu£¨²©ÀöÁéÃÎ£©","Replay The Spire","SOS£¨Ë¹°Í´ïÖ®×Ó£©","StSLib","The Saiyan","The Servant 0.9.4","vexMod","¡¾ÒÅÎï¿¨ÅÆ¡¿REMEMod"],"gold_per_floor":[111,129,129,141,141,167,186,213,213,213,242,254,284,296,296,394,494,512,512,525,525,539,559,589,514,537,569,584,602,629,629,629,727,727,737,737,583,594,610,610,610,610,610,621,652,652,687,431,431,431,431,431,431,460,460,460],"floor_reached":55,"language":"ZHS","playtime":1380,"items_purged":["Worship","Defend_P"],"score":992,"play_id":"62cb9941-e630-4dbb-ac12-8762dc5e678d","local_time":"20210119134933","is_ascension_mode":false,"campfire_choices":[{"data":"MostiFishMod:KamiSmash","floor":10,"key":"SMITH"},{"floor":15,"key":"RECALL"},{"data":"MostiFishMod:StarHerder","floor":32,"key":"SMITH"},{"data":"1","floor":40,"key":"LIFT"},{"data":"2","floor":42,"key":"LIFT"},{"data":"3","floor":46,"key":"LIFT"},{"data":"MostiFishMod:LegendTransform","floor":49,"key":"SMITH"},{"data":"AT_DivineConfetti","floor":52,"key":"SMITH"}],"circlet_count":0,"master_deck":["Strike_P+1","Strike_P+1","Strike_P+1","Strike_P+1","Defend_P","Defend_P","Eruption","Vigilance","MostiFishMod:KamiSmash+1","AT_KingSlayer","Crescendo","EmptyFist","Prostrate","MostiFishMod:LegendTransform+1","MostiFishMod:OutWit","MostiFishMod:PathToVictory+1","AT_DivineConfetti+1","MostiFishMod:StarHerder+1","DevaForm+1","Devotion"],"relics":["PureWater","AT_ATBox","REME_ComplimentaryCards","DaveBox","ExusiaiGun","SynthV:TestCard","RuthlessExorcism:ReiMu","Snack Pack","Iron Hammer","Replay:WaspNest","Replay:Wanted Poster","Nloth\u0027s Gift","SentryEyes","Dota2Spire:PhaseBoots","Girya","Bag of Preparation","Philosopher\u0027s Stone","vexMod:PaidLearning","Dota2Spire:MantaStyle","White Beast Statue","conspire:GlowingRock","Dota2Spire:Vanguard","Replay:Bottled Eggs"],"acts_visited":["Exordium","TheCity","TheBeyond","TheEnding"],"potions_floor_usage":[7,14,33,50,50,50],"damage_taken":[{"damage":0,"enemies":"Jaw Worm","floor":1,"turns":1},{"damage":0,"enemies":"Cultist","floor":2,"turns":1},{"damage":0,"enemies":"2 Louse","floor":4,"turns":1},{"damage":0,"enemies":"Gremlin Nob","floor":6,"turns":2},{"damage":6,"enemies":"Lots of Slimes","floor":7,"turns":2},{"damage":0,"enemies":"Lagavulin","floor":8,"turns":2},{"damage":0,"enemies":"Gremlin Nob","floor":11,"turns":1},{"damage":0,"enemies":"Red Slaver","floor":12,"turns":1},{"damage":0,"enemies":"Lagavulin","floor":13,"turns":2},{"damage":0,"enemies":"Blue Slaver","floor":14,"turns":1},{"damage":16,"enemies":"Fading Forest","floor":16,"turns":11},{"damage":0,"enemies":"2 Thieves","floor":18,"turns":1},{"damage":0,"enemies":"3 Byrds","floor":20,"turns":1},{"damage":4,"enemies":"Centurion and Healer","floor":22,"turns":2},{"damage":18,"enemies":"Snake Plant","floor":23,"turns":4},{"damage":0,"enemies":"Book of Stabbing","floor":24,"turns":1},{"damage":8,"enemies":"Slavers","floor":27,"turns":2},{"damage":0,"enemies":"Sentry and Sphere","floor":28,"turns":2},{"damage":0,"enemies":"Centurion and Healer","floor":29,"turns":1},{"damage":6,"enemies":"Gremlin Leader","floor":30,"turns":2},{"damage":23,"enemies":"Collector","floor":33,"turns":3},{"damage":0,"enemies":"Orb Walker","floor":35,"turns":1},{"damage":0,"enemies":"3 Darklings","floor":38,"turns":1},{"damage":0,"enemies":"Jaw Worm Horde","floor":39,"turns":1},{"damage":6,"enemies":"4 Shapes","floor":44,"turns":2},{"damage":0,"enemies":"Nemesis","floor":45,"turns":1},{"damage":0,"enemies":"Giant Head","floor":47,"turns":3},{"damage":22,"enemies":"Donu and Deca","floor":50,"turns":3},{"damage":0,"enemies":"Shield and Spear","floor":54,"turns":1},{"damage":97,"enemies":"The Heart","floor":55,"turns":3}],"seed_played":"511208644678357596","potions_obtained":[{"floor":1,"key":"ColorlessPotion"},{"floor":4,"key":"Explosive Potion"},{"floor":6,"key":"LifebloodPotion"},{"floor":14,"key":"Fruit Juice"},{"floor":18,"key":"SkillPotion"},{"floor":22,"key":"Adrenaline Potion"},{"floor":23,"key":"BottledMiracle"},{"floor":39,"key":"Dota2Spire:Clarity"}],"is_trial":false,"path_per_floor":["M","M","?","M","$","E","M","E","T","R","E","M","E","M","R","B",null,"M","?","M","?","M","M","E","$","T","E","M","M","E","?","R","B",null,"M","?","$","M","M","R","?","R","T","M","E","R","E","$","R","B",null,"R","$","E","B"],"character_chosen":"WATCHER","items_purchased":["vexMod:PaidLearning","Dota2Spire:Vanguard"],"campfire_rested":0,"item_purchase_floors":[37,48],"current_hp_per_floor":[72,72,72,72,72,72,66,66,66,66,68,70,72,77,77,65,77,77,77,77,77,75,60,66,66,66,62,64,68,72,56,56,45,77,77,77,77,77,77,77,87,87,87,83,87,87,87,87,87,65,87,87,87,87,0,0],"gold":460,"neow_bonus":"THREE_ENEMY_KILL","is_daily":false,"chose_seed":false,"campfire_upgraded":4,"win_rate":0.0,"timestamp":1611035373,"path_taken":["M","M","?","?","$","E","M","E","T","R","E","M","E","M","R","BOSS","M","?","M","?","M","?","E","?","T","E","M","M","E","?","R","BOSS","M","?","$","M","M","R","?","R","T","?","E","R","E","$","R","BOSS","R","$","E","BOSS"],"items_purchased_type":["Relic","Relic"],"build_version":"2020-12-22","purchased_purges":2,"victory":false,"max_hp_per_floor":[72,72,72,72,72,72,72,72,72,72,72,72,72,77,77,77,77,77,77,77,77,77,77,77,77,77,77,77,77,77,77,77,77,77,77,77,77,77,77,77,87,87,87,87,87,87,87,87,87,87,87,87,87,87,87,87],"card_choices":[{"not_picked":["FollowUp","AT_RealFormLess"],"picked":"Crescendo","floor":1},{"not_picked":["Replay:BluntJabs","Fasting2","Evaluate","REME_Repentance","AT_DivineConfetti"],"picked":"SKIP","floor":2},{"not_picked":["Replay:DivineShield","BowlingBash","Study","Crescendo"],"picked":"EmptyFist","floor":4},{"not_picked":["ClearTheMind","ThirdEye","WindmillStrike","SashWhip"],"picked":"Blasphemy","floor":6},{"not_picked":["PathToVictory","DeceiveReality","CrushJoints","JustLucky"],"picked":"Prostrate","floor":7},{"not_picked":["ClearTheMind","Replay:Hum","SashWhip","REME_Repentance"],"picked":"Worship","floor":8},{"not_picked":["DeceiveReality","BattleHymn","EmptyFist","Perseverance"],"picked":"MostiFishMod:LegendTransform","floor":11},{"not_picked":["MostiFishMod:FlowState","PathToVictory","BowlingBash","Worship","MostiFishMod:StarOceanP"],"picked":"SKIP","floor":12},{"not_picked":["Replay:BluntJabs","SignatureMove","AT_ChampionStep","Prostrate","PathToVictory"],"picked":"SKIP","floor":13},{"not_picked":["Study","AT_OneInchPunch","FearNoEvil","REME_Repentance","Consecrate"],"picked":"SKIP","floor":14},{"not_picked":["AT_RealColorLess","MostiFishMod:ScryFuture","LessonLearned","Devotion"],"picked":"MostiFishMod:OutWit","floor":16},{"not_picked":["SashWhip","WindmillStrike","Consecrate","FlurryOfBlows","Replay:BluntJabs+1"],"picked":"SKIP","floor":18},{"not_picked":["CrushJoints+1","WreathOfFlame","FlyingSleeves","Replay:BluntJabs+1","PathToVictory+1"],"picked":"SKIP","floor":20},{"not_picked":["Protect","Replay:BluntJabs","BattleHymn","Halt","SandsOfTime"],"picked":"SKIP","floor":22},{"not_picked":["MostiFishMod:LegendTransform","CutThroughFate","Nirvana","MostiFishMod:CyberBuddha"],"picked":"AT_DivineConfetti","floor":23},{"not_picked":["Replay:BluntJabs","AT_OneInchPunch","FlyingSleeves","Crescendo"],"picked":"MostiFishMod:StarHerder","floor":24},{"not_picked":["WheelKick","MostiFishMod:Unraveling","Replay:Anticipation","AT_RealColorLess","ThirdEye"],"picked":"SKIP","floor":27},{"not_picked":["Evaluate+1","Study","WheelKick+1","Replay:AtTheReady","JustLucky"],"picked":"SKIP","floor":28},{"not_picked":["Replay:ManipulateFuture","EmptyFist","MostiFishMod:Speedup","FlurryOfBlows","Swivel"],"picked":"SKIP","floor":29},{"not_picked":["AT_RealColorLess","REME_Repentance","Replay:AllIn","Collect","MostiFishMod:Moonprays"],"picked":"SKIP","floor":30},{"not_picked":["Devotion","Judgement","Replay:AllIn","AT_ChampionKick"],"picked":"DevaForm","floor":33},{"not_picked":["MostiFishMod:Dust","FollowUp+1","EmptyFist","EmptyBody","Replay:ManipulateFuture"],"picked":"SKIP","floor":35},{"not_picked":["WheelKick","Crescendo","DeceiveReality","Replay:BluntJabs+1","PathToVictory"],"picked":"SKIP","floor":38},{"not_picked":["WreathOfFlame+1","REME_CRH","EmptyFist","Protect","Evaluate+1"],"picked":"SKIP","floor":39},{"not_picked":["ThirdEye","MostiFishMod:LegendTransform+1","FlyingSleeves","Protect+1","JustLucky"],"picked":"SKIP","floor":44},{"not_picked":["Replay:Battleflow+1","AT_ChampionStep+1","JustLucky","Crescendo+1","AT_OneInchPunch"],"picked":"SKIP","floor":45},{"not_picked":["FollowUp","Meditate","Vengeance+1","MostiFishMod:ScryFuture"],"picked":"Devotion","floor":47},{"not_picked":["FlyingSleeves+1","AT_SoftenMuscles+1","AT_OneInchPunch","Omniscience","Consecrate"],"picked":"SKIP","floor":54}],"player_experience":219816,"relics_obtained":[{"floor":1,"key":"SynthV:TestCard"},{"floor":6,"key":"RuthlessExorcism:ReiMu"},{"floor":8,"key":"Snack Pack"},{"floor":11,"key":"Iron Hammer"},{"floor":13,"key":"Replay:WaspNest"},{"floor":24,"key":"SentryEyes"},{"floor":26,"key":"Dota2Spire:PhaseBoots"},{"floor":27,"key":"Girya"},{"floor":30,"key":"Bag of Preparation"},{"floor":43,"key":"Dota2Spire:MantaStyle"},{"floor":45,"key":"White Beast Statue"},{"floor":47,"key":"conspire:GlowingRock"},{"floor":54,"key":"Replay:Bottled Eggs"}],"event_choices":[{"cards_removed":["Defend_P"],"damage_healed":0,"gold_gain":0,"player_choice":"Purged","damage_taken":0,"max_hp_gain":0,"max_hp_loss":0,"event_name":"Purifier","floor":3,"gold_loss":0},{"damage_healed":0,"gold_gain":0,"player_choice":"Read","damage_taken":0,"max_hp_gain":0,"max_hp_loss":0,"event_name":"The Library","floor":19,"gold_loss":0,"cards_obtained":["MostiFishMod:PathToVictory"]},{"damage_healed":0,"gold_gain":0,"player_choice":"Traded Relic","damage_taken":0,"relics_obtained":["Nloth\u0027s Gift"],"max_hp_gain":0,"max_hp_loss":0,"event_name":"N\u0027loth","floor":21,"relics_lost":["NeowsBlessing"],"gold_loss":0},{"damage_healed":0,"gold_gain":0,"player_choice":"Obtained Book","damage_taken":16,"max_hp_gain":0,"max_hp_loss":0,"event_name":"Cursed Tome","floor":31,"gold_loss":0},{"damage_healed":0,"gold_gain":0,"player_choice":"Leave","damage_taken":0,"max_hp_gain":0,"max_hp_loss":0,"event_name":"conspire:Investor","floor":36,"gold_loss":0},{"cards_removed":["Blasphemy"],"damage_healed":0,"gold_gain":0,"player_choice":"Offered Rare","damage_taken":0,"max_hp_gain":10,"max_hp_loss":0,"event_name":"Bonfire Elementals","floor":41,"gold_loss":0}],"is_beta":false,"boss_relics":[{"not_picked":["Replay:Bronze Core","vexMod:DeviousBotling"],"picked":"Replay:Wanted Poster"},{"not_picked":["conspire:RoyalGoblet","Honey Jar"],"picked":"Philosopher\u0027s Stone"}],"items_purged_floors":[25,48],"is_endless":false,"potions_floor_spawned":[1,4,6,14,18,22,23,24,29,30,38,39,47,54],"killed_by":"The Heart","ascension_level":0}}