{"host":"ah3fvp1bei8896gw","time":1611040772,"event":{"mods":["BaseMod","Colored Powertips","Downfall","GifTheSpireLib","Minty Spire (QoL Compilation)","StSLib","Trackpad"],"gold_per_floor":[99,116,116,266,282,299,299,71,71,71,32,47,47,47,60,165,165,165,183,196,216,546,560,560,591,611,611,611,461,495,189,199,303,303,303,320,320,336,89,139,213,223,233,233,233,263,263,273,287,287,287],"floor_reached":50,"language":"ENG","playtime":4372,"items_purged":[],"score":579,"play_id":"8488dd39-e515-49c1-96bb-38075d94921b","local_time":"20210118231932","is_ascension_mode":false,"campfire_choices":[{"data":"bronze:Replicate","floor":1,"key":"SMITH"},{"data":"1","floor":10,"key":"LIFT"},{"floor":13,"key":"REST"},{"data":"2","floor":18,"key":"LIFT"},{"floor":27,"key":"REST"},{"floor":35,"key":"RECALL"},{"floor":47,"key":"REST"}],"circlet_count":0,"master_deck":["bronze:Defend","bronze:Defend","bronze:Defend","bronze:Defend","bronze:Replicate+1","bronze:Goto","bronze:Optimize","bronze:DelayedSlice","bronze:ChosenStrike","bronze:HyperBeam","bronze:ClassDefault","bronze:Repulsor","bronze:DelayedSlice","bronze:Frontload","bronze:ClassDefault","bronze:ChildClass","bronze:Allocate","bronze:Flail","bronze:Optimize+1","bronze:ClassDefault","Ghostly","bronze:ThunderWave","bronze:ClassDefault+1","bronze:SpaghettiCode","bronze:WhirlingStrike+1","bronze:Repair","bronze:Frontload","bronze:FollowUp+1","bronze:Verify","bronze:ClassDefault","Parasite","bronze:DelayedGuard+1","bronze:Overheat+1"],"relics":["bronze:BronzeCore","Girya","Bag of Preparation","trackpad:PocketGalaxy","trackpad:StolenKidneys","Ice Cream","bronze:ProtectiveGoggles","Bottled Lightning","HandDrill","trackpad:SappingStone","bronze:MakeshiftBattery","Gremlin Horn","trackpad:RapidFire","Unceasing Top","Gambling Chip"],"acts_visited":["Exordium","TheCity","TheBeyond"],"potions_floor_usage":[11,16,21,25,46,50],"damage_taken":[{"damage":0,"enemies":"2 Louse","floor":2,"turns":3},{"damage":4,"enemies":"Jaw Worm","floor":5,"turns":5},{"damage":6,"enemies":"Cultist","floor":6,"turns":4},{"damage":5,"enemies":"downfall:FleeingMerchant","floor":8,"turns":4},{"damage":19,"enemies":"downfall:FleeingMerchant","floor":11,"turns":4},{"damage":1,"enemies":"2 Fungi Beasts","floor":12,"turns":2},{"damage":7,"enemies":"Blue Slaver","floor":15,"turns":2},{"damage":18,"enemies":"IC_STATUS_ARCHETYPE","floor":16,"turns":4},{"damage":10,"enemies":"Shell Parasite","floor":19,"turns":2},{"damage":0,"enemies":"Spheric Guardian","floor":20,"turns":2},{"damage":0,"enemies":"Snake Plant","floor":21,"turns":2},{"damage":0,"enemies":"downfall:FleeingMerchant","floor":22,"turns":3},{"damage":0,"enemies":"Sentry and Sphere","floor":23,"turns":2},{"damage":24,"enemies":"Book of Stabbing","floor":25,"turns":4},{"damage":8,"enemies":"Snecko","floor":26,"turns":4},{"damage":9,"enemies":"Gremlin Leader","floor":30,"turns":5},{"damage":4,"enemies":"Snake Plant","floor":32,"turns":2},{"damage":10,"enemies":"WA_ARCHETYPE_CALM","floor":33,"turns":4},{"damage":0,"enemies":"3 Darklings","floor":36,"turns":2},{"damage":0,"enemies":"3 Shapes","floor":38,"turns":2},{"damage":0,"enemies":"3 Shapes","floor":40,"turns":3},{"damage":3,"enemies":"Transient","floor":42,"turns":5},{"damage":0,"enemies":"Sphere and 2 Shapes","floor":43,"turns":2},{"damage":27,"enemies":"Giant Head","floor":46,"turns":7},{"damage":3,"enemies":"Writhing Mass","floor":48,"turns":3},{"damage":1,"enemies":"Spire Growth","floor":49,"turns":3},{"damage":93,"enemies":"DF_ARCHETYPE_ORBS","floor":50,"turns":10}],"seed_played":"332338316223793645","potions_obtained":[{"floor":2,"key":"bronze:BurnAndBuffPotion"},{"floor":5,"key":"GamblersBrew"},{"floor":6,"key":"sneckomod:MuddlingPotion"},{"floor":16,"key":"SpeedPotion"},{"floor":20,"key":"Swift Potion"},{"floor":21,"key":"bronze:CleanCodePotion"},{"floor":25,"key":"SteroidPotion"},{"floor":46,"key":"SmokeBomb"}],"is_trial":false,"path_per_floor":["R","M","?","?","M","M","T","$","?","R","$","M","R","?","M","B",null,"R","M","M","M","$","M","T","E","M","R","?","?","E","$","M","B",null,"R","M","?","M","$","?","T","M","M","?","?","E","R","M","M","B"],"character_chosen":"THE_AUTOMATON","items_purchased":["bronze:ClassDefault","trackpad:PocketGalaxy","bronze:DelayedSlice","HandDrill","trackpad:SappingStone","trackpad:RapidFire"],"campfire_rested":3,"item_purchase_floors":[8,8,11,31,31,39],"current_hp_per_floor":[77,77,70,70,66,60,60,55,55,55,36,35,58,58,51,33,77,77,67,67,67,67,67,67,43,35,58,87,87,78,78,74,64,87,87,87,87,87,87,87,87,84,87,87,87,60,86,83,82,0,0],"gold":287,"neow_bonus":"TEN_PERCENT_HP_BONUS","is_daily":false,"chose_seed":false,"campfire_upgraded":1,"win_rate":0.0,"timestamp":1611040772,"path_taken":["R","M","?","?","M","M","T","$","?","R","$","?","R","?","M","BOSS","R","M","M","M","$","M","T","E","M","R","?","?","E","?","M","BOSS","R","M","?","?","$","?","T","M","M","?","?","E","R","?","M","BOSS"],"items_purchased_type":["Card","Relic","Card","Relic","Relic","Relic"],"build_version":"2020-12-22","purchased_purges":0,"victory":false,"max_hp_per_floor":[77,77,77,77,77,77,77,77,77,77,77,77,77,77,77,77,77,77,77,77,77,77,77,77,77,77,77,87,87,87,87,87,87,87,87,87,87,87,87,87,87,87,87,87,87,87,87,87,87,87,87],"card_choices":[{"not_picked":["bronze:CutThrough","bronze:Invalidate"],"picked":"bronze:Optimize","floor":2},{"not_picked":["bronze:Iterate","bronze:Turbo"],"picked":"bronze:DelayedSlice","floor":5},{"not_picked":["bronze:FineTuning","bronze:Frontload"],"picked":"bronze:ChosenStrike","floor":6},{"not_picked":["bronze:ItsAFeature","bronze:BuggyMess"],"picked":"bronze:HyperBeam","floor":8},{"not_picked":["bronze:BronzeArmor","bronze:BugBarrage"],"picked":"bronze:Repulsor","floor":11},{"not_picked":["bronze:BitShift","bronze:NullPointer","bronze:Shield"],"picked":"SKIP","floor":12},{"not_picked":["bronze:ForceShield","bronze:DelayedSlice"],"picked":"bronze:Frontload","floor":15},{"not_picked":["bronze:CleanCode","bronze:Format"],"picked":"bronze:RecursiveStrike","floor":16},{"not_picked":["bronze:Iterate","bronze:ForLoop"],"picked":"bronze:ClassDefault","floor":19},{"not_picked":["bronze:Repulsor","bronze:Iterate"],"picked":"bronze:ChildClass","floor":20},{"not_picked":["bronze:Branch","bronze:CutThrough"],"picked":"bronze:GetLatest","floor":21},{"not_picked":["bronze:DelayedGuard","bronze:WhirlingStrike"],"picked":"bronze:Allocate","floor":22},{"not_picked":["bronze:OilSpill","bronze:WildBeam+1"],"picked":"bronze:Flail","floor":23},{"not_picked":["bronze:Format","bronze:DigitalCarnage"],"picked":"bronze:Optimize+1","floor":25},{"not_picked":["bronze:OilSpill","bronze:Shield"],"picked":"bronze:ClassDefault","floor":26},{"not_picked":["bronze:ForceShield","bronze:Branch"],"picked":"bronze:ThunderWave","floor":30},{"not_picked":["bronze:Frontload","bronze:Shield"],"picked":"bronze:ClassDefault+1","floor":32},{"not_picked":["bronze:FindAndReplace","bronze:Assembly"],"picked":"bronze:SpaghettiCode","floor":33},{"not_picked":["bronze:DelayedGuard","bronze:BitShift+1"],"picked":"bronze:WhirlingStrike+1","floor":36},{"not_picked":["bronze:WildBeam+1","bronze:NullPointer"],"picked":"bronze:Repair","floor":38},{"not_picked":["bronze:Deprecate+1","bronze:Safeguard"],"picked":"bronze:Frontload","floor":40},{"not_picked":["bronze:Overheat","bronze:OilSpill"],"picked":"bronze:FollowUp+1","floor":42},{"not_picked":["bronze:FollowUp+1","bronze:Iterate"],"picked":"bronze:Verify","floor":43},{"not_picked":["bronze:Shield","bronze:WildBeam"],"picked":"bronze:ClassDefault","floor":46},{"not_picked":["bronze:Deprecate+1","bronze:Overheat+1"],"picked":"bronze:DelayedGuard+1","floor":48},{"not_picked":["bronze:Deprecate+1","bronze:OilSpill"],"picked":"bronze:Overheat+1","floor":49}],"player_experience":328893,"relics_obtained":[{"floor":7,"key":"Bag of Preparation"},{"floor":24,"key":"Ice Cream"},{"floor":25,"key":"bronze:ProtectiveGoggles"},{"floor":30,"key":"Bottled Lightning"},{"floor":37,"key":"Gremlin Horn"},{"floor":40,"key":"Unceasing Top"},{"floor":46,"key":"Gambling Chip"}],"event_choices":[{"damage_healed":0,"gold_gain":0,"player_choice":"Success","damage_taken":7,"relics_obtained":["Girya"],"max_hp_gain":0,"max_hp_loss":0,"event_name":"Scrap Ooze","floor":3,"gold_loss":0},{"damage_healed":0,"gold_gain":0,"player_choice":"Relic","damage_taken":0,"max_hp_gain":0,"max_hp_loss":0,"event_name":"Wheel of Change","floor":37,"gold_loss":0},{"cards_removed":["bronze:GetLatest"],"damage_healed":0,"gold_gain":0,"player_choice":"Removed Skill","damage_taken":0,"max_hp_gain":0,"max_hp_loss":0,"event_name":"Falling","floor":45,"gold_loss":0}],"is_beta":false,"boss_relics":[{"not_picked":["trackpad:Trackpad","Coffee Dripper"],"picked":"trackpad:StolenKidneys"},{"not_picked":["Velvet Choker","bronze:PlatinumCore"],"picked":"bronze:MakeshiftBattery"}],"items_purged_floors":[],"is_endless":false,"potions_floor_spawned":[2,5,6,16,20,21,25,32,38,42,46,49],"killed_by":"DF_ARCHETYPE_ORBS","ascension_level":0}}