{"host":"d4km6p8r92tm3vpl","time":1611058969,"event":{"mods":["AchievementEnabler","BaseMod","Colored Map","Colored Powertips","DeckTracker","Minty Spire (QoL Compilation)","Relic Stats","StSLib"],"gold_per_floor":[363,46,64,64,16,16,50,68,68,68,99,99,118,118,118,118,118],"floor_reached":16,"language":"ENG","playtime":486,"items_purged":[],"score":173,"play_id":"f5e0ab27-5766-4689-ae19-7b7295bedc00","local_time":"20210119072249","is_ascension_mode":true,"campfire_choices":[{"data":"Envenom","floor":6,"key":"SMITH"},{"data":"Neutralize","floor":12,"key":"SMITH"},{"data":"Dagger Spray","floor":15,"key":"SMITH"}],"circlet_count":0,"master_deck":["AscendersBane","Strike_G","Strike_G","Strike_G","Strike_G","Strike_G","Defend_G","Defend_G","Defend_G","Defend_G","Defend_G","Survivor","Neutralize+1","Acrobatics","Envenom+1","Flying Knee","Deadly Poison","Leg Sweep","Endless Agony","Acrobatics","Dagger Spray+1"],"relics":["Ring of the Snake","Lantern","Meat on the Bone","Snake Skull","Ancient Tea Set"],"acts_visited":["Exordium"],"potions_floor_usage":[7,11,16],"damage_taken":[{"damage":0,"enemies":"Cultist","floor":1,"turns":5},{"damage":0,"enemies":"Jaw Worm","floor":3,"turns":6},{"damage":39,"enemies":"Lagavulin","floor":7,"turns":8},{"damage":0,"enemies":"2 Louse","floor":8,"turns":3},{"damage":15,"enemies":"Gremlin Nob","floor":11,"turns":4},{"damage":7,"enemies":"Large Slime","floor":13,"turns":5},{"damage":36,"enemies":"Slime Boss","floor":16,"turns":5}],"seed_played":"-1265053422309733322","potions_obtained":[{"floor":1,"key":"Regen Potion"},{"floor":7,"key":"SkillPotion"},{"floor":8,"key":"DuplicationPotion"}],"is_trial":false,"path_per_floor":["M","$","M","?","$","R","E","M","T","?","E","R","M","?","R","B"],"character_chosen":"THE_SILENT","items_purchased":["Lantern","Envenom","Deadly Poison"],"campfire_rested":0,"item_purchase_floors":[2,2,5],"current_hp_per_floor":[63,63,63,30,30,30,18,30,30,30,27,27,32,32,32,0,0],"gold":118,"neow_bonus":"TWO_FIFTY_GOLD","is_daily":false,"chose_seed":false,"campfire_upgraded":3,"win_rate":0.0,"timestamp":1611058969,"path_taken":["M","$","?","?","$","R","E","M","T","?","E","R","M","?","R","BOSS"],"items_purchased_type":["Relic","Card","Card"],"build_version":"2020-12-22","purchased_purges":0,"victory":false,"max_hp_per_floor":[63,63,63,63,63,63,63,63,63,63,63,63,63,63,63,63,63],"relic_stats":{"counters":[7,36],"Snake Skull":[30],"obtain_stats":[{"Lantern":2,"Snake Skull":7,"Ancient Tea Set":11,"Ring of the Snake":0,"Meat on the Bone":4},{"Lantern":1,"Snake Skull":3,"Ancient Tea Set":5,"Ring of the Snake":0,"Meat on the Bone":2},{"Lantern":5,"Snake Skull":19,"Ancient Tea Set":26,"Ring of the Snake":0,"Meat on the Bone":11}],"Ring of the Snake":[14],"Meat on the Bone":48},"card_choices":[{"not_picked":["Distraction","Outmaneuver"],"picked":"Acrobatics","floor":1},{"not_picked":["Expertise","Riddle With Holes"],"picked":"Flying Knee","floor":3},{"not_picked":["Sucker Punch","Outmaneuver"],"picked":"Leg Sweep","floor":7},{"not_picked":["Outmaneuver","Expertise"],"picked":"Endless Agony","floor":8},{"not_picked":["Heel Hook","Underhanded Strike"],"picked":"Acrobatics","floor":11},{"not_picked":["Concentrate","Predator"],"picked":"Dagger Spray","floor":13}],"player_experience":820658,"relics_obtained":[{"floor":7,"key":"Snake Skull"},{"floor":11,"key":"Ancient Tea Set"}],"event_choices":[{"damage_healed":0,"gold_gain":0,"player_choice":"Success","damage_taken":33,"relics_obtained":["Meat on the Bone"],"max_hp_gain":0,"max_hp_loss":0,"event_name":"Scrap Ooze","floor":4,"gold_loss":0},{"damage_healed":0,"gold_gain":0,"player_choice":"Ignored","damage_taken":0,"max_hp_gain":0,"max_hp_loss":0,"event_name":"Shining Light","floor":10,"gold_loss":0},{"damage_healed":0,"gold_gain":0,"player_choice":"Ignored","damage_taken":0,"max_hp_gain":0,"max_hp_loss":0,"event_name":"Golden Wing","floor":14,"gold_loss":0}],"is_beta":false,"boss_relics":[],"items_purged_floors":[],"is_endless":false,"potions_floor_spawned":[1,7,8],"killed_by":"Slime Boss","ascension_level":12}}