{"host":"kiauivt48syq9iz6","time":1611017305,"event":{"mods":["A Magickal Journey","BaseMod","Conspire","Downfall","Hermit","Minty Spire (QoL Compilation)","SIMod","Somnambulant","StSLib","The Animator","The Construct","The Cursed","The Disciple","The Forsaken","The Judge","The Marked","The Runesmith","The Servant 0.9.4","The Spell Scribe"],"gold_per_floor":[109,122,1,1,19,54,54,4,53,53,92,92,92,167,167,297,297,310,358,273,81,60,60,95,95,119,139,139,139,157,176,176,176,176],"floor_reached":33,"language":"ENG","playtime":1146,"items_purged":[],"score":296,"play_id":"ac02e2dc-2b23-4477-b530-b99bfaaa0c51","local_time":"20210118174825","is_ascension_mode":false,"campfire_choices":[{"floor":10,"key":"REST"},{"floor":12,"key":"REST"},{"floor":15,"key":"REST"},{"floor":23,"key":"RECALL"},{"floor":25,"key":"REST"},{"floor":28,"key":"REST"},{"data":"Footwork","floor":32,"key":"SMITH"}],"circlet_count":0,"master_deck":["Defend_G","Defend_G","Defend_G","Defend_G","Defend_G","Survivor","Neutralize","Outmaneuver","Deflect","Underhanded Strike","Noxious Fumes","Deflect","Caltrops","Backflip","Quick Slash","Well Laid Plans","Malaise","Flying Knee+1","Footwork+1","Catalyst","Bane","Poisoned Stab","Bite","Bite","Bite","Bite","Bite","Backflip","Bouncing Flask"],"relics":["Ring of the Snake","Golden Idol","Omamori","Happy Flower","Meat on the Bone","Empty Cage","Bronze Scales","Mummified Hand","Membership Card","Darkstone Periapt","Regal Pillow"],"acts_visited":["Exordium","TheCity"],"potions_floor_usage":[22,24,31,33],"damage_taken":[{"damage":0,"enemies":"conspire:RoseBush","floor":1,"turns":6},{"damage":0,"enemies":"Small Slimes","floor":2,"turns":7},{"damage":9,"enemies":"Cultist","floor":5,"turns":7},{"damage":52,"enemies":"Gremlin Nob","floor":6,"turns":6},{"damage":18,"enemies":"3 Sentries","floor":11,"turns":8},{"damage":31,"enemies":"The Guardian","floor":16,"turns":13},{"damage":11,"enemies":"3 Byrds","floor":18,"turns":5},{"damage":22,"enemies":"2 Thieves","floor":22,"turns":5},{"damage":17,"enemies":"Book of Stabbing","floor":24,"turns":5},{"damage":15,"enemies":"Snake Plant","floor":27,"turns":4},{"damage":10,"enemies":"Snecko","floor":30,"turns":6},{"damage":5,"enemies":"Cultist and Chosen","floor":31,"turns":7},{"damage":88,"enemies":"Collector","floor":33,"turns":6}],"seed_played":"8772853397238258855","potions_obtained":[{"floor":1,"key":"sneckomod:MuddlingPotion"},{"floor":5,"key":"Energy Potion"},{"floor":11,"key":"FairyPotion"},{"floor":22,"key":"champ:CounterPotion"},{"floor":27,"key":"BlessingOfTheForge"}],"is_trial":false,"path_per_floor":["M","M","$","?","M","E","?","$","T","R","E","R","?","?","R","B",null,"M","T","?","$","M","R","E","R","T","M","R","?","M","M","R","B"],"character_chosen":"THE_SILENT","items_purchased":["Noxious Fumes","Deflect","Quick Slash","Footwork","Membership Card"],"campfire_rested":5,"item_purchase_floors":[3,3,8,21,21],"current_hp_per_floor":[70,70,70,70,61,9,9,9,9,30,12,33,33,26,47,28,70,59,59,59,59,37,37,32,53,53,38,70,49,45,49,49,0,0],"gold":176,"neow_bonus":"TRANSFORM_CARD","is_daily":false,"chose_seed":false,"campfire_upgraded":1,"win_rate":0.0,"timestamp":1611017305,"path_taken":["M","M","$","?","M","E","?","$","T","R","E","R","?","?","R","BOSS","M","?","?","?","M","R","E","R","T","M","R","?","M","M","R","BOSS"],"items_purchased_type":["Card","Card","Card","Card","Relic"],"build_version":"2020-12-22","purchased_purges":0,"victory":false,"max_hp_per_floor":[70,70,70,70,70,70,70,70,70,70,70,70,70,70,70,70,70,70,70,70,70,70,70,70,70,70,70,70,49,49,49,49,49,49],"card_choices":[{"not_picked":["Well Laid Plans","Blade Dance"],"picked":"Deflect","floor":1},{"not_picked":["Flying Knee","Distraction"],"picked":"Underhanded Strike","floor":2},{"not_picked":["Distraction","PiercingWail"],"picked":"Caltrops","floor":5},{"not_picked":["conspire:PoisonWeapons","Choke"],"picked":"Backflip","floor":6},{"not_picked":["Blade Dance","Sucker Punch"],"picked":"Well Laid Plans","floor":11},{"not_picked":["Wraith Form v2","Doppelganger"],"picked":"Malaise","floor":16},{"not_picked":["Skewer","PiercingWail"],"picked":"Flying Knee+1","floor":18},{"not_picked":["Prepared","Acrobatics"],"picked":"Catalyst","floor":22},{"not_picked":["Predator","Blade Dance"],"picked":"Bane","floor":24},{"not_picked":["Calculated Gamble","PiercingWail"],"picked":"Poisoned Stab","floor":27},{"not_picked":["Riddle With Holes","Sucker Punch"],"picked":"Backflip","floor":30},{"not_picked":["Quick Slash","Dodge and Roll"],"picked":"Bouncing Flask","floor":31}],"player_experience":171370,"relics_obtained":[{"floor":6,"key":"Omamori"},{"floor":9,"key":"Happy Flower"},{"floor":11,"key":"Meat on the Bone"},{"floor":19,"key":"Bronze Scales"},{"floor":24,"key":"Darkstone Periapt"},{"floor":26,"key":"Regal Pillow"}],"event_choices":[{"damage_healed":0,"gold_gain":0,"player_choice":"Take Wound","damage_taken":0,"relics_obtained":["Golden Idol"],"max_hp_gain":0,"max_hp_loss":0,"event_name":"Golden Idol","floor":4,"gold_loss":0,"cards_obtained":["Injury"]},{"damage_healed":0,"gold_gain":0,"player_choice":"Searched \u00270\u0027 times","damage_taken":0,"max_hp_gain":0,"max_hp_loss":0,"event_name":"Dead Adventurer","floor":7,"gold_loss":0},{"cards_removed":["Injury"],"damage_healed":0,"gold_gain":0,"player_choice":"Forget","damage_taken":0,"max_hp_gain":0,"max_hp_loss":0,"event_name":"Living Wall","floor":13,"gold_loss":0},{"damage_healed":0,"gold_gain":75,"player_choice":"Touch","damage_taken":7,"max_hp_gain":0,"max_hp_loss":0,"event_name":"FaceTrader","floor":14,"gold_loss":0},{"damage_healed":0,"gold_gain":0,"player_choice":"Obtained Relic","damage_taken":0,"relics_obtained":["Mummified Hand"],"max_hp_gain":0,"max_hp_loss":0,"event_name":"Addict","floor":20,"gold_loss":85},{"damage_healed":0,"gold_gain":0,"player_choice":"Became a vampire","damage_taken":0,"max_hp_gain":0,"max_hp_loss":21,"event_name":"Vampires","floor":29,"gold_loss":0,"cards_obtained":["Bite","Bite","Bite","Bite","Bite"]}],"is_beta":false,"boss_relics":[{"not_picked":["Black Star","construct:ClawGrip"],"picked":"Empty Cage"}],"items_purged_floors":[],"is_endless":false,"potions_floor_spawned":[1,5,11,22,27,30],"killed_by":"Collector","ascension_level":0}}