{"host":"1g6b0zqzk8m51y97","time":1611019910,"event":{"mods":["BaseMod","Bestiary","Minty Spire (QoL Compilation)","Relic Stats","Slay the Relics Exporter","StSLib"],"gold_per_floor":[110,110,133,133,46,90,90,129,153,153,171,171,171,214,214,345,345,359,378,18,41,41,41],"floor_reached":22,"language":"ENG","playtime":717,"items_purged":["Strike_R"],"score":238,"play_id":"7d7b943f-63b6-44aa-8641-bf32546bda5b","local_time":"20210118203150","is_ascension_mode":true,"campfire_choices":[{"data":"Feel No Pain","floor":7,"key":"SMITH"},{"data":"Wild Strike","floor":10,"key":"SMITH"},{"data":"Blood for Blood","floor":12,"key":"SMITH"},{"floor":15,"key":"REST"}],"circlet_count":0,"master_deck":["Strike_R+1","Strike_R+1","Strike_R","Strike_R+1","Defend_R","Defend_R+1","Defend_R","Defend_R","Bash","Evolve","Wild Strike+1","Feel No Pain+1","Pommel Strike","Flame Barrier","Intimidate","Blood for Blood+1","Headbutt","Feed","Rage","Swift Strike"],"relics":["Burning Blood","NeowsBlessing","Golden Idol","Ancient Tea Set","Tiny Chest","Whetstone","Lantern","Runic Pyramid","Boot"],"acts_visited":["Exordium","TheCity"],"potions_floor_usage":[16],"damage_taken":[{"damage":0,"enemies":"Cultist","floor":1,"turns":1},{"damage":0,"enemies":"2 Louse","floor":3,"turns":1},{"damage":0,"enemies":"3 Sentries","floor":6,"turns":2},{"damage":30,"enemies":"Lagavulin","floor":8,"turns":7},{"damage":5,"enemies":"Small Slimes","floor":11,"turns":3},{"damage":12,"enemies":"3 Sentries","floor":14,"turns":7},{"damage":62,"enemies":"Slime Boss","floor":16,"turns":12},{"damage":26,"enemies":"Spheric Guardian","floor":18,"turns":5},{"damage":28,"enemies":"2 Thieves","floor":19,"turns":4},{"damage":25,"enemies":"Snake Plant","floor":21,"turns":5}],"seed_played":"6125289930034461119","potions_obtained":[{"floor":14,"key":"Regen Potion"},{"floor":16,"key":"Strength Potion"},{"floor":19,"key":"SpeedPotion"}],"is_trial":false,"path_per_floor":["M","?","M","?","$","E","R","E","T","R","M","R","?","E","R","B",null,"M","M","$","M","?"],"character_chosen":"IRONCLAD","items_purchased":["Feel No Pain","Pommel Strike","PowerPotion","Swift Strike","Boot"],"campfire_rested":1,"item_purchase_floors":[5,5,20,20,20],"current_hp_per_floor":[80,74,74,59,59,65,65,41,41,41,42,42,42,36,58,17,74,57,35,35,19,0,0],"gold":41,"neow_bonus":"THREE_ENEMY_KILL","is_daily":false,"chose_seed":false,"campfire_upgraded":3,"win_rate":0.0,"timestamp":1611019910,"path_taken":["M","?","M","?","$","E","R","E","T","R","M","R","?","E","R","BOSS","M","M","$","M","?"],"items_purchased_type":["Card","Card","Potion","Card","Relic"],"build_version":"2020-12-22","purchased_purges":1,"victory":false,"max_hp_per_floor":[80,74,74,74,74,74,74,74,74,74,74,74,74,74,74,74,74,77,77,77,80,80,80],"relic_stats":{"counters":[10,47],"Golden Idol":73,"Tiny Chest":0,"Whetstone":["Strike_R","Strike_R"],"Boot":[2],"obtain_stats":[{"Lantern":14,"NeowsBlessing":0,"Golden Idol":2,"Tiny Chest":8,"Whetstone":9,"Ancient Tea Set":6,"Boot":20,"Burning Blood":0,"Runic Pyramid":17},{"Lantern":6,"NeowsBlessing":0,"Golden Idol":1,"Tiny Chest":4,"Whetstone":4,"Ancient Tea Set":3,"Boot":9,"Burning Blood":0,"Runic Pyramid":7},{"Lantern":21,"NeowsBlessing":0,"Golden Idol":1,"Tiny Chest":11,"Whetstone":11,"Ancient Tea Set":4,"Boot":42,"Burning Blood":0,"Runic Pyramid":33}],"Burning Blood":48},"card_choices":[{"not_picked":["Flex","Rage"],"picked":"Evolve","floor":1},{"not_picked":["Sword Boomerang","Perfected Strike"],"picked":"Wild Strike","floor":3},{"not_picked":["Battle Trance","Metallicize"],"picked":"Flame Barrier","floor":6},{"not_picked":["Armaments","Rupture"],"picked":"Intimidate","floor":8},{"not_picked":["Thunderclap","Double Tap"],"picked":"Blood for Blood","floor":11},{"not_picked":["Clash","Pommel Strike"],"picked":"Headbutt","floor":14},{"not_picked":["Juggernaut","Double Tap"],"picked":"Feed","floor":16},{"not_picked":["Intimidate","Clothesline","Pommel Strike+1"],"picked":"SKIP","floor":18},{"not_picked":["Metallicize+1","True Grit"],"picked":"Rage","floor":19},{"not_picked":["Armaments","Sword Boomerang","Clash"],"picked":"SKIP","floor":21}],"player_experience":1106823,"relics_obtained":[{"floor":6,"key":"Ancient Tea Set"},{"floor":8,"key":"Tiny Chest"},{"floor":9,"key":"Whetstone"},{"floor":14,"key":"Lantern"}],"event_choices":[{"damage_healed":0,"gold_gain":0,"player_choice":"Lose Max HP","damage_taken":0,"relics_obtained":["Golden Idol"],"max_hp_gain":0,"max_hp_loss":6,"event_name":"Golden Idol","floor":2,"gold_loss":0},{"damage_healed":0,"gold_gain":0,"player_choice":"Entered Light","damage_taken":15,"max_hp_gain":0,"max_hp_loss":0,"event_name":"Shining Light","floor":4,"gold_loss":0,"cards_upgraded":["Strike_R","Defend_R"]},{"damage_healed":0,"gold_gain":0,"player_choice":"Searched \u00271\u0027 times","damage_taken":0,"max_hp_gain":0,"max_hp_loss":0,"event_name":"Dead Adventurer","floor":13,"gold_loss":0}],"is_beta":false,"boss_relics":[{"not_picked":["Runic Dome","Busted Crown"],"picked":"Runic Pyramid"}],"items_purged_floors":[20],"is_endless":false,"potions_floor_spawned":[14,16,19,21],"ascension_level":1}}