{"host":"g5ztulhog0otympt","time":1611062973,"event":{"mods":["AchievementEnabler","BaseMod","Downfall","Hermit","Minty Spire (QoL Compilation)","StSLib","The Cursed"],"gold_per_floor":[109,109,109,209,224,250,264,282,306,323,323,323,323,351,351,448,448,466,478,164,174,191,191,211,211,235,258,258,269,300,400,400,400,400],"floor_reached":33,"language":"ENG","playtime":870,"items_purged":[],"score":302,"play_id":"94e00202-3914-4760-9dcb-ab3077f71a00","local_time":"20210119152933","is_ascension_mode":false,"campfire_choices":[{"floor":11,"key":"REST"},{"floor":15,"key":"REST"},{"floor":28,"key":"REST"},{"floor":32,"key":"REST"}],"circlet_count":0,"master_deck":["Strike_B","Strike_B","Strike_B","Strike_B","Defend_B","Defend_B","Defend_B","Defend_B","Zap","Dualcast","Rip and Tear+1","Cold Snap","Gash+1","Core Surge","Lockon+1","Metamorphosis","Steam+1","Rip and Tear+1","Beam Cell+1","Gash"],"relics":["Cracked Core","Juzu Bracelet","Tiny Chest","Lantern","NlothsMask","Happy Flower","bronze:MakeshiftBattery","Whetstone","Toy Ornithopter","Strawberry"],"acts_visited":["Exordium","TheCity"],"potions_floor_usage":[5,14,16,16,21,30,33,33],"damage_taken":[{"damage":0,"enemies":"2 Louse","floor":1,"turns":2},{"damage":1,"enemies":"Cultist","floor":5,"turns":3},{"damage":29,"enemies":"Gremlin Nob","floor":6,"turns":4},{"damage":3,"enemies":"Small Slimes","floor":7,"turns":3},{"damage":2,"enemies":"Gremlin Gang","floor":8,"turns":3},{"damage":12,"enemies":"Lots of Slimes","floor":10,"turns":3},{"damage":18,"enemies":"3 Sentries","floor":14,"turns":5},{"damage":45,"enemies":"The Guardian","floor":16,"turns":10},{"damage":0,"enemies":"Spheric Guardian","floor":18,"turns":3},{"damage":18,"enemies":"2 Thieves","floor":19,"turns":4},{"damage":36,"enemies":"3 Cultists","floor":21,"turns":6},{"damage":29,"enemies":"Snake Plant","floor":22,"turns":5},{"damage":20,"enemies":"Chosen and Byrds","floor":24,"turns":7},{"damage":24,"enemies":"3 Cultists","floor":29,"turns":5},{"damage":56,"enemies":"Gremlin Leader","floor":30,"turns":6},{"damage":69,"enemies":"Automaton","floor":33,"turns":6}],"seed_played":"-3966774253359276215","potions_obtained":[{"floor":5,"key":"Fruit Juice"},{"floor":6,"key":"PowerPotion"},{"floor":8,"key":"Weak Potion"},{"floor":13,"key":"BlessingOfTheForge"},{"floor":14,"key":"SpeedPotion"},{"floor":16,"key":"SteroidPotion"},{"floor":18,"key":"Dexterity Potion"},{"floor":24,"key":"LiquidMemories"},{"floor":30,"key":"Explosive Potion"}],"is_trial":false,"path_per_floor":["M","?","?","?","M","E","M","M","T","M","R","?","?","E","R","B",null,"M","M","$","M","M","?","M","$","T","T","R","M","E","?","R","B"],"character_chosen":"DEFECT","items_purchased":["Whetstone","Metamorphosis"],"campfire_rested":4,"item_purchase_floors":[20,20],"current_hp_per_floor":[75,75,80,80,84,55,52,50,50,38,63,63,63,45,70,25,85,85,67,67,31,2,85,65,65,65,65,85,61,17,17,44,0,0],"gold":400,"neow_bonus":"RANDOM_COMMON_RELIC","is_daily":false,"chose_seed":false,"campfire_upgraded":0,"win_rate":0.0,"timestamp":1611062973,"path_taken":["M","?","?","?","M","E","M","M","T","M","R","?","?","E","R","BOSS","M","M","$","M","M","?","M","$","T","?","R","M","E","?","R","BOSS"],"items_purchased_type":["Relic","Card"],"build_version":"2020-12-22","purchased_purges":0,"victory":false,"max_hp_per_floor":[75,75,80,80,85,85,85,85,85,85,85,85,85,85,85,85,85,85,85,85,85,85,85,85,85,85,85,85,85,92,92,92,92,92],"card_choices":[{"not_picked":["Stack","Streamline","Chaos"],"picked":"SKIP","floor":1},{"not_picked":["Coolheaded","Compile Driver"],"picked":"Rip and Tear","floor":5},{"not_picked":["Heatsinks","Recycle"],"picked":"Cold Snap","floor":6},{"not_picked":["Turbo","Chill","Compile Driver"],"picked":"SKIP","floor":7},{"not_picked":["Aggregate","Compile Driver"],"picked":"Gash","floor":8},{"not_picked":["Darkness","Compile Driver","Sweeping Beam"],"picked":"SKIP","floor":10},{"not_picked":["Turbo","Stack","Steam"],"picked":"SKIP","floor":14},{"not_picked":["Amplify","Rainbow"],"picked":"Core Surge","floor":16},{"not_picked":["Hologram","Cold Snap+1"],"picked":"Lockon+1","floor":18},{"not_picked":["Compile Driver","Go for the Eyes","Redo"],"picked":"SKIP","floor":19},{"not_picked":["Streamline","Doom and Gloom"],"picked":"Steam+1","floor":21},{"not_picked":["Turbo+1","Capacitor"],"picked":"Lockon","floor":22},{"not_picked":["Conserve Battery","Sunder"],"picked":"Rip and Tear+1","floor":24},{"not_picked":["Steam","Defragment"],"picked":"Beam Cell+1","floor":29},{"not_picked":["Steam+1","BootSequence"],"picked":"Gash","floor":30}],"player_experience":101550,"relics_obtained":[{"floor":6,"key":"Tiny Chest"},{"floor":9,"key":"Lantern"},{"floor":14,"key":"Happy Flower"},{"floor":27,"key":"Toy Ornithopter"},{"floor":30,"key":"Strawberry"}],"event_choices":[{"damage_healed":0,"gold_gain":0,"player_choice":"Ignored","damage_taken":0,"max_hp_gain":0,"max_hp_loss":0,"event_name":"Purifier","floor":2,"gold_loss":0},{"damage_healed":0,"gold_gain":0,"player_choice":"Donut","damage_taken":0,"max_hp_gain":5,"max_hp_loss":0,"event_name":"Big Fish","floor":3,"gold_loss":0},{"damage_healed":0,"gold_gain":100,"player_choice":"Pray","damage_taken":0,"max_hp_gain":0,"max_hp_loss":0,"event_name":"Golden Shrine","floor":4,"gold_loss":0},{"damage_healed":0,"gold_gain":0,"player_choice":"Trade","damage_taken":0,"relics_obtained":["NlothsMask"],"max_hp_gain":0,"max_hp_loss":0,"event_name":"FaceTrader","floor":12,"gold_loss":0},{"damage_healed":0,"gold_gain":0,"player_choice":"Got Potions","damage_taken":0,"max_hp_gain":0,"max_hp_loss":0,"event_name":"Lab","floor":13,"gold_loss":0},{"cards_removed":["Lockon"],"damage_healed":83,"gold_gain":0,"player_choice":"Offered Uncommon","damage_taken":0,"max_hp_gain":0,"max_hp_loss":0,"event_name":"Bonfire Elementals","floor":23,"gold_loss":0},{"damage_healed":0,"gold_gain":100,"player_choice":"Pray","damage_taken":0,"max_hp_gain":0,"max_hp_loss":0,"event_name":"Golden Shrine","floor":31,"gold_loss":0}],"is_beta":false,"boss_relics":[{"not_picked":["Snecko Eye","Black Star"],"picked":"bronze:MakeshiftBattery"}],"items_purged_floors":[],"is_endless":false,"potions_floor_spawned":[5,6,8,14,16,18,24,30],"killed_by":"Automaton","ascension_level":0}}