{"host":"soyfmymeou4emntr","time":1611092083,"event":{"mods":["BaseMod","Minty Spire (QoL Compilation)","Relic Sorter","Relic Stats","StSLib"],"gold_per_floor":[112,187,187,187,204,236,236,249,276,311,328,344,374,0,0,76,76,76,76,76,76,95,95,127,127,152,162,162,35,35,35,35,108,108,119,119,144,157,168,195,195,195,195,230,230,277,63,2,2,2,2],"floor_reached":52,"language":"ENG","playtime":9364,"items_purged":["Scrape"],"score":1934,"play_id":"a3b13736-d14c-4a16-9b6f-60f37fab4442","local_time":"20210119143443","is_ascension_mode":true,"campfire_choices":[{"data":"Defragment","floor":7.0,"key":"SMITH"},{"floor":15.0,"key":"REST"},{"data":"Consume","floor":23.0,"key":"SMITH"},{"floor":25.0,"key":"REST"},{"data":"Barrage","floor":28.0,"key":"SMITH"},{"data":"Genetic Algorithm","floor":30.0,"key":"SMITH"},{"data":"Loop","floor":32.0,"key":"SMITH"},{"floor":42.0,"key":"REST"},{"data":"Seek","floor":45.0,"key":"SMITH"},{"floor":49.0,"key":"REST"}],"circlet_count":0,"master_deck":["AscendersBane","Zap","Dualcast","Sweeping Beam+1","Defragment+1","Ball Lightning+1","Capacitor","Leap","Consume+1","Leap","Glacier","Capacitor","Multi-Cast","Glacier+1","Barrage+1","Undo+1","Loop+1","Genetic Algorithm+1","Reboot","Loop","Tempest","Creative AI","Storm","Rebound","Redo","Hyperbeam","Defragment","Defragment+1","Chill+1","Capacitor","Coolheaded","Darkness+1","Seek+1"],"relics":["Cracked Core","NeowsBlessing","Boot","Anchor","Juzu Bracelet","Omamori","Runic Capacitor","Regal Pillow","Velvet Choker","Whetstone","MealTicket","Pandora\u0027s Box","Turnip","Strawberry","Bottled Tornado","PreservedInsect","Nunchaku","Orichalcum"],"acts_visited":["Exordium","TheCity","TheBeyond"],"potions_floor_usage":[],"damage_taken":[{"damage":0.0,"enemies":"Cultist","floor":1.0,"turns":1.0},{"damage":0.0,"enemies":"2 Louse","floor":5.0,"turns":1.0},{"damage":0.0,"enemies":"Lagavulin","floor":6.0,"turns":1.0},{"damage":2.0,"enemies":"Jaw Worm","floor":8.0,"turns":3.0},{"damage":10.0,"enemies":"3 Sentries","floor":10.0,"turns":4.0},{"damage":0.0,"enemies":"3 Louse","floor":11.0,"turns":2.0},{"damage":9.0,"enemies":"Large Slime","floor":12.0,"turns":4.0},{"damage":36.0,"enemies":"Gremlin Nob","floor":13.0,"turns":4.0},{"damage":36.0,"enemies":"The Guardian","floor":16.0,"turns":9.0},{"damage":0.0,"enemies":"Chosen","floor":18.0,"turns":1.0},{"damage":8.0,"enemies":"Spheric Guardian","floor":22.0,"turns":4.0},{"damage":39.0,"enemies":"Slavers","floor":24.0,"turns":7.0},{"damage":7.0,"enemies":"Shelled Parasite and Fungi","floor":27.0,"turns":6.0},{"damage":11.0,"enemies":"Collector","floor":33.0,"turns":13.0},{"damage":43.0,"enemies":"3 Shapes","floor":35.0,"turns":4.0},{"damage":3.0,"enemies":"Mind Bloom Boss Battle","floor":37.0,"turns":6.0},{"damage":2.0,"enemies":"3 Darklings","floor":38.0,"turns":8.0},{"damage":0.0,"enemies":"Maw","floor":39.0,"turns":6.0},{"damage":5.0,"enemies":"Giant Head","floor":40.0,"turns":9.0},{"damage":15.0,"enemies":"Nemesis","floor":44.0,"turns":7.0},{"damage":15.0,"enemies":"Time Eater","floor":50.0,"turns":13.0},{"damage":0,"enemies":"Donu and Deca","floor":51,"turns":10}],"seed_played":"-7296291449128892043","potions_obtained":[{"floor":1.0,"key":"Fire Potion"},{"floor":8.0,"key":"Weak Potion"},{"floor":10.0,"key":"BlessingOfTheForge"},{"floor":11.0,"key":"FocusPotion"},{"floor":12.0,"key":"FocusPotion"},{"floor":16.0,"key":"SmokeBomb"},{"floor":24.0,"key":"Block Potion"},{"floor":33.0,"key":"GamblersBrew"},{"floor":35.0,"key":"FocusPotion"},{"floor":39.0,"key":"Block Potion"}],"is_trial":false,"path_per_floor":["M","?","?","?","M","E","R","M","T","E","M","M","E","$","R","B",null,"M","?","?","?","M","R","E","R","T","M","R","$","R","$","R","B",null,"M","?","?","M","M","E","?","R","T","E","R","T","$","?","R","B","B",null],"character_chosen":"DEFECT","items_purchased":["Runic Capacitor","Regal Pillow","Capacitor","Loop","Genetic Algorithm","LiquidMemories","Weak Potion"],"campfire_rested":4,"item_purchase_floors":[14,14,14,29,29,47,47],"current_hp_per_floor":[64,53,53,58,58,58,58,56,56,46,46,37,1,1,38,2,58,58,58,58,58,50,50,11,48,48,41,41,56,56,71,71,60,72,29,29,26,24,24,26,21,60,60,45,45,45,60,60,83,68,68],"gold":2,"neow_bonus":"THREE_ENEMY_KILL","is_daily":false,"chose_seed":false,"campfire_upgraded":6,"win_rate":0.0,"timestamp":1611092083,"path_taken":["M","?","?","?","M","E","R","M","T","E","M","M","E","$","R","BOSS","M","?","?","?","M","R","E","R","T","M","R","$","R","$","R","BOSS","M","?","?","M","M","E","?","R","T","E","R","?","$","?","R","BOSS","BOSS"],"items_purchased_type":["Relic","Relic","Card","Card","Card","Potion","Potion"],"build_version":"2020-12-22","purchased_purges":1,"victory":true,"max_hp_per_floor":[71,71,71,76,76,76,76,76,76,76,76,76,76,76,76,76,76,76,76,76,76,76,76,76,76,76,76,76,76,76,76,76,76,76,76,76,76,76,76,83,83,83,83,83,83,83,83,83,83,83,83],"relic_stats":{"Regal Pillow":45,"Nunchaku":[1],"counters":[22,120],"MealTicket":45,"Pandora\u0027s Box":["Loop","Tempest","Creative AI","Storm","Rebound","Redo","Hyperbeam","Scrape"],"Turnip":[8],"PreservedInsect":0,"Juzu Bracelet":1,"Whetstone":["Ball Lightning"],"Orichalcum":[24],"Boot":[16],"obtain_stats":[{"Regal Pillow":14,"NeowsBlessing":0,"Velvet Choker":17,"PreservedInsect":44,"Juzu Bracelet":10,"Omamori":13,"Runic Capacitor":14,"Whetstone":24,"Bottled Tornado":43,"Orichalcum":48,"Boot":6,"Anchor":9,"Nunchaku":46,"Strawberry":40,"MealTicket":26,"Pandora\u0027s Box":34,"Turnip":37,"Cracked Core":0},{"Regal Pillow":8,"NeowsBlessing":0,"Velvet Choker":9,"PreservedInsect":20,"Juzu Bracelet":5,"Omamori":8,"Runic Capacitor":8,"Whetstone":12,"Bottled Tornado":19,"Orichalcum":20,"Boot":3,"Anchor":4,"Nunchaku":20,"Strawberry":19,"MealTicket":12,"Pandora\u0027s Box":14,"Turnip":16,"Cracked Core":0},{"Regal Pillow":20,"NeowsBlessing":0,"Velvet Choker":29,"PreservedInsect":97,"Juzu Bracelet":10,"Omamori":20,"Runic Capacitor":20,"Whetstone":41,"Bottled Tornado":90,"Orichalcum":97,"Boot":3,"Anchor":6,"Nunchaku":97,"Strawberry":90,"MealTicket":41,"Pandora\u0027s Box":60,"Turnip":69,"Cracked Core":0}]},"card_choices":[{"not_picked":["Aggregate","Hologram"],"picked":"Sweeping Beam","floor":1.0},{"not_picked":["BootSequence","Chill"],"picked":"Defragment","floor":5.0},{"not_picked":["Blizzard","Chill"],"picked":"Ball Lightning","floor":6.0},{"not_picked":["Darkness","Go for the Eyes"],"picked":"Capacitor","floor":8.0},{"not_picked":["Tempest","Compile Driver"],"picked":"Leap","floor":10.0},{"not_picked":["Cold Snap","Rebound"],"picked":"Consume","floor":11.0},{"not_picked":["Stack","Turbo"],"picked":"Leap","floor":12.0},{"not_picked":["Turbo","BootSequence"],"picked":"Glacier","floor":13.0},{"not_picked":["Creative AI","All For One"],"picked":"Multi-Cast","floor":16.0},{"not_picked":["Skim","Auto Shields"],"picked":"Glacier+1","floor":22.0},{"not_picked":["Go for the Eyes","Skim"],"picked":"Barrage","floor":24.0},{"not_picked":["Sweeping Beam+1","Leap"],"picked":"Undo+1","floor":27.0},{"not_picked":["Creative AI","Thunder Strike"],"picked":"Reboot","floor":33.0},{"not_picked":["Streamline","Lockon"],"picked":"Defragment","floor":35.0},{"not_picked":["Lockon","Sweeping Beam+1"],"picked":"Chill+1","floor":37.0},{"not_picked":["Compile Driver","Static Discharge+1"],"picked":"Capacitor","floor":38.0},{"not_picked":["FTL+1","Leap"],"picked":"Coolheaded","floor":39.0},{"not_picked":["Undo","Sweeping Beam+1"],"picked":"Darkness+1","floor":40.0},{"not_picked":["Barrage","Glacier+1"],"picked":"Seek","floor":44.0}],"player_experience":2859205,"relics_obtained":[{"floor":6.0,"key":"Boot"},{"floor":9.0,"key":"Anchor"},{"floor":10.0,"key":"Juzu Bracelet"},{"floor":13.0,"key":"Omamori"},{"floor":24.0,"key":"Whetstone"},{"floor":26.0,"key":"MealTicket"},{"floor":37.0,"key":"Turnip"},{"floor":40.0,"key":"Strawberry"},{"floor":43.0,"key":"Bottled Tornado"},{"floor":44.0,"key":"PreservedInsect"},{"floor":46.0,"key":"Nunchaku"}],"event_choices":[{"damage_healed":0.0,"max_hp_gain":0.0,"max_hp_loss":0.0,"gold_gain":75.0,"event_name":"World of Goop","player_choice":"Gather Gold","floor":2.0,"gold_loss":0.0,"damage_taken":11.0},{"damage_healed":0.0,"max_hp_gain":0.0,"max_hp_loss":0.0,"gold_gain":0.0,"event_name":"Living Wall","player_choice":"Grow","floor":3.0,"gold_loss":0.0,"damage_taken":0.0,"cards_upgraded":["Sweeping Beam"]},{"damage_healed":0.0,"max_hp_gain":5.0,"max_hp_loss":0.0,"gold_gain":0.0,"event_name":"Big Fish","player_choice":"Donut","floor":4.0,"gold_loss":0.0,"damage_taken":0.0},{"damage_healed":0.0,"max_hp_gain":0.0,"max_hp_loss":0.0,"gold_gain":0.0,"event_name":"Vampires","player_choice":"Ignored","floor":19.0,"gold_loss":0.0,"damage_taken":0.0},{"damage_healed":0.0,"max_hp_gain":0.0,"max_hp_loss":0.0,"gold_gain":0.0,"event_name":"Back to Basics","player_choice":"Simplicity","floor":20.0,"gold_loss":0.0,"damage_taken":0.0,"cards_upgraded":["Strike_B","Strike_B","Strike_B","Strike_B","Defend_B","Defend_B","Defend_B","Defend_B"]},{"damage_healed":0.0,"max_hp_gain":0.0,"max_hp_loss":0.0,"gold_gain":0.0,"event_name":"Forgotten Altar","player_choice":"Smashed Altar","floor":21.0,"gold_loss":0.0,"damage_taken":0.0,"cards_obtained":["Decay"]},{"damage_healed":0.0,"max_hp_gain":0.0,"max_hp_loss":0.0,"gold_gain":0.0,"event_name":"Duplicator","player_choice":"Copied","floor":36.0,"gold_loss":0.0,"damage_taken":0.0,"cards_obtained":["Defragment"]},{"damage_healed":0.0,"max_hp_gain":0.0,"max_hp_loss":0.0,"gold_gain":0.0,"event_name":"MindBloom","player_choice":"Fight","floor":37.0,"gold_loss":0.0,"damage_taken":0.0},{"damage_healed":0.0,"max_hp_gain":0.0,"max_hp_loss":0.0,"gold_gain":0.0,"event_name":"SensoryStone","player_choice":"Memory 2","floor":41.0,"gold_loss":0.0,"damage_taken":5.0},{"damage_healed":0.0,"max_hp_gain":0.0,"max_hp_loss":0.0,"gold_gain":0.0,"event_name":"WeMeetAgain","player_choice":"Paid Gold","floor":48.0,"gold_loss":61.0,"damage_taken":0.0,"relics_obtained":["Orichalcum"]}],"is_beta":false,"boss_relics":[{"not_picked":["Runic Dome","Black Star"],"picked":"Velvet Choker"},{"not_picked":["SacredBark","Coffee Dripper"],"picked":"Pandora\u0027s Box"}],"items_purged_floors":[47],"is_endless":false,"potions_floor_spawned":[1,8,10,11,12,16,18,24,33,35,37,39],"ascension_level":20}}