{"host":"jpzdg3po3tjxdjri","time":1611094682,"event":{"mods":["BaseMod","Better Third Choice","Colored Map","Colored Powertips","Minty Spire (QoL Compilation)","StSLib"],"gold_per_floor":[13,26,43,43,63,63,63,89,89,89,104,134,146,41,41,144,144,160,85,85,7,7,40,40,40,63,78,107,39,39,58,58,163,163,176,186,32,78,95,95,121,133,170,182,223,285,297,335,347,359,371,383,22,48,48],"floor_reached":56,"language":"ENG","playtime":2066,"items_purged":["Strike_R+1"],"score":1429,"play_id":"84a8a851-a7aa-456a-b99e-9d7a709cee46","local_time":"20210119221802","is_ascension_mode":true,"campfire_choices":[{"floor":7,"key":"RECALL"},{"floor":15,"key":"REST"},{"data":"Uppercut","floor":24,"key":"SMITH"},{"data":"Pommel Strike","floor":30,"key":"SMITH"},{"data":"Demon Form","floor":32,"key":"SMITH"},{"data":"True Grit","floor":40,"key":"SMITH"},{"floor":42,"key":"REST"},{"data":"Barricade","floor":49,"key":"SMITH"},{"data":"Limit Break","floor":52,"key":"SMITH"}],"circlet_count":0,"master_deck":["Strike_R+1","Strike_R+1","Strike_R+1","Defend_R+1","Defend_R+1","Defend_R+1","Defend_R+1","Bash","Armaments+1","Cleave","Whirlwind","Pommel Strike+1","Headbutt+1","Clothesline","Offering","Ghostly Armor","Shrug It Off","Uppercut+1","Demon Form+1","Shrug It Off","Necronomicurse","Inflame","Headbutt+1","Dropkick","Feel No Pain+1","Evolve","Battle Trance+1","Barricade+1","Dark Embrace+1","True Grit+1","Metallicize","Carnage+1","Ghostly Armor","True Grit+1","Limit Break+1","Fire Breathing","Feel No Pain"],"relics":["Burning Blood","Mummified Hand","Pantograph","Boot","Mark of Pain","Necronomicon","Bag of Marbles","Ancient Tea Set","Black Star","Torii","PreservedInsect","MawBank","Strawberry","Singing Bowl","Whetstone","TungstenRod","Pen Nib","Self Forming Clay","Ginger","Letter Opener","Nunchaku"],"acts_visited":["Exordium","TheCity","TheBeyond","TheEnding"],"potions_floor_usage":[8,16,39,41,50],"damage_taken":[{"damage":6,"enemies":"Cultist","floor":1,"turns":3},{"damage":7,"enemies":"Jaw Worm","floor":2,"turns":3},{"damage":11,"enemies":"Small Slimes","floor":3,"turns":3},{"damage":14,"enemies":"Exordium Wildlife","floor":5,"turns":5},{"damage":11,"enemies":"3 Sentries","floor":8,"turns":3},{"damage":7,"enemies":"Red Slaver","floor":11,"turns":4},{"damage":32,"enemies":"Lagavulin","floor":12,"turns":6},{"damage":2,"enemies":"Looter","floor":13,"turns":4},{"damage":21,"enemies":"The Guardian","floor":16,"turns":9},{"damage":14,"enemies":"Spheric Guardian","floor":18,"turns":4},{"damage":6,"enemies":"Book of Stabbing","floor":23,"turns":5},{"damage":0,"enemies":"Chosen","floor":27,"turns":3},{"damage":20,"enemies":"Gremlin Leader","floor":28,"turns":4},{"damage":8,"enemies":"3 Cultists","floor":31,"turns":4},{"damage":25,"enemies":"Champ","floor":33,"turns":8},{"damage":0,"enemies":"3 Shapes","floor":35,"turns":5},{"damage":6,"enemies":"Orb Walker","floor":36,"turns":2},{"damage":56,"enemies":"2 Orb Walkers","floor":38,"turns":5},{"damage":6,"enemies":"Jaw Worm Horde","floor":39,"turns":4},{"damage":32,"enemies":"Reptomancer","floor":41,"turns":4},{"damage":6,"enemies":"Giant Head","floor":45,"turns":6},{"damage":0,"enemies":"Mind Bloom Boss Battle","floor":46,"turns":6},{"damage":24,"enemies":"Nemesis","floor":48,"turns":5},{"damage":17,"enemies":"Donu and Deca","floor":50,"turns":7},{"damage":37,"enemies":"Shield and Spear","floor":54,"turns":6},{"damage":83,"enemies":"The Heart","floor":55,"turns":13}],"seed_played":"7791796524238569275","potions_obtained":[{"floor":2,"key":"SteroidPotion"},{"floor":3,"key":"SpeedPotion"},{"floor":13,"key":"PowerPotion"},{"floor":23,"key":"Explosive Potion"},{"floor":31,"key":"Weak Potion"},{"floor":36,"key":"Regen Potion"},{"floor":48,"key":"Block Potion"},{"floor":54,"key":"ElixirPotion"}],"is_trial":false,"path_per_floor":["M","M","M","?","M","$","R","E","T","?","M","E","M","$","R","B",null,"M","?","?","$","?","E","R","$","T","M","E","$","R","M","R","B",null,"M","M","$","?","M","R","E","R","T","$","E","?","?","E","R","B",null,"R","$","E","B",null],"character_chosen":"IRONCLAD","items_purchased":["Shrug It Off","Uppercut","Inflame","Evolve","Metallicize","Ginger","Feel No Pain"],"campfire_rested":2,"item_purchase_floors":[14,14,21,29,37,53,53],"current_hp_per_floor":[96,95,90,71,63,63,63,58,58,63,62,36,40,40,70,80,101,93,93,77,77,77,77,77,77,77,83,69,69,69,67,67,73,101,101,101,101,51,63,63,37,67,74,74,74,107,107,91,91,101,112,112,112,83,31],"gold":48,"neow_bonus":"TWENTY_PERCENT_HP_BONUS","is_daily":false,"chose_seed":false,"campfire_upgraded":6,"win_rate":0.0,"timestamp":1611094682,"path_taken":["M","?","M","?","M","?","R","E","T","?","?","E","M","?","R","BOSS","M","?","?","$","?","E","R","$","T","M","E","$","R","M","R","BOSS","M","M","$","?","M","R","E","R","T","$","E","?","?","E","R","BOSS","R","$","E","BOSS"],"items_purchased_type":["Card","Card","Card","Card","Card","Relic","Card"],"build_version":"2020-12-22","purchased_purges":1,"victory":true,"max_hp_per_floor":[96,96,96,96,96,96,96,96,96,101,101,101,101,101,101,101,101,101,101,101,101,101,101,101,101,101,101,101,101,101,101,101,101,101,101,101,101,101,101,101,101,101,108,108,108,110,110,112,112,112,112,112,112,114,114],"card_choices":[{"not_picked":["Evolve","Anger"],"picked":"Armaments","floor":1},{"not_picked":["Evolve","Spot Weakness"],"picked":"Cleave","floor":2},{"not_picked":["Body Slam","Second Wind"],"picked":"Whirlwind","floor":3},{"not_picked":["Hemokinesis","Clash"],"picked":"Pommel Strike","floor":5},{"not_picked":["Rage","Sentinel"],"picked":"Headbutt","floor":8},{"not_picked":["Second Wind","Metallicize"],"picked":"Clothesline","floor":11},{"not_picked":["Clash","Wild Strike"],"picked":"Offering","floor":12},{"not_picked":["Body Slam","Heavy Blade"],"picked":"Ghostly Armor","floor":13},{"not_picked":["Impervious","Feed"],"picked":"Demon Form","floor":16},{"not_picked":["Twin Strike","Ghostly Armor+1"],"picked":"Shrug It Off","floor":18},{"not_picked":["Pommel Strike","Perfected Strike+1"],"picked":"Headbutt","floor":23},{"not_picked":["Shrug It Off","Hemokinesis+1"],"picked":"Dropkick","floor":27},{"not_picked":["Iron Wave+1","Cleave+1"],"picked":"Feel No Pain+1","floor":28},{"not_picked":["Power Through","Perfected Strike"],"picked":"Battle Trance+1","floor":31},{"not_picked":["Demon Form","Exhume"],"picked":"Barricade","floor":33},{"not_picked":["Clothesline+1","Shrug It Off"],"picked":"Dark Embrace+1","floor":35},{"not_picked":["Dropkick+1","Searing Blow"],"picked":"True Grit","floor":36},{"not_picked":["Perfected Strike+1","True Grit"],"picked":"Carnage+1","floor":38},{"not_picked":["Clash+1","Pummel+1"],"picked":"Ghostly Armor","floor":39},{"not_picked":["Clash+1","Cleave"],"picked":"True Grit+1","floor":41},{"not_picked":["Second Wind+1","Hemokinesis"],"picked":"Limit Break","floor":45},{"not_picked":["Wild Strike","Armaments+1","Headbutt+1"],"picked":"Singing Bowl","floor":46},{"not_picked":["Uppercut+1","Pummel","Spot Weakness+1"],"picked":"Singing Bowl","floor":48},{"not_picked":["Wild Strike","Clash+1","Anger+1"],"picked":"Singing Bowl","floor":54}],"player_experience":844943,"relics_obtained":[{"floor":8,"key":"Mummified Hand"},{"floor":9,"key":"Pantograph"},{"floor":12,"key":"Boot"},{"floor":20,"key":"Necronomicon"},{"floor":23,"key":"Bag of Marbles"},{"floor":28,"key":"Ancient Tea Set"},{"floor":38,"key":"Torii"},{"floor":41,"key":"PreservedInsect"},{"floor":41,"key":"MawBank"},{"floor":43,"key":"Strawberry"},{"floor":45,"key":"Singing Bowl"},{"floor":45,"key":"Whetstone"},{"floor":46,"key":"TungstenRod"},{"floor":48,"key":"Pen Nib"},{"floor":48,"key":"Self Forming Clay"},{"floor":54,"key":"Letter Opener"},{"floor":54,"key":"Nunchaku"}],"event_choices":[{"damage_healed":90,"gold_gain":0,"player_choice":"Upgrade","damage_taken":19,"max_hp_gain":0,"max_hp_loss":96,"event_name":"betterThird:BetterShining","floor":4,"gold_loss":0,"cards_upgraded":["Armaments","Defend_R"]},{"damage_healed":0,"gold_gain":0,"player_choice":"Donut","damage_taken":0,"max_hp_gain":5,"max_hp_loss":0,"event_name":"Big Fish","floor":10,"gold_loss":0},{"cards_removed":["Strike_R"],"damage_healed":0,"gold_gain":0,"player_choice":"Gave Gold","damage_taken":0,"max_hp_gain":0,"max_hp_loss":0,"event_name":"Beggar","floor":19,"gold_loss":75},{"damage_healed":0,"gold_gain":0,"player_choice":"Obtained Book","damage_taken":16,"max_hp_gain":0,"max_hp_loss":0,"event_name":"Cursed Tome","floor":20,"gold_loss":0},{"damage_healed":0,"gold_gain":0,"player_choice":"Simplicity","damage_taken":0,"max_hp_gain":0,"max_hp_loss":7,"event_name":"betterThird:BetterWriting","floor":22,"gold_loss":0},{"damage_healed":0,"gold_gain":0,"player_choice":"Fight","damage_taken":0,"max_hp_gain":0,"max_hp_loss":0,"event_name":"Mysterious Sphere","floor":38,"gold_loss":0},{"damage_healed":0,"gold_gain":0,"player_choice":"Fight","damage_taken":0,"max_hp_gain":0,"max_hp_loss":0,"event_name":"MindBloom","floor":46,"gold_loss":0},{"damage_healed":0,"gold_gain":0,"player_choice":"1 cards matched","damage_taken":0,"max_hp_gain":0,"max_hp_loss":0,"event_name":"Match and Keep!","floor":47,"gold_loss":0,"cards_obtained":["Fire Breathing"]}],"is_beta":false,"boss_relics":[{"not_picked":["Philosopher\u0027s Stone","Calling Bell"],"picked":"Mark of Pain"},{"not_picked":["Tiny House","Snecko Eye"],"picked":"Black Star"}],"items_purged_floors":[37],"is_endless":false,"potions_floor_spawned":[2,3,13,23,31,33,36,38,48,54],"ascension_level":1}}