{"host":"8g24zuco0epbjwbo","time":1611041555,"event":{"mods":["BaseMod","Downfall","Minty Spire (QoL Compilation)","Relic Stats","StSLib"],"gold_per_floor":[99,111,126,126,140,40,109,209,234,245,45,45,63,77,95,197,197,197,297,316,333,433,449,449,469,494,508,508,82,82,103,122,224,224,224,236,236,236,73,91,144,169,198,244,275,302,333,39,57,57,57,88,7,7,7,7,7],"floor_reached":56,"language":"ENG","playtime":3300,"items_purged":["downfall:Bewildered","Injury","Decay"],"score":805,"play_id":"e4b42b75-aba0-4f86-9e54-e6312f8e5963","local_time":"20210119023235","is_ascension_mode":false,"campfire_choices":[{"floor":1.0,"key":"RECALL"},{"data":"bronze:Shell","floor":6.0,"key":"SMITH"},{"floor":11.0,"key":"REST"},{"data":"bronze:HardenedForm","floor":18.0,"key":"SMITH"},{"floor":28.0,"key":"REST"},{"data":"expansioncontent:QuickStudy","floor":30.0,"key":"SMITH"},{"data":"bronze:Verify","floor":35.0,"key":"SMITH"},{"floor":54,"key":"REST"}],"circlet_count":0,"master_deck":["bronze:Strike","bronze:Strike","bronze:Strike","bronze:Strike","bronze:Defend","bronze:Defend","bronze:Defend+1","bronze:Defend","bronze:Replicate","bronze:Goto","bronze:Branch","bronze:Flail","bronze:Shell+1","CurseOfTheBell","bronze:BurnOut","bronze:BuggyMess","bronze:ItsAFeature","bronze:ThunderWave","bronze:OilSpill","bronze:ChosenStrike","bronze:Shield","bronze:HardenedForm+1","bronze:DecaBeam","bronze:Philosophize","bronze:CutThrough","bronze:WhirlingStrike","bronze:Break","bronze:Frontload+1","bronze:SpaghettiCode","bronze:ChildClass+1","expansioncontent:QuickStudy+1","bronze:MaxOutput+1","expansioncontent:StudyTheSpire","bronze:Verify+1","bronze:WhirlingStrike+1","expansioncontent:Chronoboost","bronze:ForceShield","bronze:Optimize","bronze:OilSpill+1","bronze:ForceShield+1","bronze:Boost+1","bronze:SpaghettiCode","bronze:HardenedForm"],"relics":["bronze:BronzeCore","Blood Vial","downfall:ShatteredFragment","downfall:HeartBlessingRed","Calling Bell","Orichalcum","Shuriken","Lizard Tail","Dream Catcher","downfall:HeartBlessingBlue","downfall:HeartBlessingGreen","sneckomod:SneckoTalon","Toy Ornithopter","Slimebound:PreparedRelic","Tiny Chest","sneckomod:BlankCard","bronze:MakeshiftBattery","bronze:BottledCode","War Paint","MawBank","Regal Pillow","Ice Cream","Mango"],"acts_visited":["Exordium","TheCity","TheBeyond","TheEnding"],"potions_floor_usage":[52,52,52,52,55,56],"damage_taken":[{"damage":1.0,"enemies":"Jaw Worm","floor":2.0,"turns":4.0},{"damage":0.0,"enemies":"2 Louse","floor":3.0,"turns":3.0},{"damage":0.0,"enemies":"Cultist","floor":5.0,"turns":2.0},{"damage":36.0,"enemies":"3 Sentries","floor":9.0,"turns":8.0},{"damage":9.0,"enemies":"Red Slaver","floor":10.0,"turns":4.0},{"damage":7.0,"enemies":"Blue Slaver","floor":13.0,"turns":4.0},{"damage":12.0,"enemies":"3 Louse","floor":14.0,"turns":3.0},{"damage":0.0,"enemies":"Exordium Wildlife","floor":15.0,"turns":3.0},{"damage":42.0,"enemies":"WA_ARCHETYPE_RETAIN","floor":16.0,"turns":6.0},{"damage":9.0,"enemies":"WA_ARCHETYPE_RETAIN","floor":19.0,"turns":6.0},{"damage":0.0,"enemies":"Spheric Guardian","floor":20.0,"turns":3.0},{"damage":0.0,"enemies":"3 Byrds","floor":21.0,"turns":2.0},{"damage":33.0,"enemies":"downfall:LadyInBlue","floor":22.0,"turns":10.0},{"damage":16.0,"enemies":"Snecko","floor":23.0,"turns":4.0},{"damage":0.0,"enemies":"Cultist and Chosen","floor":25.0,"turns":4.0},{"damage":21.0,"enemies":"Slavers","floor":26.0,"turns":2.0},{"damage":0.0,"enemies":"Centurion and Healer","floor":27.0,"turns":6.0},{"damage":4.0,"enemies":"downfall:FleeingMerchant","floor":29.0,"turns":4.0},{"damage":1.0,"enemies":"downfall:FleeingMerchant","floor":31.0,"turns":4.0},{"damage":13.0,"enemies":"Shelled Parasite and Fungi","floor":32.0,"turns":4.0},{"damage":0.0,"enemies":"IC_MUSHROOM_ARCHETYPE","floor":33.0,"turns":7.0},{"damage":0.0,"enemies":"3 Darklings","floor":36.0,"turns":3.0},{"damage":0.0,"enemies":"3 Shapes","floor":40.0,"turns":2.0},{"damage":1.0,"enemies":"Sphere and 2 Shapes","floor":43.0,"turns":4.0},{"damage":17.0,"enemies":"Reptomancer","floor":44.0,"turns":6.0},{"damage":0.0,"enemies":"3 Darklings","floor":45.0,"turns":3.0},{"damage":0.0,"enemies":"Spire Growth","floor":46.0,"turns":3.0},{"damage":12.0,"enemies":"Transient","floor":47.0,"turns":5.0},{"damage":3.0,"enemies":"3 Darklings","floor":49.0,"turns":3.0},{"damage":31.0,"enemies":"DF_ARCHETYPE_ORBS","floor":50.0,"turns":9.0},{"damage":73,"enemies":"downfall:CharBossMerchant","floor":52,"turns":8},{"damage":12,"enemies":"downfall:NeowBoss","floor":55,"turns":14},{"damage":102,"enemies":"downfall:NeowBossFinal","floor":56,"turns":8}],"seed_played":"-5070632898081412499","potions_obtained":[{"floor":5.0,"key":"EntropicBrew"},{"floor":10.0,"key":"bronze:FreeFunctionsPotion"},{"floor":13.0,"key":"Explosive Potion"},{"floor":16.0,"key":"EssenceOfSteel"}],"is_trial":false,"path_per_floor":["R","M","M","?","M","R","T","?","E","M","R","?","M","M","M","B",null,"R","?","M","M","?","M","T","M","E","M","R","$","R","$","M","B",null,"R","M","?","?","$","M","T","T","M","E","M","M","M","$","M","B",null,"E","$","R","B","B"],"character_chosen":"THE_AUTOMATON","items_purchased":["sneckomod:BlankCard","expansioncontent:QuickStudy","expansioncontent:StudyTheSpire","bronze:ForceShield","Ice Cream","bronze:HardenedForm"],"campfire_rested":3,"item_purchase_floors":[29,29,31,39,48,53],"current_hp_per_floor":[70,69,70,49,51,51,51,56,22,15,50,50,45,35,37,42,85,85,76,78,80,49,35,35,37,18,20,45,43,43,44,33,35,85,85,85,75,75,75,75,75,75,74,58,60,62,52,52,51,22,75,31,31,72,67,0,0],"gold":7,"neow_bonus":"RANDOM_COMMON_RELIC","is_daily":false,"chose_seed":false,"campfire_upgraded":4,"win_rate":0.0,"timestamp":1611041555,"path_taken":["R","M","M","?","M","R","T","?","E","M","R","?","M","M","M","BOSS","R","?","M","M","?","M","T","?","E","M","R","$","R","?","M","BOSS","R","M","?","?","$","M","T","?","M","E","M","M","M","$","M","BOSS","E","$","R","BOSS","BOSS"],"items_purchased_type":["Relic","Card","Card","Card","Relic","Card"],"build_version":"2020-12-22","purchased_purges":3,"victory":false,"max_hp_per_floor":[70,70,70,70,70,70,70,75,75,75,85,85,85,85,85,85,85,85,85,85,85,85,85,85,85,85,85,85,85,85,85,85,85,85,85,85,75,75,75,75,75,75,75,75,75,75,75,75,75,75,75,89,89,89,89,89,89],"relic_stats":{"Blood Vial":52,"Lizard Tail":42,"Dream Catcher":3,"Regal Pillow":15,"counters":[33,161],"Shuriken":[90],"Tiny Chest":1,"Orichalcum":[150],"War Paint":["bronze:Defend","bronze:ChildClass"],"MawBank":72,"obtain_stats":[{"Ice Cream":48,"Regal Pillow":44,"bronze:BronzeCore":0,"downfall:ShatteredFragment":4,"downfall:HeartBlessingRed":6,"sneckomod:BlankCard":29,"downfall:HeartBlessingGreen":11,"Mango":52,"Orichalcum":8,"War Paint":41,"sneckomod:SneckoTalon":17,"MawBank":42,"Blood Vial":0,"Calling Bell":8,"bronze:BottledCode":37,"Lizard Tail":8,"Dream Catcher":9,"Shuriken":8,"downfall:HeartBlessingBlue":11,"Tiny Chest":26,"Slimebound:PreparedRelic":24,"Toy Ornithopter":22,"bronze:MakeshiftBattery":34},{"Ice Cream":28,"Regal Pillow":25,"bronze:BronzeCore":0,"downfall:ShatteredFragment":2,"downfall:HeartBlessingRed":3,"sneckomod:BlankCard":18,"downfall:HeartBlessingGreen":5,"Mango":31,"Orichalcum":3,"War Paint":23,"sneckomod:SneckoTalon":9,"MawBank":23,"Blood Vial":0,"Calling Bell":3,"bronze:BottledCode":22,"Lizard Tail":3,"Dream Catcher":4,"Shuriken":3,"downfall:HeartBlessingBlue":5,"Tiny Chest":16,"Slimebound:PreparedRelic":14,"Toy Ornithopter":13,"bronze:MakeshiftBattery":21},{"Ice Cream":119,"Regal Pillow":108,"bronze:BronzeCore":0,"downfall:ShatteredFragment":7,"downfall:HeartBlessingRed":9,"sneckomod:BlankCard":78,"downfall:HeartBlessingGreen":21,"Mango":139,"Orichalcum":9,"War Paint":98,"sneckomod:SneckoTalon":37,"MawBank":98,"Blood Vial":0,"Calling Bell":9,"bronze:BottledCode":96,"Lizard Tail":9,"Dream Catcher":17,"Shuriken":9,"downfall:HeartBlessingBlue":21,"Tiny Chest":68,"Slimebound:PreparedRelic":62,"Toy Ornithopter":58,"bronze:MakeshiftBattery":93}],"Toy Ornithopter":25},"card_choices":[{"not_picked":["bronze:WildBeam","bronze:DelayedSlice"],"picked":"bronze:Branch","floor":2.0},{"not_picked":["bronze:Invalidate","bronze:ItsAFeature"],"picked":"bronze:Flail","floor":3.0},{"not_picked":["bronze:Deprecate","bronze:WildBeam"],"picked":"bronze:Shell","floor":5.0},{"not_picked":["bronze:FineTuning","bronze:Deprecate"],"picked":"bronze:BuggyMess","floor":9.0},{"not_picked":["bronze:WildBeam","bronze:Allocate"],"picked":"bronze:ItsAFeature","floor":10.0},{"not_picked":["bronze:Iterate","bronze:CutThrough"],"picked":"bronze:ThunderWave","floor":11.0},{"not_picked":["bronze:GetLatest","bronze:CutThrough"],"picked":"bronze:OilSpill","floor":13.0},{"not_picked":["bronze:BuggyMess","bronze:ForLoop"],"picked":"bronze:ChosenStrike","floor":14.0},{"not_picked":["bronze:BugBarrage","bronze:Iterate"],"picked":"bronze:Shield","floor":15.0},{"not_picked":["bronze:SpaghettiCode","bronze:Mutator"],"picked":"bronze:HardenedForm","floor":16.0},{"not_picked":[],"picked":"bronze:DecaBeam","floor":19.0},{"not_picked":["bronze:Shield+1","bronze:NullPointer+1"],"picked":"bronze:Philosophize","floor":19.0},{"not_picked":["bronze:Turbo","bronze:Iterate"],"picked":"bronze:CutThrough","floor":20.0},{"not_picked":["bronze:Iterate+1","bronze:Branch"],"picked":"bronze:WhirlingStrike","floor":21.0},{"not_picked":["bronze:WildBeam+1","bronze:Turbo"],"picked":"bronze:Break","floor":22.0},{"not_picked":["bronze:Iterate","bronze:Return","bronze:CutThrough"],"picked":"SKIP","floor":23.0},{"not_picked":["bronze:ForLoop","bronze:ClassDefault+1"],"picked":"bronze:Frontload+1","floor":25.0},{"not_picked":["bronze:BugBarrage","bronze:DelayedSlice"],"picked":"bronze:SpaghettiCode","floor":26.0},{"not_picked":["bronze:DigitalCarnage+1","bronze:Flail","bronze:ChosenStrike+1"],"picked":"SKIP","floor":27.0},{"not_picked":["bronze:Iterate+1","bronze:Overload"],"picked":"bronze:ChildClass","floor":29.0},{"not_picked":["bronze:BronzeOrb","bronze:FindAndReplace"],"picked":"bronze:MaxOutput+1","floor":31.0},{"not_picked":["bronze:ItsAFeature","bronze:Safeguard","bronze:BitShift"],"picked":"SKIP","floor":32.0},{"not_picked":["bronze:Format","bronze:HardenedForm"],"picked":"bronze:Verify","floor":33.0},{"not_picked":["bronze:Shell+1","bronze:WildBeam"],"picked":"bronze:WhirlingStrike+1","floor":36.0},{"not_picked":["expansioncontent:YouAreMine","expansioncontent:Hexaburn"],"picked":"expansioncontent:Chronoboost","floor":38.0},{"not_picked":["bronze:ClassDefault+1","bronze:BitShift+1"],"picked":"bronze:Optimize","floor":40.0},{"not_picked":["bronze:Frontload+1","bronze:Shell"],"picked":"bronze:OilSpill+1","floor":43.0},{"not_picked":["bronze:BitShift","bronze:BugBarrage","bronze:ChosenStrike"],"picked":"SKIP","floor":44.0},{"not_picked":["bronze:Shield+1","bronze:BugBarrage+1","bronze:Frontload+1"],"picked":"SKIP","floor":45.0},{"not_picked":["bronze:BronzeOrb","bronze:WhirlingStrike+1"],"picked":"bronze:ForceShield+1","floor":46.0},{"not_picked":["bronze:Overheat","bronze:ForLoop+1","bronze:FollowUp+1"],"picked":"SKIP","floor":47.0},{"not_picked":["bronze:Branch+1","bronze:FineTuning"],"picked":"bronze:Boost+1","floor":49.0},{"not_picked":["bronze:DelayedGuard+1","bronze:Overload+1"],"picked":"bronze:SpaghettiCode","floor":52}],"player_experience":455734,"relics_obtained":[{"floor":8.0,"key":"Orichalcum"},{"floor":8.0,"key":"Shuriken"},{"floor":8.0,"key":"Lizard Tail"},{"floor":9.0,"key":"Dream Catcher"},{"floor":22.0,"key":"Toy Ornithopter"},{"floor":24.0,"key":"Slimebound:PreparedRelic"},{"floor":26.0,"key":"Tiny Chest"},{"floor":41.0,"key":"War Paint"},{"floor":42.0,"key":"MawBank"},{"floor":44.0,"key":"Regal Pillow"},{"floor":52,"key":"Mango"}],"event_choices":[{"cards_removed":["Normality"],"damage_healed":0.0,"max_hp_gain":0.0,"max_hp_loss":0.0,"gold_gain":0.0,"event_name":"Living Wall","player_choice":"Forget","floor":12.0,"gold_loss":0.0,"damage_taken":0.0}],"is_beta":false,"boss_relics":[{"not_picked":["Astrolabe","Runic Dome"],"picked":"sneckomod:SneckoTalon"},{"not_picked":["Velvet Choker","Philosopher\u0027s Stone"],"picked":"bronze:MakeshiftBattery"}],"items_purged_floors":[29,31,39],"is_endless":false,"potions_floor_spawned":[5,10,13,14,16,21,23,26,32,33,36,44,45,47],"killed_by":"downfall:NeowBossFinal","ascension_level":0}}