{"host":"f9ntswufr8mq3t4y","time":1611049411,"event":{"mods":["AchievementEnabler","BaseMod","Best Route Mod","Block Reminder","Colored Map","Colored Powertips","DeckTracker","Highlight Path","Minty Spire (QoL Compilation)","Permanent Neow","Quick Restart"],"gold_per_floor":[117,67,82,102,116,116,127,127,179,30,30,47,47,66,66,170,170,180,180,180],"floor_reached":19,"language":"ENG","playtime":818,"items_purged":[],"score":193,"play_id":"c6cffbd3-dede-4aaa-80cd-a131f10ae45b","local_time":"20210119124331","is_ascension_mode":true,"campfire_choices":[{"data":"Alpha","floor":6.0,"key":"SMITH"},{"data":"Eruption","floor":8.0,"key":"SMITH"},{"data":"Conclude","floor":13.0,"key":"SMITH"},{"data":"TalkToTheHand","floor":15.0,"key":"SMITH"}],"circlet_count":0,"master_deck":["Strike_P","Strike_P","Defend_P","Defend_P","Defend_P","Eruption+1","Vigilance","Worship","Alpha+1","Worship","FlurryOfBlows","Conclude+1","Fasting2","TalkToTheHand+1","MasterReality"],"relics":["PureWater","Strawberry","Tiny Chest","VioletLotus"],"acts_visited":["Exordium","TheCity"],"potions_floor_usage":[],"damage_taken":[{"damage":2.0,"enemies":"Jaw Worm","floor":1.0,"turns":3.0},{"damage":0.0,"enemies":"Small Slimes","floor":3.0,"turns":3.0},{"damage":1.0,"enemies":"Cultist","floor":4.0,"turns":3.0},{"damage":11.0,"enemies":"2 Fungi Beasts","floor":5.0,"turns":4.0},{"damage":8.0,"enemies":"Blue Slaver","floor":7.0,"turns":3.0},{"damage":0.0,"enemies":"Lots of Slimes","floor":12.0,"turns":1.0},{"damage":0.0,"enemies":"Large Slime","floor":14.0,"turns":3.0},{"damage":25.0,"enemies":"Hexaghost","floor":16.0,"turns":9.0},{"damage":30.0,"enemies":"Shell Parasite","floor":18.0,"turns":5.0},{"damage":4,"enemies":"Chosen","floor":19,"turns":4}],"seed_played":"-1160732831962366221","potions_obtained":[{"floor":1.0,"key":"Weak Potion"},{"floor":3.0,"key":"GamblersBrew"},{"floor":4.0,"key":"BlessingOfTheForge"},{"floor":12.0,"key":"Weak Potion"},{"floor":14.0,"key":"Block Potion"}],"is_trial":false,"path_per_floor":["M","?","M","M","M","R","M","R","T","$","?","M","R","M","R","B",null,"M","M"],"character_chosen":"WATCHER","items_purchased":["Tiny Chest"],"campfire_rested":0,"item_purchase_floors":[10],"current_hp_per_floor":[70,70,70,69,58,58,50,50,57,57,57,57,57,57,57,32,79,49,45,45],"gold":180,"neow_bonus":"TRANSFORM_TWO_CARDS","is_daily":false,"chose_seed":false,"campfire_upgraded":4,"win_rate":0.0,"timestamp":1611049411,"path_taken":["M","?","M","M","M","R","M","R","T","$","?","M","R","?","R","BOSS","M","?"],"items_purchased_type":["Relic"],"build_version":"2020-12-22","purchased_purges":0,"victory":false,"max_hp_per_floor":[72,72,72,72,72,72,72,72,79,79,79,79,79,79,79,79,79,79,79,79],"card_choices":[{"not_picked":["Study","TalkToTheHand"],"picked":"Worship","floor":1.0},{"not_picked":["Adaptation","CrushJoints","PathToVictory"],"picked":"SKIP","floor":3.0},{"not_picked":["FlyingSleeves","BowlingBash"],"picked":"FlurryOfBlows","floor":4.0},{"not_picked":["Evaluate","Protect"],"picked":"Conclude","floor":5.0},{"not_picked":["EmptyBody","EmptyMind","Crescendo"],"picked":"SKIP","floor":7.0},{"not_picked":["SignatureMove","Prostrate","ThirdEye"],"picked":"SKIP","floor":12.0},{"not_picked":["SashWhip","TalkToTheHand","WaveOfTheHand"],"picked":"SKIP","floor":14.0},{"not_picked":["SashWhip","WaveOfTheHand"],"picked":"TalkToTheHand","floor":14.0},{"not_picked":["Brilliance","ConjureBlade"],"picked":"MasterReality","floor":16.0},{"not_picked":["Study+1","EmptyBody","ClearTheMind"],"picked":"SKIP","floor":18.0}],"player_experience":355354,"relics_obtained":[{"floor":9.0,"key":"Strawberry"}],"event_choices":[{"cards_removed":["Injury"],"damage_healed":0.0,"max_hp_gain":0.0,"max_hp_loss":0.0,"gold_gain":0.0,"event_name":"The Cleric","player_choice":"Card Removal","floor":2.0,"gold_loss":50.0,"damage_taken":0.0},{"damage_healed":0.0,"max_hp_gain":0.0,"max_hp_loss":0.0,"gold_gain":0.0,"cards_transformed":["Strike_P"],"event_name":"Living Wall","player_choice":"Change","floor":11.0,"gold_loss":0.0,"damage_taken":0.0,"cards_obtained":["Fasting2"]}],"is_beta":false,"boss_relics":[{"not_picked":["Velvet Choker","Ectoplasm"],"picked":"VioletLotus"}],"items_purged_floors":[],"is_endless":false,"potions_floor_spawned":[1,3,4,12,14],"killed_by":"Chosen","ascension_level":4}}