{"host":"jm9833yuloeli2yd","time":1611098223,"event":{"mods":["BaseMod","Better Altar","Better Match","Better Note","Better Sensory Stone","Better Skull","Better Third Choice","Better Vampires","BetterRewards","Colored Map","Colored Powertips","DeckTracker","Minty Spire (QoL Compilation)","Permanent Neow","Quick Restart","Slay-I","StSLib","SuperFastMode"],"gold_per_floor":[113,188,208,221,289,316,316,344,356,368,391,403,430,460,472,560,572,600,612,674,601,613,656,668,714,726,773,804,816,828,453,453,527,527,545,545,561,191,211,57,0,0,26,26,26,46,46,80,80,80,80],"floor_reached":50,"language":"ENG","playtime":1696,"items_purged":["Writhe","Masterful Stab"],"score":1293,"play_id":"74ef75b0-752d-4b1c-ad6b-8ad56b63b04f","local_time":"20210119181703","is_ascension_mode":true,"campfire_choices":[{"floor":7.0,"key":"REST"},{"data":"Bouncing Flask","floor":10.0,"key":"SMITH"},{"floor":12.0,"key":"REST"},{"data":"Catalyst","floor":15.0,"key":"SMITH"},{"data":"Bane","floor":24.0,"key":"SMITH"},{"data":"Neutralize","floor":29.0,"key":"SMITH"},{"data":"Catalyst","floor":32.0,"key":"SMITH"},{"data":"After Image","floor":42,"key":"SMITH"},{"data":"Backflip","floor":45,"key":"SMITH"},{"floor":49,"key":"RECALL"}],"circlet_count":0,"master_deck":["AscendersBane","Strike_G+1","Strike_G+1","Strike_G+1","Defend_G+1","Defend_G+1","Defend_G+1","Defend_G+1","Defend_G+1","Survivor","Neutralize+1","Slice","Bouncing Flask+1","Catalyst+1","Deadly Poison","Terror","Bane+1","Cloak And Dagger+1","Catalyst+1","After Image","Noxious Fumes","Terror+1","Expertise+1","Accuracy","Backflip+1","Venomology","Madness","Madness","Footwork+1","Calculated Gamble","After Image+1","Sadistic Nature","Dark Shackles","Night Terror"],"relics":["Ring of the Snake","Ninja Scroll","MawBank","Pantograph","Coffee Dripper","InkBottle","Juzu Bracelet","Turnip","War Paint","Ornamental Fan","Bronze Scales","Bag of Marbles","SlaversCollar","Paper Crane","Red Mask","Bag of Preparation"],"acts_visited":["Exordium","TheCity","TheBeyond"],"potions_floor_usage":[35,37,39,46,48,48,50,50,50],"damage_taken":[{"damage":5.0,"enemies":"Small Slimes","floor":1.0,"turns":4.0},{"damage":0.0,"enemies":"2 Louse","floor":3.0,"turns":2.0},{"damage":4.0,"enemies":"Jaw Worm","floor":4.0,"turns":3.0},{"damage":21.0,"enemies":"3 Sentries","floor":6.0,"turns":10.0},{"damage":22.0,"enemies":"Lagavulin","floor":8.0,"turns":4.0},{"damage":6.0,"enemies":"2 Fungi Beasts","floor":11.0,"turns":3.0},{"damage":6.0,"enemies":"3 Louse","floor":13.0,"turns":2.0},{"damage":9.0,"enemies":"Large Slime","floor":14.0,"turns":5.0},{"damage":29.0,"enemies":"Hexaghost","floor":16.0,"turns":8.0},{"damage":18.0,"enemies":"Shell Parasite","floor":18.0,"turns":5.0},{"damage":0.0,"enemies":"Gremlin Leader","floor":23.0,"turns":4.0},{"damage":0.0,"enemies":"Book of Stabbing","floor":25.0,"turns":5.0},{"damage":13.0,"enemies":"Gremlin Leader","floor":27.0,"turns":5.0},{"damage":6.0,"enemies":"2 Thieves","floor":28.0,"turns":4.0},{"damage":31,"enemies":"Collector","floor":33,"turns":7},{"damage":0,"enemies":"Orb Walker","floor":35,"turns":2},{"damage":15,"enemies":"3 Darklings","floor":37,"turns":6},{"damage":18,"enemies":"Writhing Mass","floor":39,"turns":5},{"damage":0,"enemies":"4 Shapes","floor":46,"turns":7},{"damage":0,"enemies":"Giant Head","floor":48,"turns":6},{"damage":42,"enemies":"Awakened One","floor":50,"turns":4}],"seed_played":"1460794331884476638","potions_obtained":[{"floor":1.0,"key":"PowerPotion"},{"floor":3.0,"key":"SteroidPotion"},{"floor":8.0,"key":"GhostInAJar"},{"floor":11.0,"key":"Fire Potion"},{"floor":16.0,"key":"GhostInAJar"},{"floor":23.0,"key":"EssenceOfSteel"},{"floor":25.0,"key":"BlessingOfTheForge"},{"floor":28.0,"key":"CultistPotion"},{"floor":48,"key":"Poison Potion"}],"is_trial":false,"path_per_floor":["M","?","M","M","?","E","R","E","T","R","M","R","M","M","R","B",null,"M","?","?","?","?","E","R","E","T","E","M","R","?","$","R","B",null,"M","?","M","$","M","$","?","R","T","?","R","M","?","E","R","B"],"character_chosen":"THE_SILENT","items_purchased":["Accuracy","Backflip","Bag of Marbles","Paper Crane","After Image"],"campfire_rested":2,"item_purchase_floors":[31,31,31,38,40],"current_hp_per_floor":[54,43,43,39,39,18,37,15,15,15,9,28,22,13,13,9,52,34,34,34,34,34,34,34,34,34,21,15,15,15,15,15,9,52,52,40,25,25,7,7,7,7,7,7,7,7,7,7,7,0,0],"gold":80,"neow_bonus":"THREE_CARDS","is_daily":false,"chose_seed":false,"campfire_upgraded":7,"win_rate":0.0,"timestamp":1611098223,"path_taken":["M","?","M","M","?","E","R","E","T","R","M","R","M","M","R","BOSS","M","?","?","?","?","E","R","E","T","E","M","R","?","$","R","BOSS","M","?","M","$","M","$","?","R","T","?","R","M","?","E","R","BOSS"],"items_purchased_type":["Card","Card","Relic","Relic","Card"],"build_version":"2020-12-22","purchased_purges":2,"victory":false,"max_hp_per_floor":[66,66,66,66,66,66,66,66,66,66,66,66,66,66,66,66,66,66,66,66,66,66,66,66,66,66,66,66,66,66,66,66,66,66,66,66,66,66,66,66,66,66,66,66,66,66,66,66,66,66,66],"card_choices":[{"not_picked":["Acrobatics","Caltrops"],"picked":"Slice","floor":0.0},{"not_picked":["Riddle With Holes","Distraction"],"picked":"Bouncing Flask","floor":1.0},{"not_picked":["Dodge and Roll","PiercingWail"],"picked":"All Out Attack","floor":3.0},{"not_picked":["Backflip","Endless Agony"],"picked":"Catalyst","floor":4.0},{"not_picked":["Expertise","Slice"],"picked":"Deadly Poison","floor":6.0},{"not_picked":["Slice","Caltrops"],"picked":"Terror","floor":8.0},{"not_picked":["Flechettes","Acrobatics"],"picked":"Bane","floor":11.0},{"not_picked":["Prepared","Flying Knee"],"picked":"Cloak And Dagger","floor":13.0},{"not_picked":["Caltrops","Dash"],"picked":"Catalyst","floor":14.0},{"not_picked":["Tools of the Trade","Bullet Time"],"picked":"After Image","floor":16.0},{"not_picked":["All Out Attack","Setup"],"picked":"Noxious Fumes","floor":18.0},{"not_picked":["Setup","Flying Knee","Caltrops"],"picked":"SKIP","floor":23.0},{"not_picked":["Deadly Poison","Underhanded Strike"],"picked":"Expertise+1","floor":25.0},{"not_picked":["Dagger Throw","Flying Knee","Deadly Poison"],"picked":"SKIP","floor":27.0},{"not_picked":["Eviscerate+1","Flying Knee","Deadly Poison"],"picked":"SKIP","floor":28.0},{"not_picked":["Phantasmal Killer","Night Terror"],"picked":"Venomology","floor":33},{"not_picked":["Deadly Poison+1","Concentrate","Dodge and Roll"],"picked":"SKIP","floor":35},{"not_picked":["Finisher","Endless Agony"],"picked":"Footwork+1","floor":37},{"not_picked":["Acrobatics+1","Sucker Punch+1"],"picked":"Calculated Gamble","floor":39},{"not_picked":["Magnetism","Mayhem"],"picked":"Sadistic Nature","floor":44},{"not_picked":["Madness","Deep Breath"],"picked":"Dark Shackles","floor":44},{"not_picked":["Prepared","Setup","Flying Knee"],"picked":"SKIP","floor":46},{"not_picked":["Dagger Spray","Quick Slash"],"picked":"Night Terror","floor":48}],"player_experience":1328224,"relics_obtained":[{"floor":6.0,"key":"Ninja Scroll"},{"floor":8.0,"key":"MawBank"},{"floor":9.0,"key":"Pantograph"},{"floor":23.0,"key":"Juzu Bracelet"},{"floor":25.0,"key":"Turnip"},{"floor":26.0,"key":"War Paint"},{"floor":27.0,"key":"Ornamental Fan"},{"floor":48,"key":"Bag of Preparation"}],"event_choices":[{"damage_healed":0.0,"max_hp_gain":0.0,"max_hp_loss":0.0,"gold_gain":75.0,"event_name":"betterThird:BetterGoop","player_choice":"Gold","floor":2.0,"gold_loss":0.0,"damage_taken":11.0},{"damage_healed":0.0,"max_hp_gain":0.0,"max_hp_loss":0.0,"gold_gain":68.0,"event_name":"Golden Wing","player_choice":"Gained Gold","floor":5.0,"gold_loss":0.0,"damage_taken":0.0},{"damage_healed":0.0,"max_hp_gain":0.0,"max_hp_loss":0.0,"gold_gain":0.0,"cards_transformed":["Strike_G","Strike_G"],"event_name":"Drug Dealer","player_choice":"Became Test Subject","floor":19.0,"gold_loss":0.0,"damage_taken":0.0,"cards_obtained":["Masterful Stab","Terror"]},{"damage_healed":0.0,"max_hp_gain":0.0,"max_hp_loss":0.0,"gold_gain":50.0,"event_name":"betterThird:BetterNest","player_choice":"Steal","floor":20.0,"gold_loss":0.0,"damage_taken":0.0},{"damage_healed":0.0,"max_hp_gain":0.0,"max_hp_loss":0.0,"gold_gain":0.0,"event_name":"Addict","player_choice":"Obtained Relic","floor":21.0,"gold_loss":85.0,"damage_taken":0.0,"relics_obtained":["InkBottle"]},{"damage_healed":0.0,"max_hp_gain":0.0,"max_hp_loss":8.0,"gold_gain":0.0,"event_name":"betterThird:BetterWriting","player_choice":"Simplicity","floor":22.0,"gold_loss":0.0,"damage_taken":0.0},{"damage_healed":0.0,"max_hp_gain":0.0,"max_hp_loss":0.0,"gold_gain":0.0,"event_name":"The Mausoleum","player_choice":"Opened","floor":30.0,"gold_loss":0.0,"damage_taken":0.0,"relics_obtained":["Bronze Scales"],"cards_obtained":["Writhe"]},{"damage_healed":0,"gold_gain":0,"player_choice":"Embrace Madness","damage_taken":12,"max_hp_gain":0,"max_hp_loss":0,"event_name":"Winding Halls","floor":36,"gold_loss":0,"cards_obtained":["Madness","Madness"]},{"damage_healed":0,"gold_gain":0,"player_choice":"Paid","damage_taken":0,"relics_obtained":["Red Mask"],"max_hp_gain":0,"max_hp_loss":0,"event_name":"Tomb of Lord Red Mask","floor":41,"gold_loss":57},{"damage_healed":0,"gold_gain":3,"player_choice":"1","damage_taken":0,"max_hp_gain":0,"max_hp_loss":0,"event_name":"betterStone:BetterStone","floor":44,"gold_loss":0},{"cards_removed":["All Out Attack"],"damage_healed":0,"gold_gain":0,"player_choice":"Removed Attack","damage_taken":0,"max_hp_gain":0,"max_hp_loss":0,"event_name":"Falling","floor":47,"gold_loss":0}],"is_beta":false,"boss_relics":[{"not_picked":["Pandora\u0027s Box","Tiny House"],"picked":"Coffee Dripper"},{"not_picked":["Runic Dome","Astrolabe"],"picked":"SlaversCollar"}],"items_purged_floors":[31,38],"is_endless":false,"potions_floor_spawned":[1,3,8,11,16,23,25,28,39,48],"killed_by":"Awakened One","ascension_level":20}}