{"host":"3xls0xm49ftugio7","time":1611074251,"event":{"mods":["2.2 Compatiblity","AchievementEnabler","Act Like it!","BaseMod","Bestiary","Colored Powertips","Downfall","GifTheSpireLib","Minty Spire (QoL Compilation)","Quick Restart","Relic Stats","StSLib"],"gold_per_floor":[99,116,116,132,132,132,132,149,149,59,71,96,96,114,124,221,221,221,231,231,231,37,37,37,52,37,37,57,87,87,101,114,219,219,219,229,239,256,276,176,201,216,216,116,133,162,62,62,76,76,76,76,76,76],"floor_reached":52,"language":"ENG","playtime":3203,"items_purged":["downfall:Malfunctioning","Slimebound:Strike_Slimebound"],"score":1065,"play_id":"b8393710-5cfd-49f6-bffa-a31ec7e9eeb2","local_time":"20210119183731","is_ascension_mode":true,"campfire_choices":[{"data":"Slimebound:CorrosiveSpit","floor":1.0,"key":"SMITH"},{"data":"Slimebound:SplitSpecialist","floor":6.0,"key":"SMITH"},{"floor":13.0,"key":"REST"},{"data":"Slimebound:ProtectTheBoss","floor":18.0,"key":"SMITH"},{"floor":23.0,"key":"REST"},{"floor":27.0,"key":"REST"},{"data":"Slimebound:GoopSpray","floor":30.0,"key":"SMITH"},{"floor":35.0,"key":"RECALL"},{"data":"Slimebound:Split","floor":40.0,"key":"SMITH"},{"data":"Slimebound:ViciousTackle","floor":44,"key":"SMITH"},{"floor":47,"key":"REST"}],"circlet_count":0,"master_deck":["Slimebound:Strike_Slimebound","Slimebound:Strike_Slimebound+1","Slimebound:Tackle","Slimebound:Defend_Slimebound+1","Slimebound:Defend_Slimebound+1","Slimebound:Defend_Slimebound","Slimebound:Defend_Slimebound","Slimebound:Split+1","Slimebound:CorrosiveSpit+1","Slimebound:SplitSpecialist+1","Slimebound:GoopSpray+1","Slimebound:ViciousTackle+1","Slimebound:ProtectTheBoss+1","Slimebound:SplitAcid+1","Slimebound:SplitSpecialist+1","Slimebound:SlimeBrawl+1","Slimebound:FirmFortitude+1","Slimebound:SamplingLick+1","Slimebound:Teamwork+1","Parasite","Slimebound:GoopSpray+1","Slimebound:SamplingLick+1","Slimebound:SlimeBrawl+1","Slimebound:MegaLick+1","Slimebound:LeechLife","Slimebound:LivingWall+1","Slimebound:RejuvenatingLick+1","downfall:Haunted","Slimebound:SplitSpecialist+1","expansioncontent:AwakenDeath","Slimebound:MegaLick+1"],"relics":["Runic Pyramid","Darkstone Periapt","Singing Bowl","Toxic Egg 2","Cursed Key","Enchiridion","Bottled Flame","Eternal Feather","SacredBark","downfall:HeartBlessingRed","downfall:HeartBlessingBlue","Shuriken","downfall:HeartBlessingGreen"],"acts_visited":["Exordium","TheCity","TheBeyond","TheEnding"],"potions_floor_usage":[52],"damage_taken":[{"damage":0.0,"enemies":"Cultist","floor":2.0,"turns":3.0},{"damage":12.0,"enemies":"Jaw Worm","floor":4.0,"turns":4.0},{"damage":0.0,"enemies":"2 Louse","floor":8.0,"turns":2.0},{"damage":1.0,"enemies":"downfall:FleeingMerchant","floor":10.0,"turns":4.0},{"damage":0.0,"enemies":"Large Slime","floor":11.0,"turns":4.0},{"damage":0.0,"enemies":"Lagavulin","floor":12.0,"turns":6.0},{"damage":5.0,"enemies":"Red Slaver","floor":14.0,"turns":3.0},{"damage":0.0,"enemies":"2 Fungi Beasts","floor":15.0,"turns":3.0},{"damage":7.0,"enemies":"WA_ARCHETYPE_RETAIN","floor":16.0,"turns":7.0},{"damage":21.0,"enemies":"3 Byrds","floor":19.0,"turns":3.0},{"damage":6.0,"enemies":"downfall:FleeingMerchant","floor":22.0,"turns":4.0},{"damage":0.0,"enemies":"Snecko","floor":25.0,"turns":3.0},{"damage":0.0,"enemies":"downfall:FleeingMerchant","floor":26.0,"turns":4.0},{"damage":16.0,"enemies":"Snake Plant","floor":28.0,"turns":5.0},{"damage":0.0,"enemies":"Gremlin Leader","floor":29.0,"turns":6.0},{"damage":0.0,"enemies":"Centurion and Healer","floor":31.0,"turns":4.0},{"damage":0.0,"enemies":"3 Cultists","floor":32.0,"turns":3.0},{"damage":0.0,"enemies":"DF_ARCHETYPE_CLAW","floor":33.0,"turns":9.0},{"damage":15.0,"enemies":"Orb Walker","floor":36.0,"turns":3.0},{"damage":2.0,"enemies":"3 Shapes","floor":37.0,"turns":2.0},{"damage":15.0,"enemies":"Spire Growth","floor":38.0,"turns":4.0},{"damage":7.0,"enemies":"Transient","floor":39.0,"turns":5.0},{"damage":6,"enemies":"Sphere and 2 Shapes","floor":42,"turns":5},{"damage":21,"enemies":"Jaw Worm Horde","floor":45,"turns":4},{"damage":39,"enemies":"Nemesis","floor":46,"turns":11},{"damage":12,"enemies":"3 Darklings","floor":49,"turns":5},{"damage":12,"enemies":"IC_BLOCK_ARCHETYPE","floor":50,"turns":10},{"damage":195,"enemies":"downfall:CharBossMerchant","floor":52,"turns":11}],"seed_played":"-4278820231155010306","potions_obtained":[{"floor":5.0,"key":"downfall:CursedFountainPotion"},{"floor":11.0,"key":"SpeedPotion"},{"floor":14.0,"key":"bronze:BurnAndBuffPotion"},{"floor":16.0,"key":"Slimebound:SlimedPotion"},{"floor":31.0,"key":"DuplicationPotion"},{"floor":32.0,"key":"CultistPotion"},{"floor":36.0,"key":"Regen Potion"}],"is_trial":false,"path_per_floor":["R","M","?","M","?","R","T","M","T","$","M","E","R","M","M","B",null,"R","M","?","?","$","R","T","M","$","R","M","E","R","M","M","B",null,"R","M","M","M","M","R","T","M","?","R","M","E","R","?","M","B",null,"E"],"character_chosen":"SLIMEBOUND","items_purchased":["Slimebound:Teamwork+1"],"campfire_rested":4,"item_purchase_floors":[22],"current_hp_per_floor":[59,59,59,47,47,47,47,47,47,46,48,48,67,62,62,55,64,64,43,43,27,21,41,47,47,47,68,54,54,66,68,68,68,75,77,79,81,81,74,81,87,89,89,99,92,53,98,98,89,77,95,0,0,0],"gold":76,"neow_bonus":"BOSS_RELIC","is_daily":false,"chose_seed":false,"campfire_upgraded":6,"win_rate":0.0,"timestamp":1611074251,"path_taken":["R","M","?","M","?","R","T","?","?","$","?","E","R","M","M","BOSS","R","M","?","?","$","R","T","M","?","R","M","E","R","?","M","BOSS","R","M","M","?","?","R","T","M","?","R","M","E","R","?","M","BOSS","E"],"items_purchased_type":["Card"],"build_version":"2020-12-22","purchased_purges":2,"victory":false,"max_hp_per_floor":[65,65,65,65,65,65,65,65,65,65,67,67,67,67,67,67,67,67,67,67,67,67,67,73,73,73,73,75,75,75,77,77,77,77,77,79,81,81,81,81,87,89,89,99,101,101,101,101,101,101,101,101,101,101],"relic_stats":{"Darkstone Periapt":12,"Singing Bowl":14,"counters":[28,135],"Shuriken":[0],"Eternal Feather":36,"Cursed Key":2,"obtain_stats":[{"Darkstone Periapt":7,"Singing Bowl":9,"downfall:HeartBlessingRed":40,"SacredBark":34,"Enchiridion":21,"Eternal Feather":29,"downfall:HeartBlessingGreen":47,"Cursed Key":17,"Bottled Flame":24,"downfall:HeartBlessingBlue":44,"Shuriken":46,"Slimebound:AbsorbEndCombat":0,"Toxic Egg 2":12,"Runic Pyramid":0},{"Darkstone Periapt":2,"Singing Bowl":3,"downfall:HeartBlessingRed":22,"SacredBark":18,"Enchiridion":10,"Eternal Feather":15,"downfall:HeartBlessingGreen":25,"Cursed Key":9,"Bottled Flame":11,"downfall:HeartBlessingBlue":23,"Shuriken":25,"Slimebound:AbsorbEndCombat":0,"Toxic Egg 2":6,"Runic Pyramid":0},{"Darkstone Periapt":7,"Singing Bowl":9,"downfall:HeartBlessingRed":90,"SacredBark":76,"Enchiridion":38,"Eternal Feather":60,"downfall:HeartBlessingGreen":109,"Cursed Key":35,"Bottled Flame":42,"downfall:HeartBlessingBlue":95,"Shuriken":109,"Slimebound:AbsorbEndCombat":0,"Toxic Egg 2":23,"Runic Pyramid":0}]},"card_choices":[{"not_picked":["Slimebound:GrowthPunch","Slimebound:LeechEnergy"],"picked":"Slimebound:SplitSpecialist","floor":2.0},{"not_picked":["Slimebound:ViciousTackle","Slimebound:RollThrough"],"picked":"Slimebound:GoopSpray","floor":4.0},{"not_picked":["Slimebound:HungryTackle","Slimebound:SplitMire"],"picked":"Slimebound:ViciousTackle","floor":8.0},{"not_picked":["Slimebound:Recollect","Slimebound:Dissolve"],"picked":"Slimebound:ProtectTheBoss","floor":10.0},{"not_picked":["Slimebound:AcidTongue","Slimebound:PressTheAttack","Slimebound:LevelUp"],"picked":"Singing Bowl","floor":11.0},{"not_picked":["Slimebound:ItLooksTasty","Slimebound:Nibble"],"picked":"Slimebound:SplitAcid+1","floor":12.0},{"not_picked":["Slimebound:SpikyOuterGoop","Slimebound:SamplingLick+1"],"picked":"Slimebound:SplitSpecialist+1","floor":14.0},{"not_picked":["Slimebound:Gluttony","Slimebound:SplitBruiser+1"],"picked":"Slimebound:SlimeBrawl+1","floor":15.0},{"not_picked":["Slimebound:SelfFormingGoo","Slimebound:RallyTheTroops"],"picked":"Slimebound:FirmFortitude+1","floor":16.0},{"not_picked":["Slimebound:TongueLash","Slimebound:RollThrough"],"picked":"Slimebound:SamplingLick+1","floor":19.0},{"not_picked":["Slimebound:LeechEnergy+1","Slimebound:Dissolve+1"],"picked":"Slimebound:LeechingTouch","floor":22.0},{"not_picked":["Slimebound:GrowthPunch","Slimebound:TongueLash"],"picked":"Slimebound:GoopSpray+1","floor":25.0},{"not_picked":["Slimebound:Overexert","Slimebound:DivideAndConquer+1"],"picked":"Slimebound:SamplingLick+1","floor":26.0},{"not_picked":["Slimebound:SlimeBrawl+1","Slimebound:HungryTackle+1","Slimebound:ViciousTackle"],"picked":"Singing Bowl","floor":28.0},{"not_picked":["Slimebound:RejuvenatingLick+1","Slimebound:Nibble+1"],"picked":"Slimebound:SlimeBrawl+1","floor":29.0},{"not_picked":["Slimebound:SpikyOuterGoop","Slimebound:ProtectTheBoss","Slimebound:Chomp"],"picked":"Singing Bowl","floor":31.0},{"not_picked":["Slimebound:LeechingTouch+1","Slimebound:Prepare+1"],"picked":"Slimebound:MegaLick+1","floor":32.0},{"not_picked":["Slimebound:DouseInSlime+1","Slimebound:Overexert"],"picked":"Slimebound:LeechLife","floor":33.0},{"not_picked":["Slimebound:SplitAcid+1","Slimebound:Schlurp+1","Slimebound:LeechingTouch"],"picked":"Singing Bowl","floor":36.0},{"not_picked":["Slimebound:ItLooksTasty+1","Slimebound:Grow+1","Slimebound:SplitAcid+1"],"picked":"Singing Bowl","floor":37.0},{"not_picked":["Slimebound:Schlurp+1","Slimebound:HungryTackle"],"picked":"Slimebound:LivingWall+1","floor":38.0},{"not_picked":["Slimebound:SplitMire+1","Slimebound:LeechingTouch+1"],"picked":"Slimebound:RejuvenatingLick+1","floor":39.0},{"not_picked":["Slimebound:RollThrough+1","Slimebound:ItLooksTasty","Slimebound:LivingWall+1"],"picked":"Singing Bowl","floor":42},{"not_picked":["Slimebound:DivideAndConquer","Slimebound:SplitMire+1","Slimebound:LeechEnergy+1"],"picked":"Singing Bowl","floor":45},{"not_picked":["Slimebound:BestDefense","Slimebound:DivideAndConquer"],"picked":"Slimebound:SplitSpecialist+1","floor":46},{"not_picked":["expansioncontent:YouAreMine+1","expansioncontent:Hexaburn"],"picked":"expansioncontent:AwakenDeath","floor":48},{"not_picked":["Slimebound:SplitMire+1","Slimebound:FinishingTackle"],"picked":"Slimebound:MegaLick+1","floor":49}],"player_experience":927546,"relics_obtained":[{"floor":7.0,"key":"Darkstone Periapt"},{"floor":9.0,"key":"Singing Bowl"},{"floor":12.0,"key":"Toxic Egg 2"},{"floor":21.0,"key":"Enchiridion"},{"floor":24.0,"key":"Bottled Flame"},{"floor":29.0,"key":"Eternal Feather"},{"floor":46,"key":"Shuriken"}],"event_choices":[{"damage_healed":0.0,"max_hp_gain":0.0,"max_hp_loss":0.0,"gold_gain":0.0,"event_name":"Vampires","player_choice":"Ignored","floor":20.0,"gold_loss":0.0,"damage_taken":0.0},{"cards_removed":["Slimebound:LeechingTouch"],"damage_healed":0,"gold_gain":0,"player_choice":"Removed Attack","damage_taken":0,"max_hp_gain":0,"max_hp_loss":0,"event_name":"Falling","floor":43,"gold_loss":0}],"is_beta":false,"boss_relics":[{"not_picked":["Slimebound:TarBlob","bronze:MakeshiftBattery"],"picked":"Cursed Key"},{"not_picked":["Philosopher\u0027s Stone","SlaversCollar"],"picked":"SacredBark"}],"items_purged_floors":[10,22],"is_endless":false,"potions_floor_spawned":[11,14,16,25,31,32,36,37,42],"killed_by":"downfall:CharBossMerchant","ascension_level":6}}