{"host":"h4lp0eeso8a0ssq0","time":1611021506,"event":{"mods":["2.2 Compatiblity","AchievementEnabler","BaseMod","CapriCore","Colored Map","Minty Spire (QoL Compilation)","Replay The Spire","StSLib","SuperFastMode"],"gold_per_floor":[115,127,142,161,86,114,133,133,159,190,205,215,215,328,328,430,430,444,444,455,455,455],"floor_reached":21,"language":"KOR","playtime":690,"items_purged":["Strike_P"],"score":193,"play_id":"f7bdc537-4097-4b12-a1b9-8468556f64e4","local_time":"20210119105826","is_ascension_mode":false,"campfire_choices":[{"data":"Adaptation","floor":13.0,"key":"SMITH"},{"data":"Eruption","floor":15.0,"key":"SMITH"}],"circlet_count":0,"master_deck":["Strike_P","Strike_P+1","Strike_P","Defend_P","Defend_P","Defend_P","Eruption+1","Vigilance","InnerPeace","FearNoEvil+1","Conclude","Adaptation+1","SandsOfTime","Doubt","Clumsy","AbeCurse"],"relics":["PureWater","Orichalcum","Replay:Bottled Flurry","Whetstone","Art of War","Replay:Ancient Bell","Replay:Wax Seal","Blue Candle","Peace Pipe"],"acts_visited":["Exordium","TheCity"],"potions_floor_usage":[21],"damage_taken":[{"damage":4.0,"enemies":"Cultist","floor":1.0,"turns":4.0},{"damage":0.0,"enemies":"Small Slimes","floor":2.0,"turns":2.0},{"damage":3.0,"enemies":"Jaw Worm","floor":3.0,"turns":3.0},{"damage":0.0,"enemies":"3 Louse","floor":4.0,"turns":1.0},{"damage":8.0,"enemies":"3 Sentries","floor":6.0,"turns":4.0},{"damage":0.0,"enemies":"Gremlin Gang","floor":7.0,"turns":2.0},{"damage":13.0,"enemies":"Lagavulin","floor":10.0,"turns":5.0},{"damage":0.0,"enemies":"Exordium Wildlife","floor":11.0,"turns":2.0},{"damage":0.0,"enemies":"Looter","floor":12.0,"turns":2.0},{"damage":13.0,"enemies":"Fading Forest","floor":16.0,"turns":11.0},{"damage":19.0,"enemies":"Spheric Guardian","floor":18.0,"turns":4.0},{"damage":25.0,"enemies":"2 Thieves","floor":20.0,"turns":3.0},{"damage":28,"enemies":"Shelled Parasite and Fungi","floor":21,"turns":3}],"seed_played":"5288597753318635977","potions_obtained":[{"floor":2.0,"key":"Explosive Potion"},{"floor":3.0,"key":"Strength Potion"},{"floor":4.0,"key":"Adrenaline Potion"},{"floor":16.0,"key":"Elixir"},{"floor":18.0,"key":"Adrenaline Potion"}],"is_trial":false,"path_per_floor":["M","M","M","M","$","E","M","?","T","E","M","M","R","?","R","B",null,"M","?","M","M"],"character_chosen":"WATCHER","items_purchased":[],"campfire_rested":0,"item_purchase_floors":[],"current_hp_per_floor":[68,68,65,65,65,57,57,57,57,44,44,44,44,44,44,41,72,53,53,28,0,0],"gold":455,"neow_bonus":"RANDOM_COMMON_RELIC","is_daily":false,"chose_seed":false,"campfire_upgraded":2,"win_rate":0.0,"timestamp":1611021506,"path_taken":["M","?","M","M","$","E","M","?","T","E","M","M","R","?","R","BOSS","M","?","M","?"],"items_purchased_type":[],"build_version":"2020-12-22","purchased_purges":1,"victory":false,"max_hp_per_floor":[72,72,72,72,72,72,72,72,72,72,72,72,72,72,72,72,72,72,72,72,72,72],"card_choices":[{"not_picked":["ThirdEye","ForeignInfluence"],"picked":"InnerPeace","floor":1.0},{"not_picked":["EmptyBody","Fasting2"],"picked":"FearNoEvil","floor":2.0},{"not_picked":["CutThroughFate","SashWhip"],"picked":"Conclude","floor":3.0},{"not_picked":["FearNoEvil","FlurryOfBlows"],"picked":"Adaptation","floor":4.0},{"not_picked":["Replay:Anticipation","PathToVictory","Evaluate"],"picked":"SKIP","floor":6.0},{"not_picked":["ClearTheMind","Prostrate","ThirdEye"],"picked":"SKIP","floor":7.0},{"not_picked":["Fasting2","Collect","FlyingSleeves"],"picked":"SKIP","floor":10.0},{"not_picked":["Evaluate","ThirdEye"],"picked":"SandsOfTime","floor":11.0},{"not_picked":["CarveReality","Perseverance","Worship"],"picked":"SKIP","floor":12.0},{"not_picked":["Pain","Normality"],"picked":"Doubt","floor":17.0},{"not_picked":["Looming Evil","Parasite"],"picked":"Clumsy","floor":17.0},{"not_picked":["Normality","Voices"],"picked":"AbeCurse","floor":17.0},{"not_picked":["WaveOfTheHand+1","SashWhip","EmptyBody+1"],"picked":"SKIP","floor":18.0},{"not_picked":["PathToVictory","Replay:Vibes","Pray+1"],"picked":"SKIP","floor":20.0}],"player_experience":175399,"relics_obtained":[{"floor":6.0,"key":"Replay:Bottled Flurry"},{"floor":9.0,"key":"Whetstone"},{"floor":10.0,"key":"Art of War"}],"event_choices":[{"damage_healed":0.0,"max_hp_gain":0.0,"max_hp_loss":0.0,"gold_gain":0.0,"event_name":"The Woman in Blue","player_choice":"Bought 0 Potions","floor":19.0,"gold_loss":0.0,"damage_taken":0.0}],"is_beta":false,"boss_relics":[{"not_picked":["Runic Dome","Ring of Chaos"],"picked":"Replay:Ancient Bell"},{"not_picked":["Replay:Mystery Machine","Bag of Marbles"],"picked":"Replay:Wax Seal"},{"not_picked":["Mercury Hourglass","Darkstone Periapt"],"picked":"Blue Candle"},{"not_picked":["WingedGreaves","Incense Burner"],"picked":"Peace Pipe"}],"items_purged_floors":[5],"is_endless":false,"potions_floor_spawned":[2,3,4,16,18],"killed_by":"Shelled Parasite and Fungi","ascension_level":0}}