{"host":"osfffw6eu3utmcte","time":1611071804,"event":{"mods":["BaseMod","Hermit","Minty Spire (QoL Compilation)","StSLib","The Cursed"],"gold_per_floor":[118,43,43,53,3,35,210,230,305,336,336,388,416,429,429,530,530,455,279,293,311,311,341,60,60,132,132,96,124,124,151,151,250,250,268,75,146,162,172,199,199,231,231,231,258,258,258,274,274,274],"floor_reached":51,"language":"ENG","playtime":4018,"items_purged":["Strike_B","Doubt","Strike_B"],"score":1097,"play_id":"825139bc-725d-4809-b317-1ab18b890608","local_time":"20210119165643","is_ascension_mode":true,"campfire_choices":[{"data":"Gash","floor":11.0,"key":"SMITH"},{"floor":15.0,"key":"REST"},{"data":"Creative AI","floor":30.0,"key":"SMITH"},{"data":"Blizzard","floor":32.0,"key":"SMITH"},{"floor":47,"key":"REST"},{"data":"1","floor":49,"key":"LIFT"}],"circlet_count":0,"master_deck":["Strike_B","Strike_B","Defend_B","Defend_B","Defend_B","Zap","Dualcast","Glacier","Hologram","Loop","Gash+1","Chill","Conserve Battery","Creative AI+1","Sweeping Beam","Melter+1","Gash","Thunder Strike","RitualDagger","Blizzard+1","Fission","Apotheosis","Fission","Chaos","Gash+1"],"relics":["SacredBark","Ancient Tea Set","Blood Vial","Bottled Flame","Ice Cream","Lantern","Pear","SlaversCollar","Bag of Marbles","Toy Ornithopter","Cables","Girya","Ornamental Fan","Fusion Hammer","Pocketwatch","Juzu Bracelet","Mango","TungstenRod","Orichalcum"],"acts_visited":["Exordium","TheCity","TheBeyond"],"potions_floor_usage":[46,48,50],"damage_taken":[{"damage":2.0,"enemies":"Small Slimes","floor":1.0,"turns":4.0},{"damage":0.0,"enemies":"2 Louse","floor":4.0,"turns":6.0},{"damage":24.0,"enemies":"Gremlin Nob","floor":6.0,"turns":5.0},{"damage":0.0,"enemies":"Jaw Worm","floor":8.0,"turns":7.0},{"damage":7.0,"enemies":"Lagavulin","floor":10.0,"turns":11.0},{"damage":13.0,"enemies":"Gremlin Nob","floor":13.0,"turns":4.0},{"damage":10.0,"enemies":"Exordium Thugs","floor":14.0,"turns":7.0},{"damage":45.0,"enemies":"Slime Boss","floor":16.0,"turns":24.0},{"damage":13.0,"enemies":"2 Thieves","floor":18.0,"turns":5.0},{"damage":3.0,"enemies":"Shell Parasite","floor":20.0,"turns":8.0},{"damage":15.0,"enemies":"Snecko","floor":21.0,"turns":9.0},{"damage":63.0,"enemies":"Gremlin Leader","floor":23.0,"turns":8.0},{"damage":18.0,"enemies":"Slavers","floor":29.0,"turns":3.0},{"damage":29.0,"enemies":"Book of Stabbing","floor":31.0,"turns":5.0},{"damage":14.0,"enemies":"Automaton","floor":33.0,"turns":12.0},{"damage":4.0,"enemies":"3 Shapes","floor":35.0,"turns":14.0},{"damage":3.0,"enemies":"2 Orb Walkers","floor":37.0,"turns":6.0},{"damage":5.0,"enemies":"Orb Walker","floor":38.0,"turns":4.0},{"damage":1.0,"enemies":"4 Shapes","floor":39.0,"turns":3.0},{"damage":3.0,"enemies":"Reptomancer","floor":40.0,"turns":7.0},{"damage":38,"enemies":"Giant Head","floor":42,"turns":9},{"damage":39,"enemies":"Reptomancer","floor":45,"turns":7},{"damage":0,"enemies":"Jaw Worm Horde","floor":46,"turns":1},{"damage":3,"enemies":"Sphere and 2 Shapes","floor":48,"turns":4},{"damage":75,"enemies":"Time Eater","floor":50,"turns":10}],"seed_played":"-673702702480852576","potions_obtained":[{"floor":4.0,"key":"EssenceOfDarkness"},{"floor":6.0,"key":"Explosive Potion"},{"floor":8.0,"key":"Fire Potion"},{"floor":14.0,"key":"Fruit Juice"},{"floor":23.0,"key":"ColorlessPotion"},{"floor":29.0,"key":"EntropicBrew"},{"floor":33.0,"key":"SteroidPotion"},{"floor":35.0,"key":"ColorlessPotion"},{"floor":39.0,"key":"PowerPotion"},{"floor":45,"key":"DuplicationPotion"},{"floor":48,"key":"CultistPotion"}],"is_trial":false,"path_per_floor":["M","$","?","M","?","E","?","M","T","E","R","T","E","M","R","B",null,"M","$","M","M","?","E","$","?","T","?","$","E","R","E","R","B",null,"M","$","?","M","M","E","?","E","T","?","E","M","R","M","R","B",null],"character_chosen":"DEFECT","items_purchased":["Regen Potion","Toy Ornithopter","Blizzard","Apotheosis"],"campfire_rested":2,"item_purchase_floors":[19,24,28,36],"current_hp_per_floor":[66,66,59,59,59,35,35,37,37,32,32,32,31,23,48,15,75,64,64,63,50,95,72,72,72,72,66,66,55,55,38,38,31,79,77,77,81,78,84,88,88,66,66,66,29,36,68,72,72,4],"gold":274,"neow_bonus":"BOSS_RELIC","is_daily":false,"chose_seed":false,"campfire_upgraded":3,"win_rate":0.0,"timestamp":1611071803,"path_taken":["M","$","?","M","?","E","?","M","T","E","R","?","E","M","R","BOSS","M","$","M","M","?","E","?","?","T","?","?","E","R","E","R","BOSS","M","$","?","M","M","E","?","E","T","?","E","M","R","M","R","BOSS"],"items_purchased_type":["Potion","Relic","Card","Card"],"build_version":"2020-12-22","purchased_purges":3,"victory":true,"max_hp_per_floor":[75,75,75,75,75,75,75,75,75,75,75,75,85,85,85,95,95,95,95,95,95,95,95,95,95,95,95,95,95,95,95,95,95,95,95,95,95,95,95,95,95,109,109,109,109,109,109,109,109,109],"card_choices":[{"not_picked":["Rebound","Barrage"],"picked":"Glacier","floor":1.0},{"not_picked":["Leap","Cold Snap"],"picked":"Hologram","floor":4.0},{"not_picked":["Go for the Eyes","Rebound"],"picked":"Loop","floor":6.0},{"not_picked":["Recycle","Compile Driver"],"picked":"Gash","floor":8.0},{"not_picked":["Coolheaded","Undo"],"picked":"Chill","floor":10.0},{"not_picked":["Cold Snap","Streamline"],"picked":"Fusion","floor":13.0},{"not_picked":["Steam Power","Streamline"],"picked":"Conserve Battery","floor":14.0},{"not_picked":["Core Surge","Multi-Cast"],"picked":"Creative AI","floor":16.0},{"not_picked":["Leap","Cold Snap"],"picked":"Sweeping Beam","floor":18.0},{"not_picked":["Stack","Reinforced Body"],"picked":"Melter+1","floor":20.0},{"not_picked":["Reinforced Body+1","Auto Shields"],"picked":"Gash","floor":21.0},{"not_picked":["Go for the Eyes","Beam Cell","Loop"],"picked":"SKIP","floor":23.0},{"not_picked":["Go for the Eyes","Beam Cell","Loop"],"picked":"SKIP","floor":23.0},{"not_picked":["Thunder Strike","Coolheaded","Auto Shields+1"],"picked":"SKIP","floor":29.0},{"not_picked":["Darkness","Loop"],"picked":"Gash","floor":31.0},{"not_picked":["Biased Cognition","Thunder Strike"],"picked":"Fission","floor":33.0},{"not_picked":["Conserve Battery+1","Heatsinks+1","Capacitor"],"picked":"SKIP","floor":35.0},{"not_picked":["Steam Power+1","Compile Driver+1","BootSequence"],"picked":"SKIP","floor":38.0},{"not_picked":["FTL","Darkness","Ball Lightning+1"],"picked":"SKIP","floor":39.0},{"not_picked":["Capacitor+1","Cold Snap","Sunder"],"picked":"SKIP","floor":40.0},{"not_picked":["Coolheaded","Rebound"],"picked":"Chaos","floor":42},{"not_picked":["Compile Driver+1","Machine Learning","Cold Snap+1"],"picked":"SKIP","floor":45},{"not_picked":["Beam Cell","Stack"],"picked":"Gash+1","floor":48}],"player_experience":560702,"relics_obtained":[{"floor":6.0,"key":"Blood Vial"},{"floor":9.0,"key":"Bottled Flame"},{"floor":10.0,"key":"Ice Cream"},{"floor":12.0,"key":"Lantern"},{"floor":13.0,"key":"Pear"},{"floor":23.0,"key":"Bag of Marbles"},{"floor":26.0,"key":"Cables"},{"floor":29.0,"key":"Girya"},{"floor":31.0,"key":"Ornamental Fan"},{"floor":37.0,"key":"Pocketwatch"},{"floor":40.0,"key":"Juzu Bracelet"},{"floor":42,"key":"Mango"},{"floor":43,"key":"TungstenRod"},{"floor":45,"key":"Orichalcum"}],"event_choices":[{"damage_healed":0.0,"max_hp_gain":0.0,"max_hp_loss":0.0,"gold_gain":0.0,"event_name":"Scrap Ooze","player_choice":"Success","floor":3.0,"gold_loss":0.0,"damage_taken":7.0,"relics_obtained":["Ancient Tea Set"]},{"cards_removed":["Defend_B"],"damage_healed":0.0,"max_hp_gain":0.0,"max_hp_loss":0.0,"gold_gain":0.0,"event_name":"The Cleric","player_choice":"Card Removal","floor":5.0,"gold_loss":50.0,"damage_taken":0.0},{"damage_healed":0.0,"max_hp_gain":0.0,"max_hp_loss":0.0,"gold_gain":175.0,"event_name":"Liars Game","player_choice":"AGREE","floor":7.0,"gold_loss":0.0,"damage_taken":0.0,"cards_obtained":["Doubt"]},{"cards_removed":["Fusion"],"damage_healed":45.0,"max_hp_gain":0.0,"max_hp_loss":0.0,"gold_gain":0.0,"event_name":"Bonfire Elementals","player_choice":"Offered Uncommon","floor":22.0,"gold_loss":0.0,"damage_taken":0.0},{"damage_healed":0.0,"max_hp_gain":0.0,"max_hp_loss":0.0,"gold_gain":0.0,"event_name":"The Library","player_choice":"Read","floor":25.0,"gold_loss":0.0,"damage_taken":0.0,"cards_obtained":["Thunder Strike"]},{"damage_healed":0.0,"max_hp_gain":0.0,"max_hp_loss":0.0,"gold_gain":0.0,"event_name":"Nest","player_choice":"Joined the Cult","floor":27.0,"gold_loss":0.0,"damage_taken":6.0,"cards_obtained":["RitualDagger"]},{"damage_healed":0.0,"max_hp_gain":0.0,"max_hp_loss":0.0,"gold_gain":0.0,"event_name":"Mysterious Sphere","player_choice":"Fight","floor":37.0,"gold_loss":0.0,"damage_taken":0.0},{"damage_healed":0.0,"max_hp_gain":0.0,"max_hp_loss":0.0,"gold_gain":0.0,"event_name":"Duplicator","player_choice":"Copied","floor":41.0,"gold_loss":0.0,"damage_taken":0.0,"cards_obtained":["Fission"]},{"cards_removed":["Gash"],"damage_healed":0,"gold_gain":0,"player_choice":"Removed Attack","damage_taken":0,"max_hp_gain":0,"max_hp_loss":0,"event_name":"Falling","floor":44,"gold_loss":0}],"is_beta":false,"boss_relics":[{"not_picked":["Runic Dome","Ectoplasm"],"picked":"SlaversCollar"},{"not_picked":["Cursed Key","Black Star"],"picked":"Fusion Hammer"}],"items_purged_floors":[2,19,24],"is_endless":false,"potions_floor_spawned":[4,6,8,14,23,29,33,35,39,45,48],"ascension_level":7}}