{"host":"uc0x0d8zaap3n3zi","time":1611065814,"event":{"mods":["2.2 Compatiblity","AchievementEnabler","Act Like it!","Alarm Clock","BaseMod","Colored Powertips","Downfall","Gensokyo","Marisa????????","Minty Spire (QoL Compilation)","Pale of the Ancients","Rare Cards Sparkle","Relic Stats","Spire Arcade","StSLib","The Cursed","The Hierophant","The Marked","The Servant 0.9.4","slay the spire mod where everything is the same but ironclad has a cowboy hat"],"gold_per_floor":[115,115,129,142,155,155,182,182,182,201,234,234,234,234,234,329,329,345,355,180,198,208,208,228,56,56,66,97,97,97,112,112,217,217,229,76,76,76,93,93,113,113,137,150,25,25,42,57,57,57,57],"floor_reached":50,"language":"ENG","playtime":2995,"items_purged":["theMarked:Strike","theMarked:Strike","theMarked:Strike"],"score":476,"play_id":"1edcb65b-5e1b-4ad4-8a2f-c3d9cecd987a","local_time":"20210120031654","is_ascension_mode":false,"campfire_choices":[{"data":"theMarked:RepellingDischarge","floor":6.0,"key":"SMITH"},{"data":"theMarked:Reabsorb","floor":13.0,"key":"SMITH"},{"data":"theMarked:EnhanceMovement","floor":15.0,"key":"SMITH"},{"floor":23.0,"key":"REST"},{"data":"theMarked:Defy","floor":30.0,"key":"SMITH"},{"data":"theMarked:EternalStudent","floor":32.0,"key":"SMITH"},{"data":"theMarked:Electrocute","floor":40.0,"key":"SMITH"},{"data":"theMarked:Electrocute","floor":42.0,"key":"SMITH"},{"data":"theMarked:WardOff","floor":46.0,"key":"SMITH"},{"floor":49.0,"key":"REST"}],"circlet_count":0,"master_deck":["theMarked:Strike","theMarked:Strike","theMarked:Defend","theMarked:Defend","theMarked:Defend","theMarked:Defend","theMarked:SoldierOfQuellstein+1","theMarked:RepellingDischarge+1","theMarked:EternalStudent+1","theMarked:EnhanceMovement+1","theMarked:GodGivenPower","theMarked:Reabsorb+1","theMarked:Electrocute+1","theMarked:Defy+1","theMarked:WardOff+1","theMarked:Electrocute+1","theMarked:ComboAttacks+1","theMarked:HeritageOfTheMarked","theMarked:SoldierForm","theMarked:ParalyzingBlade","Wraith","theMarked:AttractMetal+1","theMarked:RepellingDischarge"],"relics":["theMarked:ArtifactOfAir","Boot","Lantern","theMarked:Gun","Black Star","Strawberry","Singing Bowl","Meat on the Bone","theMarked:SpiritSword","Medical Kit"],"acts_visited":["Exordium","TheCity","TheBeyond"],"potions_floor_usage":[50],"damage_taken":[{"damage":0.0,"enemies":"2 Louse","floor":1.0,"turns":2.0},{"damage":0.0,"enemies":"Cultist","floor":3.0,"turns":3.0},{"damage":0.0,"enemies":"Small Slimes","floor":4.0,"turns":3.0},{"damage":0.0,"enemies":"Exordium Wildlife","floor":5.0,"turns":4.0},{"damage":6.0,"enemies":"Gremlin Nob","floor":7.0,"turns":3.0},{"damage":0.0,"enemies":"3 Louse","floor":10.0,"turns":2.0},{"damage":4.0,"enemies":"Lagavulin","floor":11.0,"turns":7.0},{"damage":17.0,"enemies":"Hexaghost","floor":16.0,"turns":6.0},{"damage":25.0,"enemies":"3 Byrds","floor":18.0,"turns":5.0},{"damage":7.0,"enemies":"2 Thieves","floor":19.0,"turns":3.0},{"damage":9.0,"enemies":"Centurion and Healer","floor":21.0,"turns":7.0},{"damage":0.0,"enemies":"Snecko","floor":22.0,"turns":3.0},{"damage":1.0,"enemies":"Chosen and Byrds","floor":24.0,"turns":6.0},{"damage":9.0,"enemies":"Snake Plant","floor":27.0,"turns":3.0},{"damage":3.0,"enemies":"Gremlin Leader","floor":28.0,"turns":8.0},{"damage":2.0,"enemies":"Cultist and Chosen","floor":31.0,"turns":3.0},{"damage":34.0,"enemies":"Champ","floor":33.0,"turns":10.0},{"damage":0.0,"enemies":"3 Shapes","floor":35.0,"turns":6.0},{"damage":26.0,"enemies":"Orb Walker","floor":39.0,"turns":5.0},{"damage":26.0,"enemies":"Sphere and 2 Shapes","floor":41.0,"turns":5.0},{"damage":7.0,"enemies":"4 Shapes","floor":44.0,"turns":6.0},{"damage":25.0,"enemies":"Spire Growth","floor":47.0,"turns":6.0},{"damage":13.0,"enemies":"Maw","floor":48.0,"turns":7.0},{"damage":93,"enemies":"Awakened One","floor":50,"turns":8}],"seed_played":"-4546371444769650852","potions_obtained":[{"floor":1.0,"key":"champ:CounterPotion"},{"floor":4.0,"key":"LiquidMemories"},{"floor":7.0,"key":"SpeedPotion"},{"floor":10.0,"key":"champ:CounterPotion"},{"floor":14.0,"key":"DistilledChaos"},{"floor":18.0,"key":"Block Potion"},{"floor":22.0,"key":"Dexterity Potion"},{"floor":35.0,"key":"PowerPotion"},{"floor":47.0,"key":"PowerPotion"}],"is_trial":false,"path_per_floor":["M","?","M","M","M","R","E","?","T","M","E","?","R","?","R","B",null,"M","M","$","M","M","R","M","$","T","M","E","?","R","M","R","B",null,"M","$","?","?","M","R","M","R","T","M","$","R","M","M","R","B"],"character_chosen":"THE_DEFAULT","items_purchased":["FairyPotion","theMarked:Electrocute","Medical Kit"],"campfire_rested":2,"item_purchase_floors":[20,25,36],"current_hp_per_floor":[70,70,70,70,70,70,64,57,57,57,53,70,70,70,70,53,70,45,38,38,29,29,50,49,49,56,47,44,44,44,42,42,20,77,77,77,77,77,51,51,39,39,39,46,46,46,33,34,58,0,0],"gold":57,"neow_bonus":"UPGRADE_CARD","is_daily":false,"chose_seed":false,"campfire_upgraded":8,"win_rate":0.0,"timestamp":1611065814,"path_taken":["M","?","?","M","?","R","E","?","T","?","E","?","R","?","R","BOSS","M","M","$","M","M","R","M","$","T","?","E","?","R","M","R","BOSS","M","$","?","?","M","R","M","R","T","M","?","R","M","M","R","BOSS"],"items_purchased_type":["Potion","Card","Relic"],"build_version":"2020-12-22","purchased_purges":3,"victory":false,"max_hp_per_floor":[70,70,70,70,70,70,70,70,70,70,70,70,70,70,70,70,70,70,70,70,70,70,70,70,70,77,77,77,77,77,77,77,77,77,77,77,77,77,77,77,79,79,79,81,81,81,81,83,83,83,83],"relic_stats":{"Singing Bowl":6,"counters":[24,118],"Black Star":1,"Boot":[10],"Medical Kit":[3],"obtain_stats":[{"theMarked:ArtifactOfAir":0,"Lantern":9,"theMarked:Gun":11,"Singing Bowl":28,"Strawberry":26,"theMarked:SpiritSword":34,"Black Star":17,"Boot":7,"Medical Kit":36,"Meat on the Bone":28},{"theMarked:ArtifactOfAir":0,"Lantern":5,"theMarked:Gun":7,"Singing Bowl":15,"Strawberry":13,"theMarked:SpiritSword":17,"Black Star":8,"Boot":5,"Medical Kit":18,"Meat on the Bone":15},{"theMarked:ArtifactOfAir":0,"Lantern":15,"theMarked:Gun":24,"Singing Bowl":65,"Strawberry":54,"theMarked:SpiritSword":77,"Black Star":30,"Boot":15,"Medical Kit":82,"Meat on the Bone":65}],"Meat on the Bone":60},"card_choices":[{"not_picked":["theMarked:Opportunist","theMarked:ElectricStrings"],"picked":"theMarked:RepellingDischarge","floor":1.0},{"not_picked":["theMarked:Aftermath","theMarked:Panic","theMarked:LightningStrikesTwice"],"picked":"SKIP","floor":3.0},{"not_picked":["theMarked:ResourceFulStrike","theMarked:Electrify"],"picked":"theMarked:EternalStudent","floor":4.0},{"not_picked":["theMarked:TunnelVision","theMarked:ElectricStrings"],"picked":"theMarked:EnhanceMovement","floor":5.0},{"not_picked":["theMarked:ShockingTouch","theMarked:TurnInvisible"],"picked":"theMarked:GodGivenPower","floor":7.0},{"not_picked":["theMarked:RepellingDischarge","theMarked:DeterminationOfTheMarked"],"picked":"theMarked:Reabsorb","floor":10.0},{"not_picked":["theMarked:UnarmedFury","theMarked:MuscleMemory"],"picked":"theMarked:Electrocute","floor":11.0},{"not_picked":["theMarked:Levitate","theMarked:FavorableWinds"],"picked":"theMarked:Defy","floor":16.0},{"not_picked":["theMarked:RepellingDischarge","theMarked:WastefulAttack","theMarked:Static"],"picked":"SKIP","floor":18.0},{"not_picked":["theMarked:ResourceFulStrike","theMarked:ChainLightning"],"picked":"theMarked:WardOff","floor":19.0},{"not_picked":["theMarked:Improvise","theMarked:WastefulDefense","theMarked:MysticalArsenal"],"picked":"SKIP","floor":21.0},{"not_picked":["theMarked:ElectricStrings","theMarked:Static+1","theMarked:Improvise"],"picked":"SKIP","floor":22.0},{"not_picked":["theMarked:BanishingStrike+1","theMarked:SoldierForm","theMarked:Standoff+1"],"picked":"SKIP","floor":24.0},{"not_picked":["theMarked:Electrify","theMarked:TakeCover","theMarked:Parkour"],"picked":"SKIP","floor":27.0},{"not_picked":["theMarked:Abjuration","theMarked:ElectricStrings"],"picked":"theMarked:ComboAttacks+1","floor":28.0},{"not_picked":["theMarked:Electrify","theMarked:GodGivenPower+1"],"picked":"theMarked:HeritageOfTheMarked","floor":31.0},{"not_picked":["theMarked:SuspiciousRaven","theMarked:ThrowWeapon"],"picked":"theMarked:SoldierForm","floor":33.0},{"not_picked":["theMarked:TwofoldDefense","theMarked:Electrify"],"picked":"theMarked:ParalyzingBlade","floor":35.0},{"not_picked":["theMarked:ElectricStrings","theMarked:Parry"],"picked":"theMarked:AttractMetal+1","floor":39.0},{"not_picked":["theMarked:HeritageOfTheMarked","theMarked:ShockingTouch+1","theMarked:Polarize"],"picked":"Singing Bowl","floor":41.0},{"not_picked":["theMarked:TwofoldDefense","theMarked:WardOff","theMarked:Parkour"],"picked":"Singing Bowl","floor":44.0},{"not_picked":["theMarked:WastefulAttack","theMarked:Frustration"],"picked":"theMarked:RepellingDischarge","floor":47.0},{"not_picked":["theMarked:Overthink+1","theMarked:HeritageOfTheMarked","theMarked:GodGivenPower+1"],"picked":"Singing Bowl","floor":48.0}],"player_experience":299866,"relics_obtained":[{"floor":7.0,"key":"Boot"},{"floor":9.0,"key":"Lantern"},{"floor":11.0,"key":"theMarked:Gun"},{"floor":26.0,"key":"Strawberry"},{"floor":28.0,"key":"Singing Bowl"},{"floor":28.0,"key":"Meat on the Bone"}],"event_choices":[{"damage_healed":0.0,"max_hp_gain":0.0,"max_hp_loss":0.0,"gold_gain":0.0,"event_name":"The Woman in Blue","player_choice":"Bought 0 Potions","floor":2.0,"gold_loss":0.0,"damage_taken":0.0},{"damage_healed":0.0,"max_hp_gain":0.0,"max_hp_loss":0.0,"gold_gain":0.0,"event_name":"Wheel of Change","player_choice":"Damaged","floor":8.0,"gold_loss":0.0,"damage_taken":7.0},{"damage_healed":23.0,"max_hp_gain":0.0,"max_hp_loss":0.0,"gold_gain":0.0,"event_name":"Big Fish","player_choice":"Banana","floor":12.0,"gold_loss":0.0,"damage_taken":0.0},{"damage_healed":0.0,"max_hp_gain":0.0,"max_hp_loss":0.0,"gold_gain":0.0,"event_name":"Lab","player_choice":"Got Potions","floor":14.0,"gold_loss":0.0,"damage_taken":0.0},{"damage_healed":0.0,"max_hp_gain":0.0,"max_hp_loss":0.0,"gold_gain":0.0,"event_name":"Vampires","player_choice":"Ignored","floor":29.0,"gold_loss":0.0,"damage_taken":0.0},{"damage_healed":0.0,"max_hp_gain":0.0,"max_hp_loss":0.0,"gold_gain":0.0,"event_name":"OrinTheCat","player_choice":"Ignored","floor":37.0,"gold_loss":0.0,"damage_taken":0.0},{"damage_healed":0.0,"max_hp_gain":0.0,"max_hp_loss":0.0,"gold_gain":0.0,"event_name":"Mysterious Sphere","player_choice":"Ignored","floor":38.0,"gold_loss":0.0,"damage_taken":0.0}],"is_beta":false,"boss_relics":[{"not_picked":["Pandora\u0027s Box","SlaversCollar"],"picked":"Black Star"},{"not_picked":["Astrolabe","bronze:MakeshiftBattery"],"picked":"theMarked:SpiritSword"}],"items_purged_floors":[20,25,45],"is_endless":false,"potions_floor_spawned":[1,4,7,10,11,18,22,27,35,47],"killed_by":"Awakened One","ascension_level":0}}