{"host":"3h5qf14xt40jhha0","time":1611039256,"event":{"mods":["AlwaysNeverKeys","BaseMod","Colored Powertips","Minty Spire (QoL Compilation)","Permanent Neow","Relic Stats","StSLib"],"gold_per_floor":[13,13,28,0,0,30,30,30,30,65,65,80,101,101,101,200,200,224,58,81,132,132,132,150,150,150],"floor_reached":25,"language":"ENG","playtime":938,"items_purged":[],"score":418,"play_id":"b755cc5c-77e6-4c6a-b53a-3be99aab3b93","local_time":"20210119015416","is_ascension_mode":true,"campfire_choices":[{"data":"Neutralize","floor":7.0,"key":"SMITH"},{"data":"Bane","floor":11.0,"key":"SMITH"},{"floor":15.0,"key":"REST"},{"data":"Die Die Die","floor":23.0,"key":"SMITH"}],"circlet_count":0,"master_deck":["AscendersBane","Strike_G","Strike_G","Defend_G","Defend_G","Defend_G","Defend_G","Defend_G","Survivor","Neutralize+1","Deadly Poison","Well Laid Plans","Quick Slash","Bane+1","Slice","Corpse Explosion","Flying Knee","Crippling Poison","Die Die Die+1","Poisoned Stab+1","Adrenaline","Blade Dance"],"relics":["Ring of the Snake","Calipers","Golden Idol","Nunchaku","InkBottle","Coffee Dripper"],"acts_visited":["Exordium","TheCity"],"potions_floor_usage":[],"damage_taken":[{"damage":0.0,"enemies":"2 Louse","floor":1.0,"turns":4.0},{"damage":3.0,"enemies":"Jaw Worm","floor":3.0,"turns":4.0},{"damage":23.0,"enemies":"Lagavulin","floor":6.0,"turns":7.0},{"damage":8.0,"enemies":"Gremlin Nob","floor":10.0,"turns":3.0},{"damage":0.0,"enemies":"Small Slimes","floor":12.0,"turns":2.0},{"damage":8.0,"enemies":"Blue Slaver","floor":13.0,"turns":3.0},{"damage":20.0,"enemies":"Slime Boss","floor":16.0,"turns":9.0},{"damage":15.0,"enemies":"Shell Parasite","floor":18.0,"turns":4.0},{"damage":0.0,"enemies":"3 Byrds","floor":20.0,"turns":2.0},{"damage":8.0,"enemies":"Snecko","floor":24.0,"turns":4.0},{"damage":26,"enemies":"Gremlin Leader","floor":25,"turns":4}],"seed_played":"5666858437476043073","potions_obtained":[{"floor":6.0,"key":"Strength Potion"},{"floor":12.0,"key":"LiquidMemories"},{"floor":13.0,"key":"Ancient Potion"},{"floor":24.0,"key":"Ancient Potion"}],"is_trial":false,"path_per_floor":["M","?","M","?","?","E","R","?","T","E","R","M","M","$","R","B",null,"M","$","M","T","?","R","M","E"],"character_chosen":"THE_SILENT","items_purchased":["Adrenaline"],"campfire_rested":1,"item_purchase_floors":[19],"current_hp_per_floor":[59,59,56,56,49,26,26,26,26,18,18,18,10,10,28,8,47,32,32,32,32,32,32,24,0,0],"gold":150,"neow_bonus":"TRANSFORM_TWO_CARDS","is_daily":false,"chose_seed":false,"campfire_upgraded":3,"win_rate":0.0,"timestamp":1611039256,"path_taken":["M","?","M","?","?","E","R","?","T","E","R","M","?","$","R","BOSS","M","$","M","?","?","R","M","E"],"items_purchased_type":["Card"],"build_version":"2020-12-22","purchased_purges":0,"victory":false,"max_hp_per_floor":[66,66,66,66,66,66,66,60,60,60,60,60,60,60,60,60,60,60,60,60,60,60,60,60,60,60],"relic_stats":{"Nunchaku":[7],"counters":[11,46],"Golden Idol":48,"obtain_stats":[{"Nunchaku":9,"Calipers":6,"Golden Idol":8,"Coffee Dripper":17,"InkBottle":10,"Ring of the Snake":0},{"Nunchaku":3,"Calipers":3,"Golden Idol":3,"Coffee Dripper":7,"InkBottle":4,"Ring of the Snake":0},{"Nunchaku":15,"Calipers":15,"Golden Idol":15,"Coffee Dripper":32,"InkBottle":18,"Ring of the Snake":0}],"InkBottle":[12],"Ring of the Snake":[22]},"card_choices":[{"not_picked":["Prepared","Blur"],"picked":"Quick Slash","floor":1.0},{"not_picked":["Well Laid Plans","Finisher"],"picked":"Bane","floor":3.0},{"not_picked":["Bane","Quick Slash"],"picked":"Slice","floor":6.0},{"not_picked":["Dagger Spray","Skewer"],"picked":"Corpse Explosion","floor":10.0},{"not_picked":["Accuracy","Acrobatics"],"picked":"Flying Knee","floor":12.0},{"not_picked":["Dodge and Roll","Unload"],"picked":"Crippling Poison","floor":13.0},{"not_picked":["Venomology","Bullet Time"],"picked":"Die Die Die","floor":16.0},{"not_picked":["Bane","Dagger Throw"],"picked":"Poisoned Stab+1","floor":18.0},{"not_picked":["Deadly Poison","Dodge and Roll"],"picked":"Blade Dance","floor":20.0},{"not_picked":["Sucker Punch","Choke","Flying Knee"],"picked":"SKIP","floor":24.0}],"player_experience":1357455,"relics_obtained":[{"floor":6.0,"key":"Calipers"},{"floor":9.0,"key":"Nunchaku"},{"floor":10.0,"key":"InkBottle"}],"event_choices":[{"damage_healed":0.0,"max_hp_gain":0.0,"max_hp_loss":0.0,"gold_gain":0.0,"cards_transformed":["Strike_G"],"event_name":"Living Wall","player_choice":"Change","floor":2.0,"gold_loss":0.0,"damage_taken":0.0,"cards_obtained":["Night Terror"]},{"damage_healed":0.0,"max_hp_gain":0.0,"max_hp_loss":0.0,"gold_gain":0.0,"event_name":"World of Goop","player_choice":"Left Gold","floor":4.0,"gold_loss":28.0,"damage_taken":0.0},{"cards_removed":["Night Terror"],"damage_healed":0.0,"max_hp_gain":0.0,"max_hp_loss":0.0,"gold_gain":0.0,"event_name":"Golden Wing","player_choice":"Card Removal","floor":5.0,"gold_loss":0.0,"damage_taken":7.0},{"damage_healed":0.0,"max_hp_gain":0.0,"max_hp_loss":6.0,"gold_gain":0.0,"event_name":"Golden Idol","player_choice":"Lose Max HP","floor":8.0,"gold_loss":0.0,"damage_taken":0.0,"relics_obtained":["Golden Idol"]},{"damage_healed":0.0,"max_hp_gain":0.0,"max_hp_loss":0.0,"gold_gain":0.0,"event_name":"The Mausoleum","player_choice":"Ignored","floor":22.0,"gold_loss":0.0,"damage_taken":0.0}],"is_beta":false,"boss_relics":[{"not_picked":["Pandora\u0027s Box","SacredBark"],"picked":"Coffee Dripper"}],"items_purged_floors":[],"is_endless":false,"potions_floor_spawned":[6,12,13,24],"killed_by":"Gremlin Leader","ascension_level":20}}