{"host":"4rvk26w7t08d5zdj","time":1611029192,"event":{"mods":["AchievementEnabler","BaseMod","Colored Powertips","Conspire","Energized Spire","GifTheSpireLib","Minty Spire (QoL Compilation)","Rare Cards Sparkle","StSLib","The Animator","The Blue Laboratory"],"gold_per_floor":[110,122,132,132,148,193,209,209,209,220,239,239,264,275,275,287,287],"floor_reached":16,"language":"ENG","playtime":1205,"items_purged":[],"score":108,"play_id":"70d3efbf-9c85-4453-9868-f996070d6f1e","local_time":"20210118200632","is_ascension_mode":false,"campfire_choices":[{"data":"animator:Aqua","floor":8,"key":"SMITH"},{"data":"animator:WinryRockbell","floor":12,"key":"SMITH"},{"data":"animator:Darkness","floor":15,"key":"SMITH"}],"circlet_count":0,"master_deck":["animator:Strike_MadokaMagica","animator:Defend_MadokaMagica","animator:Strike","animator:Strike","animator:Strike","animator:Defend","animator:Defend","animator:IrohaTamaki","animator:YuiTsuruno","animator:WinryRockbell+1","animator:IrohaTamaki","animator:Aqua+1","animator:Eris","animator:Kyubey","animator:Darkness+1","animator:YunYun","animator:MadokaKaname","animator:Saber","animator:Chris"],"relics":["animator:LivingPicture","animator:TheMissingPiece","Boot","Nunchaku"],"acts_visited":["Exordium"],"potions_floor_usage":[6,10,16,16],"damage_taken":[{"damage":1.0,"enemies":"Jaw Worm","floor":1.0,"turns":4.0},{"damage":0.0,"enemies":"Cultist","floor":2.0,"turns":4.0},{"damage":0.0,"enemies":"conspire:RoseBush","floor":3.0,"turns":4.0},{"damage":4.0,"enemies":"2 Fungi Beasts","floor":5.0,"turns":5.0},{"damage":25,"enemies":"Lagavulin","floor":6,"turns":9},{"damage":0,"enemies":"Blue Slaver","floor":7,"turns":3},{"damage":0,"enemies":"Exordium Thugs","floor":10,"turns":4},{"damage":8,"enemies":"Red Slaver","floor":11,"turns":2},{"damage":0,"enemies":"Blue Slaver","floor":13,"turns":3},{"damage":6,"enemies":"2 Fungi Beasts","floor":14,"turns":3},{"damage":77,"enemies":"The Guardian","floor":16,"turns":14}],"seed_played":"6111151989550459929","potions_obtained":[{"floor":1.0,"key":"blueLaboratory:SavagePotion"},{"floor":2.0,"key":"LiquidMemories"},{"floor":5.0,"key":"blueLaboratory:BottleOfRum"},{"floor":7,"key":"Regen Potion"},{"floor":11,"key":"SneckoOil"}],"is_trial":false,"path_per_floor":["M","M","M","?","M","E","M","R","T","M","M","R","M","M","R","B"],"character_chosen":"THE_ANIMATOR","items_purchased":[],"campfire_rested":0,"item_purchase_floors":[],"current_hp_per_floor":[71,71,71,71,68,47,52,52,52,70,69,69,72,66,66,0,0],"gold":287,"neow_bonus":"TEN_PERCENT_HP_BONUS","is_daily":false,"chose_seed":false,"campfire_upgraded":3,"win_rate":0.0,"timestamp":1611029192,"path_taken":["M","M","M","?","M","E","M","R","T","M","M","R","?","M","R","BOSS"],"items_purchased_type":[],"build_version":"2020-12-22","purchased_purges":0,"victory":false,"max_hp_per_floor":[72,72,72,72,72,72,72,72,72,72,73,73,73,73,73,73,73],"card_choices":[{"not_picked":["animator:Elsword","animator:Mitsurugi"],"picked":"animator:WinryRockbell","floor":1.0},{"not_picked":["animator:Mitsurugi","animator:ShinjiMatou"],"picked":"animator:IrohaTamaki","floor":2.0},{"not_picked":["animator:Azekura","animator:Verdia"],"picked":"animator:Aqua","floor":3.0},{"not_picked":["animator:YunYun","animator:Mitsurugi"],"picked":"animator:Eris","floor":5.0},{"not_picked":["animator:OrikoMikuni","animator:ShinjiMatou"],"picked":"animator:Kyubey","floor":6},{"not_picked":["animator:Alexander","animator:Lancer"],"picked":"animator:Darkness","floor":7},{"not_picked":["animator:Ara","animator:Vanir"],"picked":"animator:YunYun","floor":10},{"not_picked":["animator:IrohaTamaki","animator:Kyubey"],"picked":"animator:MadokaKaname","floor":11},{"not_picked":["animator:MaesHughes","animator:ElricAlphonse"],"picked":"animator:Saber","floor":13},{"not_picked":["animator:Konayuki","animator:Illya"],"picked":"animator:Chris","floor":14}],"player_experience":1053571,"relics_obtained":[{"floor":6,"key":"Boot"},{"floor":9,"key":"Nunchaku"}],"event_choices":[{"cards_removed":["animator:Defend"],"damage_healed":0.0,"max_hp_gain":0.0,"max_hp_loss":0.0,"gold_gain":0.0,"event_name":"Bonfire Elementals","player_choice":"Offered Basic","floor":4.0,"gold_loss":0.0,"damage_taken":0.0}],"is_beta":false,"boss_relics":[],"items_purged_floors":[],"is_endless":false,"potions_floor_spawned":[1,2,5,7,11],"killed_by":"The Guardian","ascension_level":0}}