{"host":"u7y6mp3waw4jt65j","time":1611054933,"event":{"mods":["ATMod(°¢èªMod)","Aspiration","BaseMod","Conspire","Dota2Spire","Jedi Mod","Minty Spire (QoL Compilation)","Replay The Spire","StSLib","¡¾ÒÅÎï¿¨ÅÆ¡¿REMEMod"],"gold_per_floor":[116,135,135,145,165,190,190,225,225,225,225,243,243,48,48,120,120,130,130,141,182,182,182,182,182],"floor_reached":24,"language":"ZHS","playtime":749,"items_purged":["Languid"],"score":432,"play_id":"f9bb33ed-2db1-4e2c-8e6e-e529d9636394","local_time":"20210119191533","is_ascension_mode":true,"campfire_choices":[{"data":"AT_FamilyPortrait","floor":7.0,"key":"SMITH"},{"data":"Infernal Blade","floor":11.0,"key":"SMITH"},{"data":"Feed","floor":13.0,"key":"SMITH"},{"data":"AT_FamilyPortrait","floor":15.0,"key":"SMITH"},{"data":"REME_WheelOfFate","floor":23.0,"key":"SMITH"}],"circlet_count":0,"master_deck":["AscendersBane","Strike_R","Strike_R","Strike_R","Strike_R","Strike_R","Defend_R","Defend_R","Defend_R","Defend_R","Bash","REME_HeartOfCthun","AT_FamilyPortrait+1","Rupture","Twin Strike","Sentinel","ReplayTheSpireMod:Muscle Training","Infernal Blade+1","Sword Boomerang","Feed+1","AT_FamilyPortrait+1","AT_IchimonjiDouble","REME_WheelOfFate+1","Pummel"],"relics":["Burning Blood","AT_ATBox","REME_ComplimentaryCards","aspiration:Nostalgia","PureWater","Dota2Spire:PowerTreads","AT_BellDemon","Bag of Preparation","Dota2Spire:DrumOfEndurance","jedi:ironblood","Dota2Spire:ShadowBlade","Pet Ghost","Mark of Pain","jedi:shrinkray","Ring of Hypnosis","ReplayTheSpireMod:Spearhead","jedi:ominousloannote","aspiration:RitualStick","Dota2Spire:Vanguard"],"acts_visited":["Exordium","TheCity"],"potions_floor_usage":[24],"damage_taken":[{"damage":0.0,"enemies":"2 Louse","floor":1.0,"turns":1.0},{"damage":0.0,"enemies":"Cultist","floor":2.0,"turns":2.0},{"damage":0.0,"enemies":"Small Slimes","floor":4.0,"turns":1.0},{"damage":0.0,"enemies":"3 Louse","floor":5.0,"turns":1.0},{"damage":26.0,"enemies":"3 Sentries","floor":6.0,"turns":3.0},{"damage":1.0,"enemies":"Gremlin Nob","floor":8.0,"turns":2.0},{"damage":0.0,"enemies":"2 Fungi Beasts","floor":12.0,"turns":1.0},{"damage":29.0,"enemies":"The Guardian","floor":16.0,"turns":3.0},{"damage":3.0,"enemies":"3 Byrds","floor":18.0,"turns":3.0},{"damage":46.0,"enemies":"Shell Parasite","floor":20.0,"turns":3.0},{"damage":28,"enemies":"Gremlin Leader","floor":24,"turns":1}],"seed_played":"-8999106852319762541","potions_obtained":[{"floor":2.0,"key":"Cursed Concoction"},{"floor":6.0,"key":"Weak Potion"},{"floor":10.0,"key":"jedi:mysterypotion"},{"floor":16.0,"key":"Dota2Spire:Clarity"}],"is_trial":false,"path_per_floor":["M","M","?","M","M","E","R","E","T","?","R","M","R","$","R","B",null,"M","?","M","$","?","R","E"],"character_chosen":"IRONCLAD","items_purchased":["AT_FamilyPortrait","jedi:ominousloannote","REME_WheelOfFate","Pummel"],"campfire_rested":0,"item_purchase_floors":[14,21,21,21],"current_hp_per_floor":[74,75,75,75,75,55,55,60,60,60,60,66,66,66,66,43,67,74,74,34,34,18,18,0,0],"gold":182,"neow_bonus":"NOSTALGIA","is_daily":false,"chose_seed":false,"campfire_upgraded":5,"win_rate":0.0,"timestamp":1611054933,"path_taken":["M","M","?","?","M","E","R","E","T","?","R","M","R","$","R","BOSS","?","?","M","$","?","R","E"],"items_purchased_type":["Card","Relic","Card","Card"],"build_version":"2020-12-22","purchased_purges":1,"victory":false,"max_hp_per_floor":[75,75,75,75,75,75,75,75,75,75,75,75,75,75,75,75,75,79,79,79,79,79,79,79,79],"card_choices":[{"not_picked":["Anger","Uppercut"],"picked":"Rupture","floor":1.0},{"not_picked":["Iron Wave","Cleave"],"picked":"Twin Strike","floor":2.0},{"not_picked":["jedi:MakeshiftSword","AT_BodySlamDance"],"picked":"Sentinel","floor":4.0},{"not_picked":["Perfected Strike","Iron Wave"],"picked":"ReplayTheSpireMod:Muscle Training","floor":5.0},{"not_picked":["Twin Strike","jedi:MakeshiftSword"],"picked":"Infernal Blade","floor":6.0},{"not_picked":["Impervious","Shrug It Off"],"picked":"Sword Boomerang","floor":8.0},{"not_picked":["ReplayTheSpireMod:Corrosion Curse","Run Through"],"picked":"Feed","floor":12.0},{"not_picked":["conspire:ExplosiveBarrier","AT_BodySlamDance","Run Through"],"picked":"SKIP","floor":18.0},{"not_picked":["Pommel Strike","Shockwave"],"picked":"AT_IchimonjiDouble","floor":20.0}],"player_experience":137862,"relics_obtained":[{"floor":3.0,"key":"Dota2Spire:PowerTreads"},{"floor":6.0,"key":"AT_BellDemon"},{"floor":8.0,"key":"Bag of Preparation"},{"floor":8.0,"key":"Dota2Spire:DrumOfEndurance"},{"floor":9.0,"key":"jedi:ironblood"},{"floor":12.0,"key":"Dota2Spire:ShadowBlade"},{"floor":16.0,"key":"Pet Ghost"},{"floor":18.0,"key":"jedi:shrinkray"},{"floor":19.0,"key":"Ring of Hypnosis"},{"floor":20.0,"key":"ReplayTheSpireMod:Spearhead"}],"event_choices":[{"damage_healed":0.0,"max_hp_gain":0.0,"max_hp_loss":0.0,"gold_gain":0.0,"event_name":"Wheel of Change","player_choice":"Relic","floor":3.0,"gold_loss":0.0,"damage_taken":0.0},{"damage_healed":0.0,"max_hp_gain":0.0,"max_hp_loss":0.0,"gold_gain":0.0,"event_name":"Lab","player_choice":"Got Potions","floor":10.0,"gold_loss":0.0,"damage_taken":0.0}],"is_beta":false,"boss_relics":[{"not_picked":["Ectoplasm","Sozu"],"picked":"Mark of Pain"}],"items_purged_floors":[21],"is_endless":false,"potions_floor_spawned":[2,6,8,16],"killed_by":"Gremlin Leader","ascension_level":14}}