{"host":"ecaj4hn004xnnrw9","time":1611057441,"event":{"mods":["AchievementEnabler","BaseMod","Better Third Choice","Card Forge","Hermit","Hubris","Infinite Spire","Jorbs\u0027s Wanderer Trilogy","Minty Spire (QoL Compilation)","Quick Restart","Relic Stats","Shop Mod","StSLib","The Construct","The Jungle","The Runesmith"],"gold_per_floor":[367,383,12,12,32,65,65,77,149,149,149,163,174,174,174,271,271,281,292,292,310,329,359,359,386,398,442,468,395,227,152,152,251,251,270,270,270,290,300,334,351,380,380,390,185,197,226,242,242,242,242,242,69,104,104],"floor_reached":56,"language":"ENG","playtime":2192,"items_purged":["Strike_G","Strike_G","Strike_G","Blade Dance"],"score":1977,"play_id":"9085a84a-e74c-4de7-87f2-847d11118a5d","local_time":"20210119115721","is_ascension_mode":true,"campfire_choices":[{"data":"Neutralize","floor":7.0,"key":"SMITH"},{"floor":11.0,"key":"REST"},{"data":"Footwork","floor":15.0,"key":"SMITH"},{"floor":24.0,"key":"REST"},{"data":"Catalyst","floor":32.0,"key":"SMITH"},{"floor":49,"key":"RECALL"},{"data":"Crippling Poison","floor":52,"key":"SMITH"}],"circlet_count":0,"master_deck":["Deadly Poison+1","Defend_G+1","Defend_G","Defend_G","Defend_G","Defend_G+1","Survivor","Neutralize+1","Footwork+1","Poisoned Stab","Poisoned Stab","infinitespire:Neurotoxin","Crippling Poison+1","Backflip","Catalyst+1","Leg Sweep+1","After Image","Footwork","Malaise","PiercingWail+1","Master of Strategy","Master of Strategy","Acrobatics+1","Burst","Corpse Explosion","Catalyst","Footwork","PiercingWail","Backflip+1"],"relics":["Ring of the Snake","Hammer of Thor","Seething Fire","Anvil of the Gods","Snake Skull","TwistedFunnel","hubris:Metronome","Dream Catcher","construct:FoamFinger","Sozu","Anchor","War Paint","MawBank","Gremlin Horn","construct:BoolHorns","infinitespire:Beetle Shell","hubris:TerracottaHorce","Ancient Tea Set","Mango","infinitespire:ShieldingShard","Paper Crane"],"acts_visited":["Exordium","TheCity","TheBeyond","TheEnding"],"potions_floor_usage":[],"damage_taken":[{"damage":0.0,"enemies":"2 Louse","floor":1.0,"turns":3.0},{"damage":0.0,"enemies":"Cultist","floor":2.0,"turns":3.0},{"damage":0.0,"enemies":"Jaw Worm","floor":5.0,"turns":3.0},{"damage":17.0,"enemies":"3 Sentries","floor":6.0,"turns":8.0},{"damage":0.0,"enemies":"2 Fungi Beasts","floor":8.0,"turns":2.0},{"damage":3.0,"enemies":"Exordium Thugs","floor":12.0,"turns":3.0},{"damage":1.0,"enemies":"Exordium Wildlife","floor":13.0,"turns":3.0},{"damage":0.0,"enemies":"Hexaghost","floor":16.0,"turns":6.0},{"damage":4.0,"enemies":"Shell Parasite","floor":18.0,"turns":4.0},{"damage":0.0,"enemies":"Spheric Guardian","floor":19.0,"turns":1.0},{"damage":2.0,"enemies":"Snake Plant","floor":21.0,"turns":3.0},{"damage":0.0,"enemies":"Centurion and Healer","floor":22.0,"turns":4.0},{"damage":19.0,"enemies":"Slavers","floor":23.0,"turns":4.0},{"damage":0.0,"enemies":"Book of Stabbing","floor":25.0,"turns":4.0},{"damage":1.0,"enemies":"Slavers","floor":27.0,"turns":4.0},{"damage":0.0,"enemies":"Snecko","floor":28.0,"turns":3.0},{"damage":34.0,"enemies":"Champ","floor":33.0,"turns":8.0},{"damage":0.0,"enemies":"3 Shapes","floor":35.0,"turns":3.0},{"damage":0.0,"enemies":"Orb Walker","floor":38.0,"turns":2.0},{"damage":2.0,"enemies":"Writhing Mass","floor":39.0,"turns":5.0},{"damage":9.0,"enemies":"Nemesis","floor":40.0,"turns":3.0},{"damage":0.0,"enemies":"3 Darklings","floor":41.0,"turns":3.0},{"damage":0.0,"enemies":"Nightmare","floor":42.0,"turns":5.0},{"damage":0,"enemies":"Sphere and 2 Shapes","floor":44,"turns":4},{"damage":0,"enemies":"Spire Growth","floor":46,"turns":3},{"damage":6,"enemies":"Giant Head","floor":47,"turns":4},{"damage":0,"enemies":"3 Darklings","floor":48,"turns":5},{"damage":1,"enemies":"Donu and Deca","floor":50,"turns":6},{"damage":28,"enemies":"Shield and Spear","floor":54,"turns":3},{"damage":41,"enemies":"The Heart","floor":55,"turns":7}],"seed_played":"8735415572294114512","potions_obtained":[{"floor":1.0,"key":"DistilledChaos"},{"floor":6.0,"key":"Dexterity Potion"},{"floor":12.0,"key":"SmokeBomb"},{"floor":13.0,"key":"ColorlessPotion"},{"floor":14.0,"key":"PowerPotion"}],"is_trial":false,"path_per_floor":["M","M","$","?","M","E","R","M","T","?","R","M","M","?","R","B",null,"M","M","AVR","M","M","E","R","E","T","E","M","?","$","?","R","B",null,"M","?","?","M","M","E","M","NM","T","M","$","M","E","M","R","B",null,"R","$","E","B",null],"character_chosen":"THE_SILENT","items_purchased":["Snake Skull","TwistedFunnel","Footwork","Burst","Catalyst","Footwork","PiercingWail"],"campfire_rested":2,"item_purchase_floors":[3,3,30,45,53,53,53],"current_hp_per_floor":[49,49,49,49,49,32,32,32,32,25,46,43,42,42,42,42,63,59,59,59,57,57,38,59,59,59,58,58,58,58,58,58,24,59,59,59,49,49,47,38,38,52,52,52,52,52,46,46,46,45,74,74,74,46,5],"gold":104,"neow_bonus":"TWO_FIFTY_GOLD","is_daily":false,"chose_seed":false,"campfire_upgraded":4,"win_rate":0.0,"timestamp":1611057441,"path_taken":["M","M","$","?","?","E","R","M","T","?","R","M","M","?","R","BOSS","M","M","AVR","M","M","E","R","E","T","E","M","?","$","?","R","BOSS","M","?","?","M","M","E","M","NM","T","M","$","M","E","M","R","BOSS","R","$","E","BOSS"],"items_purchased_type":["Relic","Relic","Card","Card","Card","Card","Card"],"build_version":"2020-12-22","purchased_purges":4,"victory":true,"max_hp_per_floor":[70,70,70,70,70,70,70,70,70,70,70,70,70,70,70,70,70,70,70,70,70,70,70,70,70,70,70,70,70,70,70,70,70,70,70,70,70,70,70,70,70,84,84,84,84,84,84,84,84,84,84,84,84,84,84],"relic_stats":{"Sozu":10,"Dream Catcher":2,"Gremlin Horn":[10,10],"counters":[30,119],"Snake Skull":[223],"War Paint":["Defend_G","Defend_G"],"MawBank":60,"obtain_stats":[{"TwistedFunnel":3,"construct:BoolHorns":27,"hubris:Metronome":4,"construct:FoamFinger":9,"Gremlin Horn":26,"Mango":42,"Hammer of Thor":0,"Snake Skull":3,"infinitespire:Beetle Shell":29,"Seething Fire":0,"War Paint":23,"Paper Crane":54,"MawBank":25,"Ancient Tea Set":40,"hubris:TerracottaHorce":34,"Sozu":17,"Dream Catcher":6,"Anchor":20,"infinitespire:ShieldingShard":47,"Anvil of the Gods":0,"Ring of the Snake":0},{"TwistedFunnel":2,"construct:BoolHorns":15,"hubris:Metronome":2,"construct:FoamFinger":5,"Gremlin Horn":14,"Mango":23,"Hammer of Thor":0,"Snake Skull":2,"infinitespire:Beetle Shell":16,"Seething Fire":0,"War Paint":13,"Paper Crane":29,"MawBank":14,"Ancient Tea Set":21,"hubris:TerracottaHorce":17,"Sozu":8,"Dream Catcher":4,"Anchor":10,"infinitespire:ShieldingShard":26,"Anvil of the Gods":0,"Ring of the Snake":0},{"TwistedFunnel":6,"construct:BoolHorns":55,"hubris:Metronome":6,"construct:FoamFinger":19,"Gremlin Horn":51,"Mango":87,"Hammer of Thor":0,"Snake Skull":6,"infinitespire:Beetle Shell":58,"Seething Fire":0,"War Paint":47,"Paper Crane":112,"MawBank":51,"Ancient Tea Set":79,"hubris:TerracottaHorce":66,"Sozu":31,"Dream Catcher":17,"Anchor":36,"infinitespire:ShieldingShard":98,"Anvil of the Gods":0,"Ring of the Snake":0}],"Ring of the Snake":[60]},"card_choices":[{"not_picked":["Caltrops","Quick Slash"],"picked":"Blade Dance","floor":1.0},{"not_picked":["Blade Dance","Crippling Poison"],"picked":"Footwork","floor":2.0},{"not_picked":["Sucker Punch","Setup"],"picked":"Poisoned Stab","floor":5.0},{"not_picked":["Tactician","Heel Hook"],"picked":"Blade Dance","floor":6.0},{"not_picked":["Accuracy","Masterful Stab"],"picked":"Poisoned Stab","floor":8.0},{"not_picked":["Prepared","Deadly Poison"],"picked":"infinitespire:Neurotoxin","floor":11.0},{"not_picked":["hubris:SlightOfHand","Quick Slash","Sucker Punch"],"picked":"SKIP","floor":12.0},{"not_picked":["Bane","Dagger Throw","Flying Knee"],"picked":"SKIP","floor":13.0},{"not_picked":["Cloak And Dagger","Dagger Throw","Finisher"],"picked":"SKIP","floor":18.0},{"not_picked":["Sucker Punch","Backstab"],"picked":"Crippling Poison","floor":19.0},{"not_picked":["Blade Dance","Outmaneuver","hubris:Counter"],"picked":"SKIP","floor":21.0},{"not_picked":["Bane+1","Concentrate","Storm of Steel"],"picked":"SKIP","floor":22.0},{"not_picked":["hubris:Sniper","Backstab"],"picked":"Backflip","floor":23.0},{"not_picked":["Sucker Punch","Predator"],"picked":"Catalyst","floor":25.0},{"not_picked":["Acrobatics+1","hubris:SlightOfHand"],"picked":"Leg Sweep+1","floor":27.0},{"not_picked":["Deadly Poison+1","Outmaneuver"],"picked":"After Image","floor":28.0},{"not_picked":["infinitespire:Neurotoxin","Wraith Form v2"],"picked":"Malaise","floor":33.0},{"not_picked":["Backstab","Reflex"],"picked":"PiercingWail+1","floor":35.0},{"not_picked":["Flash of Steel","Dark Shackles"],"picked":"Master of Strategy","floor":37.0},{"not_picked":["Panacea","PanicButton"],"picked":"Master of Strategy","floor":37.0},{"not_picked":["hubris:SlightOfHand+1","Slice+1","Deadly Poison"],"picked":"SKIP","floor":38.0},{"not_picked":["Deadly Poison","Prepared","Infinite Blades"],"picked":"SKIP","floor":39.0},{"not_picked":["Slice","Wraith Form v2","Dagger Spray+1"],"picked":"SKIP","floor":40.0},{"not_picked":["Slice","Wraith Form v2","Dagger Spray+1"],"picked":"SKIP","floor":40.0},{"not_picked":["Quick Slash","hubris:SlightOfHand","Deflect"],"picked":"SKIP","floor":41.0},{"not_picked":["Choke","Slice"],"picked":"Acrobatics+1","floor":42.0},{"not_picked":["Outmaneuver+1","Slice","Masterful Stab"],"picked":"SKIP","floor":44},{"not_picked":["Deflect+1","Outmaneuver+1","Accuracy+1"],"picked":"SKIP","floor":46},{"not_picked":["Bane+1","All Out Attack+1","Eviscerate"],"picked":"SKIP","floor":47},{"not_picked":["Riddle With Holes+1","Crippling Poison+1"],"picked":"Corpse Explosion","floor":48},{"not_picked":["Dagger Throw","Underhanded Strike+1"],"picked":"Backflip+1","floor":54}],"player_experience":369499,"relics_obtained":[{"floor":6.0,"key":"Dream Catcher"},{"floor":9.0,"key":"construct:FoamFinger"},{"floor":23.0,"key":"War Paint"},{"floor":25.0,"key":"MawBank"},{"floor":26.0,"key":"Gremlin Horn"},{"floor":27.0,"key":"construct:BoolHorns"},{"floor":40.0,"key":"Ancient Tea Set"},{"floor":42.0,"key":"Mango"},{"floor":47,"key":"infinitespire:ShieldingShard"},{"floor":54,"key":"Paper Crane"}],"event_choices":[{"cards_removed":["Blade Dance"],"damage_healed":0.0,"max_hp_gain":0.0,"max_hp_loss":0.0,"gold_gain":0.0,"event_name":"WeMeetAgain","player_choice":"Gave Card","floor":4.0,"gold_loss":0.0,"damage_taken":0.0,"relics_obtained":["hubris:Metronome"]},{"cards_removed":["Strike_G"],"damage_healed":0.0,"max_hp_gain":0.0,"max_hp_loss":0.0,"gold_gain":0.0,"event_name":"Golden Wing","player_choice":"Card Removal","floor":10.0,"gold_loss":0.0,"damage_taken":7.0},{"damage_healed":0.0,"max_hp_gain":0.0,"max_hp_loss":0.0,"gold_gain":0.0,"event_name":"Lab","player_choice":"Got Potions","floor":14.0,"gold_loss":0.0,"damage_taken":0.0},{"damage_healed":0.0,"max_hp_gain":0.0,"max_hp_loss":0.0,"gold_gain":0.0,"event_name":"Addict","player_choice":"Obtained Relic","floor":29.0,"gold_loss":85.0,"damage_taken":0.0,"relics_obtained":["infinitespire:Beetle Shell"]},{"cards_removed":["Strike_G"],"damage_healed":0.0,"max_hp_gain":0.0,"max_hp_loss":0.0,"gold_gain":0.0,"event_name":"Beggar","player_choice":"Gave Gold","floor":31.0,"gold_loss":75.0,"damage_taken":0.0},{"damage_healed":0.0,"max_hp_gain":0.0,"max_hp_loss":0.0,"gold_gain":0.0,"event_name":"Tomb of Lord Red Mask","player_choice":"Ignored","floor":36.0,"gold_loss":0.0,"damage_taken":0.0},{"damage_healed":0.0,"max_hp_gain":0.0,"max_hp_loss":0.0,"gold_gain":0.0,"event_name":"SensoryStone","player_choice":"Memory 3","floor":37.0,"gold_loss":0.0,"damage_taken":10.0}],"is_beta":false,"boss_relics":[{"not_picked":["HoveringKite","WristBlade"],"picked":"Sozu"},{"not_picked":["Pandora\u0027s Box","Cursed Key"],"picked":"hubris:TerracottaHorce"}],"items_purged_floors":[3,20,30,45],"is_endless":false,"potions_floor_spawned":[1,6,12,13,18,19,21,23,25,39,40,44,47,48],"ascension_level":10}}