{"host":"1m3dfme8k5w8sg4k","time":1611098162,"event":{"mods":["AchievementEnabler","BaseMod","Colored Map","Colored Powertips","Minty Spire (QoL Compilation)","Random Character Button","Random Character Mod","Relic Stats","StSLib","everything is the same but u backflip on backflip"],"gold_per_floor":[144,144,189,189,234,234,279,279,304,394,439,484,574,619,619,919,919,964,1009,379,424,469,469,559,559,584,584,629,229,229,349,349,649,649,754,799,868,443,488,578,683,773,798,843,843,933,144,144,144,144],"floor_reached":51,"language":"ENG","playtime":3078,"items_purged":["Transmutation","Mind Blast","Judgement+1","Impatience"],"score":964,"play_id":"bc96703c-0036-4b12-916b-e2119b5b1693","local_time":"20210119181602","daily_mods":["Allstar","Time Dilation","Midas"],"is_ascension_mode":false,"campfire_choices":[{"floor":6,"key":"REST"},{"floor":8,"key":"REST"},{"floor":15,"key":"REST"},{"floor":23,"key":"REST"},{"floor":25,"key":"REST"},{"floor":30,"key":"REST"},{"floor":32,"key":"REST"},{"floor":45,"key":"REST"},{"floor":49,"key":"REST"}],"circlet_count":0,"master_deck":["Eruption","Vigilance+1","Secret Technique","Bandage Up","SandsOfTime","DeusExMachina","EmptyMind","Wireheading","Weave","ThirdEye","FearNoEvil","CutThroughFate+1","FlurryOfBlows","ClearTheMind","Halt+1","Apotheosis","LikeWater","Adaptation","Omniscience","MasterReality+1","Omniscience","LessonLearned","EmptyFist","Devotion","Ragnarok","Meditate","Indignation","Wish","Tantrum+1","MentalFortress"],"relics":["PureWater","Boot","Damaru","Lantern","Runic Pyramid","Ice Cream","Ornamental Fan","Orichalcum","StoneCalendar","Dead Branch","Pandora\u0027s Box","Ginger","Medical Kit","Ancient Tea Set","Question Card","Mercury Hourglass","Oddly Smooth Stone","TeardropLocket","Melange","Shovel","Regal Pillow"],"acts_visited":["Exordium","TheCity","TheBeyond"],"potions_floor_usage":[10,11,19,19,24,37,50,50,50],"damage_taken":[{"damage":0,"enemies":"Small Slimes","floor":1,"turns":3},{"damage":10,"enemies":"Jaw Worm","floor":3,"turns":5},{"damage":0,"enemies":"2 Louse","floor":5,"turns":1},{"damage":0,"enemies":"2 Fungi Beasts","floor":7,"turns":2},{"damage":27,"enemies":"3 Sentries","floor":10,"turns":6},{"damage":0,"enemies":"Blue Slaver","floor":11,"turns":1},{"damage":8,"enemies":"Red Slaver","floor":12,"turns":2},{"damage":0,"enemies":"Lagavulin","floor":13,"turns":4},{"damage":0,"enemies":"Looter","floor":14,"turns":1},{"damage":37,"enemies":"Hexaghost","floor":16,"turns":6},{"damage":13,"enemies":"Spheric Guardian","floor":18,"turns":5},{"damage":1,"enemies":"3 Byrds","floor":19,"turns":3},{"damage":22,"enemies":"Shelled Parasite and Fungi","floor":21,"turns":4},{"damage":9,"enemies":"Snake Plant","floor":22,"turns":4},{"damage":37,"enemies":"Gremlin Leader","floor":24,"turns":7},{"damage":0,"enemies":"Sentry and Sphere","floor":28,"turns":5},{"damage":26,"enemies":"Slavers","floor":31,"turns":6},{"damage":0,"enemies":"Champ","floor":33,"turns":5},{"damage":1,"enemies":"3 Shapes","floor":35,"turns":2},{"damage":6,"enemies":"Orb Walker","floor":36,"turns":2},{"damage":22,"enemies":"2 Orb Walkers","floor":37,"turns":4},{"damage":9,"enemies":"Transient","floor":39,"turns":5},{"damage":0,"enemies":"Nemesis","floor":40,"turns":1},{"damage":0,"enemies":"Maw","floor":41,"turns":5},{"damage":19,"enemies":"Giant Head","floor":42,"turns":7},{"damage":15,"enemies":"Writhing Mass","floor":44,"turns":4},{"damage":0,"enemies":"Reptomancer","floor":46,"turns":2},{"damage":55,"enemies":"Donu and Deca","floor":50,"turns":4}],"seed_played":"3706737729498028133","potions_obtained":[{"floor":1,"key":"Strength Potion"},{"floor":3,"key":"FearPotion"},{"floor":11,"key":"AttackPotion"},{"floor":16,"key":"Explosive Potion"},{"floor":18,"key":"SpeedPotion"},{"floor":22,"key":"DistilledChaos"},{"floor":33,"key":"ColorlessPotion"},{"floor":35,"key":"DuplicationPotion"},{"floor":41,"key":"SpeedPotion"},{"floor":42,"key":"Swift Potion"},{"floor":46,"key":"Strength Potion"}],"is_trial":false,"path_per_floor":["M","?","M","?","M","R","M","R","T","E","M","M","E","M","R","B",null,"M","M","$","M","M","R","E","R","T","?","M","$","R","E","R","B",null,"M","M","?","$","M","E","M","E","T","M","R","E","$","?","R","B",null],"character_chosen":"WATCHER","items_purchased":["Ice Cream","Apotheosis","LikeWater","StoneCalendar","Medical Kit","Ancient Tea Set","Melange","MentalFortress","Shovel","Regal Pillow"],"campfire_rested":9,"item_purchase_floors":[20,20,20,29,38,38,47,47,47,47],"current_hp_per_floor":[72,77,71,71,71,77,77,77,77,54,54,46,50,50,73,40,77,68,71,71,55,50,73,42,65,65,65,71,71,77,57,77,77,77,76,71,49,49,46,50,56,41,41,32,55,55,55,55,77,28],"gold":144,"neow_bonus":"","is_daily":true,"chose_seed":false,"campfire_upgraded":0,"win_rate":0.0,"timestamp":1611098162,"path_taken":["M","?","M","?","M","R","M","R","T","E","M","M","E","M","R","BOSS","M","M","$","M","M","R","E","R","T","?","M","$","R","E","R","BOSS","M","M","?","$","M","E","M","E","T","M","R","E","$","?","R","BOSS"],"items_purchased_type":["Relic","Card","Card","Relic","Relic","Relic","Relic","Card","Relic","Relic"],"build_version":"2020-12-22","purchased_purges":4,"victory":true,"max_hp_per_floor":[72,77,77,77,77,77,77,77,77,77,77,77,77,77,77,77,77,77,77,77,77,77,77,77,77,77,77,77,77,77,77,77,77,77,77,77,77,77,77,77,77,77,77,77,77,77,77,77,77,77],"relic_stats":{"Regal Pillow":0,"counters":[28,106],"Dead Branch":[98],"Melange":[0],"StoneCalendar":[0],"Ginger":[7],"Orichalcum":[60],"Boot":[33],"Medical Kit":[0],"Question Card":4,"Mercury Hourglass":[42],"Shovel":0,"Ornamental Fan":[92],"Pandora\u0027s Box":["Judgement","Omniscience","LessonLearned","EmptyFist","Devotion","Ragnarok","Meditate"],"obtain_stats":[{"Ice Cream":20,"Lantern":13,"Regal Pillow":47,"Dead Branch":31,"Damaru":10,"Oddly Smooth Stone":43,"Melange":47,"StoneCalendar":29,"Ginger":37,"TeardropLocket":46,"Orichalcum":26,"Boot":9,"Medical Kit":38,"Ancient Tea Set":38,"Question Card":40,"Mercury Hourglass":42,"Shovel":47,"Ornamental Fan":24,"Pandora\u0027s Box":34,"PureWater":0,"Runic Pyramid":17},{"Ice Cream":12,"Lantern":8,"Regal Pillow":27,"Dead Branch":17,"Damaru":5,"Oddly Smooth Stone":25,"Melange":27,"StoneCalendar":16,"Ginger":21,"TeardropLocket":27,"Orichalcum":15,"Boot":4,"Medical Kit":21,"Ancient Tea Set":21,"Question Card":23,"Mercury Hourglass":25,"Shovel":27,"Ornamental Fan":15,"Pandora\u0027s Box":18,"PureWater":0,"Runic Pyramid":10},{"Ice Cream":39,"Lantern":24,"Regal Pillow":102,"Dead Branch":65,"Damaru":17,"Oddly Smooth Stone":96,"Melange":102,"StoneCalendar":59,"Ginger":78,"TeardropLocket":102,"Orichalcum":54,"Boot":11,"Medical Kit":78,"Ancient Tea Set":78,"Question Card":84,"Mercury Hourglass":96,"Shovel":102,"Ornamental Fan":54,"Pandora\u0027s Box":70,"PureWater":0,"Runic Pyramid":31}]},"card_choices":[{"not_picked":["Prostrate","Evaluate"],"picked":"SandsOfTime","floor":1},{"not_picked":["PathToVictory","Weave"],"picked":"DeusExMachina","floor":3},{"not_picked":["ClearTheMind","Evaluate"],"picked":"Wireheading","floor":5},{"not_picked":["Evaluate","Crescendo"],"picked":"Weave","floor":7},{"not_picked":["Crescendo","BattleHymn"],"picked":"ThirdEye","floor":10},{"not_picked":["DevaForm","FlyingSleeves"],"picked":"FearNoEvil","floor":11},{"not_picked":["BowlingBash","JustLucky"],"picked":"CutThroughFate","floor":12},{"not_picked":["EmptyBody","Perseverance"],"picked":"FlurryOfBlows","floor":13},{"not_picked":["FollowUp","Prostrate"],"picked":"ClearTheMind","floor":14},{"not_picked":["Ragnarok","Scrawl"],"picked":"Wish","floor":16},{"not_picked":["Crescendo","CutThroughFate+1","FollowUp"],"picked":"SKIP","floor":18},{"not_picked":["Prostrate","CutThroughFate"],"picked":"Halt","floor":19},{"not_picked":["FollowUp","ClearTheMind"],"picked":"Adaptation","floor":21},{"not_picked":["CutThroughFate","EmptyBody+1","Halt"],"picked":"SKIP","floor":22},{"not_picked":["ThirdEye","Halt","Establishment"],"picked":"SKIP","floor":24},{"not_picked":["Halt+1","EmptyFist","Study"],"picked":"SKIP","floor":28},{"not_picked":["SandsOfTime","Vengeance"],"picked":"Omniscience","floor":31},{"not_picked":["Blasphemy","Alpha"],"picked":"MasterReality","floor":33},{"not_picked":["FlurryOfBlows","SashWhip+1"],"picked":"Indignation","floor":35},{"not_picked":["Evaluate+1","CrushJoints+1","JustLucky"],"picked":"SKIP","floor":36},{"not_picked":["SignatureMove+1","Worship+1","EmptyFist+1"],"picked":"SKIP","floor":39},{"not_picked":["WheelKick","Consecrate","PathToVictory+1"],"picked":"SKIP","floor":40},{"not_picked":["EmptyMind+1","BowlingBash+1","EmptyBody+1","Prostrate+1"],"picked":"SKIP","floor":41},{"not_picked":["WindmillStrike","Sanctity","Consecrate"],"picked":"Wish","floor":42},{"not_picked":["ThirdEye","JustLucky","BattleHymn+1","FollowUp"],"picked":"SKIP","floor":44},{"not_picked":["FlurryOfBlows+1","EmptyBody","Wallop"],"picked":"Tantrum+1","floor":46}],"player_experience":1606770,"relics_obtained":[{"floor":9,"key":"Boot"},{"floor":10,"key":"Damaru"},{"floor":13,"key":"Lantern"},{"floor":24,"key":"Ornamental Fan"},{"floor":26,"key":"Orichalcum"},{"floor":31,"key":"Dead Branch"},{"floor":37,"key":"Ginger"},{"floor":40,"key":"Question Card"},{"floor":42,"key":"Mercury Hourglass"},{"floor":43,"key":"Oddly Smooth Stone"},{"floor":46,"key":"TeardropLocket"}],"event_choices":[{"damage_healed":0,"gold_gain":0,"player_choice":"Donut","damage_taken":0,"max_hp_gain":5,"max_hp_loss":0,"event_name":"Big Fish","floor":2,"gold_loss":0},{"damage_healed":0,"gold_gain":0,"cards_transformed":["Strike_P"],"player_choice":"Change","damage_taken":0,"max_hp_gain":0,"max_hp_loss":0,"event_name":"Living Wall","floor":4,"gold_loss":0,"cards_obtained":["EmptyMind"]},{"damage_healed":0,"gold_gain":0,"player_choice":"Ignored","damage_taken":0,"max_hp_gain":0,"max_hp_loss":0,"event_name":"The Mausoleum","floor":27,"gold_loss":0},{"damage_healed":0,"gold_gain":0,"player_choice":"Fight","damage_taken":0,"max_hp_gain":0,"max_hp_loss":0,"event_name":"Mysterious Sphere","floor":37,"gold_loss":0},{"cards_removed":["Wish"],"damage_healed":0,"gold_gain":0,"player_choice":"Removed Skill","damage_taken":0,"max_hp_gain":0,"max_hp_loss":0,"event_name":"Falling","floor":48,"gold_loss":0}],"is_beta":false,"boss_relics":[{"not_picked":["Velvet Choker","Black Star"],"picked":"Runic Pyramid"},{"not_picked":["VioletLotus","HolyWater"],"picked":"Pandora\u0027s Box"}],"items_purged_floors":[20,29,38,47],"is_endless":false,"potions_floor_spawned":[1,3,11,16,18,22,33,35,41,42,46],"ascension_level":0}}