{"host":"qhbbxt9nia1s4hz5","time":1611087215,"event":{"mods":["2.2 Compatiblity","Act Like it!","AlwaysNeverKeys","Aspiration","BaseMod","Better Altar","Better Note","Better Sensory Stone","Better Skull","Better Third Choice","Better Vampires","BetterRewards","Block Reminder","Booster Modes","Colored Map","Colored Powertips","Energized Spire","Faster Ascension Climbing","Friendly Minions","GifTheSpireLib","Gold Saver","Hallownest","HololiveMod","Infinite Spire","Minty Spire (QoL Compilation)","Permanent Neow","Rare Cards Sparkle","Relic Filter","Replay The Spire","Shop Mod","StSLib","TheHero"],"gold_per_floor":[1054,1054,1054,1066,1084,1084,1117,1117,1117,1134,1160,1160,1186,574,574,679,679,691,758,777,381,743,743,743,753,800,800,830,857,894,646,646,748,748,767,767,707,707,767,767,767,767,791,791,811,659,659,687,687,687,687,687,85,117,117],"floor_reached":56,"language":"ENG","playtime":5547,"items_purged":["Hololive_Defend","Hololive_Strike","Hololive_Strike","Hololive_CallAyundaRisu","Hololive_CallRoboco","Hololive_FlyingPonyTail+1"],"score":2095,"play_id":"2d4c672e-c9ee-48b0-bd0e-cbecd9d18035","local_time":"20210119221335","is_ascension_mode":true,"campfire_choices":[{"data":"Hololive_CandyCastle","floor":6,"key":"SMITH"},{"data":"Hololive_CallHoshimachiSuisei","floor":12,"key":"SMITH"},{"data":"Hololive_CallTokinoSora","floor":15,"key":"SMITH"},{"data":"Hololive_CallAZKi","floor":24,"key":"SMITH"},{"data":"infinitespire:FutureSight","floor":32,"key":"SMITH"},{"data":"Hololive_CallDoris","floor":40,"key":"SMITH"},{"data":"Hololive_CallAZKi","floor":42,"key":"SMITH"},{"data":"Hololive_CallKiryuuCoco","floor":44,"key":"SMITH"},{"data":"Hololive_OpenUp","floor":47,"key":"SMITH"}],"circlet_count":0,"master_deck":["Hololive_CallHoshimachiSuisei+1","Hololive_CallAkaiHaato","Hololive_CallKiryuuCoco+1","Hololive_CallTokinoSora+1","Hololive_SoulCatcher","Hololive_CallAyundaRisu+1","Hololive_SoulCatcher","Hololive_Trident+1","infinitespire:FutureSight+1","Hololive_CandyCastle+1","Hololive_CallAkaiHaato","Hololive_Rebirth","Hololive_CallAZKi+1","Hololive_CallAZKi+1","infinitespire:FutureSight+1","Hololive_OpenUp+1","Hololive_CallDoris+1","Master of Strategy"],"relics":["Hololive_TheStar","Boot","Hololive_FriedShrimpLion","Bag of Preparation","Hallownest:DreamNailRelic","War Paint","WingedGreaves","Singing Bowl","Chameleon Ring","Philosopher\u0027s Stone","Matryoshka","BargainBundle","MealTicket","ReplayTheSpireMod:Lightbulb","Replay:Bottled Flurry","Bag of Marbles","aspiration:ChemicalBlood","Bottled Tornado","energizedSpire:NeverEndingSparkler","aspiration:AnachronicSnailShell","ReplayFunnel","Juzu Bracelet","Art of War","Replay:Rubber Ducky","HandDrill","Anchor"],"acts_visited":["Hallownest:Greenpath","Hallownest:CityofTears","Hallownest:KingdomsEdge","TheEnding"],"potions_floor_usage":[16,21,45,50,50,50,50,50,50,50,50,53,54,55,55],"damage_taken":[{"damage":0,"enemies":"2_ Uuma","floor":1,"turns":2},{"damage":0,"enemies":"Hallownest:monsterMarmu","floor":3,"turns":2},{"damage":0,"enemies":"Hallownest:2_Tiktiks_and_1_Crawlid","floor":4,"turns":1},{"damage":0,"enemies":"Hallownest:monsterHuskWarrior","floor":5,"turns":2},{"damage":0,"enemies":"Hallownest:eliteVengeflyKing","floor":7,"turns":3},{"damage":0,"enemies":"Hallownest:monsterFoolEater","floor":10,"turns":2},{"damage":0,"enemies":"Hallownest:eliteMossKnight","floor":11,"turns":3},{"damage":0,"enemies":"Hallownest:eliteCrystalGuardian","floor":13,"turns":3},{"damage":0,"enemies":"Hallownest:BossHornet","floor":16,"turns":3},{"damage":0,"enemies":"Hallownest:2_Mistakes","floor":18,"turns":3},{"damage":0,"enemies":"Hallownest:3_Youths","floor":20,"turns":2},{"damage":0,"enemies":"Hallownest:2_Flukemon","floor":25,"turns":4},{"damage":0,"enemies":"Hallownest:eliteSoulWarrior","floor":28,"turns":3},{"damage":0,"enemies":"Hallownest:Nosk","floor":29,"turns":3},{"damage":0,"enemies":"Hallownest:Glutton_and_Coward","floor":30,"turns":1},{"damage":0,"enemies":"Hallownest:BossGrimm","floor":33,"turns":3},{"damage":0,"enemies":"Hallownest:Shield_Heavy","floor":35,"turns":3},{"damage":0,"enemies":"Hallownest:2_Primals","floor":39,"turns":3},{"damage":0,"enemies":"Hallownest:3_Siblings","floor":45,"turns":2},{"damage":0,"enemies":"Hallownest:eliteCollector","floor":48,"turns":3},{"damage":58,"enemies":"Hallownest:BossHollowKnight","floor":50,"turns":6},{"damage":0,"enemies":"Shield and Spear","floor":54,"turns":3},{"damage":14,"enemies":"The Heart","floor":55,"turns":10}],"seed_played":"7783538859917661007","potions_obtained":[{"floor":4,"key":"Milkshake"},{"floor":5,"key":"SneckoOil"},{"floor":10,"key":"Strength Potion"},{"floor":19,"key":"Elixir"},{"floor":25,"key":"Explosive Potion"},{"floor":29,"key":"AttackPotion"},{"floor":39,"key":"LiquidMemories"},{"floor":49,"key":"CultistPotion"},{"floor":50,"key":"AttackPotion"},{"floor":50,"key":"Toxic Potion"},{"floor":50,"key":"SkillPotion"},{"floor":50,"key":"ColorlessPotion"},{"floor":50,"key":"Cursed Concoction"},{"floor":52,"key":"Fruit Juice"},{"floor":52,"key":"Regen Potion"}],"is_trial":false,"path_per_floor":["M","?","?","M","M","R","E","?","T","M","E","R","E","$","R","B",null,"M","?","M","$","?","R","R","M","T","AVR","E","E","M","$","R_BF","B",null,"M","$","?","?","?","R","?","R","T","R","M","$","R","E","R_BF","B",null,"R","$","E","B",null],"character_chosen":"Hololive_HololiveCharacter","items_purchased":["Boot","Hololive_FriedShrimpLion","Hololive_SoulCatcher","Hololive_CallRoboco","Hololive_CallAyundaRisu+1","Hololive_SoulCatcher","Hololive_Trident+1","Onion Ring","Chameleon Ring","BargainBundle","Fruit Juice","Strength Potion","MealTicket","Hololive_CallAZKi","Bottled Tornado","Art of War","PowerPotion","HandDrill","Master of Strategy","SkillPotion"],"campfire_rested":0,"item_purchase_floors":[0,0,0,0,0,0,0,14,14,21,21,21,21,21,31,46,53,53,53,53],"current_hp_per_floor":[35,27,27,27,27,27,27,27,27,27,27,27,27,27,27,27,35,37,30,30,37,37,37,37,39,39,39,41,43,45,54,54,54,54,56,56,63,63,63,63,67,67,67,67,69,69,69,71,71,13,71,71,78,80,73],"gold":117,"neow_bonus":"","is_daily":false,"chose_seed":false,"campfire_upgraded":9,"win_rate":0.0,"timestamp":1611087215,"path_taken":["M","?","?","M","?","R","E","?","T","M","E","R","E","$","R","BOSS","M","?","M","$","?","R","R","M","T","AVR","E","E","M","$","R_BF","BOSS","M","$","?","?","?","R","?","R","T","R","M","$","R","E","R_BF","BOSS","R","$","E","BOSS"],"items_purchased_type":["Relic","Relic","Card","Card","Card","Card","Card","Relic","Relic","Relic","Potion","Potion","Relic","Card","Relic","Relic","Potion","Relic","Card","Potion"],"build_version":"2020-12-22","purchased_purges":6,"victory":true,"max_hp_per_floor":[35,35,35,35,35,35,35,35,35,35,35,35,35,35,35,35,35,37,39,39,46,46,46,46,48,48,48,50,52,54,54,54,54,54,56,56,63,63,63,63,67,67,67,67,69,69,69,71,71,71,71,71,78,80,80],"card_choices":[{"not_picked":["Hololive_StrengthChampion","Hololive_Breathe","Hololive_Sequa","Hololive_Drill"],"picked":"SKIP","floor":1},{"not_picked":["infinitespire:Fortify","infinitespire:Oblivion"],"picked":"infinitespire:FutureSight","floor":2},{"not_picked":["Hololive_BringToTrial","Hololive_OvertimeWork","Hololive_RevenueBasedLive"],"picked":"Hololive_FlyingPonyTail","floor":4},{"not_picked":["Hololive_Psychosis","Hololive_OvertimeWork","Hololive_StrengthChampion"],"picked":"Hololive_CandyCastle","floor":5},{"not_picked":["Hololive_CallShiroganeNoel","Hololive_OpenUp","Hololive_OvertimeWork","Hololive_Trident"],"picked":"SKIP","floor":7},{"not_picked":["Hololive_StrengthChampion","Hololive_CallRosalyn","Hololive_CocoNews","Hololive_OvertimeWork"],"picked":"SKIP","floor":10},{"not_picked":["Hololive_Sequa","Hololive_Rebound","Hololive_CandyCastle","Hololive_CallOmaruPolka"],"picked":"SKIP","floor":11},{"not_picked":["Hololive_CallNekomataOkayu","Hololive_CallShishiroBotan","Hololive_CallAkiRosenthal"],"picked":"Hololive_CallAkaiHaato","floor":13},{"not_picked":["Hololive_StarCraft","Hololive_FlareMind","Hololive_OpenUp"],"picked":"Hololive_Rebirth","floor":16},{"not_picked":["Hololive_Trident","Hololive_LuckPotion+1","Hololive_CallRosalyn","Hololive_Drill"],"picked":"Singing Bowl","floor":18},{"not_picked":["Hololive_HuntDinosaur+1","Hololive_Watashimo","Hololive_CallOkamiMio+1","Hololive_FlyingPonyTail+1"],"picked":"Singing Bowl","floor":19},{"not_picked":["Hololive_RevenueBasedLive","Hololive_CallOmaruPolka","Hololive_CallShiranuiFlare"],"picked":"Hololive_CallAZKi","floor":20},{"not_picked":["Hololive_WolfAndLamb","Hololive_LuckPotion","Hololive_Drill","Hololive_StrengthChampion+1"],"picked":"Singing Bowl","floor":25},{"not_picked":["Hololive_CallYozoraMel","Hololive_FlyingPonyTail","Hololive_OvertimeWork","Hololive_HuntDinosaur"],"picked":"Singing Bowl","floor":28},{"not_picked":["Hololive_HuntDinosaur","Hololive_CocoNews","Hololive_Drill+1","Hololive_SummonFox"],"picked":"Singing Bowl","floor":29},{"not_picked":["Hololive_ILoveYou","Hololive_HuntDinosaur","Hololive_CocoNews","Hololive_CallMomosuzuNene"],"picked":"Singing Bowl","floor":30},{"not_picked":["Hololive_ASMR","Hololive_Rebirth","Hololive_DurableLive"],"picked":"Hololive_OpenUp","floor":33},{"not_picked":["Hololive_RevenueBasedLive+1","Hololive_CallRosalyn","Hololive_StrengthChampion","Hololive_BringToTrial"],"picked":"Singing Bowl","floor":35},{"not_picked":["Hololive_Drill+1","Hololive_CallAkaiHaato+1","Hololive_CallAyundaRisu+1"],"picked":"Hololive_CallDoris","floor":39},{"not_picked":["Replay:Dark Deal","HandOfGreed","Purity","Crow Ritual"],"picked":"Singing Bowl","floor":41},{"not_picked":["Jack Of All Trades","Secret Weapon","Chrysalis","Replay:Parry"],"picked":"Singing Bowl","floor":41},{"not_picked":["Hololive_StrengthChampion","Hololive_CocoNews","Hololive_Rebound+1","Hololive_FlyingPonyTail"],"picked":"Singing Bowl","floor":45},{"not_picked":["Hololive_CallSakuraMiko","Hololive_OvertimeWork","Hololive_HuntDinosaur","Hololive_RevenueBasedLive+1"],"picked":"Singing Bowl","floor":48},{"not_picked":["Hololive_CallInugamiKorone+1","Hololive_StrengthChampion+1","Hololive_Psychosis","Hololive_FlyingPonyTail+1"],"picked":"Singing Bowl","floor":54}],"player_experience":903878,"relics_obtained":[{"floor":7,"key":"Bag of Preparation"},{"floor":9,"key":"War Paint"},{"floor":11,"key":"WingedGreaves"},{"floor":13,"key":"Singing Bowl"},{"floor":19,"key":"Matryoshka"},{"floor":26,"key":"ReplayTheSpireMod:Lightbulb"},{"floor":26,"key":"Replay:Bottled Flurry"},{"floor":28,"key":"Bag of Marbles"},{"floor":29,"key":"aspiration:ChemicalBlood"},{"floor":39,"key":"aspiration:AnachronicSnailShell"},{"floor":43,"key":"ReplayFunnel"},{"floor":43,"key":"Juzu Bracelet"},{"floor":48,"key":"Replay:Rubber Ducky"},{"floor":54,"key":"Anchor"}],"event_choices":[{"damage_healed":0,"gold_gain":3,"player_choice":"1","damage_taken":0,"max_hp_gain":0,"max_hp_loss":0,"event_name":"betterStone:BetterStone","floor":41,"gold_loss":0}],"is_beta":false,"boss_relics":[{"not_picked":["Kintsugi","ReplayTheSpireMod:SealedPack"],"picked":"Philosopher\u0027s Stone"},{"not_picked":["Painkiller Herb","Hololive_TopUpMoneyS"],"picked":"energizedSpire:NeverEndingSparkler"}],"items_purged_floors":[0,0,14,21,27,53],"is_endless":false,"potions_floor_spawned":[3,4,5,10,25,29,39],"ascension_level":4}}