{"host":"fghh6uc8siqeqraf","time":1611058231,"event":{"mods":["AchievementEnabler","BaseMod","Colored Powertips","Googly Eyes","Hermit","Jorbs\u0027s Wanderer Trilogy","Lobotomy","Marisa£®ÏF”Í°°ƒß¿Ì…≥£©","Minty Spire (QoL Compilation)","Quick Restart","Replay The Spire","Shop Mod","StSLib","The Bug Knight","The Cursed","The Hierophant","The Servant 0.9.4"],"gold_per_floor":[15,32,52,62,78,104,115,146,199,199,217,237,269,284,284,379,379,397,377,377,218,229,229,229],"floor_reached":23,"language":"ZHS","playtime":2312,"items_purged":["Strike_R"],"score":307,"play_id":"d645da48-b7df-42c4-90ce-ac532ffd261f","local_time":"20210119201031","is_ascension_mode":true,"campfire_choices":[{"data":"Barricade","floor":10.0,"key":"SMITH"},{"data":"Armaments","floor":15.0,"key":"SMITH"}],"circlet_count":0,"master_deck":["Strike_R","Strike_R","Defend_R","Defend_R","Defend_R","Defend_R","Bash","Barricade+1","Wild Strike","Armaments+1","Combust","Havoc","Power Through","Shockwave","Body Slam","Flame Barrier","Warcry","ReplayTheSpireMod:Muscle Training","Berserk+1","Combust+1","Ghostly","Ghostly","Ghostly","Ghostly","Ghostly","Purity","Burning Pact+1"],"relics":["Burning Blood","Replay:Baseball","Red Skull","Frozen Egg 2","Runic Cube"],"acts_visited":["Exordium","TheCity"],"potions_floor_usage":[],"damage_taken":[{"damage":2.0,"enemies":"2 Louse","floor":1.0,"turns":4.0},{"damage":9.0,"enemies":"Small Slimes","floor":2.0,"turns":4.0},{"damage":1.0,"enemies":"Cultist","floor":3.0,"turns":6.0},{"damage":3.0,"enemies":"Exordium Thugs","floor":4.0,"turns":4.0},{"damage":5.0,"enemies":"Blue Slaver","floor":5.0,"turns":5.0},{"damage":25.0,"enemies":"3 Sentries","floor":6.0,"turns":5.0},{"damage":17.0,"enemies":"Large Slime","floor":7.0,"turns":5.0},{"damage":8.0,"enemies":"Gremlin Nob","floor":8.0,"turns":4.0},{"damage":2.0,"enemies":"Looter","floor":11.0,"turns":3.0},{"damage":2.0,"enemies":"Exordium Wildlife","floor":12.0,"turns":5.0},{"damage":31.0,"enemies":"3 Sentries","floor":13.0,"turns":7.0},{"damage":12.0,"enemies":"3 Louse","floor":14.0,"turns":4.0},{"damage":12.0,"enemies":"Fading Forest","floor":16.0,"turns":11.0},{"damage":22.0,"enemies":"Shell Parasite","floor":18.0,"turns":7.0},{"damage":31.0,"enemies":"2 Thieves","floor":19.0,"turns":4.0},{"damage":15.0,"enemies":"3 Cultists","floor":22.0,"turns":6.0},{"damage":33,"enemies":"Book of Stabbing","floor":23,"turns":6}],"seed_played":"-7765443134882990731","potions_obtained":[{"floor":3.0,"key":"Adrenaline Potion"},{"floor":5.0,"key":"Fire Potion"},{"floor":7.0,"key":"ColorlessPotion"},{"floor":11.0,"key":"Swift Potion"},{"floor":13.0,"key":"PowerPotion"},{"floor":16.0,"key":"SteroidPotion"},{"floor":19.0,"key":"DistilledChaos"}],"is_trial":false,"path_per_floor":["M","M","M","M","M","E","M","E","T","R","M","M","E","M","R","B",null,"M","M","?","$","M","E"],"character_chosen":"IRONCLAD","items_purchased":["Purity"],"campfire_rested":0,"item_purchase_floors":[21],"current_hp_per_floor":[80,77,80,80,80,61,50,48,48,48,52,56,31,25,25,29,80,64,39,39,39,30,0,0],"gold":229,"neow_bonus":"TRANSFORM_TWO_CARDS","is_daily":false,"chose_seed":false,"campfire_upgraded":2,"win_rate":0.0,"timestamp":1611058231,"path_taken":["M","M","M","M","M","E","M","E","T","R","M","M","E","M","R","BOSS","M","M","?","$","M","E"],"items_purchased_type":["Card"],"build_version":"2020-12-22","purchased_purges":1,"victory":false,"max_hp_per_floor":[80,80,80,80,80,80,80,80,80,80,80,80,80,80,80,80,80,80,80,40,40,40,40,40],"card_choices":[{"not_picked":["Spot Weakness","Pommel Strike"],"picked":"Armaments","floor":1.0},{"not_picked":["Carnage","Headbutt","Perfected Strike"],"picked":"SKIP","floor":2.0},{"not_picked":["ReplayTheSpireMod:Corrosion Curse","Blood for Blood"],"picked":"Combust","floor":3.0},{"not_picked":["Warcry","Clothesline"],"picked":"Havoc","floor":4.0},{"not_picked":["Havoc","Clothesline","Iron Wave"],"picked":"SKIP","floor":5.0},{"not_picked":["Perfected Strike","Defy Death"],"picked":"Power Through","floor":6.0},{"not_picked":["Cleave","Life Link"],"picked":"Shockwave","floor":7.0},{"not_picked":["Clash","Corruption"],"picked":"Body Slam","floor":8.0},{"not_picked":["Thunderclap","Sentinel"],"picked":"Flame Barrier","floor":11.0},{"not_picked":["Havoc","Anger","Twin Strike"],"picked":"SKIP","floor":12.0},{"not_picked":["ReplayTheSpireMod:Limb From Limb","Headbutt"],"picked":"Warcry","floor":13.0},{"not_picked":["Replay:Undeath\u0027s Touch","Carnage"],"picked":"ReplayTheSpireMod:Muscle Training","floor":14.0},{"not_picked":["Corruption+1","Juggernaut+1"],"picked":"Berserk+1","floor":16.0},{"not_picked":["Cleave+1","Carnage","Headbutt"],"picked":"SKIP","floor":18.0},{"not_picked":["Twin Strike+1","ReplayTheSpireMod:Limb From Limb"],"picked":"Combust+1","floor":19.0},{"not_picked":["Armaments","Disarm+1"],"picked":"Burning Pact+1","floor":22.0}],"player_experience":84950,"relics_obtained":[{"floor":6.0,"key":"Replay:Baseball"},{"floor":8.0,"key":"Red Skull"},{"floor":13.0,"key":"Frozen Egg 2"}],"event_choices":[{"damage_healed":0.0,"max_hp_gain":0.0,"max_hp_loss":40.0,"gold_gain":0.0,"event_name":"Ghosts","player_choice":"Became a Ghost","floor":20.0,"gold_loss":0.0,"damage_taken":0.0,"cards_obtained":["Ghostly","Ghostly","Ghostly","Ghostly","Ghostly"]}],"is_beta":false,"boss_relics":[{"not_picked":["Astrolabe","Velvet Choker"],"picked":"Runic Cube"}],"items_purged_floors":[21],"is_endless":false,"potions_floor_spawned":[3,5,7,11,13,16,19],"killed_by":"Book of Stabbing","ascension_level":1}}