{"host":"fm9e0lfunjlbhzxv","time":1611033309,"event":{"mods":["2.2 Compatiblity","Alarm Clock","Astrologer","BaseMod","Bestiary","Better Match","Better Skull","Better Third Choice","Colored Map","Colored Powertips","Downfall","Energized Spire","Good Game Mod","Key Reminder","Koishi","Minty Spire (QoL Compilation)","Permanent Neow","Random Character Button","Rare Cards Sparkle","Relic Stats","Remilia??????","Spicy Shops","StSLib","The Administrix","The Blue Laboratory","The Bug Knight","The Disciple","The Vixen","Trackpad","slay the spire mod where everything is the same but ironclad has a cowboy hat"],"gold_per_floor":[99,109,121,136,236,26,106,106,106],"floor_reached":8,"language":"ENG","playtime":331,"items_purged":["Pain"],"score":53,"play_id":"6a25efd4-ef09-4235-9042-cb493a398b23","local_time":"20210118211509","is_ascension_mode":true,"campfire_choices":[{"floor":1,"key":"RECALL"}],"circlet_count":0,"master_deck":["sneckomod:Strike","sneckomod:Strike","sneckomod:Strike","sneckomod:Defend","sneckomod:Defend","sneckomod:Defend","sneckomod:TailWhip","sneckomod:SnekBite","sneckomod:Unknown","sneckomod:Unknown","sneckomod:UnknownClassLichGold","sneckomod:UnknownClassGREEN","Setup","sneckomod:UnknownClassPURPLE","sneckomod:UnknownWeak","sneckomod:DangerNoodle","Forethought","sneckomod:UnknownClassSLIMEBOUND","sneckomod:SerpentIdol","sneckomod:MasterEye","sneckomod:UnknownClassTHE_CHAMP_GRAY"],"relics":["REME:ComplimentaryCards","Busted Crown","keyreminder:keyreminder","downfall:GremlinSack","bronze:DecasWashers"],"acts_visited":["Exordium"],"potions_floor_usage":[4],"damage_taken":[{"damage":9,"enemies":"Jaw Worm","floor":2,"turns":2},{"damage":0,"enemies":"Cultist","floor":3,"turns":2},{"damage":0,"enemies":"2 Louse","floor":4,"turns":1},{"damage":71,"enemies":"2 Louse","floor":5,"turns":6},{"damage":6,"enemies":"downfall:FleeingMerchant","floor":6,"turns":4},{"damage":11,"enemies":"Gremlin Nob","floor":8,"turns":2}],"seed_played":"-1814939793193382570","potions_obtained":[{"floor":2,"key":"Explosive Potion"}],"is_trial":false,"path_per_floor":["R","M","M","M","?","$","T","E"],"character_chosen":"THE_SNECKO","items_purchased":["sneckomod:MasterEye","sneckomod:UnknownClassTHE_CHAMP_GRAY"],"campfire_rested":0,"item_purchase_floors":[6,6],"current_hp_per_floor":[90,81,81,81,10,4,4,0,0],"gold":106,"neow_bonus":"BOSS_RELIC","is_daily":false,"chose_seed":false,"campfire_upgraded":0,"win_rate":0.0,"timestamp":1611033309,"path_taken":["R","M","M","M","?","$","T","E"],"items_purchased_type":["Card","Card"],"build_version":"2020-12-22","purchased_purges":1,"victory":false,"max_hp_per_floor":[90,90,90,90,90,90,90,90,90],"relic_stats":{"Busted Crown":10,"counters":[6,17],"obtain_stats":[{"keyreminder:keyreminder":1,"REME:ComplimentaryCards":0,"Busted Crown":0,"downfall:GremlinSack":5,"bronze:DecasWashers":7,"sneckomod:SneckoSoul":0},{"keyreminder:keyreminder":0,"REME:ComplimentaryCards":0,"Busted Crown":0,"downfall:GremlinSack":4,"bronze:DecasWashers":5,"sneckomod:SneckoSoul":0},{"keyreminder:keyreminder":0,"REME:ComplimentaryCards":0,"Busted Crown":0,"downfall:GremlinSack":11,"bronze:DecasWashers":15,"sneckomod:SneckoSoul":0}]},"card_choices":[{"not_picked":["sneckomod:SoulDraw"],"picked":"SKIP","floor":2},{"not_picked":["sneckomod:DiceCrush"],"picked":"SKIP","floor":3},{"not_picked":[],"picked":"sneckomod:UnknownClassGREEN","floor":4},{"not_picked":[],"picked":"sneckomod:UnknownClassSLIMEBOUND","floor":5},{"not_picked":[],"picked":"sneckomod:SerpentIdol","floor":6}],"player_experience":790539,"relics_obtained":[{"floor":5,"key":"downfall:GremlinSack"},{"floor":7,"key":"bronze:DecasWashers"}],"event_choices":[],"is_beta":false,"boss_relics":[],"items_purged_floors":[6],"is_endless":false,"potions_floor_spawned":[2],"killed_by":"Gremlin Nob","ascension_level":3}}