{"host":"clf2hd4adhiiw0zf","time":1611016958,"event":{"mods":["AchievementEnabler","BaseMod","Beaked The Cultist","Bestiary","Dark Map","Downfall","Gremlin Mod","Hermit","Jorbs\u0027s Wanderer Trilogy","Marisa????????","Minty Spire (QoL Compilation)","Shop Mod","StSLib","The Cursed","The Servant 0.9.4","UnlockEverythingMod"],"gold_per_floor":[99,99,99,99,99,131,156,183,194,27,43,75,75,60,75,175,175,75,86,86,105,115,142,142,254,251,275,87,199,231,261,287,397,409,421,447,469,529,358,358,383,483,498,498,507,538,235,246,265,265,265,309,20,20,20,20,20,20],"floor_reached":56,"language":"ENG","playtime":5127,"items_purged":["downfall:Malfunctioning"],"score":852,"play_id":"8f9862de-c6d1-4323-af4e-3a7fed12ba61","local_time":"20210118174238","is_ascension_mode":true,"campfire_choices":[{"floor":1.0,"key":"RECALL"},{"data":"champ:Improvising","floor":13.0,"key":"SMITH"},{"data":"champ:CheapShot","floor":18.0,"key":"SMITH"},{"data":"champ:FanOfKnives","floor":28.0,"key":"SMITH"},{"data":"beaked:BooksFlurry","floor":35.0,"key":"SMITH"},{"data":"champ:SwordThrow","floor":44.0,"key":"SMITH"},{"floor":54.0,"key":"REST"}],"circlet_count":0,"master_deck":["champ:Strike","champ:Strike","champ:Strike+1","champ:Strike","champ:Defend","champ:Defend","champ:Execute+1","champ:Taunt+1","champ:Shatter","champ:RapidStrikes","champ:Improvising+1","champ:ShieldSigil","champ:ArenaPreparation","champ:DefensiveShout","champ:PreciseThrust","champ:Encircle","champ:Encircle","champ:CheapShot+1","champ:BladeFlurry","champ:ViciousMockery+1","champ:FanOfKnives+1","champ:ShieldWall+1","champ:AdrenalArmor","champ:FocusedBerserking","champ:RapidStrikes+1","champ:FaceSlap","champ:ViciousMockery","J.A.X.","champ:DancingMaster","champ:AdrenalArmor","champ:TornadoPunch","champ:CheapShot","beaked:BooksFlurry+1","champ:DefensiveStyle","champ:FanOfKnives+1","champ:SwordThrow+1","expansioncontent:PolyBeam","champ:RecklessLeap","champ:MurderStrike"],"relics":["champ:ChampionCrown","downfall:HeartsMalice","champ:LiftRelic","Eternal Feather","Torii","champ:FightingForDummies","champ:BerserkersGuideToSlaughter","Ancient Tea Set","Snecko Eye","downfall:HeartBlessingRed","Bottled Flame","Bottled Tornado","champ:BlackKnightHelmet","downfall:HeartBlessingBlue","downfall:HeartBlessingGreen","MutagenicStrength","Gambling Chip","CeramicFish","Bronze Scales","Medical Kit","champ:DefensiveTrainingManual","MerchantsRug","Pen Nib","Ice Cream"],"acts_visited":["Exordium","TheCity","TheBeyond","TheEnding"],"potions_floor_usage":[56,56],"damage_taken":[{"damage":0.0,"enemies":"Small Slimes","floor":4.0,"turns":1.0},{"damage":0.0,"enemies":"Lagavulin","floor":6.0,"turns":1.0},{"damage":0.0,"enemies":"3 Sentries","floor":8.0,"turns":1.0},{"damage":11.0,"enemies":"2 Louse","floor":9.0,"turns":3.0},{"damage":30.0,"enemies":"downfall:FleeingMerchant","floor":10.0,"turns":4.0},{"damage":10.0,"enemies":"Jaw Worm","floor":11.0,"turns":2.0},{"damage":8.0,"enemies":"Lagavulin","floor":12.0,"turns":5.0},{"damage":40.0,"enemies":"downfall:FleeingMerchant","floor":14.0,"turns":4.0},{"damage":5.0,"enemies":"Large Slime","floor":15.0,"turns":4.0},{"damage":73.0,"enemies":"DF_ARCHETYPE_STREAMLINE","floor":16.0,"turns":7.0},{"damage":24.0,"enemies":"3 Byrds","floor":19.0,"turns":5.0},{"damage":0.0,"enemies":"Sentry and Sphere","floor":21.0,"turns":2.0},{"damage":23.0,"enemies":"Snake Plant","floor":22.0,"turns":5.0},{"damage":65.0,"enemies":"Gremlin Leader","floor":23.0,"turns":7.0},{"damage":18.0,"enemies":"Gremlin Leader","floor":25.0,"turns":6.0},{"damage":4.0,"enemies":"downfall:FleeingMerchant","floor":26.0,"turns":5.0},{"damage":9.0,"enemies":"Snecko","floor":27.0,"turns":3.0},{"damage":29.0,"enemies":"downfall:Augmenter","floor":29.0,"turns":4.0},{"damage":5.0,"enemies":"Centurion and Healer","floor":30.0,"turns":1.0},{"damage":0.0,"enemies":"Chosen and Byrds","floor":31.0,"turns":1.0},{"damage":0.0,"enemies":"Snake Plant","floor":32.0,"turns":1.0},{"damage":54.0,"enemies":"WA_ARCHETYPE_CALM","floor":33.0,"turns":5.0},{"damage":11.0,"enemies":"3 Darklings","floor":36.0,"turns":3.0},{"damage":74.0,"enemies":"3 Shapes","floor":37.0,"turns":6.0},{"damage":2.0,"enemies":"2 Orb Walkers","floor":38.0,"turns":3.0},{"damage":20.0,"enemies":"downfall:FleeingMerchant","floor":39.0,"turns":2.0},{"damage":15.0,"enemies":"downfall:FleeingMerchant","floor":42.0,"turns":2.0},{"damage":28.0,"enemies":"Maw","floor":43.0,"turns":6.0},{"damage":39.0,"enemies":"beaked:SuperParasite","floor":46.0,"turns":4.0},{"damage":0.0,"enemies":"3 Darklings","floor":48.0,"turns":2.0},{"damage":10.0,"enemies":"Spire Growth","floor":49.0,"turns":2.0},{"damage":67.0,"enemies":"SI_POISON_ARCHETYPE","floor":50.0,"turns":6.0},{"damage":143.0,"enemies":"downfall:CharBossMerchant","floor":52.0,"turns":6.0},{"damage":79,"enemies":"downfall:NeowBoss","floor":55,"turns":12},{"damage":47,"enemies":"downfall:NeowBossFinal","floor":56,"turns":3}],"seed_played":"2641203387420108112","potions_obtained":[{"floor":6.0,"key":"Strength Potion"},{"floor":12.0,"key":"ColorlessPotion"},{"floor":15.0,"key":"DuplicationPotion"},{"floor":16.0,"key":"SteroidPotion"},{"floor":23.0,"key":"hexamod:SoulburnPotion"},{"floor":30.0,"key":"SkillPotion"},{"floor":46.0,"key":"LiquidBronze"},{"floor":48.0,"key":"SkillPotion"}],"is_trial":false,"path_per_floor":["R","?","?","M","?","E","T","E","M","$","M","E","R","$","M","B",null,"R","M","?","M","M","E","T","?","$","M","R","?","M","M","M","B",null,"R","M","M","?","$","?","T","?","M","R","?","E","$","M","M","B",null,"E","$","R","B","B"],"character_chosen":"THE_CHAMP","items_purchased":["champ:BerserkersGuideToSlaughter","Lee\u0027s Waffle","CeramicFish","Boot","Strawberry","Medical Kit","MerchantsRug","Pen Nib","Ice Cream","SteroidPotion"],"campfire_rested":1,"item_purchase_floors":[10,39,39,39,47,47,53,53,53,53],"current_hp_per_floor":[90,90,90,90,78,78,78,78,77,72,82,84,90,90,90,52,90,90,76,76,76,63,43,43,30,36,37,62,48,58,58,68,64,100,100,99,65,73,107,107,107,107,84,105,105,83,90,90,100,68,114,31,31,86,32,0,0,0],"gold":20,"neow_bonus":"THREE_ENEMY_KILL","is_daily":false,"chose_seed":false,"campfire_upgraded":5,"win_rate":0.0,"timestamp":1611016958,"path_taken":["R","?","?","M","?","E","T","E","M","$","M","E","R","?","M","BOSS","R","M","?","M","M","E","T","?","$","M","R","?","M","M","M","BOSS","R","M","M","?","$","?","T","?","?","R","?","E","$","M","M","BOSS","E","$","R","BOSS","BOSS"],"items_purchased_type":["Relic","Relic","Relic","Relic","Relic","Relic","Relic","Relic","Relic","Potion"],"build_version":"2020-12-22","purchased_purges":1,"victory":false,"max_hp_per_floor":[90,90,90,90,90,90,90,90,90,90,90,90,90,90,90,90,90,90,90,90,90,90,90,90,90,90,90,100,100,100,100,100,100,100,100,100,100,100,107,107,107,107,107,107,107,107,114,114,114,114,114,114,114,114,114,114,114,114],"card_choices":[{"not_picked":["champ:ShieldSigil","champ:CalledShot"],"picked":"champ:Shatter","floor":4.0},{"not_picked":["champ:Haymaker","champ:ViciousMockery"],"picked":"champ:RapidStrikes","floor":6.0},{"not_picked":["champ:HoldFirm","champ:BringItOn"],"picked":"champ:Improvising","floor":8.0},{"not_picked":["champ:Shatter","champ:FlashCut"],"picked":"champ:ShieldSigil","floor":9.0},{"not_picked":["champ:Circumvent","champ:DeathBlow"],"picked":"champ:ArenaPreparation","floor":10.0},{"not_picked":["champ:FlashCut","champ:StanceDance"],"picked":"champ:DefensiveShout","floor":11.0},{"not_picked":["champ:ArenaPreparation","champ:StanceDance"],"picked":"champ:PreciseThrust","floor":12.0},{"not_picked":["champ:GladiatorStyle","champ:FanOfKnives"],"picked":"champ:Encircle","floor":14.0},{"not_picked":["champ:GladiatorStyle","champ:BerserkerStyle"],"picked":"champ:Encircle","floor":15.0},{"not_picked":["champ:EnchantSword","champ:EnchantCrown"],"picked":"champ:CheapShot","floor":16.0},{"not_picked":["champ:CrownThrow","champ:ShieldSigil"],"picked":"champ:BladeFlurry","floor":19.0},{"not_picked":["champ:GutPunch","champ:FocusedDefense"],"picked":"champ:ViciousMockery+1","floor":21.0},{"not_picked":["champ:AdrenalArmor","champ:ShieldSigil"],"picked":"champ:FanOfKnives","floor":22.0},{"not_picked":["champ:Encircle","champ:EnragedBash+1"],"picked":"champ:ShieldWall+1","floor":23.0},{"not_picked":["champ:Shatter+1","champ:HeartStrike"],"picked":"champ:AdrenalArmor","floor":25.0},{"not_picked":["champ:Encircle","champ:PreciseThrust"],"picked":"champ:FocusedBerserking","floor":26.0},{"not_picked":["champ:CrownThrow","champ:EnragedBash"],"picked":"champ:RapidStrikes+1","floor":27.0},{"not_picked":[],"picked":"J.A.X.","floor":29.0},{"not_picked":["champ:Backstep","champ:FlashCut"],"picked":"champ:DancingMaster","floor":30.0},{"not_picked":["champ:ArenaPreparation","champ:BringItOn+1"],"picked":"champ:AdrenalArmor","floor":31.0},{"not_picked":["champ:PerfectedStrike","champ:GutPunch"],"picked":"champ:TornadoPunch","floor":32.0},{"not_picked":["champ:EnchantShield","champ:DancingMaster"],"picked":"champ:CheapShot","floor":33.0},{"not_picked":["champ:FaceSlap+1","champ:SetATrap+1","champ:EnGarde+1"],"picked":"SKIP","floor":36.0},{"not_picked":["champ:CrownThrow+1","champ:PerfectedStrike+1"],"picked":"champ:DefensiveStyle","floor":37.0},{"not_picked":["champ:BerserkersShout+1","champ:DefensiveShout"],"picked":"champ:FanOfKnives+1","floor":38.0},{"not_picked":["champ:Haymaker+1","champ:BringItOn+1"],"picked":"champ:SwordThrow","floor":39.0},{"not_picked":["champ:EnGarde","champ:Encircle","champ:SetATrap"],"picked":"SKIP","floor":43.0},{"not_picked":["expansioncontent:Hexaburn","expansioncontent:AwakenDeath"],"picked":"expansioncontent:PolyBeam","floor":45.0},{"not_picked":["champ:PerfectedStrike","champ:ShieldWall","champ:FanOfKnives"],"picked":"SKIP","floor":46.0},{"not_picked":["champ:ShieldSigil","champ:StanceDance+1","champ:PreciseThrust"],"picked":"SKIP","floor":48.0},{"not_picked":["champ:RapidStrikes","champ:FanOfKnives+1"],"picked":"champ:RecklessLeap","floor":49.0},{"not_picked":["champ:Circumvent","champ:ShieldSlam+1"],"picked":"champ:MurderStrike","floor":52.0}],"player_experience":66278,"relics_obtained":[{"floor":6.0,"key":"Torii"},{"floor":8.0,"key":"champ:FightingForDummies"},{"floor":12.0,"key":"Ancient Tea Set"},{"floor":23.0,"key":"Bottled Flame"},{"floor":24.0,"key":"MawBank"},{"floor":25.0,"key":"Bottled Tornado"},{"floor":25.0,"key":"champ:BlackKnightHelmet"},{"floor":29.0,"key":"MutagenicStrength"},{"floor":38.0,"key":"Gambling Chip"},{"floor":40.0,"key":"Bronze Scales"},{"floor":41.0,"key":"Omamori"},{"floor":46.0,"key":"Peace Pipe"},{"floor":52.0,"key":"champ:DefensiveTrainingManual"}],"event_choices":[{"damage_healed":0.0,"max_hp_gain":0.0,"max_hp_loss":0.0,"gold_gain":0.0,"event_name":"Scrap Ooze","player_choice":"Success","floor":5.0,"gold_loss":0.0,"damage_taken":12.0,"relics_obtained":["Eternal Feather"]},{"damage_healed":0.0,"max_hp_gain":0.0,"max_hp_loss":0.0,"gold_gain":0.0,"event_name":"Mysterious Sphere","player_choice":"Fight","floor":38.0,"gold_loss":0.0,"damage_taken":0.0}],"is_beta":false,"boss_relics":[{"not_picked":["Velvet Choker","bronze:MakeshiftBattery"],"picked":"Snecko Eye"},{"not_picked":["Runic Pyramid","Coffee Dripper"],"picked":"beaked:SacredDeck"}],"items_purged_floors":[39],"is_endless":false,"potions_floor_spawned":[6,12,15,16,23,27,29,30,33,36,46,48],"killed_by":"downfall:NeowBossFinal","ascension_level":1}}