{"host":"mku5fdaoqz3qihec","time":1611073193,"event":{"mods":["100% Spire Juice","2.2 Compatiblity","AchievementEnabler","Arknights The Spire","BaseMod","CapriCore","Colored Map","Colored Powertips","Hermit","Minty Spire (QoL Compilation)","Rare Cards Sparkle","StSLib","SuperFastMode","The Dragon Tamer","The Gatherer"],"gold_per_floor":[117,117,117,130,154,154,154,154,181,205,219,219,237,53,53,53,53,53],"floor_reached":16,"language":"KOR","playtime":363,"items_purged":["Gatherer:Strike_Gatherer"],"score":92,"play_id":"58bee735-6f02-479d-a9b1-ce975056f68a","local_time":"20210120011953","is_ascension_mode":false,"metric_token":989,"campfire_choices":[{"data":"Gatherer:FlowerFalling","floor":6.0,"key":"SMITH"},{"data":"Gatherer:FlowerFalling+1","floor":8.0,"key":"SMITH"},{"data":"Gatherer:FlowerFalling+2","floor":12.0,"key":"SMITH"},{"data":"Gatherer:BalancedGrowth","floor":15,"key":"SMITH"}],"circlet_count":0,"master_deck":["Gatherer:Strike_Gatherer","Gatherer:Strike_Gatherer","Gatherer:Strike_Gatherer","Gatherer:Defend_Gatherer","Gatherer:Defend_Gatherer","Gatherer:Defend_Gatherer","Gatherer:Defend_Gatherer","Gatherer:Defend_Gatherer","Gatherer:Centralize","Gatherer:FlowerWhip","Gatherer:QuickSynthesis","Gatherer:FlowerFalling+3","Gatherer:PotentialSlash","Gatherer:EchoOfNature","Gatherer:BalancedGrowth+1","Gatherer:BalancedGrowth","Gatherer:EchoOfNature"],"relics":["Gatherer:AlchemyBag","Lizard Tail","Golden Idol","InkBottle","Happy Flower"],"acts_visited":["Exordium"],"potions_floor_usage":[],"damage_taken":[{"damage":0.0,"enemies":"Small Slimes","floor":1.0,"turns":3.0},{"damage":7.0,"enemies":"Jaw Worm","floor":4.0,"turns":5.0},{"damage":6.0,"enemies":"Cultist","floor":5.0,"turns":3.0},{"damage":1.0,"enemies":"2 Fungi Beasts","floor":10.0,"turns":2.0},{"damage":0.0,"enemies":"Looter","floor":11.0,"turns":2.0},{"damage":5,"enemies":"Lots of Slimes","floor":13,"turns":4},{"damage":13,"enemies":"The Guardian","floor":16,"turns":5}],"seed_played":"-6632915724352846048","potions_obtained":[{"floor":5.0,"key":"SteroidPotion"},{"floor":13,"key":"BottledMiracle"}],"is_trial":false,"path_per_floor":["M","?","?","M","M","R","?","R","T","M","M","R","M","$","R","B"],"character_chosen":"THE_GATHERER","items_purchased":["Gatherer:BalancedGrowth","Gatherer:EchoOfNature"],"campfire_rested":0,"item_purchase_floors":[14,14],"current_hp_per_floor":[51,44,44,37,31,31,24,24,24,23,23,23,22,22,22,9,9,9],"gold":53,"neow_bonus":"ONE_RARE_RELIC","is_daily":false,"chose_seed":false,"campfire_upgraded":4,"win_rate":0.0,"timestamp":1611073193,"path_taken":["M","?","?","M","M","R","?","R","T","M","M","R","?","$","R","BOSS"],"items_purchased_type":["Card","Card"],"build_version":"2020-12-22","purchased_purges":1,"victory":false,"max_hp_per_floor":[72,72,67,67,67,67,67,67,67,67,67,67,67,67,67,67,67,67],"card_choices":[{"not_picked":["Gatherer:CollectorsShot","Gatherer:MiningStrike"],"picked":"Gatherer:QuickSynthesis","floor":1.0},{"not_picked":["Gatherer:Misfortune","Gatherer:Frenzy"],"picked":"Gatherer:FlowerFalling","floor":4.0},{"not_picked":["Gatherer:EnergyBasket","Gatherer:WoolGloves"],"picked":"Gatherer:PotentialSlash","floor":5.0},{"not_picked":["Gatherer:Herbalism","Gatherer:MiningStrike"],"picked":"Gatherer:EchoOfNature","floor":10.0},{"not_picked":["Gatherer:AcidicSpray","Gatherer:CarefulStrike","Gatherer:SealedBomb"],"picked":"SKIP","floor":11.0},{"not_picked":["Gatherer:ScentOfRosmari","Gatherer:Examine"],"picked":"Gatherer:BalancedGrowth","floor":13}],"player_experience":258148,"relics_obtained":[{"floor":9.0,"key":"Happy Flower"}],"event_choices":[{"cards_removed":["Gatherer:Strike_Gatherer"],"damage_healed":0.0,"max_hp_gain":0.0,"max_hp_loss":0.0,"gold_gain":0.0,"event_name":"Golden Wing","player_choice":"Card Removal","floor":2.0,"gold_loss":0.0,"damage_taken":7.0},{"damage_healed":0.0,"max_hp_gain":0.0,"max_hp_loss":5.0,"gold_gain":0.0,"event_name":"Golden Idol","player_choice":"Lose Max HP","floor":3.0,"gold_loss":0.0,"damage_taken":0.0,"relics_obtained":["Golden Idol"]},{"damage_healed":0.0,"max_hp_gain":0.0,"max_hp_loss":0.0,"gold_gain":0.0,"event_name":"Scrap Ooze","player_choice":"Success","floor":7.0,"gold_loss":0.0,"damage_taken":7.0,"relics_obtained":["InkBottle"]}],"is_beta":false,"boss_relics":[],"items_purged_floors":[14],"is_endless":false,"potions_floor_spawned":[5,13],"killed_by":"The Guardian","ascension_level":0}}