{"host":"qxeepl7ydvsgmfdb","time":1611034103,"event":{"mods":["AchievementEnabler","BaseMod","Colored Powertips","Minty Spire (QoL Compilation)","Quick Restart","slay the spire mod where everything is the same but ironclad has a cowboy hat"],"gold_per_floor":[112,50,50,69,94,119,119,148,148,148,166,66,76,90,90,192,192,211,37,52,52,29,29,29,63,63,63,63,63,63],"floor_reached":29,"language":"ENG","playtime":862,"items_purged":["Regret","Strike_G"],"score":411,"play_id":"8b556339-7311-4385-804f-35162134896f","local_time":"20210119002823","is_ascension_mode":true,"campfire_choices":[{"data":"Dagger Spray","floor":7.0,"key":"SMITH"},{"floor":15.0,"key":"REST"},{"floor":23.0,"key":"REST"},{"data":"Noxious Fumes","floor":28.0,"key":"SMITH"}],"circlet_count":0,"master_deck":["AscendersBane","Strike_G","Strike_G","Strike_G","Strike_G","Defend_G","Defend_G","Defend_G","Defend_G","Defend_G","Survivor","Neutralize","Dagger Spray+1","Cloak And Dagger","Deadly Poison","Deadly Poison","Blade Dance+1","Noxious Fumes+1","Slice+1","Slice","Writhe"],"relics":["Ring of the Snake","NeowsBlessing","Nunchaku","Pen Nib","Ice Cream","Regal Pillow","Matryoshka","The Specimen","SacredBark","Snake Skull","Lantern","White Beast Statue","Bag of Preparation"],"acts_visited":["Exordium","TheCity"],"potions_floor_usage":[],"damage_taken":[{"damage":0.0,"enemies":"2 Louse","floor":1.0,"turns":2.0},{"damage":0.0,"enemies":"Cultist","floor":4.0,"turns":1.0},{"damage":0.0,"enemies":"3 Sentries","floor":6.0,"turns":1.0},{"damage":23.0,"enemies":"Lagavulin","floor":8.0,"turns":7.0},{"damage":13.0,"enemies":"Jaw Worm","floor":11.0,"turns":4.0},{"damage":1.0,"enemies":"Looter","floor":13.0,"turns":3.0},{"damage":10.0,"enemies":"Blue Slaver","floor":14.0,"turns":3.0},{"damage":48.0,"enemies":"Hexaghost","floor":16.0,"turns":11.0},{"damage":2.0,"enemies":"3 Byrds","floor":18.0,"turns":4.0},{"damage":11.0,"enemies":"Chosen","floor":20.0,"turns":5.0},{"damage":2.0,"enemies":"Gremlin Leader","floor":25.0,"turns":6.0},{"damage":73,"enemies":"Slavers","floor":29,"turns":4}],"seed_played":"-9116593221896322470","potions_obtained":[{"floor":6.0,"key":"Strength Potion"},{"floor":8.0,"key":"SpeedPotion"},{"floor":14.0,"key":"PowerPotion"},{"floor":18.0,"key":"DistilledChaos"}],"is_trial":false,"path_per_floor":["M","?","$","M","T","E","R","E","T","?","M","$","M","M","R","B",null,"M","$","M","?","$","R","?","E","T","?","R","E"],"character_chosen":"THE_SILENT","items_purchased":["Cloak And Dagger","Noxious Fumes","Slice"],"campfire_rested":2,"item_purchase_floors":[12,19,22],"current_hp_per_floor":[63,63,63,63,63,63,63,40,40,40,27,27,26,16,52,4,54,52,52,41,28,28,65,65,63,63,63,63,0,0],"gold":63,"neow_bonus":"THREE_ENEMY_KILL","is_daily":false,"chose_seed":false,"campfire_upgraded":2,"win_rate":0.0,"timestamp":1611034103,"path_taken":["M","?","?","M","?","E","R","E","T","?","M","$","M","M","R","BOSS","M","$","M","?","$","R","?","E","T","?","R","E"],"items_purchased_type":["Card","Card","Card"],"build_version":"2020-12-22","purchased_purges":2,"victory":false,"max_hp_per_floor":[70,70,70,70,70,70,70,70,70,70,70,70,70,70,70,70,70,70,70,70,75,75,75,75,75,75,75,75,75,75],"card_choices":[{"not_picked":["Backflip","Crippling Poison","Quick Slash"],"picked":"SKIP","floor":1.0},{"not_picked":["Flechettes","Dodge and Roll","Endless Agony"],"picked":"SKIP","floor":4.0},{"not_picked":["Setup","Finisher"],"picked":"Dagger Spray","floor":6.0},{"not_picked":["Bullet Time","Flying Knee","Crippling Poison"],"picked":"SKIP","floor":8.0},{"not_picked":["Underhanded Strike","PiercingWail","Dagger Spray"],"picked":"SKIP","floor":11.0},{"not_picked":["Reflex","Dagger Throw"],"picked":"Deadly Poison","floor":13.0},{"not_picked":["Underhanded Strike","Backflip"],"picked":"Deadly Poison","floor":14.0},{"not_picked":["Predator","Outmaneuver+1"],"picked":"Blade Dance+1","floor":18.0},{"not_picked":["Dodge and Roll","Dagger Spray"],"picked":"Slice+1","floor":20.0},{"not_picked":["All Out Attack","Dagger Throw","Underhanded Strike"],"picked":"SKIP","floor":25.0}],"player_experience":172546,"relics_obtained":[{"floor":5.0,"key":"Pen Nib"},{"floor":6.0,"key":"Ice Cream"},{"floor":8.0,"key":"Regal Pillow"},{"floor":9.0,"key":"Matryoshka"},{"floor":25.0,"key":"Snake Skull"},{"floor":26.0,"key":"Lantern"},{"floor":26.0,"key":"White Beast Statue"}],"event_choices":[{"damage_healed":0.0,"max_hp_gain":0.0,"max_hp_loss":0.0,"gold_gain":0.0,"event_name":"WeMeetAgain","player_choice":"Paid Gold","floor":2.0,"gold_loss":62.0,"damage_taken":0.0,"relics_obtained":["Nunchaku"]},{"damage_healed":0.0,"max_hp_gain":0.0,"max_hp_loss":0.0,"gold_gain":0.0,"event_name":"Big Fish","player_choice":"Box","floor":10.0,"gold_loss":0.0,"damage_taken":0.0,"relics_obtained":["The Specimen"],"cards_obtained":["Regret"]},{"damage_healed":0.0,"max_hp_gain":5.0,"max_hp_loss":0.0,"gold_gain":0.0,"event_name":"Forgotten Altar","player_choice":"Shed Blood","floor":21.0,"gold_loss":0.0,"damage_taken":18.0},{"damage_healed":0.0,"max_hp_gain":0.0,"max_hp_loss":0.0,"gold_gain":0.0,"event_name":"Vampires","player_choice":"Ignored","floor":24.0,"gold_loss":0.0,"damage_taken":0.0},{"damage_healed":0.0,"max_hp_gain":0.0,"max_hp_loss":0.0,"gold_gain":0.0,"event_name":"The Mausoleum","player_choice":"Opened","floor":27.0,"gold_loss":0.0,"damage_taken":0.0,"relics_obtained":["Bag of Preparation"],"cards_obtained":["Writhe"]}],"is_beta":false,"boss_relics":[{"not_picked":["HoveringKite","Tiny House"],"picked":"SacredBark"}],"items_purged_floors":[12,19],"is_endless":false,"potions_floor_spawned":[6,8,14,18],"killed_by":"Slavers","ascension_level":10}}