{"host":"sy0sbf0rsk5t5kf4","time":1611049042,"event":{"mods":["BaseMod","Downfall","Minty Spire (QoL Compilation)","StSLib"],"gold_per_floor":[99,99,274,274,274,274,354,354,389,418,465,494,516,539,566,678,690,702,728,740,702,699,737,773,812,824,847,759,63,63,75,95,95,95,95],"floor_reached":33,"language":"ZHS","playtime":1553,"items_purged":["Doubt"],"score":334,"play_id":"1176645f-290e-46c6-a925-e300d69d9499","local_time":"20210119173722","is_ascension_mode":true,"campfire_choices":[{"data":"Slimebound:Split","floor":1.0,"key":"SMITH"},{"data":"Slimebound:SlimeSlap","floor":18.0,"key":"SMITH"},{"floor":28,"key":"RECALL"},{"data":"Slimebound:Gluttony","floor":30,"key":"SMITH"}],"circlet_count":0,"master_deck":["Slimebound:Strike_Slimebound","Slimebound:Strike_Slimebound","Slimebound:Strike_Slimebound","Slimebound:Tackle","Slimebound:Defend_Slimebound","Slimebound:Defend_Slimebound","Slimebound:Defend_Slimebound","Slimebound:Defend_Slimebound","Slimebound:Split+1","Slimebound:CorrosiveSpit","Slimebound:GoopSpray+1","Slimebound:GrowthPunch","Slimebound:GrowthPunch","Slimebound:GoopSpray+1","Shame","Slimebound:RainOfGoop+1","Slimebound:SlimeTap+1","Slimebound:LeechEnergy","Slimebound:AcidTongue","Slimebound:SlimeSpikes+1","Slimebound:GrowthPunch","Slimebound:SlimeSlap+1","Slimebound:LeechEnergy","Writhe","Slimebound:SpikyOuterGoop+1","Slimebound:LeechingTouch","Slimebound:DouseInSlime+1","Slimebound:FinishingTackle","Slimebound:CheckThePlaybook+1","Slimebound:Gluttony+1","Slimebound:SplitAcid+1"],"relics":["Slimebound:AbsorbEndCombatUpgraded","downfall:HeartsMalice","PreservedInsect","Toxic Egg 2","MawBank","Bag of Marbles","The Courier","Smiling Mask","Vajra","Lantern","downfall:HeartBlessingGreen","Lizard Tail","Torii","Bronze Scales"],"acts_visited":["Exordium","TheCity"],"potions_floor_usage":[25,31,31,32,33],"damage_taken":[{"damage":0.0,"enemies":"Jaw Worm","floor":2.0,"turns":1.0},{"damage":0.0,"enemies":"Cultist","floor":5.0,"turns":1.0},{"damage":0.0,"enemies":"Gremlin Nob","floor":9.0,"turns":1.0},{"damage":0.0,"enemies":"Small Slimes","floor":10.0,"turns":3.0},{"damage":13.0,"enemies":"3 Sentries","floor":11.0,"turns":7.0},{"damage":8.0,"enemies":"Red Slaver","floor":12.0,"turns":4.0},{"damage":14.0,"enemies":"3 Louse","floor":13.0,"turns":3.0},{"damage":7.0,"enemies":"Blue Slaver","floor":14.0,"turns":4.0},{"damage":13.0,"enemies":"Exordium Thugs","floor":15.0,"turns":4.0},{"damage":16.0,"enemies":"SI_SHIV_ARCHETYPE","floor":16.0,"turns":9.0},{"damage":22.0,"enemies":"Chosen","floor":19.0,"turns":6.0},{"damage":8.0,"enemies":"downfall:FleeingMerchant","floor":22.0,"turns":4.0},{"damage":38,"enemies":"Slavers","floor":23,"turns":5},{"damage":36,"enemies":"Book of Stabbing","floor":25,"turns":6},{"damage":19,"enemies":"Snecko","floor":27,"turns":5},{"damage":0,"enemies":"downfall:FleeingMerchant","floor":29,"turns":4},{"damage":12,"enemies":"Centurion and Healer","floor":31,"turns":1},{"damage":23,"enemies":"Snake Plant","floor":32,"turns":3},{"damage":52,"enemies":"IC_MUSHROOM_ARCHETYPE","floor":33,"turns":8}],"seed_played":"-837520356669348109","potions_obtained":[{"floor":10.0,"key":"Weak Potion"},{"floor":11.0,"key":"Swift Potion"},{"floor":12.0,"key":"BlessingOfTheForge"},{"floor":14.0,"key":"EntropicBrew"},{"floor":25,"key":"SteroidPotion"},{"floor":27,"key":"CultistPotion"},{"floor":32,"key":"AttackPotion"}],"is_trial":false,"path_per_floor":["R","M","?","?","M","T","T","?","E","M","E","M","M","M","M","B",null,"R","M","?","?","$","E","T","E","?","M","R","$","R","M","M","B"],"character_chosen":"SLIMEBOUND","items_purchased":["Lizard Tail","Torii","Slimebound:Gluttony","Bronze Scales"],"campfire_rested":0,"item_purchase_floors":[29,29,29,29],"current_hp_per_floor":[65,65,65,65,65,65,65,65,65,65,56,52,44,43,36,28,65,65,50,50,65,62,39,39,18,18,11,11,23,23,11,30,0,0,0],"gold":95,"neow_bonus":"THREE_ENEMY_KILL","is_daily":false,"chose_seed":false,"campfire_upgraded":3,"win_rate":0.0,"timestamp":1611049042,"path_taken":["R","M","?","?","?","?","T","?","E","M","E","M","M","?","M","BOSS","R","M","?","?","$","E","T","E","?","?","R","$","R","M","M","BOSS"],"items_purchased_type":["Relic","Relic","Card","Relic"],"build_version":"2020-12-22","purchased_purges":1,"victory":false,"max_hp_per_floor":[65,65,65,65,65,65,65,65,65,65,65,65,65,65,65,65,65,65,65,65,65,65,65,65,65,65,65,65,65,65,65,65,65,65,65],"card_choices":[{"not_picked":["Slimebound:HungryTackle","Slimebound:SlimeSpikes"],"picked":"Slimebound:GoopSpray","floor":2.0},{"not_picked":["Slimebound:Prepare","Slimebound:SlimeBarrage"],"picked":"Slimebound:GrowthPunch","floor":5.0},{"not_picked":["Slimebound:PressTheAttack","Slimebound:FormOfPuddle+1"],"picked":"Slimebound:RainOfGoop+1","floor":9.0},{"not_picked":["Slimebound:FormOfPuddle+1","Slimebound:ViciousTackle"],"picked":"Slimebound:SlimeTap+1","floor":10.0},{"not_picked":["Slimebound:FlameTackle","Slimebound:SplitSpecialist+1"],"picked":"Slimebound:LeechEnergy","floor":11.0},{"not_picked":["Slimebound:HungryTackle","Slimebound:RollThrough"],"picked":"Slimebound:AcidTongue","floor":12.0},{"not_picked":["Slimebound:Repurpose+1","Slimebound:SplitLeeching+1","Slimebound:SplitSpecialist+1"],"picked":"SKIP","floor":13.0},{"not_picked":["Slimebound:ServeAndProtect+1","Slimebound:DivideAndConquer"],"picked":"Slimebound:SlimeSpikes+1","floor":14.0},{"not_picked":["Slimebound:SplitMire+1","Slimebound:LevelUp"],"picked":"Slimebound:GrowthPunch","floor":15.0},{"not_picked":["Slimebound:Overexert","Slimebound:Darklings+1"],"picked":"Slimebound:SlimeSlap","floor":16.0},{"not_picked":["Slimebound:SplitMire+1","Slimebound:FinishingTackle"],"picked":"Slimebound:LeechEnergy","floor":19.0},{"not_picked":["Slimebound:SlimeTap+1","Slimebound:SplitSpecialist+1"],"picked":"Slimebound:SpikyOuterGoop","floor":22},{"not_picked":["Slimebound:Prepare+1","Slimebound:HungryTackle"],"picked":"Slimebound:LeechingTouch","floor":23},{"not_picked":["Slimebound:FinishingTackle","Slimebound:ItLooksTasty+1"],"picked":"Slimebound:DouseInSlime+1","floor":25},{"not_picked":["Slimebound:Dissolve+1","Slimebound:PressTheAttack"],"picked":"Slimebound:FinishingTackle","floor":27},{"not_picked":["Slimebound:LeechEnergy","Slimebound:SplitSpecialist+1"],"picked":"Slimebound:CheckThePlaybook+1","floor":29},{"not_picked":["Slimebound:Repurpose+1","Slimebound:SplitLeeching+1"],"picked":"Slimebound:SplitAcid+1","floor":31},{"not_picked":["Slimebound:FinishingTackle","Slimebound:Gluttony","Slimebound:SplitMire+1"],"picked":"SKIP","floor":32}],"player_experience":182516,"relics_obtained":[{"floor":6.0,"key":"PreservedInsect"},{"floor":7.0,"key":"Toxic Egg 2"},{"floor":9.0,"key":"MawBank"},{"floor":11.0,"key":"Bag of Marbles"},{"floor":23,"key":"Smiling Mask"},{"floor":24,"key":"Vajra"},{"floor":25,"key":"Lantern"}],"event_choices":[],"is_beta":false,"boss_relics":[{"not_picked":["Astrolabe","Tiny House"],"picked":"Slimebound:AbsorbEndCombatUpgraded"}],"items_purged_floors":[29],"is_endless":false,"potions_floor_spawned":[10,11,12,13,14,25,27,32],"killed_by":"IC_MUSHROOM_ARCHETYPE","ascension_level":1}}