{"host":"5mo0809oo9tcrmpl","time":1611016540,"event":{"mods":["BaseMod","Highlight Path","Minty Spire (QoL Compilation)","Relic Stats","Slay the Relics Exporter"],"gold_per_floor":[117,192,209,209,219,219,219],"floor_reached":6,"language":"ENG","playtime":291,"items_purged":[],"score":72,"play_id":"48bba9f9-75b1-41d4-95f2-091e31fbc5c4","local_time":"20210118183540","is_ascension_mode":true,"campfire_choices":[],"circlet_count":0,"master_deck":["AscendersBane","Strike_R","Strike_R","Strike_R","Strike_R","Defend_R","Defend_R","Defend_R","Defend_R","Bash","Corruption","Searing Blow","Flex","Disarm"],"relics":["Burning Blood"],"acts_visited":["Exordium"],"potions_floor_usage":[6,6],"damage_taken":[{"damage":9,"enemies":"2 Louse","floor":1,"turns":3},{"damage":19,"enemies":"Jaw Worm","floor":3,"turns":4},{"damage":1,"enemies":"Cultist","floor":5,"turns":3},{"damage":55,"enemies":"3 Sentries","floor":6,"turns":7}],"seed_played":"-1325843432479992043","potions_obtained":[{"floor":1,"key":"Fruit Juice"},{"floor":3,"key":"Swift Potion"}],"is_trial":false,"path_per_floor":["M","?","M","?","M","E"],"character_chosen":"IRONCLAD","items_purchased":[],"campfire_rested":0,"item_purchase_floors":[],"current_hp_per_floor":[65,54,41,41,46,0,0],"gold":219,"neow_bonus":"ONE_RANDOM_RARE_CARD","is_daily":false,"chose_seed":false,"campfire_upgraded":0,"win_rate":0.0,"timestamp":1611016540,"path_taken":["M","?","M","?","M","E"],"items_purchased_type":[],"build_version":"2020-12-22","purchased_purges":0,"victory":false,"max_hp_per_floor":[75,75,75,75,75,80,80],"relic_stats":{"counters":[4,17],"obtain_stats":[{"Burning Blood":0},{"Burning Blood":0},{"Burning Blood":0}],"Burning Blood":18},"card_choices":[{"not_picked":["Dark Embrace","Headbutt"],"picked":"Searing Blow","floor":1},{"not_picked":["Rupture","Sword Boomerang"],"picked":"Flex","floor":3},{"not_picked":["Warcry","Havoc"],"picked":"Disarm","floor":5}],"player_experience":1210311,"relics_obtained":[],"event_choices":[{"damage_healed":0,"gold_gain":75,"player_choice":"Gather Gold","damage_taken":11,"max_hp_gain":0,"max_hp_loss":0,"event_name":"World of Goop","floor":2,"gold_loss":0},{"cards_removed":["Strike_R"],"damage_healed":0,"gold_gain":0,"player_choice":"Offered Basic","damage_taken":0,"max_hp_gain":0,"max_hp_loss":0,"event_name":"Bonfire Elementals","floor":4,"gold_loss":0}],"is_beta":false,"boss_relics":[],"items_purged_floors":[],"is_endless":false,"potions_floor_spawned":[1,3],"killed_by":"3 Sentries","ascension_level":20}}