{"host":"qxeepl7ydvsgmfdb","time":1611031498,"event":{"mods":["AchievementEnabler","BaseMod","Colored Powertips","Minty Spire (QoL Compilation)","Quick Restart","slay the spire mod where everything is the same but ironclad has a cowboy hat"],"gold_per_floor":[112,60,60,70,145,175,22,22,22,52,65,65,85,95,95,194,194,204,0,16,16,16,41,60,60,112,137,137,40,40,56,56,151,151,161,71,84,0,13,13,13,65,65,65,65,100,111,123,123,123],"floor_reached":51,"language":"ENG","playtime":1332,"items_purged":["Strike_G","Defend_G"],"score":1106,"play_id":"0d4cdc1a-24b5-4632-bc18-294e2b102946","local_time":"20210118234458","is_ascension_mode":true,"campfire_choices":[{"data":"1","floor":8.0,"key":"LIFT"},{"floor":15.0,"key":"REST"},{"data":"2","floor":25.0,"key":"LIFT"},{"data":"3","floor":28.0,"key":"LIFT"},{"floor":30.0,"key":"REST"},{"data":"Phantasmal Killer","floor":32.0,"key":"SMITH"},{"floor":40.0,"key":"REST"},{"floor":49.0,"key":"REST"}],"circlet_count":0,"master_deck":["Strike_G+1","Strike_G","Strike_G","Defend_G","Defend_G","Defend_G","Survivor","Neutralize","Blade Dance","Poisoned Stab+1","Backstab","Backflip","Noxious Fumes","Deflect","Bane","Die Die Die+1","Backflip","Phantasmal Killer+1","Dagger Spray+1","Deadly Poison+1","Slice","Cloak And Dagger+1","Footwork","Cloak And Dagger+1","Catalyst+1","Writhe","Blade Dance+1"],"relics":["Ring of the Snake","NeowsBlessing","Girya","Bronze Scales","Bottled Flame","MutagenicStrength","Shuriken","Ancient Tea Set","Oddly Smooth Stone","Nunchaku","Red Mask","Tingsha","Eternal Feather","Whetstone"],"acts_visited":["Exordium","TheCity","TheBeyond"],"potions_floor_usage":[50,50],"damage_taken":[{"damage":0.0,"enemies":"Cultist","floor":1.0,"turns":1.0},{"damage":0.0,"enemies":"Small Slimes","floor":4.0,"turns":1.0},{"damage":0.0,"enemies":"3 Sentries","floor":6.0,"turns":1.0},{"damage":28.0,"enemies":"Gremlin Nob","floor":10.0,"turns":5.0},{"damage":4.0,"enemies":"Jaw Worm","floor":11.0,"turns":1.0},{"damage":2.0,"enemies":"Exordium Thugs","floor":13.0,"turns":2.0},{"damage":0.0,"enemies":"Blue Slaver","floor":14.0,"turns":1.0},{"damage":17.0,"enemies":"Slime Boss","floor":16.0,"turns":8.0},{"damage":3.0,"enemies":"Spheric Guardian","floor":18.0,"turns":3.0},{"damage":10.0,"enemies":"3 Byrds","floor":20.0,"turns":3.0},{"damage":4.0,"enemies":"Gremlin Leader","floor":23.0,"turns":3.0},{"damage":10.0,"enemies":"Shelled Parasite and Fungi","floor":24.0,"turns":3.0},{"damage":14.0,"enemies":"Slavers","floor":27.0,"turns":3.0},{"damage":0.0,"enemies":"Cultist and Chosen","floor":31.0,"turns":2.0},{"damage":34.0,"enemies":"Champ","floor":33.0,"turns":7.0},{"damage":0.0,"enemies":"3 Darklings","floor":35.0,"turns":3.0},{"damage":24.0,"enemies":"3 Shapes","floor":37.0,"turns":5.0},{"damage":0.0,"enemies":"3 Darklings","floor":39.0,"turns":2.0},{"damage":16.0,"enemies":"2 Orb Walkers","floor":42.0,"turns":3.0},{"damage":1.0,"enemies":"Giant Head","floor":44.0,"turns":5.0},{"damage":7.0,"enemies":"Reptomancer","floor":46.0,"turns":5.0},{"damage":11.0,"enemies":"Sphere and 2 Shapes","floor":47.0,"turns":3.0},{"damage":1.0,"enemies":"Transient","floor":48.0,"turns":5.0},{"damage":60,"enemies":"Donu and Deca","floor":50,"turns":8}],"seed_played":"-2693023699720602033","potions_obtained":[{"floor":6.0,"key":"Explosive Potion"},{"floor":11.0,"key":"Ancient Potion"},{"floor":16.0,"key":"AttackPotion"},{"floor":20.0,"key":"SmokeBomb"},{"floor":23.0,"key":"CunningPotion"},{"floor":31.0,"key":"EntropicBrew"},{"floor":37.0,"key":"LiquidBronze"},{"floor":46.0,"key":"Poison Potion"},{"floor":47.0,"key":"Block Potion"},{"floor":48.0,"key":"SkillPotion"}],"is_trial":false,"path_per_floor":["M","$","?","M","?","E","$","R","T","E","M","?","M","M","R","B",null,"M","$","M","?","?","E","M","R","T","E","R","?","R","M","R","B",null,"M","?","M","?","M","R","?","?","T","E","?","E","M","M","R","B",null],"character_chosen":"THE_SILENT","items_purchased":["Poisoned Stab","Noxious Fumes","Deadly Poison","Slice"],"campfire_rested":4,"item_purchase_floors":[2,7,19,19],"current_hp_per_floor":[63,63,63,63,52,52,52,52,52,24,20,20,18,18,39,22,58,55,55,45,45,68,64,54,54,54,40,40,40,61,61,61,27,59,59,59,35,35,35,56,70,54,54,53,53,46,35,34,70,10],"gold":123,"neow_bonus":"THREE_ENEMY_KILL","is_daily":false,"chose_seed":false,"campfire_upgraded":1,"win_rate":0.0,"timestamp":1611031498,"path_taken":["M","$","?","M","?","E","$","R","T","E","M","?","M","?","R","BOSS","M","$","M","?","?","E","M","R","T","E","R","?","R","M","R","BOSS","M","?","?","?","M","R","?","?","T","E","?","E","?","M","R","BOSS"],"items_purchased_type":["Card","Card","Card","Card"],"build_version":"2020-12-22","purchased_purges":2,"victory":true,"max_hp_per_floor":[70,70,70,70,70,70,70,70,70,70,70,70,70,70,70,70,70,70,70,70,70,70,70,70,70,70,70,70,70,70,70,70,70,70,70,70,70,70,70,70,70,70,70,70,70,70,70,70,70,70],"card_choices":[{"not_picked":["Slice","Flying Knee"],"picked":"Blade Dance","floor":1.0},{"not_picked":["Underhanded Strike","Caltrops"],"picked":"Backstab","floor":4.0},{"not_picked":["Escape Plan","Caltrops"],"picked":"Backflip","floor":6.0},{"not_picked":["Slice","Dodge and Roll","Quick Slash"],"picked":"SKIP","floor":10.0},{"not_picked":["Dodge and Roll","Concentrate"],"picked":"Deflect","floor":11.0},{"not_picked":["Quick Slash","Deadly Poison"],"picked":"Die Die Die","floor":13.0},{"not_picked":["PiercingWail","Sucker Punch"],"picked":"Backflip","floor":14.0},{"not_picked":["Tools of the Trade","Malaise"],"picked":"Phantasmal Killer","floor":16.0},{"not_picked":["Crippling Poison","Dodge and Roll"],"picked":"Dagger Spray+1","floor":18.0},{"not_picked":["Heel Hook","Outmaneuver"],"picked":"Cloak And Dagger+1","floor":20.0},{"not_picked":["Noxious Fumes","Deflect"],"picked":"Footwork","floor":23.0},{"not_picked":["Acrobatics","Reflex+1","Crippling Poison"],"picked":"SKIP","floor":24.0},{"not_picked":["Dagger Spray","Prepared"],"picked":"Cloak And Dagger+1","floor":27.0},{"not_picked":["Outmaneuver","Infinite Blades+1","Dash"],"picked":"SKIP","floor":31.0},{"not_picked":["Poisoned Stab+1","Endless Agony+1","Dodge and Roll"],"picked":"SKIP","floor":35.0},{"not_picked":["Bouncing Flask+1","Quick Slash","Deflect"],"picked":"SKIP","floor":37.0},{"not_picked":["Underhanded Strike+1","Bouncing Flask"],"picked":"Catalyst","floor":39.0},{"not_picked":["Acrobatics","Outmaneuver+1","Slice"],"picked":"SKIP","floor":46.0},{"not_picked":["PiercingWail","Crippling Poison+1","Prepared+1"],"picked":"SKIP","floor":47.0},{"not_picked":["Backflip","Escape Plan"],"picked":"Blade Dance+1","floor":48.0}],"player_experience":171214,"relics_obtained":[{"floor":6.0,"key":"Girya"},{"floor":9.0,"key":"Bronze Scales"},{"floor":10.0,"key":"Bottled Flame"},{"floor":23.0,"key":"Shuriken"},{"floor":26.0,"key":"Ancient Tea Set"},{"floor":27.0,"key":"Oddly Smooth Stone"},{"floor":42.0,"key":"Tingsha"},{"floor":43.0,"key":"Eternal Feather"},{"floor":46.0,"key":"Whetstone"}],"event_choices":[{"damage_healed":0.0,"max_hp_gain":0.0,"max_hp_loss":0.0,"gold_gain":0.0,"event_name":"Living Wall","player_choice":"Grow","floor":3.0,"gold_loss":0.0,"damage_taken":0.0,"cards_upgraded":["Poisoned Stab"]},{"damage_healed":0.0,"max_hp_gain":0.0,"max_hp_loss":0.0,"gold_gain":75.0,"event_name":"World of Goop","player_choice":"Gather Gold","floor":5.0,"gold_loss":0.0,"damage_taken":11.0},{"damage_healed":0.0,"max_hp_gain":0.0,"max_hp_loss":0.0,"gold_gain":0.0,"cards_transformed":["Strike_G"],"event_name":"Transmorgrifier","player_choice":"Transformed","floor":12.0,"gold_loss":0.0,"damage_taken":0.0,"cards_obtained":["Bane"]},{"damage_healed":0.0,"max_hp_gain":0.0,"max_hp_loss":0.0,"gold_gain":0.0,"event_name":"Drug Dealer","player_choice":"Inject Mutagens","floor":21.0,"gold_loss":0.0,"damage_taken":0.0,"relics_obtained":["MutagenicStrength"]},{"damage_healed":23.0,"max_hp_gain":0.0,"max_hp_loss":0.0,"gold_gain":0.0,"event_name":"The Library","player_choice":"Heal","floor":22.0,"gold_loss":0.0,"damage_taken":0.0},{"damage_healed":0.0,"max_hp_gain":0.0,"max_hp_loss":0.0,"gold_gain":0.0,"event_name":"WeMeetAgain","player_choice":"Paid Gold","floor":29.0,"gold_loss":97.0,"damage_taken":0.0,"relics_obtained":["Nunchaku"]},{"cards_removed":["Defend_G"],"damage_healed":0.0,"max_hp_gain":0.0,"max_hp_loss":0.0,"gold_gain":0.0,"event_name":"Designer","player_choice":"Upgrade and Remove","floor":36.0,"gold_loss":90.0,"damage_taken":0.0,"cards_upgraded":["Deadly Poison"]},{"damage_healed":0.0,"max_hp_gain":0.0,"max_hp_loss":0.0,"gold_gain":0.0,"event_name":"Tomb of Lord Red Mask","player_choice":"Paid","floor":38.0,"gold_loss":84.0,"damage_taken":0.0,"relics_obtained":["Red Mask"]},{"damage_healed":18.0,"max_hp_gain":0.0,"max_hp_loss":0.0,"gold_gain":0.0,"event_name":"Winding Halls","player_choice":"Writhe","floor":41.0,"gold_loss":0.0,"damage_taken":0.0,"cards_obtained":["Writhe"]},{"damage_healed":0.0,"max_hp_gain":0.0,"max_hp_loss":0.0,"gold_gain":0.0,"event_name":"Mysterious Sphere","player_choice":"Fight","floor":42.0,"gold_loss":0.0,"damage_taken":0.0},{"damage_healed":0.0,"max_hp_gain":0.0,"max_hp_loss":0.0,"gold_gain":0.0,"event_name":"Accursed Blacksmith","player_choice":"Forge","floor":45.0,"gold_loss":0.0,"damage_taken":0.0,"cards_upgraded":["Catalyst"]}],"is_beta":false,"boss_relics":[{"not_picked":["Ectoplasm","Snecko Eye","Runic Pyramid"]},{"not_picked":["Coffee Dripper","Philosopher\u0027s Stone","SlaversCollar"]}],"items_purged_floors":[7,19],"is_endless":false,"potions_floor_spawned":[6,10,11,16,20,23,31,33,37,44,46,47,48],"ascension_level":9}}