{"host":"7fomwthvpaeu368e","time":1611070720,"event":{"mods":["ATMod(∞¢Ë™Mod)","AchievementEnabler","Act Like it!","Arknights The Spire","Astrologer","BaseMod","Downfall","Gensokyo","Highlight Path","KinomotoSakuraMod(ƒæ÷Æ±æ”£)","KomeijiMod","Marisa£®ÏF”Í°°ƒß¿Ì…≥£©","Minty Spire (QoL Compilation)","Remilia£®¿Ÿ√◊¿Ú—«£©","StSLib","The Administrix","The Alterego","The Bug Knight","The Cursed","The Gatherer","The Hierophant","The Runesmith","The Servant 0.9.4","WarShipGirlsR/’ΩΩ¢…Ÿ≈ÆR mod","Youmu£®ªÍ∆«—˝√Œ£©","Yuri Mod","[IsaacMod]“‘»ˆº‚À˛"],"gold_per_floor":[113,132,151,151,101,101,112,129,153,153,153,171,187,37,37,137,137,157,207,64,75,75,108,108,121,121,121,135,135,153,153,153,256,256,274,293,193,193,212,240,240,240,240],"floor_reached":42,"language":"ZHS","playtime":3514,"items_purged":["Strike_B","Slimebound:Tackle+1"],"score":440,"play_id":"5c7a88fa-24ff-4b73-8e03-2fc9bc2ce2b7","local_time":"20210119233840","is_ascension_mode":false,"campfire_choices":[{"data":"Dualcast","floor":6,"key":"SMITH"},{"data":"Double Energy","floor":10,"key":"SMITH"},{"floor":15,"key":"REST"},{"floor":24,"key":"REST"},{"floor":27,"key":"REST"},{"floor":29,"key":"REST"},{"data":"Rainbow","floor":32,"key":"SMITH"},{"floor":41,"key":"REST"}],"circlet_count":0,"master_deck":["Defend_B","Zap","Dualcast+1","SuicideKing","Machine Learning","AT_OneInchPunch","Sweeping Beam+1","Coolheaded","Lockon","Redo","Double Energy+1","Ball Lightning","Redo","Rainbow+1","Capacitor","Loop","Chill","Defragment","Darkness","Barrage+1","Streamline","Buffer","Redo","Slimebound:Tackle+1","Slimebound:Tackle+1","Electrodynamics","AT_DarkMatter+1","Biased Cognition+1","Streamline+1","Pulse+1","Leap+1","Rip and Tear+1","Cancel+1"],"relics":["Cracked Core","AT_ATBox","HushsDoor","DoctorsRemote","Dream Catcher","Whetstone","Runesmith:UraniumAnvil","Ancient Tea Set","AT_BellowingDragoncrestRing","Astrolabe","Ornamental Fan"],"acts_visited":["Exordium","TheCity","TheBeyond"],"potions_floor_usage":[16,16,23,23,28,33,39,40],"damage_taken":[{"damage":0,"enemies":"2 Louse","floor":1,"turns":2},{"damage":6,"enemies":"Jaw Worm","floor":2,"turns":2},{"damage":0,"enemies":"Small Slimes","floor":3,"turns":2},{"damage":0,"enemies":"Looter","floor":7,"turns":3},{"damage":0,"enemies":"2 Fungi Beasts","floor":8,"turns":1},{"damage":0,"enemies":"Blue Slaver","floor":12,"turns":2},{"damage":13,"enemies":"Exordium Thugs","floor":13,"turns":4},{"damage":42,"enemies":"Hexaghost","floor":16,"turns":8},{"damage":6,"enemies":"2 Thieves","floor":18,"turns":2},{"damage":16,"enemies":"Shell Parasite","floor":21,"turns":4},{"damage":50,"enemies":"Slavers","floor":23,"turns":5},{"damage":21,"enemies":"Chosen and Byrds","floor":25,"turns":5},{"damage":2,"enemies":"Centurion and Healer","floor":28,"turns":4},{"damage":13,"enemies":"Sentry and Sphere","floor":30,"turns":5},{"damage":40,"enemies":"Collector","floor":33,"turns":9},{"damage":24,"enemies":"3 Shapes","floor":35,"turns":3},{"damage":1,"enemies":"3 Darklings","floor":36,"turns":5},{"damage":0,"enemies":"Jaw Worm Horde","floor":39,"turns":5},{"damage":43,"enemies":"Reptomancer","floor":40,"turns":4},{"damage":38,"enemies":"Sphere and 2 Shapes","floor":42,"turns":2}],"seed_played":"-3887767144499017161","potions_obtained":[{"floor":3,"key":"PotionOfCapacity"},{"floor":8,"key":"PotionOfCapacity"},{"floor":13,"key":"Regen Potion"},{"floor":18,"key":"Regen Potion"},{"floor":23,"key":"AttackPotion"},{"floor":25,"key":"CalmPotion"},{"floor":35,"key":"GamblersBrew"},{"floor":36,"key":"Regen Potion"},{"floor":39,"key":"PowerPotion"}],"is_trial":false,"path_per_floor":["M","M","M","?","?","R","M","M","T","R","?","M","M","$","R","B",null,"M","?","$","M","?","E","R","M","T","R","M","R","M","?","R","B",null,"M","M","$","?","M","E","R","M"],"character_chosen":"DEFECT","items_purchased":["Whetstone","Loop"],"campfire_rested":5,"item_purchase_floors":[14,20],"current_hp_per_floor":[75,69,69,69,69,69,69,69,69,69,62,62,49,49,71,43,75,69,69,69,53,53,17,39,18,18,40,38,60,47,47,47,7,75,51,50,50,50,56,13,35,0,0],"gold":240,"neow_bonus":"ONE_RANDOM_RARE_CARD","is_daily":false,"chose_seed":false,"campfire_upgraded":3,"win_rate":0.0,"timestamp":1611070720,"path_taken":["M","M","M","?","?","R","M","M","T","R","?","M","M","$","R","BOSS","M","?","$","M","?","E","R","M","T","R","M","R","M","?","R","BOSS","M","M","$","?","?","E","R","M"],"items_purchased_type":["Relic","Card"],"build_version":"2020-12-22","purchased_purges":2,"victory":false,"max_hp_per_floor":[75,75,75,75,75,75,75,75,75,75,75,75,75,75,75,75,75,75,75,75,75,75,75,75,75,75,75,75,75,75,75,75,75,75,75,75,75,75,75,75,75,75,75],"card_choices":[{"not_picked":[],"picked":"SuicideKing","floor":0},{"not_picked":["Self Repair","Steam"],"picked":"Sweeping Beam","floor":1},{"not_picked":["AT_RightCognition","Compile Driver"],"picked":"Coolheaded","floor":2},{"not_picked":["Conserve Battery","Coolheaded"],"picked":"Lockon","floor":3},{"not_picked":["Leap","Stack"],"picked":"Redo","floor":7},{"not_picked":["Defragment","Ball Lightning"],"picked":"Double Energy","floor":8},{"not_picked":["AT_WarpDrive","Sweeping Beam"],"picked":"Bomb","floor":12},{"not_picked":["Reprogram","Skim"],"picked":"Ball Lightning","floor":13},{"not_picked":["Cold Snap","AT_WaterDrop"],"picked":"Redo","floor":15},{"not_picked":["Electrodynamics","AT_RightCognition"],"picked":"Rainbow","floor":16},{"not_picked":["Genetic Algorithm","Hologram"],"picked":"Capacitor","floor":18},{"not_picked":["Compile Driver","Steam"],"picked":"Chill","floor":21},{"not_picked":["Barrage","Auto Shields+1"],"picked":"Defragment","floor":23},{"not_picked":["Stack","Redo"],"picked":"Darkness","floor":24},{"not_picked":["AT_RobotInSpace","Gash"],"picked":"Barrage+1","floor":25},{"not_picked":["Hologram","Storm"],"picked":"Streamline","floor":28},{"not_picked":["AT_EMC2","Cold Snap"],"picked":"Buffer","floor":29},{"not_picked":["Distribution","Force Field"],"picked":"Redo","floor":30},{"not_picked":["AT_WaterDrop","Fission"],"picked":"Electrodynamics","floor":33},{"not_picked":["Hologram","Compile Driver+1","Heatsinks"],"picked":"SKIP","floor":35},{"not_picked":["Hologram","Go for the Eyes+1"],"picked":"Pulse+1","floor":36},{"not_picked":["AT_RobotInSpace","Steam"],"picked":"Leap+1","floor":39},{"not_picked":["Coolheaded+1","Conserve Battery"],"picked":"Rip and Tear+1","floor":40},{"not_picked":["Leap+1","Barrage+1"],"picked":"Cancel+1","floor":41}],"player_experience":22827,"relics_obtained":[{"floor":9,"key":"Dream Catcher"},{"floor":23,"key":"Ancient Tea Set"},{"floor":26,"key":"AT_BellowingDragoncrestRing"},{"floor":40,"key":"Ornamental Fan"}],"event_choices":[{"cards_removed":["Strike_B"],"damage_healed":0,"gold_gain":0,"player_choice":"Card Removal","damage_taken":0,"max_hp_gain":0,"max_hp_loss":0,"event_name":"The Cleric","floor":5,"gold_loss":50},{"cards_removed":["Strike_B"],"damage_healed":0,"gold_gain":0,"player_choice":"Card Removal","damage_taken":7,"max_hp_gain":0,"max_hp_loss":0,"event_name":"Golden Wing","floor":11,"gold_loss":0},{"damage_healed":0,"gold_gain":100,"player_choice":"Bet on Murderer","damage_taken":0,"max_hp_gain":0,"max_hp_loss":0,"event_name":"The Joust","floor":19,"gold_loss":50},{"damage_healed":0,"gold_gain":0,"player_choice":"Ignored","damage_taken":0,"max_hp_gain":0,"max_hp_loss":0,"event_name":"Vampires","floor":22,"gold_loss":0}],"is_beta":false,"boss_relics":[{"not_picked":["SlaversCollar","Snecko Eye"],"picked":"Runesmith:UraniumAnvil"},{"not_picked":[]},{"not_picked":["Sozu","Fusion Hammer"],"picked":"Astrolabe"},{"not_picked":[]}],"items_purged_floors":[20,37],"is_endless":false,"potions_floor_spawned":[3,8,13,18,23,25,35,36,39],"killed_by":"Sphere and 2 Shapes","ascension_level":0}}