{"host":"9ndbo4kgsfoemf7y","time":1611054660,"event":{"mods":["AchievementEnabler","BaseMod","Colored Map","DeckTracker","Keyboard Shortcuts","Minty Spire (QoL Compilation)","Permanent Neow","Quick Restart","Relic Stats","StSLib","SuperFastMode"],"gold_per_floor":[118,268,42,42,117,117,147,147,147,158,183,183,8,36,36,113,113,113,113,50,50,69,69,83,83,130,142,142],"floor_reached":27,"language":"KOR","playtime":699,"items_purged":["Doubt","Defend_R","Strike_R"],"score":450,"play_id":"0ad818c3-7343-4e1c-a01b-61b3eab5b020","local_time":"20210119201100","is_ascension_mode":true,"campfire_choices":[{"data":"Strike_R","floor":6.0,"key":"PURGE"},{"data":"Strike_R","floor":8.0,"key":"PURGE"},{"data":"Strike_R","floor":12.0,"key":"PURGE"},{"data":"Body Slam","floor":15.0,"key":"SMITH"},{"data":"Shame","floor":23,"key":"PURGE"},{"data":"Strike_R","floor":25,"key":"PURGE"}],"circlet_count":0,"master_deck":["AscendersBane","Defend_R","Defend_R","Defend_R","Bash","Pommel Strike","Cleave","Twin Strike","Perfected Strike","Evolve","Body Slam+1","Barricade","RitualDagger","Flex","Rampage"],"relics":["Burning Blood","Peace Pipe","Membership Card","Potion Belt","StrikeDummy","MealTicket","Frozen Eye","Happy Flower","Runic Pyramid","Meat on the Bone","MawBank"],"acts_visited":["Exordium","TheCity"],"potions_floor_usage":[18],"damage_taken":[{"damage":4.0,"enemies":"Small Slimes","floor":1.0,"turns":4.0},{"damage":35.0,"enemies":"3 Sentries","floor":7.0,"turns":8.0},{"damage":7.0,"enemies":"Jaw Worm","floor":10.0,"turns":2.0},{"damage":8.0,"enemies":"Gremlin Nob","floor":11.0,"turns":3.0},{"damage":12.0,"enemies":"3 Sentries","floor":14.0,"turns":6.0},{"damage":45.0,"enemies":"Slime Boss","floor":16.0,"turns":9.0},{"damage":0,"enemies":"3 Byrds","floor":18,"turns":1},{"damage":49,"enemies":"Spheric Guardian","floor":22,"turns":7},{"damage":21,"enemies":"Snecko","floor":24,"turns":4},{"damage":44,"enemies":"Book of Stabbing","floor":27,"turns":3}],"seed_played":"-6091680978810443339","potions_obtained":[{"floor":10.0,"key":"FairyPotion"},{"floor":11.0,"key":"HeartOfIron"},{"floor":14.0,"key":"SmokeBomb"},{"floor":22,"key":"Energy Potion"}],"is_trial":false,"path_per_floor":["M","?","$","?","?","R","E","R","T","M","E","R","$","E","R","B",null,"M","?","$","?","M","R","M","R","T","E"],"character_chosen":"IRONCLAD","items_purchased":["Membership Card","Cleave","Evolve","Frozen Eye"],"campfire_rested":0,"item_purchase_floors":[3,3,13,13],"current_hp_per_floor":[70,70,70,63,52,52,23,23,23,22,20,20,35,29,29,28,63,69,63,75,75,44,44,41,41,41,0,0],"gold":142,"neow_bonus":"ONE_RARE_RELIC","is_daily":false,"chose_seed":false,"campfire_upgraded":1,"win_rate":0.0,"timestamp":1611054660,"path_taken":["M","?","$","?","?","R","E","R","T","M","E","R","$","E","R","BOSS","M","?","$","?","M","R","M","R","T","E"],"items_purchased_type":["Relic","Card","Card","Relic"],"build_version":"2020-12-22","purchased_purges":3,"victory":false,"max_hp_per_floor":[75,75,75,75,75,75,75,75,75,75,75,75,75,75,75,75,75,75,75,75,75,75,75,75,75,75,75,75],"relic_stats":{"Peace Pipe":7,"Happy Flower":[8],"counters":[10,47],"MealTicket":27,"MawBank":12,"obtain_stats":[{"Peace Pipe":0,"Potion Belt":7,"Frozen Eye":13,"Happy Flower":14,"MealTicket":11,"Membership Card":3,"StrikeDummy":9,"MawBank":26,"Burning Blood":0,"Runic Pyramid":17,"Meat on the Bone":21},{"Peace Pipe":0,"Potion Belt":2,"Frozen Eye":4,"Happy Flower":5,"MealTicket":4,"Membership Card":1,"StrikeDummy":2,"MawBank":9,"Burning Blood":0,"Runic Pyramid":6,"Meat on the Bone":7},{"Peace Pipe":0,"Potion Belt":12,"Frozen Eye":17,"Happy Flower":23,"MealTicket":17,"Membership Card":4,"StrikeDummy":12,"MawBank":44,"Burning Blood":0,"Runic Pyramid":32,"Meat on the Bone":33}],"Burning Blood":54,"Meat on the Bone":24},"card_choices":[{"not_picked":["Sword Boomerang","Metallicize"],"picked":"Pommel Strike","floor":1.0},{"not_picked":["Heavy Blade","Anger"],"picked":"Twin Strike","floor":7.0},{"not_picked":["Wild Strike","Headbutt","Sentinel"],"picked":"SKIP","floor":10.0},{"not_picked":["Armaments","Warcry"],"picked":"Perfected Strike","floor":11.0},{"not_picked":["True Grit","Armaments"],"picked":"Body Slam","floor":14.0},{"not_picked":["Double Tap","Demon Form"],"picked":"Barricade","floor":16.0},{"not_picked":["Anger","Twin Strike"],"picked":"Flex","floor":22},{"not_picked":["Entrench","Hemokinesis"],"picked":"Rampage","floor":24}],"player_experience":829194,"relics_obtained":[{"floor":7.0,"key":"Potion Belt"},{"floor":9.0,"key":"StrikeDummy"},{"floor":11.0,"key":"MealTicket"},{"floor":14.0,"key":"Happy Flower"},{"floor":26,"key":"MawBank"}],"event_choices":[{"damage_healed":0.0,"max_hp_gain":0.0,"max_hp_loss":0.0,"gold_gain":150.0,"event_name":"Liars Game","player_choice":"AGREE","floor":2.0,"gold_loss":0.0,"damage_taken":0.0,"cards_obtained":["Doubt"]},{"cards_removed":["Writhe"],"damage_healed":0.0,"max_hp_gain":0.0,"max_hp_loss":0.0,"gold_gain":0.0,"event_name":"Golden Wing","player_choice":"Card Removal","floor":4.0,"gold_loss":0.0,"damage_taken":7.0},{"damage_healed":0.0,"max_hp_gain":0.0,"max_hp_loss":0.0,"gold_gain":75.0,"event_name":"World of Goop","player_choice":"Gather Gold","floor":5.0,"gold_loss":0.0,"damage_taken":11.0},{"damage_healed":0,"gold_gain":0,"player_choice":"Joined the Cult","damage_taken":6,"max_hp_gain":0,"max_hp_loss":0,"event_name":"Nest","floor":19,"gold_loss":0,"cards_obtained":["RitualDagger"]},{"damage_healed":0,"gold_gain":0,"player_choice":"Stole Relic","damage_taken":0,"relics_obtained":["Meat on the Bone"],"max_hp_gain":0,"max_hp_loss":0,"event_name":"Addict","floor":21,"gold_loss":0,"cards_obtained":["Shame"]}],"is_beta":false,"boss_relics":[{"not_picked":["Fusion Hammer","Runic Dome"],"picked":"Runic Pyramid"}],"items_purged_floors":[3,13,20],"is_endless":false,"potions_floor_spawned":[10,11,14,22],"killed_by":"Book of Stabbing","ascension_level":20}}