{"host":"jr9f8lmgw9kaplsw","time":1611022019,"event":{"mods":["AchievementEnabler","BaseMod","BetterRewards","Colored Map","Hubris","Minty Spire (QoL Compilation)","Replay The Spire","Shop Mod","StSLib","The Cursed"],"gold_per_floor":[144,189,189,189,234,234,324,369,369,414,459,504,504,83,83,383,533,578,623,503,503,23,113,53,143,143,143,188,233,233,233,233,533,533,578,58,58,103,148,238,283,328,378,378,378,278,332,377,377,377],"floor_reached":51,"language":"ENG","playtime":4250,"items_purged":[],"score":846,"play_id":"070029af-e34a-4f4a-8b20-63a2e7354d9f","local_time":"20210118210659","daily_mods":["SealedDeck","Hoarder","Midas"],"is_ascension_mode":false,"campfire_choices":[{"floor":6.0,"key":"REST"},{"floor":13.0,"key":"REST"},{"floor":15.0,"key":"REST"},{"floor":27.0,"key":"REST"},{"floor":32.0,"key":"REST"},{"floor":44,"key":"REST"},{"floor":49,"key":"REST"}],"circlet_count":0,"master_deck":["Conserve Battery","Conserve Battery","Conserve Battery","Ball Lightning","Ball Lightning","Ball Lightning","Gash","Gash","Stack","Stack","Stack","Sweeping Beam","Sweeping Beam","Sweeping Beam","Self Repair","Self Repair","Self Repair","Go for the Eyes","Go for the Eyes","Go for the Eyes","Conserve Battery","Conserve Battery+1","Conserve Battery","Leap","Leap","Leap","Beam Cell","Beam Cell","Beam Cell","Conserve Battery","Conserve Battery","Conserve Battery","Glacier","Glacier","Glacier","Beam Cell","Beam Cell","Beam Cell","BootSequence","BootSequence","BootSequence","Echo Form","Echo Form","Echo Form","Capacitor","Capacitor","Capacitor","Buffer","Buffer","Buffer","Ball Lightning","Ball Lightning","Ball Lightning","Leap+1","Leap+1","Leap+1","White Noise","White Noise","White Noise","Creative AI","Creative AI","Creative AI","Cold Snap+1","Cold Snap+1","Cold Snap+1","Barrage","Barrage","Barrage","Force Field+1","Force Field+1","Force Field+1","Parasite","Parasite","Parasite","Conserve Battery+1","Conserve Battery+1","Conserve Battery+1","Loop","Loop","Loop","Blizzard+1","Blizzard+1","Blizzard+1","Cold Snap+1","Cold Snap+1","Cold Snap+1","Blizzard","Blizzard","Blizzard","Storm","Storm","Storm","Conserve Battery+1","Conserve Battery+1","Conserve Battery+1"],"relics":["Cracked Core","StrikeDummy","Mirror","The Courier","Bird Faced Urn","Happy Flower","Tiny House","Tiny Chest","Replay:Bottled Snecko","Counterbalance","Calipers","Strawberry","Pondfish Scales","Garlic","hubris:Icosahedron","Pear","BargainBundle","Durian","hubris:SlimyHat","Anchor","Blue Doll","CeramicFish","hubris:TinFlute"],"acts_visited":["Exordium","TheCity","TheBeyond"],"potions_floor_usage":[41,50],"damage_taken":[{"damage":0.0,"enemies":"2 Louse","floor":1.0,"turns":3.0},{"damage":0.0,"enemies":"Cultist","floor":2.0,"turns":3.0},{"damage":0.0,"enemies":"Small Slimes","floor":5.0,"turns":1.0},{"damage":0.0,"enemies":"3 Sentries","floor":7.0,"turns":5.0},{"damage":0.0,"enemies":"Looter","floor":8.0,"turns":3.0},{"damage":0.0,"enemies":"2 Fungi Beasts","floor":10.0,"turns":4.0},{"damage":0.0,"enemies":"Large Slime","floor":11.0,"turns":5.0},{"damage":0.0,"enemies":"Lots of Slimes","floor":12.0,"turns":3.0},{"damage":26.0,"enemies":"Hexaghost","floor":16.0,"turns":12.0},{"damage":31.0,"enemies":"3 Byrds","floor":18.0,"turns":8.0},{"damage":13.0,"enemies":"Spheric Guardian","floor":19.0,"turns":7.0},{"damage":20.0,"enemies":"Gremlin Leader","floor":23.0,"turns":9.0},{"damage":44.0,"enemies":"Book of Stabbing","floor":25.0,"turns":10.0},{"damage":15.0,"enemies":"3 Cultists","floor":28.0,"turns":8.0},{"damage":21.0,"enemies":"Snake Plant","floor":29.0,"turns":7.0},{"damage":8,"enemies":"Automaton","floor":33,"turns":16},{"damage":0,"enemies":"3 Shapes","floor":35,"turns":7},{"damage":26,"enemies":"3 Darklings","floor":38,"turns":9},{"damage":0,"enemies":"Writhing Mass","floor":39,"turns":12},{"damage":0,"enemies":"Nemesis","floor":40,"turns":13},{"damage":18,"enemies":"Jaw Worm Horde","floor":41,"turns":9},{"damage":10,"enemies":"3 Darklings","floor":42,"turns":5},{"damage":61,"enemies":"4 Shapes","floor":47,"turns":6},{"damage":0,"enemies":"Spire Growth","floor":48,"turns":9},{"damage":14,"enemies":"Replay:Hell Engine","floor":50,"turns":11}],"seed_played":"7372172642885907109","potions_obtained":[{"floor":7.0,"key":"Toxic Potion"},{"floor":10.0,"key":"FearPotion"},{"floor":17.0,"key":"SpeedPotion"},{"floor":18.0,"key":"EntropicBrew"},{"floor":25.0,"key":"GamblersBrew"},{"floor":28.0,"key":"BlessingOfTheForge"},{"floor":29.0,"key":"Strength Potion"},{"floor":40,"key":"DistilledChaos"},{"floor":41,"key":"Venom Potion"}],"is_trial":false,"path_per_floor":["M","M","?","?","M","R","E","M","T","M","M","M","R","$","R","B",null,"M","M","$","?","$","E","?","E","T","R","M","M","?","T","R","B",null,"M","$","T","M","M","E","M","M","T","R","T","$","M","M","R","B",null],"character_chosen":"DEFECT","items_purchased":["Bird Faced Urn","Capacitor","Happy Flower","Tiny Chest","Counterbalance","Calipers","BargainBundle","Barrage","Durian","hubris:SlimyHat","Blizzard","Storm"],"campfire_rested":7,"item_purchase_floors":[14,14,14,20,22,22,36,36,36,36,46,46],"current_hp_per_floor":[75,75,75,75,75,75,75,75,75,75,75,75,75,75,75,75,80,65,78,78,78,78,87,87,70,70,87,87,83,83,93,97,97,97,97,102,102,102,102,102,102,96,96,102,102,102,45,67,97,102],"gold":377,"neow_bonus":"","is_daily":true,"chose_seed":false,"campfire_upgraded":0,"win_rate":0.0,"timestamp":1611022019,"path_taken":["M","M","?","?","?","R","E","M","T","M","M","M","R","$","R","BOSS","M","M","$","?","$","E","?","E","T","R","M","M","?","?","R","BOSS","M","$","?","M","M","E","M","M","T","R","?","$","M","M","R","BOSS"],"items_purchased_type":["Relic","Card","Relic","Relic","Relic","Relic","Relic","Card","Relic","Relic","Card","Card"],"build_version":"2020-12-22","purchased_purges":0,"victory":true,"max_hp_per_floor":[75,75,75,75,75,75,75,75,75,75,75,75,75,75,75,75,80,80,80,80,80,80,87,87,87,87,87,87,87,87,97,97,97,97,97,102,102,102,102,102,102,102,102,102,102,102,102,102,102,102],"card_choices":[{"not_picked":["Compile Driver","Blizzard","Redo"],"picked":"SKIP","floor":1.0},{"not_picked":["Streamline","Fusion"],"picked":"Conserve Battery","floor":2.0},{"not_picked":["Sweeping Beam","Thunder Strike","Redo"],"picked":"SKIP","floor":5.0},{"not_picked":["Cold Snap","Redo"],"picked":"Glacier","floor":7.0},{"not_picked":["Redo","Coolheaded"],"picked":"Beam Cell","floor":8.0},{"not_picked":["Hologram","Streamline"],"picked":"BootSequence","floor":10.0},{"not_picked":["Static Discharge","Beam Cell"],"picked":"Echo Form","floor":11.0},{"not_picked":["Sweeping Beam","Heatsinks","Reinforced Body"],"picked":"SKIP","floor":12.0},{"not_picked":["Meteor Strike","Rainbow"],"picked":"Buffer","floor":16.0},{"not_picked":["Conserve Battery","Capacitor"],"picked":"Ball Lightning","floor":18.0},{"not_picked":["Glacier","Blizzard","Force Field"],"picked":"SKIP","floor":19.0},{"not_picked":["Compile Driver","Panic Button","BasicCrystalCard"],"picked":"SKIP","floor":23.0},{"not_picked":["Rebound+1","ReplayTheSpireMod:GoodbyeWorld+1","ReplayTheSpireMod:Repulse"],"picked":"SKIP","floor":25.0},{"not_picked":["Biased Cognition","Ball Lightning"],"picked":"Leap+1","floor":28.0},{"not_picked":["Gash+1","ReplayGash"],"picked":"White Noise","floor":29.0},{"not_picked":["ReplayTheSpireMod:Fabricate Wheel","hubris:DoWhile"],"picked":"Creative AI","floor":33},{"not_picked":["Steam","Ball Lightning"],"picked":"Cold Snap+1","floor":35},{"not_picked":["BasicCrystalCard","Redo"],"picked":"Force Field+1","floor":38},{"not_picked":["Undo","Reinforced Body+1"],"picked":"Conserve Battery+1","floor":39},{"not_picked":["Ball Lightning","Reinforced Body"],"picked":"Loop","floor":40},{"not_picked":["Ball Lightning+1","Conserve Battery"],"picked":"Blizzard+1","floor":41},{"not_picked":["Steam","Multi-Cast"],"picked":"Cold Snap+1","floor":42},{"not_picked":["Barrage","ReplayTheSpireMod:Reroute Power"],"picked":"Conserve Battery+1","floor":47},{"not_picked":["Redo+1","Leap","Compile Driver+1"],"picked":"SKIP","floor":48}],"player_experience":2805317,"relics_obtained":[{"floor":7.0,"key":"Mirror"},{"floor":9.0,"key":"The Courier"},{"floor":23.0,"key":"Strawberry"},{"floor":25.0,"key":"Pondfish Scales"},{"floor":26.0,"key":"Garlic"},{"floor":31.0,"key":"Pear"},{"floor":37,"key":"Anchor"},{"floor":40,"key":"Blue Doll"},{"floor":43,"key":"CeramicFish"},{"floor":45,"key":"hubris:TinFlute"}],"event_choices":[{"damage_healed":0.0,"max_hp_gain":0.0,"max_hp_loss":0.0,"gold_gain":0.0,"event_name":"Golden Wing","player_choice":"Ignored","floor":3.0,"gold_loss":0.0,"damage_taken":0.0},{"cards_removed":["Gash"],"damage_healed":0.0,"max_hp_gain":0.0,"max_hp_loss":0.0,"gold_gain":0.0,"event_name":"WeMeetAgain","player_choice":"Gave Card","floor":4.0,"gold_loss":0.0,"damage_taken":0.0,"relics_obtained":["StrikeDummy"]}],"is_beta":false,"boss_relics":[{"not_picked":["Philosopher\u0027s Stone","Empty Cage"],"picked":"Tiny House"},{"not_picked":["Velvet Choker","Coffee Dripper","hubris:HollowSoul"]}],"items_purged_floors":[],"is_endless":false,"potions_floor_spawned":[7,10,11,18,25,28,29,40,41,47,48],"ascension_level":0}}