{"host":"ss2ocoam53r2lno0","time":1611061883,"event":{"mods":["Act Like it!","BaseMod","ChefMod","Clockwork Mod","Colored Powertips","Curses Come First","Displayed Cursed Tome","Downfall","Evolution","Googly Eyes","Hallownest","Highlight Path","Minty Spire (QoL Compilation)","Poor People Problems","Rare Cards Sparkle","Robot Space Explorer","Shade Mod","Shop Mod","Spicy Shops","StSLib","The Marked"],"gold_per_floor":[111,43,56,56,56,56,56,56,56,56,56,56,56,79,79,172,172,196,39,39,39,60,60,60,60,60,60,60,60,73,73,73],"floor_reached":31,"language":"ENG","playtime":1799,"items_purged":["Clockwork:Shield"],"score":515,"play_id":"851f6750-5185-45f9-af58-70660c76d0a7","local_time":"20210119141123","is_ascension_mode":true,"campfire_choices":[{"data":"Clockwork:SpurOn","floor":6.0,"key":"SMITH"},{"data":"Clockwork:SpurOn","floor":8.0,"key":"SMITH"},{"floor":13.0,"key":"REST"},{"floor":15.0,"key":"REST"},{"floor":23.0,"key":"REST"},{"data":"Clockwork:ChargingShield","floor":25.0,"key":"SMITH"},{"floor":27.0,"key":"REST"},{"data":"Clockwork:Tinker","floor":29.0,"key":"SMITH"}],"circlet_count":0,"master_deck":["AscendersBane","Clockwork:Strike","Clockwork:Strike","Clockwork:Strike","Clockwork:Shield","Clockwork:Shield","Clockwork:Shield","Clockwork:Tinker+1","Clockwork:WarmUp+1","Clockwork:SpurOn+1","Clockwork:SpurOn+1","Clockwork:ChargingShield+1","Clockwork:PerfectForm","Clockwork:KaliMa","Clockwork:LiteraryArmor","Shame","Clockwork:Downsize"],"relics":["Clockwork:MomentumEngine","EVO:Axolotl","Golden Idol","Question Card","Philosopher\u0027s Stone","MerchantsRug","Nunchaku","Matryoshka","Clockwork:BloodPhial"],"acts_visited":["Exordium","TheCity"],"potions_floor_usage":[],"damage_taken":[{"damage":14.0,"enemies":"2 Louse","floor":1.0,"turns":5.0},{"damage":1.0,"enemies":"Cultist","floor":3.0,"turns":5.0},{"damage":5.0,"enemies":"Jaw Worm","floor":14.0,"turns":5.0},{"damage":0.0,"enemies":"Slime Boss","floor":16.0,"turns":8.0},{"damage":56.0,"enemies":"3 Byrds","floor":18.0,"turns":6.0},{"damage":14.0,"enemies":"Shell Parasite","floor":22.0,"turns":4.0},{"damage":0.0,"enemies":"Slavers","floor":24.0,"turns":1.0},{"damage":44,"enemies":"Sentry and Sphere","floor":30,"turns":6},{"damage":23,"enemies":"Centurion and Healer","floor":31,"turns":2}],"seed_played":"6959375453356082795","potions_obtained":[{"floor":16.0,"key":"SmokeBomb"}],"is_trial":false,"path_per_floor":["M","?","M","$","?","R","?","R","T","?","?","$","R","M","R","B",null,"M","$","?","?","M","R","E","R","T","R","?","R","M","M"],"character_chosen":"CLOCKWORK","items_purchased":["MerchantsRug"],"campfire_rested":4,"item_purchase_floors":[19],"current_hp_per_floor":[63,63,62,62,62,62,46,46,46,34,34,34,57,52,75,75,78,22,22,22,22,8,31,33,33,33,56,56,56,16,0,0],"gold":73,"neow_bonus":"THREE_CARDS","is_daily":false,"chose_seed":false,"campfire_upgraded":4,"win_rate":0.0,"timestamp":1611061883,"path_taken":["M","?","?","$","?","R","?","R","T","?","?","?","R","?","R","BOSS","M","$","?","?","M","R","E","R","T","R","?","R","M","M"],"items_purchased_type":["Relic"],"build_version":"2020-12-22","purchased_purges":1,"victory":false,"max_hp_per_floor":[85,85,85,85,79,79,79,79,79,79,79,79,79,79,79,79,79,79,79,79,79,79,79,79,79,79,79,79,79,79,79,79],"card_choices":[{"not_picked":["Clockwork:AdaptiveCannon","Clockwork:ReserveSystems"],"picked":"Clockwork:SpurOn","floor":0.0},{"not_picked":["Clockwork:Minimalism","Clockwork:TestingEnvironment","Clockwork:Friction"],"picked":"SKIP","floor":1.0},{"not_picked":["Clockwork:ReserveSystems","Clockwork:SystemScan"],"picked":"Clockwork:SpurOn","floor":3.0},{"not_picked":["Clockwork:Redundancy","Clockwork:TimeOut","Clockwork:CogBarrier"],"picked":"Clockwork:ChargingShield","floor":13.0},{"not_picked":["Clockwork:Pluck","Clockwork:InertialShield","Clockwork:SnapKeep","Clockwork:AdaptiveCannon"],"picked":"SKIP","floor":14.0},{"not_picked":["Clockwork:HeadStart","Clockwork:ChargingBlade","Clockwork:ForgeStrike"],"picked":"Clockwork:PerfectForm","floor":15.0},{"not_picked":["Clockwork:Strangle","Clockwork:SiegeStrike","Clockwork:PerfectForm"],"picked":"Clockwork:KaliMa","floor":16.0},{"not_picked":["Clockwork:CogBarrier","Clockwork:HeadStart","Clockwork:Selectivity"],"picked":"Clockwork:LiteraryArmor","floor":18.0},{"not_picked":["Clockwork:SystemScan","Clockwork:TimeOut","Clockwork:SnapKeep"],"picked":"Clockwork:CraftBloodPhial","floor":22.0},{"not_picked":["Clockwork:MechanicalMass","Clockwork:ReserveSystems","Clockwork:QuantumStrike"],"picked":"Clockwork:Downsize","floor":30}],"player_experience":792451,"relics_obtained":[{"floor":9.0,"key":"sneckomod:BlankCard"},{"floor":26.0,"key":"Matryoshka"}],"event_choices":[{"damage_healed":0.0,"max_hp_gain":0.0,"max_hp_loss":0.0,"gold_gain":0.0,"event_name":"WeMeetAgain","player_choice":"Paid Gold","floor":2.0,"gold_loss":68.0,"damage_taken":0.0,"relics_obtained":["Dream Catcher"]},{"damage_healed":0.0,"max_hp_gain":0.0,"max_hp_loss":6.0,"gold_gain":0.0,"event_name":"Golden Idol","player_choice":"Lose Max HP","floor":5.0,"gold_loss":0.0,"damage_taken":0.0,"relics_obtained":["Golden Idol"]},{"damage_healed":0.0,"max_hp_gain":0.0,"max_hp_loss":0.0,"gold_gain":0.0,"event_name":"Shining Light","player_choice":"Entered Light","floor":7.0,"gold_loss":0.0,"damage_taken":16.0,"cards_upgraded":["Clockwork:Handicap","Clockwork:WarmUp"]},{"damage_healed":0.0,"max_hp_gain":0.0,"max_hp_loss":0.0,"gold_gain":0.0,"event_name":"Scrap Ooze","player_choice":"Success","floor":10.0,"gold_loss":0.0,"damage_taken":12.0,"relics_obtained":["Question Card"]},{"damage_healed":0.0,"max_hp_gain":0.0,"max_hp_loss":0.0,"gold_gain":0.0,"event_name":"Liars Game","player_choice":"Ignored","floor":11.0,"gold_loss":0.0,"damage_taken":0.0},{"cards_removed":["Clockwork:Strike"],"damage_healed":0.0,"max_hp_gain":0.0,"max_hp_loss":0.0,"gold_gain":0.0,"event_name":"Back to Basics","player_choice":"Elegance","floor":20.0,"gold_loss":0.0,"damage_taken":0.0},{"damage_healed":0.0,"max_hp_gain":0.0,"max_hp_loss":0.0,"gold_gain":0.0,"event_name":"Addict","player_choice":"Stole Relic","floor":21.0,"gold_loss":0.0,"damage_taken":0.0,"relics_obtained":["Nunchaku"],"cards_obtained":["Shame"]}],"is_beta":false,"boss_relics":[{"not_picked":["expansioncontent:StudyCardRelic","Snecko Eye"],"picked":"Philosopher\u0027s Stone"}],"items_purged_floors":[19],"is_endless":false,"potions_floor_spawned":[16,22,24],"killed_by":"Centurion and Healer","ascension_level":13}}