{"host":"y1oqg7uy0jc6f5mb","time":1611060202,"event":{"mods":["BaseMod","Better Altar","Better Match","Better Note","Better Sensory Stone","Better Skull","Better Third Choice","BetterRewards","Block Reminder","Colored Map","Colored Powertips","Custom Start","DeckTracker","Highlight Path","Minty Spire (QoL Compilation)","Permanent Neow","Quick Restart","Relic Sorter","Relic Stats","Shop Mod","StSLib"],"gold_per_floor":[114,67,67,84,101,116,149,165,191,191,191,208,233,250,250,250,250],"floor_reached":16,"language":"ENG","playtime":839,"items_purged":[],"score":154,"play_id":"0f049b1d-368a-4a66-9fca-8831d276fc3a","local_time":"20210119204322","is_ascension_mode":true,"campfire_choices":[{"floor":10.0,"key":"REST"},{"floor":15,"key":"REST"}],"circlet_count":0,"master_deck":["Strike_R","Strike_R","Strike_R","Strike_R","Defend_R","Defend_R","Defend_R","Defend_R","Bash","Thunderclap","Shrug It Off","Sword Boomerang","Inflame","Perfected Strike","Barricade","Fiend Fire","Feel No Pain"],"relics":["Burning Blood","betterThird:SlimedRelic","TungstenRod","MealTicket","Blood Vial","Bronze Scales"],"acts_visited":["Exordium"],"potions_floor_usage":[13,16],"damage_taken":[{"damage":6.0,"enemies":"Small Slimes","floor":1.0,"turns":5.0},{"damage":9.0,"enemies":"Jaw Worm","floor":4.0,"turns":4.0},{"damage":8.0,"enemies":"2 Louse","floor":5.0,"turns":3.0},{"damage":8.0,"enemies":"Blue Slaver","floor":6.0,"turns":3.0},{"damage":32.0,"enemies":"Lagavulin","floor":7.0,"turns":7.0},{"damage":0.0,"enemies":"Large Slime","floor":8.0,"turns":4.0},{"damage":10.0,"enemies":"Exordium Thugs","floor":12.0,"turns":4.0},{"damage":22,"enemies":"Gremlin Nob","floor":13,"turns":4},{"damage":6,"enemies":"3 Louse","floor":14,"turns":4},{"damage":61,"enemies":"Slime Boss","floor":16,"turns":14}],"seed_played":"-726172767527752868","potions_obtained":[{"floor":5.0,"key":"Energy Potion"},{"floor":6.0,"key":"Energy Potion"},{"floor":8.0,"key":"Weak Potion"},{"floor":14,"key":"LiquidBronze"}],"is_trial":false,"path_per_floor":["M","?","?","M","M","M","E","M","T","R","?","M","E","M","R","B"],"character_chosen":"IRONCLAD","items_purchased":[],"campfire_rested":2,"item_purchase_floors":[],"current_hp_per_floor":[72,61,61,58,56,54,28,34,34,58,44,42,28,30,54,0,0],"gold":250,"neow_bonus":"THREE_CARDS","is_daily":false,"chose_seed":false,"campfire_upgraded":0,"win_rate":0.0,"timestamp":1611060202,"path_taken":["M","?","?","M","M","M","E","?","T","R","?","M","E","M","R","BOSS"],"items_purchased_type":[],"build_version":"2020-12-22","purchased_purges":0,"victory":false,"max_hp_per_floor":[80,80,80,80,80,80,80,80,80,80,80,80,80,80,80,80,80],"relic_stats":{"Blood Vial":8,"counters":[10,52],"Bronze Scales":[48],"MealTicket":0,"obtain_stats":[{"Blood Vial":11,"betterThird:SlimedRelic":2,"Bronze Scales":13,"MealTicket":9,"Burning Blood":0,"TungstenRod":7},{"Blood Vial":6,"betterThird:SlimedRelic":1,"Bronze Scales":8,"MealTicket":6,"Burning Blood":0,"TungstenRod":5},{"Blood Vial":26,"betterThird:SlimedRelic":5,"Bronze Scales":34,"MealTicket":26,"Burning Blood":0,"TungstenRod":22}],"Burning Blood":54,"TungstenRod":17},"card_choices":[{"not_picked":["Iron Wave","Shockwave"],"picked":"Thunderclap","floor":0.0},{"not_picked":["Pommel Strike","Entrench"],"picked":"Shrug It Off","floor":1.0},{"not_picked":["Rupture","Wild Strike"],"picked":"Inflame","floor":4.0},{"not_picked":["Havoc","Flex"],"picked":"Perfected Strike","floor":5.0},{"not_picked":["Anger","Rupture","Dual Wield"],"picked":"SKIP","floor":6.0},{"not_picked":["Anger","Clothesline"],"picked":"Barricade","floor":7.0},{"not_picked":["Flex","Combust","Dual Wield"],"picked":"SKIP","floor":8.0},{"not_picked":["Heavy Blade","Clothesline","Wild Strike"],"picked":"SKIP","floor":12.0},{"not_picked":["Heavy Blade","Clothesline","Wild Strike"],"picked":"SKIP","floor":12.0},{"not_picked":["Second Wind","Bloodletting"],"picked":"Fiend Fire","floor":13},{"not_picked":["Pommel Strike","Warcry"],"picked":"Feel No Pain","floor":14}],"player_experience":61547,"relics_obtained":[{"floor":7.0,"key":"TungstenRod"},{"floor":9.0,"key":"MealTicket"},{"floor":13,"key":"Bronze Scales"}],"event_choices":[{"damage_healed":0.0,"max_hp_gain":0.0,"max_hp_loss":0.0,"gold_gain":0.0,"event_name":"betterThird:BetterGoop","player_choice":"Slimed","floor":2.0,"gold_loss":47.0,"damage_taken":11.0},{"damage_healed":0.0,"max_hp_gain":0.0,"max_hp_loss":0.0,"gold_gain":0.0,"cards_transformed":["Strike_R"],"event_name":"Living Wall","player_choice":"Change","floor":3.0,"gold_loss":0.0,"damage_taken":0.0,"cards_obtained":["Sword Boomerang"]},{"damage_healed":0.0,"max_hp_gain":0.0,"max_hp_loss":0.0,"gold_gain":0.0,"event_name":"betterThird:BetterScrap","player_choice":"Relic ","floor":11.0,"gold_loss":0.0,"damage_taken":18.0,"cards_obtained":["Glass Knife"]}],"is_beta":false,"boss_relics":[],"items_purged_floors":[],"is_endless":false,"potions_floor_spawned":[5,6,8,14],"killed_by":"Slime Boss","ascension_level":7}}