{"host":"s41rn2jhghpwfrvz","time":1611023423,"event":{"mods":["BaseMod","Minty Spire (QoL Compilation)","Quick Restart","Relic Stats","SuperFastMode"],"gold_per_floor":[111,129,146,146,164,198,218,253,253,253,273,305,305,323,323,395,395,408,408,422,432,188,221,221,247,270,289,289,339,94,124,124,199,199,209,209,209,218,230,262,262,289,289,324,367,367,401,435,435,435,435,435,435,4,39,39],"floor_reached":57,"language":"ENG","playtime":1089,"items_purged":["Warcry","Pummel","Inflame"],"score":3962,"play_id":"7eadc935-f669-45f2-8ecb-c649ae5ca0dd","local_time":"20210119043023","daily_mods":["SealedDeck","Vintage","DeadlyEvents"],"is_ascension_mode":true,"campfire_choices":[{"data":"Body Slam","floor":10,"key":"SMITH"},{"data":"Body Slam","floor":15,"key":"SMITH"},{"data":"Pommel Strike","floor":24,"key":"SMITH"},{"data":"Shrug It Off","floor":28,"key":"SMITH"},{"data":"Feel No Pain","floor":32,"key":"SMITH"},{"floor":41,"key":"RECALL"},{"floor":49,"key":"REST"},{"floor":53,"key":"REST"}],"circlet_count":0,"master_deck":["AscendersBane","True Grit+1","Reckless Charge+1","Shrug It Off+1","Pommel Strike+1","Shrug It Off+1","Body Slam+1","Body Slam+1","Offering+1","Feel No Pain+1","Evolve","Dark Embrace"],"relics":["Burning Blood","Omamori","Dream Catcher","CeramicFish","Shuriken","Bag of Marbles","Akabeko","Centennial Puzzle","Question Card","Molten Egg 2","Ancient Tea Set","Self Forming Clay","Black Star","Red Skull","Blood Vial","War Paint","Potion Belt","Toxic Egg 2","The Courier","Ornamental Fan","Nunchaku","Toy Ornithopter","Tiny Chest","Boot","Fusion Hammer","Whetstone","CaptainsWheel","Matryoshka","InkBottle","Bag of Preparation","Pear","Orichalcum","Smiling Mask","Lantern","Regal Pillow","Champion Belt","White Beast Statue","Meat on the Bone","Happy Flower","Sundial","Eternal Feather","Blue Candle","Anchor","Oddly Smooth Stone","Vajra","Kunai","StoneCalendar"],"acts_visited":["Exordium","TheCity","TheBeyond","TheEnding"],"potions_floor_usage":[6,21,56,56,56,56],"damage_taken":[{"damage":0,"enemies":"Jaw Worm","floor":1,"turns":4},{"damage":16,"enemies":"2 Louse","floor":2,"turns":3},{"damage":12,"enemies":"Small Slimes","floor":3,"turns":3},{"damage":5,"enemies":"3 Louse","floor":5,"turns":4},{"damage":6,"enemies":"Gremlin Nob","floor":6,"turns":3},{"damage":0,"enemies":"Looter","floor":7,"turns":1},{"damage":4,"enemies":"Lagavulin","floor":8,"turns":3},{"damage":0,"enemies":"Gremlin Gang","floor":11,"turns":3},{"damage":0,"enemies":"3 Sentries","floor":12,"turns":5},{"damage":0,"enemies":"2 Fungi Beasts","floor":14,"turns":1},{"damage":29,"enemies":"Hexaghost","floor":16,"turns":6},{"damage":11,"enemies":"2 Thieves","floor":18,"turns":2},{"damage":14,"enemies":"Shell Parasite","floor":20,"turns":2},{"damage":0,"enemies":"Shelled Parasite and Fungi","floor":21,"turns":1},{"damage":8,"enemies":"Slavers","floor":23,"turns":3},{"damage":15,"enemies":"Book of Stabbing","floor":25,"turns":3},{"damage":0,"enemies":"Snecko","floor":27,"turns":1},{"damage":6,"enemies":"Gremlin Leader","floor":31,"turns":1},{"damage":6,"enemies":"Collector","floor":33,"turns":1},{"damage":6,"enemies":"Orb Walker","floor":35,"turns":1},{"damage":18,"enemies":"3 Shapes","floor":39,"turns":2},{"damage":6,"enemies":"Giant Head","floor":40,"turns":3},{"damage":6,"enemies":"Nemesis","floor":42,"turns":1},{"damage":6,"enemies":"Giant Head","floor":44,"turns":1},{"damage":6,"enemies":"Nemesis","floor":45,"turns":1},{"damage":6,"enemies":"Reptomancer","floor":47,"turns":1},{"damage":6,"enemies":"Nemesis","floor":48,"turns":1},{"damage":6,"enemies":"Donu and Deca","floor":50,"turns":2},{"damage":6,"enemies":"Time Eater","floor":51,"turns":3},{"damage":6,"enemies":"Shield and Spear","floor":55,"turns":1},{"damage":6,"enemies":"The Heart","floor":56,"turns":5}],"seed_played":"-7476611936135358164","potions_obtained":[{"floor":2,"key":"SkillPotion"},{"floor":5,"key":"Strength Potion"},{"floor":8,"key":"AttackPotion"},{"floor":12,"key":"Dexterity Potion"},{"floor":20,"key":"DuplicationPotion"},{"floor":27,"key":"SkillPotion"},{"floor":35,"key":"SkillPotion"},{"floor":40,"key":"ColorlessPotion"},{"floor":47,"key":"Swift Potion"}],"is_trial":true,"path_per_floor":["M","M","M","?","M","E","M","E","T","R","M","E","?","M","R","B",null,"M","?","M","M","$","E","R","E","T","M","R","?","$","E","R","B",null,"M","?","$","?","M","E","R","E","T","E","E","T","E","E","R","B","B",null,"R","$","E","B",null],"character_chosen":"IRONCLAD","items_purchased":["War Paint","Offering+1","Feel No Pain","Anchor","Oddly Smooth Stone","Vajra"],"campfire_rested":2,"item_purchase_floors":[22,30,30,54,54,54],"current_hp_per_floor":[74,64,58,47,48,48,54,56,56,56,62,68,68,74,74,51,69,64,64,56,62,62,62,62,55,55,63,63,63,63,65,65,67,73,75,75,75,75,63,65,65,77,77,79,81,81,83,85,85,85,85,85,85,85,85,85],"gold":39,"neow_bonus":"","is_daily":false,"chose_seed":false,"campfire_upgraded":5,"win_rate":0.0,"timestamp":1611023423,"path_taken":["M","M","M","?","M","E","M","E","T","R","M","E","?","M","R","BOSS","M","?","M","M","$","E","R","E","T","?","R","?","$","E","R","BOSS","M","?","$","?","M","E","R","E","T","E","?","?","E","?","R","BOSS","BOSS","R","$","E","BOSS"],"items_purchased_type":["Relic","Card","Card","Relic","Relic","Relic"],"build_version":"2020-12-22","purchased_purges":3,"victory":true,"max_hp_per_floor":[75,75,75,75,75,75,75,75,75,75,75,75,75,75,75,75,75,75,75,75,75,75,75,75,75,75,75,75,75,75,75,75,75,75,75,75,75,75,75,75,75,85,85,85,85,85,85,85,85,85,85,85,85,85,85,85],"relic_stats":{"Regal Pillow":0,"CeramicFish":45,"StoneCalendar":[0],"Bag of Preparation":[16],"Whetstone":["Reckless Charge","Pummel"],"Boot":[4],"Smiling Mask":50,"Burning Blood":180,"Blood Vial":24,"Dream Catcher":2,"Centennial Puzzle":[60],"Nunchaku":[15],"Sundial":[28],"Tiny Chest":1,"Kunai":[10],"InkBottle":[18],"Happy Flower":[4],"counters":[31,72],"Self Forming Clay":[45],"Blue Candle":[0],"Eternal Feather":0,"War Paint":["True Grit","Shrug It Off"],"Orichalcum":[0],"Question Card":15,"Shuriken":[69],"Ornamental Fan":[188],"Black Star":10,"Champion Belt":[6],"obtain_stats":[{"Lantern":44,"Regal Pillow":45,"CeramicFish":3,"Vajra":54,"StoneCalendar":55,"Bag of Preparation":42,"Whetstone":35,"Ancient Tea Set":12,"Boot":31,"Smiling Mask":44,"Burning Blood":0,"Blood Vial":21,"Dream Catcher":2,"Centennial Puzzle":7,"Nunchaku":26,"Matryoshka":40,"Sundial":47,"Tiny Chest":31,"Fusion Hammer":34,"Kunai":55,"Toxic Egg 2":23,"Red Skull":20,"InkBottle":40,"Potion Belt":23,"Pear":42,"Happy Flower":47,"Self Forming Clay":14,"Blue Candle":48,"Oddly Smooth Stone":54,"Eternal Feather":48,"The Courier":25,"Omamori":1,"War Paint":22,"Orichalcum":43,"Question Card":8,"Akabeko":6,"White Beast Statue":46,"CaptainsWheel":39,"Anchor":54,"Shuriken":4,"Ornamental Fan":25,"Molten Egg 2":11,"Bag of Marbles":5,"Black Star":17,"Champion Belt":45,"Toy Ornithopter":27,"Meat on the Bone":46},{"Lantern":24,"Regal Pillow":25,"CeramicFish":3,"Vajra":29,"StoneCalendar":30,"Bag of Preparation":23,"Whetstone":20,"Ancient Tea Set":9,"Boot":18,"Smiling Mask":24,"Burning Blood":0,"Blood Vial":14,"Dream Catcher":2,"Centennial Puzzle":6,"Nunchaku":16,"Matryoshka":22,"Sundial":26,"Tiny Chest":18,"Fusion Hammer":19,"Kunai":30,"Toxic Egg 2":15,"Red Skull":13,"InkBottle":22,"Potion Belt":15,"Pear":23,"Happy Flower":26,"Self Forming Clay":10,"Blue Candle":27,"Oddly Smooth Stone":29,"Eternal Feather":27,"The Courier":16,"Omamori":1,"War Paint":14,"Orichalcum":23,"Question Card":7,"Akabeko":5,"White Beast Statue":25,"CaptainsWheel":21,"Anchor":29,"Shuriken":3,"Ornamental Fan":16,"Molten Egg 2":8,"Bag of Marbles":4,"Black Star":11,"Champion Belt":25,"Toy Ornithopter":17,"Meat on the Bone":25},{"Lantern":58,"Regal Pillow":59,"CeramicFish":10,"Vajra":66,"StoneCalendar":67,"Bag of Preparation":57,"Whetstone":51,"Ancient Tea Set":29,"Boot":49,"Smiling Mask":58,"Burning Blood":0,"Blood Vial":41,"Dream Catcher":7,"Centennial Puzzle":18,"Nunchaku":47,"Matryoshka":56,"Sundial":60,"Tiny Chest":49,"Fusion Hammer":50,"Kunai":67,"Toxic Egg 2":44,"Red Skull":40,"InkBottle":56,"Potion Belt":44,"Pear":57,"Happy Flower":60,"Self Forming Clay":30,"Blue Candle":61,"Oddly Smooth Stone":66,"Eternal Feather":61,"The Courier":47,"Omamori":4,"War Paint":41,"Orichalcum":57,"Question Card":21,"Akabeko":17,"White Beast Statue":59,"CaptainsWheel":53,"Anchor":66,"Shuriken":10,"Ornamental Fan":47,"Molten Egg 2":24,"Bag of Marbles":14,"Black Star":36,"Champion Belt":59,"Toy Ornithopter":48,"Meat on the Bone":59}],"Toy Ornithopter":6,"Meat on the Bone":0},"card_choices":[{"not_picked":["Bludgeon","Cleave","Clash"],"picked":"SKIP","floor":6},{"not_picked":["Armaments","Reaper","Berserk"],"picked":"SKIP","floor":8},{"not_picked":["Body Slam+1","Dropkick+1","Wild Strike+1","Shrug It Off"],"picked":"SKIP","floor":12},{"not_picked":["Heavy Blade+1","Twin Strike+1","Rampage+1","Headbutt+1"],"picked":"SKIP","floor":23},{"not_picked":["Iron Wave+1","Wild Strike+1","Power Through+1","Sword Boomerang+1"],"picked":"SKIP","floor":25},{"not_picked":["Thunderclap+1","Pommel Strike+1","Warcry+1","Body Slam+1"],"picked":"SKIP","floor":31},{"not_picked":["True Grit+1","Combust+1","Armaments+1","Iron Wave+1"],"picked":"SKIP","floor":40},{"not_picked":["Spot Weakness+1","Seeing Red+1","Burning Pact+1","Warcry+1"],"picked":"SKIP","floor":42},{"not_picked":["Wild Strike+1","Battle Trance+1","Clash+1","Clothesline+1"],"picked":"SKIP","floor":44},{"not_picked":["Havoc+1","Reckless Charge+1","Thunderclap+1"],"picked":"Evolve","floor":45},{"not_picked":["Evolve+1","Twin Strike+1","Sever Soul+1"],"picked":"Dark Embrace","floor":47},{"not_picked":["Thunderclap+1","Flame Barrier+1","Carnage+1","Hemokinesis+1"],"picked":"SKIP","floor":48},{"not_picked":["Twin Strike+1","Spot Weakness+1","Flex+1","Carnage+1"],"picked":"SKIP","floor":55}],"player_experience":1800139,"relics_obtained":[{"floor":1,"key":"Omamori"},{"floor":2,"key":"Dream Catcher"},{"floor":3,"key":"CeramicFish"},{"floor":5,"key":"Bag of Marbles"},{"floor":6,"key":"Akabeko"},{"floor":7,"key":"Centennial Puzzle"},{"floor":8,"key":"Question Card"},{"floor":11,"key":"Molten Egg 2"},{"floor":12,"key":"Ancient Tea Set"},{"floor":14,"key":"Self Forming Clay"},{"floor":20,"key":"Red Skull"},{"floor":21,"key":"Blood Vial"},{"floor":23,"key":"Potion Belt"},{"floor":23,"key":"Toxic Egg 2"},{"floor":25,"key":"The Courier"},{"floor":25,"key":"Ornamental Fan"},{"floor":26,"key":"Nunchaku"},{"floor":27,"key":"Toy Ornithopter"},{"floor":31,"key":"Tiny Chest"},{"floor":31,"key":"Boot"},{"floor":35,"key":"Whetstone"},{"floor":39,"key":"CaptainsWheel"},{"floor":40,"key":"Matryoshka"},{"floor":40,"key":"InkBottle"},{"floor":42,"key":"Bag of Preparation"},{"floor":42,"key":"Pear"},{"floor":43,"key":"Orichalcum"},{"floor":44,"key":"Smiling Mask"},{"floor":44,"key":"Lantern"},{"floor":45,"key":"Regal Pillow"},{"floor":45,"key":"Champion Belt"},{"floor":46,"key":"White Beast Statue"},{"floor":46,"key":"Meat on the Bone"},{"floor":47,"key":"Happy Flower"},{"floor":47,"key":"Sundial"},{"floor":48,"key":"Eternal Feather"},{"floor":48,"key":"Blue Candle"},{"floor":55,"key":"Kunai"},{"floor":55,"key":"StoneCalendar"}],"event_choices":[{"damage_healed":0,"gold_gain":0,"player_choice":"Success","damage_taken":11,"relics_obtained":["Shuriken"],"max_hp_gain":0,"max_hp_loss":0,"event_name":"Scrap Ooze","floor":4,"gold_loss":0},{"damage_healed":0,"gold_gain":0,"player_choice":"Ignored","damage_taken":0,"max_hp_gain":0,"max_hp_loss":0,"event_name":"Liars Game","floor":13,"gold_loss":0},{"damage_healed":0,"gold_gain":0,"player_choice":"Ignored","damage_taken":0,"max_hp_gain":0,"max_hp_loss":0,"event_name":"Vampires","floor":19,"gold_loss":0},{"damage_healed":0,"gold_gain":50,"player_choice":"Stole From Cult","damage_taken":0,"max_hp_gain":0,"max_hp_loss":0,"event_name":"Nest","floor":29,"gold_loss":0},{"damage_healed":0,"gold_gain":0,"player_choice":"Ignored","damage_taken":0,"max_hp_gain":0,"max_hp_loss":0,"event_name":"Tomb of Lord Red Mask","floor":36,"gold_loss":0},{"damage_healed":0,"gold_gain":0,"cards_transformed":["Pummel"],"player_choice":"Transformed","damage_taken":0,"max_hp_gain":0,"max_hp_loss":0,"event_name":"Transmorgrifier","floor":38,"gold_loss":0,"cards_obtained":["Inflame"]}],"is_beta":false,"boss_relics":[{"not_picked":["Tiny House","Runic Dome"],"picked":"Black Star"},{"not_picked":["Philosopher\u0027s Stone","Empty Cage"],"picked":"Fusion Hammer"}],"items_purged_floors":[22,30,54],"is_endless":false,"potions_floor_spawned":[2,5,8,11,12,20,27,35,40,42,47,48,55],"ascension_level":20}}