{"host":"k9m1r4kqf7qgss6a","time":1611056736,"event":{"mods":["Abigail Mod","Act Like it!","Aspiration","Bard","BaseMod","Challenge The Spire","Colored Map","Colored Powertips","Conspire","FutureSeer","Highlight Path","Hubris","HumanHunterMod(怪物杀人mod)","Hunter 猎人","Infinite Spire","Marisa（F雨　魔理沙）","Minty Spire (QoL Compilation)","MostiFishMod","Pale of the Ancients","Reimu（博丽灵梦）","Relic Stats","Remilia（蕾米莉亚）","Replay The Spire","RumiaBox-露米娅的神秘盒子","Shop Mod","StSLib","TestMod","The Administrix","The Animator","The Bladedancer","The Bug Knight","The Construct","The Cursed","The Death Knight","The Gatherer","The Poker Player","The Runesmith","The Servant 0.9.4","Waifu the Spire","Youmu（魂魄妖梦）","Yuyuko","[GremlinLeader]The Maniac","vexMod","【功能Mod】混沌之环修复补丁","【功能Mod】聪明的最终Boss"],"gold_per_floor":[119,136,146,156,156,181,209,239,239,271,271,302,333,348,348,421,421,438,455,146,146,159,186,213,242,242,274,303,329,37,72,72,149,249,264,264,289,200,200,231,71,106,106,135,170,198,230,259,259,335,485,485],"floor_reached":51,"language":"ZHS","playtime":3867,"items_purged":["DiffusionOfMisfortune","DiffusionOfMisfortune"],"score":3126,"play_id":"c279dd02-c4ec-49f5-92c5-87bf2c2ffb0d","local_time":"20210119194536","daily_mods":["SealedDeck","Heirloom","Flight","DeadlyEvents","Elite Swarm"],"is_ascension_mode":true,"campfire_choices":[{"data":"TransientEternity","floor":11.0,"key":"SMITH"},{"data":"BloodyMagicSquare","floor":15.0,"key":"SMITH"},{"data":"QueenOfMidnight","floor":32.0,"key":"SMITH"},{"data":"CeilingFear","floor":49,"key":"SMITH"}],"circlet_count":0,"master_deck":["AscendersBane","Stigmanizer","LeisurelyOfLord","HunterOfTheNight+1","MillenniumVampire","BloodHunter","BloodyMagicSquare+1","MastersStateliness","NightLord+1","EternalNight+1","FavorOfDestiny","Septette","BombardNight","DemonKingCradle","CeilingFear+1","BloodyCatastrophe","ChaoticDestiny","TransientEternity+1","ForecastOfChange","QueenOfMidnight+1","NightDance","ScarletCoffin","ScarletDream","BlasphemousPunishment+1","BloodRain","MastersStateliness","TransientEternity","ChaoticDestiny","BatForm","HellCatastrophe","DemonKingCradle","HeartBreak","FitfulNightmare","CeilingFear","BloodySeventeenLaser","TransientEternity+1","HellCatastrophe+1","SuperhumanBloodyKnife+1","BatForm+1","BatForm+1","CeilingFear+1","ForecastOfChange+1","KillingBlow+1","EquivalentExchange+1","ChaoticDestiny+1","BloodyCatastrophe+1"],"relics":["ScarletHat","testmod-TestBox","DaveBox","testmod-Brilliant","Eternal Feather","hubris:64BitClover","Mango","hubris:Potato","ImprovedEquipment","DianPoetry","aspiration:HatOfInfinitePower","Mirror","ShadowXiaoBlade","Runesmith:AutoHammer","Whetstone","infinitespire:Broken Mirror","Ccalipers","Smiling Mask","Bird Faced Urn","Art of War","conspire:Dentures","vexMod:BarristanHead","Vajra","MerchantsRug","LastBattle","Replay:Wanted Poster","Golden Egg","hubris:SlimyHat","Bag of Preparation","Pen Nib","testmod-ObsoleteBoomerang","infinitespire:Lucky Rock","testmod-Muramasa","GodSword6","Lizard Tail","Toy Ornithopter","War Paint"],"acts_visited":["Exordium","TheCity","TheBeyond"],"potions_floor_usage":[],"damage_taken":[{"damage":0.0,"enemies":"Small Slimes","floor":1.0,"turns":1.0},{"damage":28.0,"enemies":"Cultist","floor":2.0,"turns":2.0},{"damage":21.0,"enemies":"Jaw Worm","floor":3.0,"turns":4.0},{"damage":0.0,"enemies":"Gremlin Gang","floor":4.0,"turns":1.0},{"damage":12.0,"enemies":"Gremlin Nob","floor":6.0,"turns":4.0},{"damage":25.0,"enemies":"Lagavulin","floor":7.0,"turns":9.0},{"damage":0.0,"enemies":"3 Sentries","floor":8.0,"turns":2.0},{"damage":0.0,"enemies":"Lagavulin","floor":10.0,"turns":4.0},{"damage":0.0,"enemies":"3 Sentries","floor":12.0,"turns":1.0},{"damage":0.0,"enemies":"Lagavulin","floor":13.0,"turns":2.0},{"damage":0.0,"enemies":"Looter","floor":14.0,"turns":2.0},{"damage":0.0,"enemies":"The Guardian","floor":16.0,"turns":4.0},{"damage":0.0,"enemies":"Spheric Guardian","floor":18.0,"turns":2.0},{"damage":0.0,"enemies":"Chosen","floor":19.0,"turns":2.0},{"damage":0.0,"enemies":"conspire:HollyBat","floor":22.0,"turns":6.0},{"damage":0.0,"enemies":"Gremlin Leader","floor":23.0,"turns":2.0},{"damage":0.0,"enemies":"Book of Stabbing","floor":24.0,"turns":3.0},{"damage":0.0,"enemies":"Replay:Snechameleon","floor":25.0,"turns":3.0},{"damage":0.0,"enemies":"Nightmare","floor":27.0,"turns":4.0},{"damage":0.0,"enemies":"Gremlin Leader","floor":28.0,"turns":2.0},{"damage":0.0,"enemies":"conspire:Head Lice","floor":29.0,"turns":2.0},{"damage":0.0,"enemies":"Replay:Snechameleon","floor":31.0,"turns":3.0},{"damage":16.0,"enemies":"Automaton","floor":33.0,"turns":6.0},{"damage":0.0,"enemies":"Orb Walker","floor":35.0,"turns":2.0},{"damage":5.0,"enemies":"Reptomancer","floor":37.0,"turns":2.0},{"damage":0,"enemies":"Nightmare","floor":40,"turns":1},{"damage":1,"enemies":"Reptomancer","floor":42,"turns":2},{"damage":0,"enemies":"R_Hoarder","floor":44,"turns":2},{"damage":0,"enemies":"Nemesis","floor":45,"turns":2},{"damage":0,"enemies":"Giant Head","floor":46,"turns":3},{"damage":0,"enemies":"HollowMod:StalkingDevout","floor":47,"turns":2},{"damage":0,"enemies":"R_Hoarder","floor":48,"turns":3},{"damage":2,"enemies":"hubris:GrandSnecko","floor":50,"turns":3},{"damage":254,"enemies":"Awakened One","floor":51,"turns":9}],"seed_played":"-827194274508006462","potions_obtained":[{"floor":3.0,"key":"LifebloodPotion"},{"floor":4.0,"key":"GrandPatriotsElixir:ReiMu"},{"floor":10.0,"key":"Fruit Juice"},{"floor":13.0,"key":"ZuzhouPotion:ReiMu"},{"floor":16.0,"key":"Strength Potion"},{"floor":16.0,"key":"SteroidPotion"}],"is_trial":true,"path_per_floor":["M","M","M","M","?","E","E","E","T","E","R","E","E","M","R","B",null,"M","M","$","AVR","M","E","E","E","T","NM","E","E","$","E","R","B",null,"M","?","E","$","AVR","NM","$","E","T","E","E","E","E","E","R","B","B"],"character_chosen":"REMILIA","items_purchased":["BloodRain","Whetstone","MerchantsRug","FitfulNightmare","SuperhumanBloodyKnife","Pen Nib"],"campfire_rested":0,"item_purchase_floors":[20,20,30,30,38,41],"current_hp_per_floor":[63,36,26,26,26,21,15,15,15,22,34,34,34,34,46,50,79,79,79,79,79,79,81,81,84,84,89,89,89,89,89,89,86,88,89,89,84,84,84,84,84,89,89,89,89,89,89,89,89,89,0,0],"gold":485,"neow_bonus":"","is_daily":false,"chose_seed":false,"campfire_upgraded":4,"win_rate":0.0,"timestamp":1611056736,"path_taken":["M","M","M","M","?","E","E","E","T","E","R","E","E","M","R","BOSS","M","M","$","AVR","?","E","E","E","T","NM","E","E","$","?","R","BOSS","M","?","?","?","AVR","NM","$","E","T","E","?","E","E","E","R","BOSS","BOSS"],"items_purchased_type":["Card","Relic","Relic","Card","Card","Relic"],"build_version":"2020-12-22","purchased_purges":2,"victory":false,"max_hp_per_floor":[70,70,70,70,70,70,84,84,84,89,89,89,89,89,89,89,89,89,89,89,89,89,89,89,89,89,89,89,89,89,89,89,89,89,89,89,89,89,89,89,89,89,89,89,89,89,89,89,89,89,89,89],"relic_stats":{"Lizard Tail":44,"counters":[34,102],"Bird Faced Urn":[30],"Eternal Feather":24,"Pen Nib":[4],"Art of War":[10],"Bag of Preparation":[16],"Whetstone":["NightLord","HunterOfTheNight"],"War Paint":["BlasphemousPunishment","EternalNight"],"Smiling Mask":25,"obtain_stats":[{"Golden Egg":37,"DaveBox":0,"DianPoetry":10,"Vajra":29,"Mango":7,"hubris:SlimyHat":39,"Bag of Preparation":40,"Whetstone":20,"Smiling Mask":24,"ScarletHat":0,"Replay:Wanted Poster":34,"testmod-Brilliant":0,"Lizard Tail":46,"Ccalipers":23,"testmod-ObsoleteBoomerang":42,"conspire:Dentures":27,"MerchantsRug":30,"testmod-Muramasa":44,"testmod-TestBox":0,"hubris:64BitClover":0,"ImprovedEquipment":9,"Eternal Feather":0,"ShadowXiaoBlade":17,"Pen Nib":41,"infinitespire:Lucky Rock":43,"LastBattle":31,"War Paint":48,"vexMod:BarristanHead":28,"infinitespire:Broken Mirror":21,"Bird Faced Urn":25,"Art of War":26,"GodSword6":45,"Runesmith:AutoHammer":18,"aspiration:HatOfInfinitePower":12,"Mirror":13,"hubris:Potato":8,"Toy Ornithopter":47},{"Golden Egg":25,"DaveBox":0,"DianPoetry":8,"Vajra":21,"Mango":6,"hubris:SlimyHat":25,"Bag of Preparation":26,"Whetstone":14,"Smiling Mask":17,"ScarletHat":0,"Replay:Wanted Poster":23,"testmod-Brilliant":0,"Lizard Tail":30,"Ccalipers":16,"testmod-ObsoleteBoomerang":27,"conspire:Dentures":19,"MerchantsRug":21,"testmod-Muramasa":28,"testmod-TestBox":0,"hubris:64BitClover":0,"ImprovedEquipment":7,"Eternal Feather":0,"ShadowXiaoBlade":12,"Pen Nib":26,"infinitespire:Lucky Rock":27,"LastBattle":22,"War Paint":32,"vexMod:BarristanHead":20,"infinitespire:Broken Mirror":14,"Bird Faced Urn":18,"Art of War":18,"GodSword6":29,"Runesmith:AutoHammer":13,"aspiration:HatOfInfinitePower":9,"Mirror":10,"hubris:Potato":7,"Toy Ornithopter":31},{"Golden Egg":75,"DaveBox":0,"DianPoetry":27,"Vajra":62,"Mango":21,"hubris:SlimyHat":75,"Bag of Preparation":76,"Whetstone":40,"Smiling Mask":51,"ScarletHat":0,"Replay:Wanted Poster":71,"testmod-Brilliant":0,"Lizard Tail":85,"Ccalipers":48,"testmod-ObsoleteBoomerang":78,"conspire:Dentures":58,"MerchantsRug":62,"testmod-Muramasa":80,"testmod-TestBox":0,"hubris:64BitClover":0,"ImprovedEquipment":23,"Eternal Feather":0,"ShadowXiaoBlade":36,"Pen Nib":76,"infinitespire:Lucky Rock":78,"LastBattle":65,"War Paint":90,"vexMod:BarristanHead":60,"infinitespire:Broken Mirror":40,"Bird Faced Urn":54,"Art of War":54,"GodSword6":82,"Runesmith:AutoHammer":38,"aspiration:HatOfInfinitePower":28,"Mirror":30,"hubris:Potato":23,"Toy Ornithopter":87}],"Toy Ornithopter":0},"card_choices":[{"not_picked":["CharismaGuard","RedRainbow"],"picked":"FavorOfDestiny","floor":1.0},{"not_picked":["StarOfDavid","UnderTheZenith"],"picked":"Septette","floor":2.0},{"not_picked":["StarOfDavid","MastersStateliness"],"picked":"BombardNight","floor":3.0},{"not_picked":["TwelveNightmare","UnstableMagic"],"picked":"DemonKingCradle","floor":4.0},{"not_picked":["BloodySeventeenLaser","BloodRain"],"picked":"CeilingFear","floor":6.0},{"not_picked":["CeilingFear","HeartBreak"],"picked":"BloodyCatastrophe","floor":7.0},{"not_picked":["ScarletCoffin","DemonKingCradle"],"picked":"ChaoticDestiny","floor":8.0},{"not_picked":["ChaoticDestiny","BloodyHallows"],"picked":"TransientEternity","floor":10.0},{"not_picked":["BloodRain","BloodyHallows"],"picked":"ForecastOfChange","floor":12.0},{"not_picked":["BloodRain","CeilingFear"],"picked":"QueenOfMidnight","floor":13.0},{"not_picked":["ScarletDevil","DiffusionOfMisfortune"],"picked":"NightDance","floor":14.0},{"not_picked":["TransientEternity","KillingBlow"],"picked":"ScarletCoffin","floor":16.0},{"not_picked":["MastersStateliness","UnstableMagic"],"picked":"ScarletDream","floor":18.0},{"not_picked":["BlasphemousPunishment","UnstableMagic","EndlessAdversity"],"picked":"SKIP","floor":19.0},{"not_picked":["UnstableMagic","EndlessAdversity"],"picked":"BlasphemousPunishment","floor":19.0},{"not_picked":["EternalNight+1","VampireKiss"],"picked":"MastersStateliness","floor":22.0},{"not_picked":["DemonKingCradle","BloodyCatastrophe"],"picked":"TransientEternity","floor":23.0},{"not_picked":["HeartBreak","DemonKingCradle"],"picked":"ChaoticDestiny","floor":24.0},{"not_picked":["BloodySeventeenLaser","BloodyCatastrophe"],"picked":"BatForm","floor":25.0},{"not_picked":["BloodyHallows","BloodRain"],"picked":"HellCatastrophe","floor":27.0},{"not_picked":["CeilingFear","BatForm"],"picked":"DemonKingCradle","floor":28.0},{"not_picked":["ChaoticDestiny","BloodyCatastrophe"],"picked":"HeartBreak","floor":29.0},{"not_picked":["ScarletCoffin","QueenOfMidnight"],"picked":"CeilingFear","floor":31.0},{"not_picked":["ChaoticDestiny","ScarletCoffin"],"picked":"BloodySeventeenLaser","floor":33.0},{"not_picked":["Stigmanizer","UnderTheZenith"],"picked":"DiffusionOfMisfortune","floor":35.0},{"not_picked":["ChaoticDestiny","CeilingFear"],"picked":"HellCatastrophe","floor":37.0},{"not_picked":["QueenOfMidnight","BloodyCatastrophe"],"picked":"BatForm","floor":40},{"not_picked":["BloodyCatastrophe","BloodyHallows"],"picked":"BatForm","floor":42},{"not_picked":["HeartBreak","BatForm"],"picked":"CeilingFear","floor":44},{"not_picked":["TransientEternity","HeartBreak"],"picked":"ForecastOfChange","floor":45},{"not_picked":["ChaoticDestiny","DemonKingCradle"],"picked":"KillingBlow","floor":46},{"not_picked":["BatForm","ForecastOfChange"],"picked":"EquivalentExchange","floor":47},{"not_picked":["KillingBlow","BatForm"],"picked":"ChaoticDestiny","floor":48},{"not_picked":["ForecastOfChange","ScarletCoffin"],"picked":"BloodyCatastrophe","floor":50}],"player_experience":866075,"relics_obtained":[{"floor":7.0,"key":"Mango"},{"floor":8.0,"key":"hubris:Potato"},{"floor":9.0,"key":"ImprovedEquipment"},{"floor":10.0,"key":"DianPoetry"},{"floor":12.0,"key":"aspiration:HatOfInfinitePower"},{"floor":13.0,"key":"Mirror"},{"floor":18.0,"key":"Runesmith:AutoHammer"},{"floor":23.0,"key":"Ccalipers"},{"floor":24.0,"key":"Smiling Mask"},{"floor":25.0,"key":"Bird Faced Urn"},{"floor":26.0,"key":"Art of War"},{"floor":27.0,"key":"conspire:Dentures"},{"floor":28.0,"key":"vexMod:BarristanHead"},{"floor":29.0,"key":"Vajra"},{"floor":31.0,"key":"LastBattle"},{"floor":37.0,"key":"Golden Egg"},{"floor":40,"key":"Bag of Preparation"},{"floor":42,"key":"testmod-ObsoleteBoomerang"},{"floor":43,"key":"infinitespire:Lucky Rock"},{"floor":44,"key":"testmod-Muramasa"},{"floor":45,"key":"GodSword6"},{"floor":46,"key":"Lizard Tail"},{"floor":47,"key":"Toy Ornithopter"},{"floor":48,"key":"War Paint"}],"event_choices":[{"damage_healed":0.0,"max_hp_gain":0.0,"max_hp_loss":0.0,"gold_gain":0.0,"event_name":"Match and Keep!","player_choice":"1 cards matched","floor":5.0,"gold_loss":0.0,"damage_taken":0.0,"cards_obtained":["DiffusionOfMisfortune"]},{"damage_healed":0.0,"max_hp_gain":0.0,"max_hp_loss":0.0,"gold_gain":0.0,"event_name":"Match and Keep!","player_choice":"1 cards matched","floor":5.0,"gold_loss":0.0,"damage_taken":0.0,"cards_obtained":["DiffusionOfMisfortune"]},{"damage_healed":0.0,"max_hp_gain":0.0,"max_hp_loss":0.0,"gold_gain":0.0,"event_name":"Duplicator","player_choice":"Copied","floor":36.0,"gold_loss":0.0,"damage_taken":0.0,"cards_obtained":["TransientEternity"]}],"is_beta":false,"boss_relics":[{"not_picked":["Runic Pyramid","aspiration:ServantSkillbook"],"picked":"ShadowXiaoBlade"},{"not_picked":["testmod-Nine","Astrolabe"],"picked":"Replay:Wanted Poster"}],"items_purged_floors":[30,39],"is_endless":true,"potions_floor_spawned":[4,8,10,13,14,16,18,28,29,31,33,37,40,47,50],"killed_by":"Awakened One","ascension_level":20}}