{"host":"pyvqvk2ltcevcwmf","time":1611023912,"event":{"mods":["BaseMod","BetterRewards","Good Game Mod","Marisa£®ÏF”Í°°ƒß¿Ì…≥£©","Minty Spire (QoL Compilation)","Rare Cards Sparkle","Shop Mod","Spicy Shops","StSLib","The Alterego","The Servant 0.9.4","Youmu£®ªÍ∆«—˝√Œ£©"],"gold_per_floor":[112,124,139,239,250,250,285,285,285,316,316,343,343,362,362,464,464,475,475,69,69,86,86,116,130,130,144,144,144],"floor_reached":28,"language":"ZHS","playtime":2564,"items_purged":["alterego_mod:Defend"],"score":296,"play_id":"3f682d9c-608e-4f95-85c0-29177a310794","local_time":"20210119103832","is_ascension_mode":true,"campfire_choices":[{"data":"alterego_mod:Palingenesis","floor":6.0,"key":"SMITH"},{"data":"alterego_mod:BiFurious","floor":13.0,"key":"SMITH"},{"data":"alterego_mod:Palingenesis+1","floor":15.0,"key":"SMITH"},{"data":"alterego_mod:Punishment","floor":23.0,"key":"SMITH"}],"circlet_count":0,"master_deck":["alterego_mod:Strike","alterego_mod:Strike","alterego_mod:Defend","alterego_mod:Defend","alterego_mod:Impale","alterego_mod:BigMeatyClaws","alterego_mod:BrynhildrsRune","alterego_mod:Palingenesis+2","alterego_mod:Undulate","alterego_mod:Palingenesis","alterego_mod:SakuraFive","alterego_mod:Stockings","alterego_mod:TrashNCrash","alterego_mod:BiFurious+1","Parasite","alterego_mod:ChallengeComplete","alterego_mod:PainIsPleasure","alterego_mod:Nekomimi+1","alterego_mod:Punishment+1","alterego_mod:DeftHands","alterego_mod:Nekomimi","alterego_mod:Stockings","alterego_mod:Lift+1"],"relics":["alterego_mod:MasochisticConstitution","REME:ComplimentaryCards","NeowsBlessing","Bird Faced Urn","Du-Vu Doll","Mummified Hand","Bottled Lightning","Bottled Flame","MerchantsRug","Ancient Tea Set","Thread and Needle","Akabeko","Frozen Egg 2"],"acts_visited":["Exordium","TheCity"],"potions_floor_usage":[],"damage_taken":[{"damage":6.0,"enemies":"Cultist","floor":1.0,"turns":3.0},{"damage":1.0,"enemies":"2 Louse","floor":2.0,"turns":2.0},{"damage":3.0,"enemies":"Small Slimes","floor":3.0,"turns":2.0},{"damage":16.0,"enemies":"Exordium Thugs","floor":5.0,"turns":7.0},{"damage":13.0,"enemies":"Gremlin Nob","floor":7.0,"turns":4.0},{"damage":19.0,"enemies":"Lagavulin","floor":10.0,"turns":10.0},{"damage":22.0,"enemies":"Gremlin Nob","floor":12.0,"turns":5.0},{"damage":2.0,"enemies":"3 Louse","floor":14.0,"turns":4.0},{"damage":41.0,"enemies":"The Guardian","floor":16.0,"turns":10.0},{"damage":13.0,"enemies":"Spheric Guardian","floor":18.0,"turns":5.0},{"damage":18.0,"enemies":"3 Byrds","floor":22.0,"turns":4.0},{"damage":19.0,"enemies":"Book of Stabbing","floor":24.0,"turns":7.0},{"damage":9.0,"enemies":"Cultist and Chosen","floor":25.0,"turns":8.0},{"damage":24.0,"enemies":"Snake Plant","floor":27.0,"turns":7.0},{"damage":0,"enemies":"Gremlin Leader","floor":28,"turns":1}],"seed_played":"8366710982881781617","potions_obtained":[{"floor":2.0,"key":"Swift Potion"},{"floor":7.0,"key":"Swift Potion"},{"floor":14.0,"key":"Fruit Juice"},{"floor":16.0,"key":"Block Potion"},{"floor":22.0,"key":"Fruit Juice"},{"floor":24.0,"key":"ColorlessPotion"}],"is_trial":false,"path_per_floor":["M","M","M","?","M","R","E","T","T","E","?","E","R","M","R","B",null,"M","?","$","T","M","R","E","M","T","M","E"],"character_chosen":"The_Alterego","items_purchased":["MerchantsRug","alterego_mod:Punishment","Ancient Tea Set"],"campfire_rested":0,"item_purchase_floors":[20,20,20],"current_hp_per_floor":[71,71,73,73,65,65,53,53,53,46,65,55,55,67,67,38,84,74,74,74,74,72,72,74,91,91,85,85,85],"gold":144,"neow_bonus":"THREE_ENEMY_KILL","is_daily":false,"chose_seed":false,"campfire_upgraded":4,"win_rate":0.0,"timestamp":1611023912,"path_taken":["M","M","?","?","?","R","E","?","T","E","?","E","R","M","R","BOSS","M","?","$","?","M","R","E","M","T","M","E"],"items_purchased_type":["Relic","Card","Relic"],"build_version":"2020-12-22","purchased_purges":1,"victory":false,"max_hp_per_floor":[71,72,73,73,74,74,75,75,75,76,76,77,77,78,78,84,84,85,85,85,85,91,91,92,93,93,94,94,94],"card_choices":[{"not_picked":["alterego_mod:Jiggle","alterego_mod:Skirt"],"picked":"alterego_mod:Undulate","floor":1.0},{"not_picked":["alterego_mod:BiFurious","alterego_mod:Cooking"],"picked":"alterego_mod:Palingenesis","floor":2.0},{"not_picked":["alterego_mod:Rip","alterego_mod:PresenceConcealment"],"picked":"alterego_mod:SakuraFive","floor":3.0},{"not_picked":["alterego_mod:PerceptionDisorder","alterego_mod:Punishment"],"picked":"alterego_mod:Stockings","floor":5.0},{"not_picked":["alterego_mod:Bunnysuit","alterego_mod:MagicResistance"],"picked":"alterego_mod:TrashNCrash","floor":7.0},{"not_picked":["alterego_mod:HighServant","alterego_mod:Birthday"],"picked":"alterego_mod:BiFurious","floor":10.0},{"not_picked":["alterego_mod:Birthday","alterego_mod:PurpleHair"],"picked":"alterego_mod:ChallengeComplete","floor":12.0},{"not_picked":["alterego_mod:Rip","alterego_mod:Cooking","alterego_mod:Maid"],"picked":"SKIP","floor":14.0},{"not_picked":["alterego_mod:Tantrum","alterego_mod:Lift"],"picked":"alterego_mod:PainIsPleasure","floor":16.0},{"not_picked":["alterego_mod:Lingerie","alterego_mod:Bloomers"],"picked":"alterego_mod:Nekomimi+1","floor":18.0},{"not_picked":["alterego_mod:Rip","alterego_mod:Birthday"],"picked":"alterego_mod:DeftHands","floor":22.0},{"not_picked":["alterego_mod:RocketPunch","alterego_mod:Rake"],"picked":"alterego_mod:Nekomimi","floor":24.0},{"not_picked":["alterego_mod:BustOut","alterego_mod:MagicResistance"],"picked":"alterego_mod:Stockings","floor":25.0},{"not_picked":["alterego_mod:Rip","alterego_mod:GoddessCore"],"picked":"alterego_mod:Lift+1","floor":27.0}],"player_experience":201503,"relics_obtained":[{"floor":7.0,"key":"Bird Faced Urn"},{"floor":8.0,"key":"Du-Vu Doll"},{"floor":9.0,"key":"Mummified Hand"},{"floor":10.0,"key":"Bottled Lightning"},{"floor":12.0,"key":"Bottled Flame"},{"floor":21.0,"key":"Thread and Needle"},{"floor":24.0,"key":"Akabeko"},{"floor":26.0,"key":"Frozen Egg 2"}],"event_choices":[{"damage_healed":0.0,"max_hp_gain":0.0,"max_hp_loss":0.0,"gold_gain":100.0,"event_name":"Wheel of Change","player_choice":"Gold","floor":4.0,"gold_loss":0.0,"damage_taken":0.0},{"damage_healed":19.0,"max_hp_gain":0.0,"max_hp_loss":0.0,"gold_gain":0.0,"event_name":"Mushrooms","player_choice":"Healed and dodged fight","floor":11.0,"gold_loss":0.0,"damage_taken":0.0,"cards_obtained":["Parasite"]},{"cards_removed":["alterego_mod:Strike"],"damage_healed":0.0,"max_hp_gain":0.0,"max_hp_loss":0.0,"gold_gain":0.0,"event_name":"Purifier","player_choice":"Purged","floor":19.0,"gold_loss":0.0,"damage_taken":0.0}],"is_beta":false,"boss_relics":[{"not_picked":["Runic Dome","SacredBark"],"picked":"Empty Cage"}],"items_purged_floors":[20],"is_endless":false,"potions_floor_spawned":[2,7,14,16,22,24],"killed_by":"Gremlin Leader","ascension_level":1}}