{"host":"xrbutm0tzv4qwo7u","time":1611079262,"event":{"mods":["AchievementEnabler","BaseMod","Better Altar","Better Match","Better Note","Better Sensory Stone","Better Skull","Better Third Choice","Colored Map","Colored Powertips","Curses Come First","Dark Map","Hermit","Minty Spire (QoL Compilation)","Quick Restart","Rare Cards Sparkle","Relic Stats","StSLib","The Cursed","The Marked"],"gold_per_floor":[144,319,319,29,74,74,149,52,77,77,42,132,177,222,222,522,522,567,612,293,338,437,527,527,572,597,597,642,687,687,57,57,357,357,402,447,486,160,205,295,340,430,455,500,500,590,127,0,0,0],"floor_reached":51,"language":"ENG","playtime":1752,"items_purged":[],"score":855,"play_id":"eeecdcfc-10a1-4d1e-8e5f-71af3509e650","local_time":"20210119120102","daily_mods":["Allstar","Time Dilation","Midas"],"is_ascension_mode":false,"campfire_choices":[{"floor":6,"key":"REST"},{"floor":15,"key":"REST"},{"floor":24,"key":"REST"},{"floor":32,"key":"REST"},{"floor":45,"key":"REST"},{"floor":49,"key":"REST"}],"circlet_count":0,"master_deck":["Strike_B","Strike_B","Strike_B","Strike_B","Defend_B","Defend_B","Defend_B","Defend_B","Zap","Dualcast","Impatience","Transmutation","Mind Blast","Secret Technique","Bandage Up","Go for the Eyes","Aggregate","Ball Lightning","Ball Lightning","Redo","Ball Lightning","Streamline","Conserve Battery","Electrodynamics","Conserve Battery+1","Capacitor","Storm","Barrage","Stack","Rebound","Impatience","Melter+1","Echo Form","Leap+1","Necronomicurse","Cold Snap","Conserve Battery","Glacier","Cold Snap","Secret Technique","Reboot","Self Repair","All For One","Cold Snap+1","Beam Cell+1","Hologram+1","Storm","Hologram","Leap","Skim+1","Genetic Algorithm+1","Streamline+1","Rainbow","Beam Cell","Consume","Defragment","Hologram","Coolheaded","Purity","Lockon"],"relics":["Cracked Core","Symbiotic Virus","Boot","DataDisk","Lantern","Fusion Hammer","Ornamental Fan","Orichalcum","Necronomicon","Unceasing Top","Runic Capacitor","Nuclear Battery","Ice Cream","Happy Flower","Question Card","Mercury Hourglass","Oddly Smooth Stone","Cables","Anchor","Red Mask"],"acts_visited":["Exordium","TheCity","TheBeyond"],"potions_floor_usage":[23,29,33,33,33,39,46,46,50],"damage_taken":[{"damage":6,"enemies":"Small Slimes","floor":1,"turns":3},{"damage":0,"enemies":"Jaw Worm","floor":5,"turns":3},{"damage":19,"enemies":"3 Sentries","floor":12,"turns":4},{"damage":0,"enemies":"2 Louse","floor":13,"turns":2},{"damage":0,"enemies":"2 Fungi Beasts","floor":14,"turns":2},{"damage":40,"enemies":"Hexaghost","floor":16,"turns":5},{"damage":3,"enemies":"Spheric Guardian","floor":18,"turns":3},{"damage":5,"enemies":"3 Byrds","floor":19,"turns":2},{"damage":22,"enemies":"Shelled Parasite and Fungi","floor":21,"turns":4},{"damage":4,"enemies":"Gremlin Leader","floor":23,"turns":5},{"damage":17,"enemies":"Snake Plant","floor":25,"turns":2},{"damage":0,"enemies":"Sentry and Sphere","floor":28,"turns":2},{"damage":0,"enemies":"Centurion and Healer","floor":29,"turns":3},{"damage":6,"enemies":"Champ","floor":33,"turns":8},{"damage":6,"enemies":"3 Shapes","floor":35,"turns":3},{"damage":0,"enemies":"Orb Walker","floor":36,"turns":1},{"damage":6,"enemies":"2 Orb Walkers","floor":37,"turns":4},{"damage":0,"enemies":"Transient","floor":39,"turns":5},{"damage":36,"enemies":"Nemesis","floor":40,"turns":3},{"damage":0,"enemies":"Maw","floor":41,"turns":4},{"damage":6,"enemies":"Giant Head","floor":42,"turns":5},{"damage":0,"enemies":"Writhing Mass","floor":44,"turns":2},{"damage":44,"enemies":"Reptomancer","floor":46,"turns":3},{"damage":4,"enemies":"Donu and Deca","floor":50,"turns":6}],"seed_played":"3706737729498028133","potions_obtained":[{"floor":1,"key":"SpeedPotion"},{"floor":5,"key":"SpeedPotion"},{"floor":16,"key":"SkillPotion"},{"floor":23,"key":"GamblersBrew"},{"floor":29,"key":"BlessingOfTheForge"},{"floor":35,"key":"AttackPotion"},{"floor":37,"key":"Strength Potion"},{"floor":39,"key":"PowerPotion"},{"floor":40,"key":"Explosive Potion"},{"floor":41,"key":"PowerPotion"}],"is_trial":false,"path_per_floor":["M","?","?","$","M","R","?","$","T","?","?","E","M","M","R","B",null,"M","M","$","M","?","E","R","M","T","?","M","M","?","$","R","B",null,"M","M","?","$","M","E","M","E","T","M","R","E","$","?","R","B",null],"character_chosen":"DEFECT","items_purchased":["Symbiotic Virus","Aggregate","Ball Lightning","Redo","Storm","Barrage","Stack","Rebound","Impatience","Runic Capacitor","Glacier","Cold Snap","Secret Technique","Reboot","Self Repair","Happy Flower","Storm","Hologram","Leap","Defragment","Hologram","Coolheaded","Anchor","Purity","Lockon"],"campfire_rested":6,"item_purchase_floors":[4,4,8,8,20,20,20,20,20,31,31,31,31,31,31,38,38,38,38,47,47,47,47,47,47],"current_hp_per_floor":[73,73,66,66,70,75,64,64,64,61,75,56,56,56,75,35,75,72,67,67,49,49,49,71,54,54,38,42,42,42,42,64,62,75,75,75,69,69,69,37,37,35,35,39,61,17,17,17,39,39],"gold":0,"neow_bonus":"","is_daily":true,"chose_seed":false,"campfire_upgraded":0,"win_rate":0.0,"timestamp":1611079262,"path_taken":["M","?","?","?","M","R","?","$","T","?","?","E","M","?","R","BOSS","M","M","$","M","?","E","R","M","T","?","M","M","?","?","R","BOSS","M","M","?","$","M","E","M","E","T","M","R","E","$","?","R","BOSS"],"items_purchased_type":["Relic","Card","Card","Card","Card","Card","Card","Card","Card","Relic","Card","Card","Card","Card","Card","Relic","Card","Card","Card","Card","Card","Card","Relic","Card","Card"],"build_version":"2020-12-22","purchased_purges":0,"victory":true,"max_hp_per_floor":[75,75,75,75,75,75,75,75,75,75,75,75,75,75,75,75,75,75,75,75,75,75,75,75,75,75,75,75,75,75,75,75,75,75,75,75,75,75,75,75,75,75,75,75,75,75,75,75,75,75],"relic_stats":{"Happy Flower":[9],"counters":[24,84],"Ornamental Fan":[120],"Necronomicon":[23],"Orichalcum":[36],"Boot":[51],"Question Card":4,"obtain_stats":[{"Ice Cream":37,"Lantern":12,"Happy Flower":38,"Oddly Smooth Stone":43,"Runic Capacitor":31,"Orichalcum":26,"Boot":9,"Question Card":40,"Nuclear Battery":34,"Mercury Hourglass":42,"Cables":46,"DataDisk":10,"Anchor":47,"Ornamental Fan":23,"Fusion Hammer":17,"Necronomicon":27,"Red Mask":48,"Cracked Core":0,"Symbiotic Virus":4,"Unceasing Top":30},{"Ice Cream":17,"Lantern":3,"Happy Flower":17,"Oddly Smooth Stone":21,"Runic Capacitor":13,"Orichalcum":11,"Boot":2,"Question Card":19,"Nuclear Battery":14,"Mercury Hourglass":21,"Cables":23,"DataDisk":2,"Anchor":23,"Ornamental Fan":10,"Fusion Hammer":6,"Necronomicon":11,"Red Mask":23,"Cracked Core":0,"Symbiotic Virus":1,"Unceasing Top":13},{"Ice Cream":56,"Lantern":10,"Happy Flower":56,"Oddly Smooth Stone":73,"Runic Capacitor":40,"Orichalcum":35,"Boot":6,"Question Card":64,"Nuclear Battery":48,"Mercury Hourglass":73,"Cables":78,"DataDisk":6,"Anchor":78,"Ornamental Fan":33,"Fusion Hammer":19,"Necronomicon":35,"Red Mask":78,"Cracked Core":0,"Symbiotic Virus":3,"Unceasing Top":40}],"Unceasing Top":[10],"Mercury Hourglass":[54],"Cables":[6,4,2,0,0]},"card_choices":[{"not_picked":["Consume","Stack"],"picked":"Go for the Eyes","floor":1},{"not_picked":["Hologram","Beam Cell"],"picked":"Ball Lightning","floor":5},{"not_picked":["Rebound","Amplify"],"picked":"Ball Lightning","floor":12},{"not_picked":["Beam Cell","Stack"],"picked":"Streamline","floor":13},{"not_picked":["Streamline","Leap"],"picked":"Conserve Battery","floor":14},{"not_picked":["Echo Form","Core Surge"],"picked":"Electrodynamics","floor":16},{"not_picked":["Steam","Streamline"],"picked":"Conserve Battery+1","floor":18},{"not_picked":["Hologram","Fusion"],"picked":"Capacitor","floor":19},{"not_picked":["Consume","Recycle"],"picked":"Melter+1","floor":21},{"not_picked":["Streamline","Skim"],"picked":"Echo Form","floor":23},{"not_picked":["Redo","Go for the Eyes"],"picked":"Leap+1","floor":25},{"not_picked":["Turbo+1","Gash"],"picked":"Cold Snap","floor":28},{"not_picked":["Steam Power+1","Stack"],"picked":"Conserve Battery","floor":29},{"not_picked":["Buffer","Thunder Strike"],"picked":"All For One","floor":33},{"not_picked":["Compile Driver","Consume"],"picked":"Cold Snap+1","floor":35},{"not_picked":["Rebound","Sweeping Beam+1"],"picked":"Beam Cell+1","floor":36},{"not_picked":["Ball Lightning","Beam Cell"],"picked":"Hologram+1","floor":37},{"not_picked":["Sweeping Beam","Melter+1"],"picked":"Skim+1","floor":39},{"not_picked":["FTL","Steam"],"picked":"Genetic Algorithm+1","floor":40},{"not_picked":["Coolheaded","Self Repair+1","Sweeping Beam+1"],"picked":"Streamline+1","floor":41},{"not_picked":["Streamline","Beam Cell","FTL"],"picked":"Rainbow","floor":42},{"not_picked":["Go for the Eyes","Rip and Tear","Reprogram"],"picked":"Beam Cell","floor":44},{"not_picked":["Barrage","Cold Snap","Leap+1"],"picked":"Consume","floor":46}],"player_experience":61465,"relics_obtained":[{"floor":9,"key":"Boot"},{"floor":12,"key":"Lantern"},{"floor":23,"key":"Ornamental Fan"},{"floor":26,"key":"Orichalcum"},{"floor":27,"key":"Necronomicon"},{"floor":37,"key":"Ice Cream"},{"floor":40,"key":"Question Card"},{"floor":42,"key":"Mercury Hourglass"},{"floor":43,"key":"Oddly Smooth Stone"},{"floor":46,"key":"Cables"}],"event_choices":[{"damage_healed":0,"gold_gain":175,"player_choice":"AGREE","damage_taken":144,"max_hp_gain":0,"max_hp_loss":0,"event_name":"betterThird:BetterSerpent","floor":2,"gold_loss":0},{"cards_removed":["Doubt"],"damage_healed":0,"gold_gain":0,"player_choice":"Card Removal","damage_taken":7,"max_hp_gain":0,"max_hp_loss":0,"event_name":"Golden Wing","floor":3,"gold_loss":0},{"damage_healed":0,"gold_gain":75,"player_choice":"Gold","damage_taken":11,"max_hp_gain":0,"max_hp_loss":0,"event_name":"betterThird:BetterGoop","floor":7,"gold_loss":0},{"damage_healed":0,"gold_gain":0,"player_choice":"Relic ","damage_taken":3,"max_hp_gain":0,"max_hp_loss":0,"event_name":"betterThird:BetterScrap","floor":10,"gold_loss":0,"cards_obtained":["Pummel"]},{"damage_healed":18,"gold_gain":0,"player_choice":"Healed","damage_taken":0,"max_hp_gain":0,"max_hp_loss":0,"event_name":"The Cleric","floor":11,"gold_loss":35},{"damage_healed":0,"gold_gain":99,"player_choice":"Steal","damage_taken":0,"max_hp_gain":0,"max_hp_loss":0,"event_name":"betterThird:BetterNest","floor":22,"gold_loss":0},{"damage_healed":0,"gold_gain":0,"player_choice":"Obtained Book","damage_taken":16,"max_hp_gain":0,"max_hp_loss":0,"event_name":"Cursed Tome","floor":27,"gold_loss":0},{"damage_healed":0,"gold_gain":0,"player_choice":"Opened","damage_taken":0,"relics_obtained":["Unceasing Top"],"max_hp_gain":0,"max_hp_loss":0,"event_name":"The Mausoleum","floor":30,"gold_loss":0},{"damage_healed":0,"gold_gain":0,"player_choice":"Fight","damage_taken":0,"max_hp_gain":0,"max_hp_loss":0,"event_name":"Mysterious Sphere","floor":37,"gold_loss":0},{"damage_healed":0,"gold_gain":0,"player_choice":"Paid","damage_taken":0,"relics_obtained":["Red Mask"],"max_hp_gain":0,"max_hp_loss":0,"event_name":"Tomb of Lord Red Mask","floor":48,"gold_loss":127}],"is_beta":false,"boss_relics":[{"not_picked":["Sozu","Snecko Eye"],"picked":"Fusion Hammer"},{"not_picked":["Velvet Choker","Astrolabe"],"picked":"Nuclear Battery"}],"items_purged_floors":[],"is_endless":false,"potions_floor_spawned":[1,5,16,23,29,35,37,39,40,41],"ascension_level":0}}