{"host":"15pfcaw18z4i9hxo","time":1611072225,"event":{"mods":["BaseMod","DeckTracker","GifTheSpireLib","KinomotoSakuraMod(ñÿîVñ{?)","Koishi","Mad Scientist","MarisaÅiñ∂âJÅ@ñÇóùçπÅj","Minty Spire (QoL Compilation)","StSLib","The Disciple","The Marked","The Mystic"],"gold_per_floor":[118,128,128,17,17,17,17,17,44,44,69,23,41,41,41,41,41],"floor_reached":16,"language":"JPN","playtime":373,"items_purged":["MadScienceMod:Strike_MadScience"],"score":88,"play_id":"070f128b-bc71-47fe-8d6a-c43151c4949e","local_time":"20210120010345","is_ascension_mode":false,"campfire_choices":[{"data":"MadScienceMod:AcidSpray","floor":6,"key":"SMITH"},{"data":"MadScienceMod:PoweredStrike","floor":8,"key":"SMITH"},{"data":"MadScienceMod:HideBehindJunk","floor":10,"key":"SMITH"},{"data":"MadScienceMod:AntimatterBomb","floor":15,"key":"SMITH"}],"circlet_count":0,"master_deck":["MadScienceMod:Strike_MadScience+1","MadScienceMod:Strike_MadScience","MadScienceMod:Strike_MadScience","MadScienceMod:Defend_MadScience","MadScienceMod:Defend_MadScience","MadScienceMod:Defend_MadScience","MadScienceMod:PoweredStrike+1","MadScienceMod:HideBehindJunk+1","MadScienceMod:FlameCannon+1","MadScienceMod:AcidSpray+1","MadScienceMod:SelfDestruct","MadScienceMod:AntimatterBomb","MadScienceMod:AntimatterBomb+1"],"relics":["MadScienceMod:FuelTank","NeowsBlessing","Golden Idol","InkBottle","Bag of Preparation"],"acts_visited":["Exordium"],"potions_floor_usage":[16,16],"damage_taken":[{"damage":0,"enemies":"Cultist","floor":1,"turns":1},{"damage":0,"enemies":"Jaw Worm","floor":2,"turns":1},{"damage":6,"enemies":"2 Louse","floor":11,"turns":1},{"damage":6,"enemies":"Looter","floor":13,"turns":3},{"damage":33,"enemies":"The Guardian","floor":16,"turns":8}],"seed_played":"8754975026631567189","potions_obtained":[{"floor":11,"key":"BlessingOfTheForge"},{"floor":13,"key":"Energy Potion"}],"is_trial":false,"path_per_floor":["M","M","?","$","?","R","?","R","T","R","M","$","M","?","R","B"],"character_chosen":"MAD_SCIENTIST","items_purchased":["MadScienceMod:SelfDestruct","MadScienceMod:AntimatterBomb"],"campfire_rested":0,"item_purchase_floors":[4,12],"current_hp_per_floor":[75,75,69,69,69,69,57,57,57,57,51,51,45,31,31,0,0],"gold":41,"neow_bonus":"THREE_ENEMY_KILL","is_daily":false,"chose_seed":false,"campfire_upgraded":4,"win_rate":0.0,"timestamp":1611072225,"path_taken":["M","?","?","$","?","R","?","R","T","R","M","$","M","?","R","BOSS"],"items_purchased_type":["Card","Card"],"build_version":"2020-12-22","purchased_purges":1,"victory":false,"max_hp_per_floor":[75,75,69,69,69,69,69,69,69,69,69,69,69,69,69,69,69],"card_choices":[{"not_picked":["MadScienceMod:FumeBlast","MadScienceMod:BoxOfScraps"],"picked":"MadScienceMod:FlameCannon","floor":1},{"not_picked":["MadScienceMod:Detonate","MadScienceMod:MakeOrBreak"],"picked":"MadScienceMod:AcidSpray","floor":2},{"not_picked":["MadScienceMod:FlexibleSpear","MadScienceMod:ShrinkRay"],"picked":"MadScienceMod:AntimatterBomb","floor":11},{"not_picked":["MadScienceMod:LightOnFire","MadScienceMod:Inflate","MadScienceMod:Poke"],"picked":"SKIP","floor":13}],"player_experience":221906,"relics_obtained":[{"floor":9,"key":"Bag of Preparation"}],"event_choices":[{"damage_healed":0,"gold_gain":0,"player_choice":"Lose Max HP","damage_taken":0,"relics_obtained":["Golden Idol"],"max_hp_gain":0,"max_hp_loss":6,"event_name":"Golden Idol","floor":3,"gold_loss":0},{"cards_removed":["MadScienceMod:Defend_MadScience"],"damage_healed":0,"gold_gain":0,"player_choice":"Forget","damage_taken":0,"max_hp_gain":0,"max_hp_loss":0,"event_name":"Living Wall","floor":5,"gold_loss":0},{"damage_healed":0,"gold_gain":0,"player_choice":"Success","damage_taken":12,"relics_obtained":["InkBottle"],"max_hp_gain":0,"max_hp_loss":0,"event_name":"Scrap Ooze","floor":7,"gold_loss":0},{"damage_healed":0,"gold_gain":0,"player_choice":"Entered Light","damage_taken":14,"max_hp_gain":0,"max_hp_loss":0,"event_name":"Shining Light","floor":14,"gold_loss":0,"cards_upgraded":["MadScienceMod:Strike_MadScience","MadScienceMod:FlameCannon"]}],"is_beta":false,"boss_relics":[],"items_purged_floors":[4],"is_endless":false,"potions_floor_spawned":[11,13],"killed_by":"The Guardian","ascension_level":0}}