{"host":"l60rmjjsfi0fipmi","time":1611019466,"event":{"mods":["BaseMod","Colored Map","DeckTracker","Highlight Path","Minty Spire (QoL Compilation)","StSLib","The Cursed","The Servant 0.9.4"],"gold_per_floor":[118,134,39,0,0,0,0,10,10,10,10,29,42,62,62,161,161,175,192,192,117,217,217,243,108,163,163,163],"floor_reached":27,"language":"ENG","playtime":1002,"items_purged":["Strike_P","Strike_P"],"score":254,"play_id":"f16237b9-0fe8-40bd-9fc1-ae22137ca27d","local_time":"20210118202426","is_ascension_mode":true,"campfire_choices":[{"data":"Eruption","floor":6,"key":"SMITH"},{"data":"BattleHymn","floor":15,"key":"SMITH"},{"data":"Vault","floor":23,"key":"SMITH"}],"circlet_count":0,"master_deck":["Strike_P+1","Strike_P","Defend_P","Defend_P","Defend_P+1","Defend_P","Eruption+1","Vigilance","FlyingSleeves","Crescendo","Halt","BattleHymn+1","DeceiveReality","Conclude","FollowUp","Vault+1","FlurryOfBlows","WheelKick"],"relics":["PureWater","MealTicket","Letter Opener","Eternal Feather","Damaru"],"acts_visited":["Exordium","TheCity"],"potions_floor_usage":[19,24,27],"damage_taken":[{"damage":3,"enemies":"2 Louse","floor":1,"turns":4},{"damage":7,"enemies":"Small Slimes","floor":2,"turns":4},{"damage":4,"enemies":"Jaw Worm","floor":8,"turns":3},{"damage":3,"enemies":"Exordium Thugs","floor":12,"turns":4},{"damage":7,"enemies":"Looter","floor":13,"turns":3},{"damage":8,"enemies":"Blue Slaver","floor":14,"turns":3},{"damage":19,"enemies":"Slime Boss","floor":16,"turns":5},{"damage":31,"enemies":"2 Thieves","floor":18,"turns":4},{"damage":0,"enemies":"Shell Parasite","floor":19,"turns":3},{"damage":49,"enemies":"Book of Stabbing","floor":24,"turns":6},{"damage":22,"enemies":"Gremlin Leader","floor":27,"turns":1}],"seed_played":"-1615819441064781493","potions_obtained":[{"floor":2,"key":"PowerPotion"},{"floor":12,"key":"StancePotion"},{"floor":16,"key":"BlessingOfTheForge"}],"is_trial":false,"path_per_floor":["M","M","$","?","?","R","?","M","T","$","$","M","M","M","R","B",null,"M","M","?","$","?","R","E","$","T","E"],"character_chosen":"WATCHER","items_purchased":["Halt","BattleHymn","WheelKick"],"campfire_rested":0,"item_purchase_floors":[3,3,25],"current_hp_per_floor":[69,62,72,72,72,72,58,54,54,69,72,69,62,54,54,35,72,41,41,41,56,56,56,7,22,22,0,0],"gold":163,"neow_bonus":"RANDOM_COMMON_RELIC","is_daily":false,"chose_seed":false,"campfire_upgraded":3,"win_rate":0.0,"timestamp":1611019466,"path_taken":["M","M","$","?","?","R","?","M","T","?","$","M","?","M","R","BOSS","M","M","?","$","?","R","E","$","T","E"],"items_purchased_type":["Card","Card","Card"],"build_version":"2020-12-22","purchased_purges":2,"victory":false,"max_hp_per_floor":[72,72,72,72,72,72,72,72,72,72,72,72,72,72,72,72,72,72,72,72,72,72,72,72,72,72,72,72],"card_choices":[{"not_picked":["CrushJoints","Prostrate"],"picked":"FlyingSleeves","floor":1},{"not_picked":["Protect","InnerPeace"],"picked":"Crescendo","floor":2},{"not_picked":["EmptyMind","SashWhip"],"picked":"DeceiveReality","floor":8},{"not_picked":["DeceiveReality","FlyingSleeves"],"picked":"Conclude","floor":12},{"not_picked":["PathToVictory","Prostrate"],"picked":"FollowUp","floor":13},{"not_picked":["EmptyFist","BowlingBash","ForeignInfluence"],"picked":"SKIP","floor":14},{"not_picked":["Scrawl","Blasphemy"],"picked":"Vault","floor":16},{"not_picked":["Crescendo","EmptyFist","MentalFortress"],"picked":"SKIP","floor":18},{"not_picked":["BowlingBash","EmptyBody"],"picked":"FlurryOfBlows","floor":19},{"not_picked":["CarveReality","SignatureMove","Crescendo"],"picked":"SKIP","floor":24}],"player_experience":492507,"relics_obtained":[{"floor":9,"key":"Letter Opener"},{"floor":24,"key":"Eternal Feather"},{"floor":26,"key":"Damaru"}],"event_choices":[{"damage_healed":0,"gold_gain":0,"player_choice":"Left Gold","damage_taken":0,"max_hp_gain":0,"max_hp_loss":0,"event_name":"World of Goop","floor":4,"gold_loss":39},{"damage_healed":0,"gold_gain":0,"player_choice":"Ignored","damage_taken":0,"max_hp_gain":0,"max_hp_loss":0,"event_name":"Liars Game","floor":5,"gold_loss":0},{"damage_healed":0,"gold_gain":0,"player_choice":"Entered Light","damage_taken":14,"max_hp_gain":0,"max_hp_loss":0,"event_name":"Shining Light","floor":7,"gold_loss":0,"cards_upgraded":["Strike_P","Defend_P"]},{"damage_healed":0,"gold_gain":0,"player_choice":"Ignored","damage_taken":0,"max_hp_gain":0,"max_hp_loss":0,"event_name":"Ghosts","floor":20,"gold_loss":0},{"damage_healed":0,"gold_gain":100,"player_choice":"Pray","damage_taken":0,"max_hp_gain":0,"max_hp_loss":0,"event_name":"Golden Shrine","floor":22,"gold_loss":0}],"is_beta":false,"boss_relics":[{"not_picked":["Coffee Dripper","Philosopher\u0027s Stone","Fusion Hammer"]}],"items_purged_floors":[21,25],"is_endless":false,"potions_floor_spawned":[2,12,16],"killed_by":"Gremlin Leader","ascension_level":3}}