{"host":"8anlmvy5ylhozj27","time":1611080031,"event":{"mods":["2.2 Compatiblity","Act Like it!","Aspiration","BaseMod","Best Route Mod","Better Match","Better Note","Better Sensory Stone","Better Skull","Better Third Choice","BetterRewards","Block Reminder","Colored Map","Colored Powertips","Conspire","Curses Come First","Duelist Mod","Energized Spire","GifTheSpireLib","Gold Saver","Halation","Hermit","Highlight Path","Hubris","Infinite Spire","Ironclad Rager","Minty Spire (QoL Compilation)","Permanent Neow","Quick Restart","Rare Cards Sparkle","Replay The Spire","Robot Space Explorer","Spicy Shops","StSLib","Stuff the Spire","The Bladedancer","The Blue Laboratory","The Disciple","The Exalted","The Necromancer","The Sage","Transform Curses","Wandering Minibosses","vexMod"],"gold_per_floor":[119,136,136,146,163,194,194,194,194],"floor_reached":8,"language":"FRA","playtime":574,"items_purged":["Defend_B"],"score":58,"play_id":"7acc7602-46bc-4aea-b870-f6515d294d72","local_time":"20210119191351","is_ascension_mode":false,"campfire_choices":[],"circlet_count":0,"master_deck":["Strike_B","Strike_B","Strike_B","Strike_B","Defend_B","Defend_B","Defend_B","Zap","Dualcast","StuffTheSpire:Plugnplay","Storm","Replay:Dark Deal","ReplayTheSpireMod:Private Reserves","Survey Options","StuffTheSpire:Plugnplay","StuffTheSpire:Synthwave","Self Repair","Steam","ReplayRNGCard","Looming Evil"],"relics":["Cracked Core","vexMod:Dragonfruit","aspiration:Nostalgia","theDuelist:CardPoolMinusRelic","aspiration:FaultyCoupler","ReplayTheSpireMod:ShopPack","Lantern","Replay:Bottled Snecko","ReplayTheSpireMod:Ring of Challenge","Ring of Hypnosis"],"acts_visited":["Exordium"],"potions_floor_usage":[],"damage_taken":[{"damage":0,"enemies":"Cultist","floor":1,"turns":3},{"damage":8,"enemies":"Jaw Worm","floor":2,"turns":3},{"damage":0,"enemies":"Small Slimes","floor":4,"turns":2},{"damage":12,"enemies":"Blue Slaver","floor":5,"turns":2},{"damage":13,"enemies":"Lagavulin","floor":6,"turns":7},{"damage":30,"enemies":"Gremlin Nob","floor":8,"turns":3}],"seed_played":"-8000455313225825473","potions_obtained":[{"floor":2,"key":"blueLaboratory:AbyssPotion"}],"is_trial":false,"path_per_floor":["M","M","?","M","M","E","?","E"],"character_chosen":"DEFECT","items_purchased":["StuffTheSpire:Plugnplay","Storm","vexMod:Dragonfruit","aspiration:Nostalgia","aspiration:FaultyCoupler","ReplayTheSpireMod:ShopPack"],"campfire_rested":0,"item_purchase_floors":[0,0,0,0,0,0],"current_hp_per_floor":[45,47,47,47,35,29,29,0,0],"gold":194,"neow_bonus":"","is_daily":false,"chose_seed":false,"campfire_upgraded":0,"win_rate":0.0,"timestamp":1611080031,"path_taken":["M","M","?","M","M","E","?","E"],"items_purchased_type":["Card","Card","Relic","Relic","Relic","Relic"],"build_version":"2020-12-22","purchased_purges":1,"victory":false,"max_hp_per_floor":[80,80,80,80,80,80,80,80,80],"card_choices":[{"not_picked":["vexMod:StairwayStrike","Chrysalis"],"picked":"Replay:Dark Deal","floor":0},{"not_picked":["Replay:Parry","Dramatic Entrance"],"picked":"ReplayTheSpireMod:Private Reserves","floor":0},{"not_picked":["The Bomb","ReplayTheSpireMod:Trickstab"],"picked":"Survey Options","floor":0},{"not_picked":["BasicCrystalCard","StuffTheSpire:LoadUp"],"picked":"StuffTheSpire:Plugnplay","floor":1},{"not_picked":["Aggregate","ReplayTheSpireMod:Reroute Power"],"picked":"StuffTheSpire:Synthwave","floor":2},{"not_picked":["Hello World","Streamline"],"picked":"Self Repair","floor":4},{"not_picked":["Barrage","StuffTheSpire:GlassShard"],"picked":"Steam","floor":5},{"not_picked":["Steam","Darkness"],"picked":"ReplayRNGCard","floor":6}],"player_experience":181845,"relics_obtained":[{"floor":6,"key":"Replay:Bottled Snecko"},{"floor":7,"key":"ReplayTheSpireMod:Ring of Challenge"},{"floor":7,"key":"Ring of Hypnosis"}],"event_choices":[{"damage_healed":0,"gold_gain":0,"player_choice":"Leave","damage_taken":0,"max_hp_gain":0,"max_hp_loss":0,"event_name":"conspire:Investor","floor":3,"gold_loss":0}],"is_beta":false,"boss_relics":[],"items_purged_floors":[0],"is_endless":false,"potions_floor_spawned":[2,5],"killed_by":"Gremlin Nob","ascension_level":0}}