{"host":"8d3fefv2347kqkpz","time":1611067523,"event":{"mods":["100% Spire Juice","AchievementEnabler","Act Like it!","Aspiration","BaseMod","Better Vampires","Colored Map","Colored Powertips","Conspire","Gensokyo","GifTheSpireLib","Highlight Path","Marisa£®ÏF”Í°°ƒß¿Ì…≥£©","Mimic Mod","Minty Spire (QoL Compilation)","Pale of the Ancients","Quick Restart","Rare Cards Sparkle","Reimu£®≤©¿ˆ¡È√Œ£©","Relic Stats","Remilia_Scarlet Moed£®¿Ÿ√◊¿Ú—«°§Àπø®¿◊Ãÿ£©3.3.5","Remilia£®¿Ÿ√◊¿Ú—«£©","Replay The Spire","Spicy Shops","StSLib","The Animator","The Gatherer","The Jungle","The Servant 0.9.4","Waifu the Spire","Youmu£®ªÍ∆«—˝√Œ£©","vexMod"],"gold_per_floor":[119,119,129,129,145,145,180,180,180,200,55,67,97,107,107,211,211,228,213,213,232,232,232,261,261,310,336,356,356,356],"floor_reached":29,"language":"ZHS","playtime":1167,"items_purged":["Strike_R"],"score":275,"play_id":"ee699254-58dd-4754-b649-a448c6a4913a","local_time":"20210119224523","is_ascension_mode":false,"campfire_choices":[{"data":"Armaments","floor":6.0,"key":"SMITH"},{"data":"Inflame","floor":8.0,"key":"SMITH"},{"floor":15.0,"key":"REST"},{"floor":23,"key":"RECALL"},{"floor":25,"key":"REST"}],"circlet_count":0,"master_deck":["Strike_R","Strike_R","Defend_R+1","Defend_R+1","Defend_R+1","Defend_R+1","Bash","Armaments+1","Inflame+1","Infernal Blade+1","ReplayTheSpireMod:Muscle Training+1","ReplayReversal+1","Heavy Blade+1","Barricade+1","Life Link","Limit Break","Body Slam"],"relics":["Burning Blood","Tiny Chest","Replay:Rubber Ducky","Replay:Bottled Eggs","vexMod:ImprovementManual","RuthlessExorcism:ReiMu","Bag of Preparation","FossilizedHelix"],"acts_visited":["Exordium","TheCity"],"potions_floor_usage":[16],"damage_taken":[{"damage":5.0,"enemies":"Small Slimes","floor":1.0,"turns":5.0},{"damage":8.0,"enemies":"Jaw Worm","floor":3.0,"turns":4.0},{"damage":1.0,"enemies":"Cultist","floor":5.0,"turns":3.0},{"damage":25.0,"enemies":"Gremlin Nob","floor":7.0,"turns":4.0},{"damage":0.0,"enemies":"Red Slaver","floor":10.0,"turns":4.0},{"damage":9.0,"enemies":"Large Slime","floor":12.0,"turns":6.0},{"damage":32.0,"enemies":"Lagavulin","floor":13.0,"turns":8.0},{"damage":9.0,"enemies":"Exordium Thugs","floor":14.0,"turns":5.0},{"damage":60,"enemies":"Fading Forest","floor":16,"turns":11},{"damage":1,"enemies":"Chosen","floor":18,"turns":5},{"damage":15,"enemies":"2 Thieves","floor":19,"turns":4},{"damage":16,"enemies":"Snecko","floor":21,"turns":8},{"damage":37,"enemies":"Book of Stabbing","floor":24,"turns":6},{"damage":39,"enemies":"Gremlin Leader","floor":27,"turns":7},{"damage":21,"enemies":"Centurion and Healer","floor":28,"turns":8},{"damage":19,"enemies":"Snake Plant","floor":29,"turns":3}],"seed_played":"-360321529919639708","potions_obtained":[{"floor":1.0,"key":"LifebloodPotion"},{"floor":12.0,"key":"ZuzhouPotion:ReiMu"},{"floor":13.0,"key":"LiquidMemories"},{"floor":19,"key":"SteroidPotion"}],"is_trial":false,"path_per_floor":["M","?","M","?","M","R","E","R","T","M","$","M","E","M","R","B",null,"M","M","?","M","T","R","E","R","T","E","M","M"],"character_chosen":"IRONCLAD","items_purchased":["ReplayTheSpireMod:Muscle Training"],"campfire_rested":2,"item_purchase_floors":[11],"current_hp_per_floor":[88,88,86,86,88,88,69,69,69,75,75,72,46,43,69,39,88,88,79,79,69,69,69,38,64,64,31,16,0,0],"gold":356,"neow_bonus":"TEN_PERCENT_HP_BONUS","is_daily":false,"chose_seed":false,"campfire_upgraded":2,"win_rate":0.0,"timestamp":1611067523,"path_taken":["M","?","M","?","M","R","E","R","T","M","?","M","E","M","R","BOSS","M","M","?","?","?","R","E","R","T","E","?","M"],"items_purchased_type":["Card"],"build_version":"2020-12-22","purchased_purges":1,"victory":false,"max_hp_per_floor":[88,88,88,88,88,88,88,88,88,88,88,88,88,88,88,88,88,88,88,88,88,88,88,88,88,88,88,88,88,88],"relic_stats":{"counters":[16,91],"Tiny Chest":1,"Bag of Preparation":[6],"obtain_stats":[{"Tiny Chest":7,"Bag of Preparation":26,"Replay:Bottled Eggs":13,"Burning Blood":0,"vexMod:ImprovementManual":17,"FossilizedHelix":27,"Replay:Rubber Ducky":9,"RuthlessExorcism:ReiMu":24},{"Tiny Chest":4,"Bag of Preparation":13,"Replay:Bottled Eggs":7,"Burning Blood":0,"vexMod:ImprovementManual":9,"FossilizedHelix":14,"Replay:Rubber Ducky":4,"RuthlessExorcism:ReiMu":13},{"Tiny Chest":16,"Bag of Preparation":73,"Replay:Bottled Eggs":34,"Burning Blood":0,"vexMod:ImprovementManual":50,"FossilizedHelix":80,"Replay:Rubber Ducky":16,"RuthlessExorcism:ReiMu":73}],"Burning Blood":81},"card_choices":[{"not_picked":["Defy Death","Hemokinesis"],"picked":"Armaments","floor":1.0},{"not_picked":["Clash","Pommel Strike","Headbutt"],"picked":"SKIP","floor":3.0},{"not_picked":["Double Tap","Sword Boomerang"],"picked":"Inflame","floor":5.0},{"not_picked":["Anger","Run Through","conspire:Charge"],"picked":"SKIP","floor":7.0},{"not_picked":["Wild Strike","Cleave"],"picked":"Infernal Blade","floor":10.0},{"not_picked":["Twin Strike","Sentinel","Replay:Undeath\u0027s Touch"],"picked":"SKIP","floor":12.0},{"not_picked":["Warcry","ReplayReversal","True Grit"],"picked":"SKIP","floor":13.0},{"not_picked":["Warcry","True Grit"],"picked":"ReplayReversal","floor":13.0},{"not_picked":["Rage","Seeing Red"],"picked":"Heavy Blade","floor":14.0},{"not_picked":["Feed","Exhume"],"picked":"Barricade","floor":16},{"not_picked":["Warcry","ReplayTheSpireMod:Strike From Hell+1","Burning Pact+1"],"picked":"SKIP","floor":18},{"not_picked":["ReplayTheSpireMod:LeadingStrike","Flex","Bloodletting"],"picked":"SKIP","floor":19},{"not_picked":["Perfected Strike","Massacre","Havoc"],"picked":"SKIP","floor":21},{"not_picked":["Twin Strike","Bloodletting"],"picked":"Limit Break","floor":24},{"not_picked":["Warcry","Replay:Undeath\u0027s Touch"],"picked":"Body Slam","floor":27},{"not_picked":["Heavy Blade","Intimidate","Clash"],"picked":"SKIP","floor":28}],"player_experience":150789,"relics_obtained":[{"floor":7.0,"key":"Tiny Chest"},{"floor":9.0,"key":"Replay:Rubber Ducky"},{"floor":13.0,"key":"Replay:Bottled Eggs"},{"floor":24,"key":"RuthlessExorcism:ReiMu"},{"floor":26,"key":"Bag of Preparation"},{"floor":27,"key":"FossilizedHelix"}],"event_choices":[{"damage_healed":0.0,"max_hp_gain":0.0,"max_hp_loss":0.0,"gold_gain":0.0,"event_name":"conspire:LoneGhost","player_choice":"Disagree","floor":2.0,"gold_loss":0.0,"damage_taken":0.0},{"cards_removed":["Strike_R"],"damage_healed":0.0,"max_hp_gain":0.0,"max_hp_loss":0.0,"gold_gain":0.0,"event_name":"Living Wall","player_choice":"Forget","floor":4.0,"gold_loss":0.0,"damage_taken":0.0},{"damage_healed":0,"gold_gain":0,"cards_transformed":["Strike_R"],"player_choice":"Transformed","damage_taken":0,"max_hp_gain":0,"max_hp_loss":0,"event_name":"Transmorgrifier","floor":20,"gold_loss":0,"cards_obtained":["Life Link"]}],"is_beta":false,"boss_relics":[{"not_picked":["Painkiller Herb","Snecko Heart"],"picked":"vexMod:ImprovementManual"}],"items_purged_floors":[11],"is_endless":false,"potions_floor_spawned":[1,12,13,14,19,24,27],"killed_by":"Snake Plant","ascension_level":0}}