{"host":"bpkhhmvsfrvlto2l","time":1611069902,"event":{"mods":["2.2 Compatiblity","AchievementEnabler","Act Like it!","AlwaysNeverKeys","Aspiration","BaseMod","Better Silent Start","Challenge The Spire","Colored Map","Colored Powertips","Custom Start","Energized Spire","Friendly Minions","GifTheSpireLib","Halation","Hubris","Infinite Spire","Ironclad Rager","Mimic Mod","Minty Spire (QoL Compilation)","Permanent Neow","Quick Restart","Random Character Button","Relic Sorter","Replay The Spire","Spikes Relics","StSLib","Stuff the Spire","Swap Starting Deck Mod","Trackpad"],"gold_per_floor":[111,37,48,65,65,65,77,77,77,91,125,135,135,168,168,266,266,278,292,292,304,324,350,350,369,369,396,396,410,410,410,410],"floor_reached":31,"language":"ENG","playtime":575,"items_purged":[],"score":392,"play_id":"9a382fed-83e6-4e80-a5d1-a76400713857","local_time":"20210119102502","is_ascension_mode":true,"campfire_choices":[{"data":"Finisher","floor":6,"key":"SMITH"},{"data":"Infinite Blades","floor":8,"key":"SMITH"},{"floor":13,"key":"REST"},{"data":"Adrenaline","floor":15,"key":"SMITH"},{"data":"Finisher","floor":24,"key":"SMITH"}],"circlet_count":0,"master_deck":["Slice","Slice","Slice","Slice","Finisher+1","Cloak And Dagger","Cloak And Dagger","Cloak And Dagger","Blade Dance","Infinite Blades+1","Bullet Time+1","Adrenaline+1","A Thousand Cuts","Finisher+1","Finisher+1","Decay"],"relics":["Ring of the Snake","trackpad:WindUpAutoDealer","Pocketwatch","trackpad:IceCube","StuffTheSpire:HistoryBook","WristBlade","Potion Belt","aspiration:HatOfInfinitePower","Red Mask","hubris:Towel"],"acts_visited":["Exordium","TheCity"],"potions_floor_usage":[16,29,31],"damage_taken":[{"damage":0,"enemies":"Small Slimes","floor":1,"turns":1},{"damage":0,"enemies":"Jaw Worm","floor":3,"turns":2},{"damage":0,"enemies":"2 Louse","floor":4,"turns":2},{"damage":2,"enemies":"Exordium Wildlife","floor":7,"turns":3},{"damage":0,"enemies":"Looter","floor":10,"turns":2},{"damage":8,"enemies":"Lagavulin","floor":11,"turns":3},{"damage":0,"enemies":"Blue Slaver","floor":12,"turns":2},{"damage":0,"enemies":"Gremlin Nob","floor":14,"turns":2},{"damage":7,"enemies":"Hexaghost","floor":16,"turns":6},{"damage":3,"enemies":"2 Thieves","floor":18,"turns":3},{"damage":12,"enemies":"Chosen","floor":19,"turns":3},{"damage":0,"enemies":"Centurion and Healer","floor":21,"turns":2},{"damage":0,"enemies":"Cultist and Chosen","floor":22,"turns":2},{"damage":0,"enemies":"Book of Stabbing","floor":23,"turns":2},{"damage":0,"enemies":"Snecko","floor":25,"turns":2},{"damage":0,"enemies":"Masked Bandits","floor":27,"turns":1},{"damage":11,"enemies":"Shelled Parasite and Fungi","floor":29,"turns":2},{"damage":44,"enemies":"Slavers","floor":31,"turns":3}],"seed_played":"-7984922869256133241","potions_obtained":[{"floor":7,"key":"Energy Potion"},{"floor":11,"key":"PowerPotion"},{"floor":12,"key":"SneckoOil"},{"floor":16,"key":"LiquidBronze"},{"floor":23,"key":"Fire Potion"},{"floor":25,"key":"Adrenaline Potion"}],"is_trial":false,"path_per_floor":["M","$","M","M","?","R","M","R","T","M","E","M","R","E","R","B",null,"M","M","AVR","M","M","E","R","M","T","?","?","M","?","E"],"character_chosen":"THE_SILENT","items_purchased":["Infinite Blades"],"campfire_rested":1,"item_purchase_floors":[2],"current_hp_per_floor":[35,35,35,35,35,35,33,33,33,33,25,25,46,46,46,39,70,67,55,55,55,55,55,55,55,55,55,55,44,44,0,0],"gold":410,"neow_bonus":"","is_daily":false,"chose_seed":false,"campfire_upgraded":4,"win_rate":0.0,"timestamp":1611069902,"path_taken":["M","$","M","M","?","R","M","R","T","M","E","M","R","E","R","BOSS","M","M","AVR","M","M","E","R","M","T","?","?","?","?","E"],"items_purchased_type":["Card"],"build_version":"2020-12-22","purchased_purges":0,"victory":false,"max_hp_per_floor":[70,70,70,70,70,70,70,70,70,70,70,70,70,70,70,70,70,70,70,70,70,70,70,70,70,70,70,70,70,70,70,70],"card_choices":[{"not_picked":["Sucker Punch","Infinite Blades"],"picked":"Adrenaline","floor":10},{"not_picked":["After Image","Malaise"],"picked":"A Thousand Cuts","floor":16},{"not_picked":["Deflect","Heel Hook"],"picked":"Finisher","floor":19},{"not_picked":["StuffTheSpire:Incantation","Slice"],"picked":"Finisher+1","floor":25}],"player_experience":86408,"relics_obtained":[{"floor":9,"key":"Pocketwatch"},{"floor":11,"key":"trackpad:IceCube"},{"floor":14,"key":"trackpad:WindUpAutoDealer"},{"floor":23,"key":"Potion Belt"},{"floor":26,"key":"aspiration:HatOfInfinitePower"},{"floor":27,"key":"Red Mask"}],"event_choices":[{"damage_healed":0,"gold_gain":0,"player_choice":"Fought Bandits","damage_taken":0,"max_hp_gain":0,"max_hp_loss":0,"event_name":"Masked Bandits","floor":27,"gold_loss":0},{"damage_healed":0,"gold_gain":0,"player_choice":"Smashed Altar","damage_taken":0,"max_hp_gain":0,"max_hp_loss":0,"event_name":"Forgotten Altar","floor":28,"gold_loss":0,"cards_obtained":["Decay"]}],"is_beta":false,"boss_relics":[{"not_picked":["Painkiller Herb","energizedSpire:HighHeels","Snecko Eye"]}],"items_purged_floors":[],"is_endless":false,"potions_floor_spawned":[7,11,12,14,16,18,23,25],"killed_by":"Slavers","ascension_level":3}}