{"host":"6a92uynocv4elkyp","time":1611080009,"event":{"mods":["AchievementEnabler","BaseMod","Infinite Spire","Minty Spire (QoL Compilation)","Quick Restart","StSLib"],"gold_per_floor":[156,186,225,267,303,399,498,576,576,651,134,134,134],"floor_reached":12,"language":"ENG","playtime":698,"items_purged":[],"score":270,"play_id":"70039c20-8607-4f22-ac23-b6745ae80f3d","local_time":"20210119191329","daily_mods":["SealedDeck","Red Cards","Green Cards","Blue Cards","Purple Cards","Colorless Cards","Heirloom","Flight","DeadlyEvents","Elite Swarm","Midas"],"is_ascension_mode":true,"campfire_choices":[],"circlet_count":0,"master_deck":["AscendersBane","Dagger Throw","FlyingSleeves","Bane","Deep Breath","Nirvana","Bouncing Flask","JustLucky","Rage","Self Repair","Scrape","Bandage Up","Ball Lightning","Underhanded Strike","Deadly Poison","Adrenaline","A Thousand Cuts","Berserk","Metamorphosis","Reaper","Capacitor+1"],"relics":["Cracked Core","Torii","Boot","infinitespire:Joker Card","infinitespire:FocusingShard","Darkstone Periapt","Orichalcum","Medical Kit","Frozen Egg 2"],"acts_visited":["Exordium"],"potions_floor_usage":[10,10],"damage_taken":[{"damage":8,"enemies":"2 Louse","floor":1,"turns":2},{"damage":7,"enemies":"Small Slimes","floor":2,"turns":2},{"damage":0,"enemies":"Jaw Worm","floor":3,"turns":2},{"damage":8,"enemies":"2 Fungi Beasts","floor":4,"turns":3},{"damage":13,"enemies":"Blue Slaver","floor":5,"turns":2},{"damage":20,"enemies":"3 Sentries","floor":6,"turns":5},{"damage":14,"enemies":"Gremlin Nob","floor":7,"turns":3},{"damage":33,"enemies":"3 Sentries","floor":8,"turns":5},{"damage":0,"enemies":"Gremlin Nob","floor":10,"turns":2},{"damage":41,"enemies":"Lagavulin","floor":12,"turns":3}],"seed_played":"-6141219088984966689","potions_obtained":[{"floor":2,"key":"ColorlessPotion"},{"floor":4,"key":"DuplicationPotion"},{"floor":10,"key":"Explosive Potion"}],"is_trial":true,"path_per_floor":["M","M","M","M","M","E","E","E","T","E","$","E"],"character_chosen":"DEFECT","items_purchased":["Medical Kit","Frozen Egg 2","Capacitor+1"],"campfire_rested":0,"item_purchase_floors":[11,11,11],"current_hp_per_floor":[63,67,71,71,58,49,46,24,24,28,28,0,0],"gold":134,"neow_bonus":"","is_daily":false,"chose_seed":false,"campfire_upgraded":0,"win_rate":0.0,"timestamp":1611080009,"path_taken":["M","M","M","M","M","E","E","E","T","E","$","E"],"items_purchased_type":["Relic","Relic","Card"],"build_version":"2020-12-22","purchased_purges":0,"victory":false,"max_hp_per_floor":[71,71,71,71,71,71,71,71,71,71,71,71,71],"card_choices":[{"not_picked":["Stack","Prostrate"],"picked":"Bandage Up","floor":1},{"not_picked":["Turbo","Outmaneuver"],"picked":"Ball Lightning","floor":2},{"not_picked":["WreathOfFlame","Pommel Strike"],"picked":"Underhanded Strike","floor":3},{"not_picked":["Dual Wield","Blade Dance"],"picked":"Deadly Poison","floor":4},{"not_picked":["Catalyst","Storm"],"picked":"Adrenaline","floor":5},{"not_picked":["Bludgeon","Unload"],"picked":"A Thousand Cuts","floor":6},{"not_picked":["Die Die Die","Phantasmal Killer"],"picked":"Berserk","floor":7},{"not_picked":["Hyperbeam","Reaper"],"picked":"Metamorphosis","floor":8},{"not_picked":["Night Terror","Bullet Time"],"picked":"Reaper","floor":10}],"player_experience":116456,"relics_obtained":[{"floor":6,"key":"Boot"},{"floor":7,"key":"infinitespire:Joker Card"},{"floor":8,"key":"infinitespire:FocusingShard"},{"floor":9,"key":"Darkstone Periapt"},{"floor":10,"key":"Orichalcum"}],"event_choices":[],"is_beta":false,"boss_relics":[],"items_purged_floors":[],"is_endless":false,"potions_floor_spawned":[2,4,7,10],"killed_by":"Lagavulin","ascension_level":20}}