{"host":"b1dzdo8uo7e6jx8g","time":1611089863,"event":{"mods":["AchievementEnabler","BaseMod","BetterRewards","Colored Map","Highlight Path","Minty Spire (QoL Compilation)","StSLib"],"gold_per_floor":[365,22,67,67,109,184,184,44,114,114,66,133,133,181,181,318,318,371,410,694,711,736,736],"floor_reached":22,"language":"ENG","playtime":596,"items_purged":[],"score":209,"play_id":"0c9ff99e-0fe3-4b03-8615-0054316c5537","local_time":"20210119215743","is_ascension_mode":false,"campfire_choices":[{"data":"Armaments","floor":7,"key":"SMITH"},{"floor":10,"key":"REST"},{"data":"HandOfGreed","floor":13,"key":"SMITH"},{"data":"HandOfGreed","floor":15,"key":"SMITH"}],"circlet_count":0,"master_deck":["Strike_R","Strike_R","Strike_R","Strike_R","Strike_R","Defend_R","Defend_R","Defend_R","Defend_R","Bash","Flex","HandOfGreed+1","Armaments+1","Inflame","HandOfGreed+1","Pummel","Cleave","Demon Form","Clash","Regret"],"relics":["Burning Blood","Lantern","CeramicFish","DollysMirror","Meat on the Bone","Mercury Hourglass"],"acts_visited":["Exordium","TheCity"],"potions_floor_usage":[16,18,21,22,22,22],"damage_taken":[{"damage":5,"enemies":"Small Slimes","floor":1,"turns":3},{"damage":1,"enemies":"Cultist","floor":3,"turns":4},{"damage":0,"enemies":"2 Louse","floor":5,"turns":2},{"damage":26,"enemies":"Lagavulin","floor":12,"turns":5},{"damage":2,"enemies":"Large Slime","floor":14,"turns":5},{"damage":53,"enemies":"The Guardian","floor":16,"turns":9},{"damage":30,"enemies":"2 Thieves","floor":18,"turns":3},{"damage":25,"enemies":"Shell Parasite","floor":19,"turns":4},{"damage":38,"enemies":"Sentry and Sphere","floor":21,"turns":4},{"damage":36,"enemies":"Shelled Parasite and Fungi","floor":22,"turns":4}],"seed_played":"3649962489290031190","potions_obtained":[{"floor":5,"key":"EssenceOfSteel"},{"floor":12,"key":"ElixirPotion"},{"floor":16,"key":"Strength Potion"},{"floor":18,"key":"Ancient Potion"},{"floor":21,"key":"SpeedPotion"}],"is_trial":false,"path_per_floor":["M","$","M","?","M","?","R","$","T","R","$","E","R","M","R","B",null,"M","M","?","M","M"],"character_chosen":"IRONCLAD","items_purchased":["HandOfGreed","Lantern","Armaments","DollysMirror","Fire Potion"],"campfire_rested":1,"item_purchase_floors":[2,2,2,8,11],"current_hp_per_floor":[57,57,62,62,68,57,57,57,57,80,80,60,60,64,64,29,80,56,49,49,29,0,0],"gold":736,"neow_bonus":"TWO_FIFTY_GOLD","is_daily":false,"chose_seed":false,"campfire_upgraded":3,"win_rate":0.0,"timestamp":1611089863,"path_taken":["M","$","M","?","?","?","R","$","T","R","$","E","R","M","R","BOSS","M","M","?","M","M"],"items_purchased_type":["Card","Relic","Card","Relic","Potion"],"build_version":"2020-12-22","purchased_purges":0,"victory":false,"max_hp_per_floor":[80,80,80,80,80,80,80,80,80,80,80,80,80,80,80,80,80,80,80,80,80,80,80],"card_choices":[{"not_picked":["Shrug It Off","Wild Strike"],"picked":"Flex","floor":1},{"not_picked":["Ghostly Armor","Cleave"],"picked":"Armaments","floor":3},{"not_picked":["Body Slam","Anger"],"picked":"Inflame","floor":5},{"not_picked":["Impervious","Body Slam"],"picked":"Pummel","floor":12},{"not_picked":["Shrug It Off","True Grit"],"picked":"Cleave","floor":14},{"not_picked":["Impervious","Reaper"],"picked":"Demon Form","floor":16},{"not_picked":["Wild Strike","Rupture+1"],"picked":"Clash","floor":18},{"not_picked":["Rampage","Ghostly Armor","Whirlwind"],"picked":"SKIP","floor":19},{"not_picked":["Dual Wield","Feel No Pain","Blood for Blood+1"],"picked":"SKIP","floor":21}],"player_experience":215287,"relics_obtained":[{"floor":9,"key":"Meat on the Bone"},{"floor":12,"key":"Mercury Hourglass"}],"event_choices":[{"cards_removed":["Armaments"],"damage_healed":0,"gold_gain":0,"player_choice":"Gave Card","damage_taken":0,"relics_obtained":["CeramicFish"],"max_hp_gain":0,"max_hp_loss":0,"event_name":"WeMeetAgain","floor":4,"gold_loss":0},{"damage_healed":0,"gold_gain":75,"player_choice":"Gather Gold","damage_taken":11,"max_hp_gain":0,"max_hp_loss":0,"event_name":"World of Goop","floor":6,"gold_loss":0},{"damage_healed":0,"gold_gain":275,"player_choice":"Desecrate","damage_taken":0,"max_hp_gain":0,"max_hp_loss":0,"event_name":"Golden Shrine","floor":20,"gold_loss":0,"cards_obtained":["Regret"]}],"is_beta":false,"boss_relics":[{"not_picked":["Busted Crown","Snecko Eye","Coffee Dripper"]}],"items_purged_floors":[],"is_endless":false,"potions_floor_spawned":[5,12,14,16,18,21],"killed_by":"Shelled Parasite and Fungi","ascension_level":0}}