{"host":"od5czx9kemjopzpf","time":1611062067,"event":{"mods":["Aspiration","BaseMod","Defuse TimeMaze Blight","Downfall","Minty Spire (QoL Compilation)","Spicy Shops","StSLib"],"gold_per_floor":[99,116,129,39,52,64,64,84,101,136,136,136,36,51,70,70,70,70],"floor_reached":16,"language":"ZHS","playtime":905,"items_purged":["champ:Strike"],"score":106,"play_id":"a73d7ec6-654e-4f68-83be-50a63107f615","local_time":"20210119211427","is_ascension_mode":false,"campfire_choices":[{"floor":1,"key":"RECALL"},{"data":"champ:FanOfKnives","floor":13,"key":"SMITH"}],"circlet_count":0,"master_deck":["champ:Strike","champ:Strike","champ:Defend","champ:Defend","champ:Defend","champ:Defend","champ:Execute","champ:Taunt","champ:FanOfKnives+1","champ:AdrenalArmor","champ:HeartStrike","champ:Endure","champ:GladiatorStyle","champ:HeartStrike","champ:RisingSlash","champ:UltimateStance","champ:Haymaker","champ:StanceDance"],"relics":["champ:ChampionCrown","Bag of Preparation","downfall:HeartBlessingRed"],"acts_visited":["Exordium"],"potions_floor_usage":[4,10,16,16],"damage_taken":[{"damage":20,"enemies":"Small Slimes","floor":2,"turns":4},{"damage":12,"enemies":"2 Louse","floor":3,"turns":2},{"damage":45,"enemies":"downfall:FleeingMerchant","floor":4,"turns":4},{"damage":20,"enemies":"Jaw Worm","floor":5,"turns":5},{"damage":18,"enemies":"Lots of Slimes","floor":6,"turns":3},{"damage":12,"enemies":"Blue Slaver","floor":8,"turns":5},{"damage":25,"enemies":"2 Fungi Beasts","floor":9,"turns":5},{"damage":61,"enemies":"3 Sentries","floor":10,"turns":7},{"damage":18,"enemies":"Red Slaver","floor":14,"turns":4},{"damage":11,"enemies":"Lots of Slimes","floor":15,"turns":3},{"damage":75,"enemies":"DF_ARCHETYPE_STREAMLINE","floor":16,"turns":6}],"seed_played":"6641160093991851025","potions_obtained":[{"floor":2,"key":"champ:TechniquePotion"},{"floor":5,"key":"Swift Potion"},{"floor":6,"key":"champ:OpenerPotion"},{"floor":15,"key":"champ:CounterPotion"}],"is_trial":false,"path_per_floor":["R","M","M","$","M","M","T","M","M","E","?","?","R","M","M","B"],"character_chosen":"THE_CHAMP","items_purchased":[],"campfire_rested":0,"item_purchase_floors":[],"current_hp_per_floor":[99,89,87,87,87,79,79,77,77,51,51,51,51,48,37,0,0,0],"gold":70,"neow_bonus":"TEN_PERCENT_HP_BONUS","is_daily":false,"chose_seed":false,"campfire_upgraded":1,"win_rate":0.0,"timestamp":1611062067,"path_taken":["R","M","M","$","M","M","T","M","M","E","?","?","R","?","M","BOSS"],"items_purchased_type":[],"build_version":"2020-12-22","purchased_purges":1,"victory":false,"max_hp_per_floor":[99,99,99,99,99,99,99,99,99,99,99,99,99,99,99,99,99,99],"card_choices":[{"not_picked":["champ:PreciseThrust","champ:CrownThrow"],"picked":"champ:FanOfKnives","floor":2},{"not_picked":["champ:DefensiveShout","champ:Circumvent"],"picked":"champ:AdrenalArmor","floor":3},{"not_picked":["champ:CrownThrow","champ:PerfectedStrike"],"picked":"champ:HeartStrike","floor":4},{"not_picked":["champ:Lariat","champ:BladeFlurry"],"picked":"champ:Endure","floor":5},{"not_picked":["champ:ArenaPreparation","champ:Circumvent"],"picked":"champ:GladiatorStyle","floor":6},{"not_picked":["champ:FalseCounter","champ:RapidStrikes"],"picked":"champ:HeartStrike","floor":8},{"not_picked":["champ:Duel","champ:CrookedStrike"],"picked":"champ:RisingSlash","floor":9},{"not_picked":["champ:Parry","champ:ShieldSlam"],"picked":"champ:UltimateStance","floor":10},{"not_picked":["champ:Circumvent","champ:CrownThrow"],"picked":"champ:Haymaker","floor":14},{"not_picked":["champ:ArenaPreparation","champ:Shatter"],"picked":"champ:StanceDance","floor":15}],"player_experience":47301,"relics_obtained":[{"floor":10,"key":"Bag of Preparation"}],"event_choices":[{"cards_removed":["champ:Strike"],"damage_healed":0,"gold_gain":0,"player_choice":"Card Removal","damage_taken":0,"max_hp_gain":0,"max_hp_loss":0,"event_name":"The Cleric","floor":11,"gold_loss":0}],"is_beta":false,"boss_relics":[],"items_purged_floors":[4],"is_endless":false,"potions_floor_spawned":[2,5,6,15],"killed_by":"DF_ARCHETYPE_STREAMLINE","ascension_level":0}}