{"host":"o5jvvi5yapo90aia","time":1611062481,"event":{"mods":["BaseMod","CapriCore","Minty Spire (QoL Compilation)","MostiFishMod","Prisma Mod","Spicy Shops","StSLib","TestMod","The Immortal","Yakumo Yukari mod","【人物mod】游戏王New YuGiOh mod","【功能Mod】Neow奖励"],"gold_per_floor":[110,120,134,149,163,194,194,224,224,224,235,160,180,214,214,292,292,310,310,327,337,348,378,378,409,460,460,475,475,511,511,511,585,585,607,607,624,646,662,693,693,725,725,725,387,422,441,460,460,465,470,470,470,129,160,165],"floor_reached":57,"language":"ZHS","playtime":9521,"items_purged":["Strike_B"],"score":3852,"play_id":"89a6255c-0ae9-4068-83f7-3ad41b5d550c","local_time":"20210119212121","is_ascension_mode":true,"campfire_choices":[{"data":"Strike_B","floor":7.0,"key":"PURGE"},{"data":"Strike_B","floor":15.0,"key":"PURGE"},{"data":"Defend_B","floor":24.0,"key":"PURGE"},{"data":"Defend_B","floor":27.0,"key":"PURGE"},{"data":"Defend_B","floor":29.0,"key":"PURGE"},{"floor":32.0,"key":"RECALL"},{"data":"Coolheaded","floor":41.0,"key":"SMITH"},{"data":"Fission","floor":44.0,"key":"SMITH"},{"data":"Recycle","floor":49.0,"key":"SMITH"},{"data":"MostiFishMod:Kaleido","floor":53,"key":"SMITH"}],"circlet_count":0,"master_deck":["AscendersBane","Defend_B+1","Zap","Dualcast","Coolheaded+1","Skim+1","White Noise","MostiFishMod:DawningShadow","MostiFishMod:ReadyAimFire","CurseOfTheBell","Recycle+1","MostiFishMod:DeathFromBelow","Cold Snap","Fission+1","MostiFishMod:Kaleido+1","MostiFishMod:Distribution","Turbo+1"],"relics":["DaveBox","testmod-TestBox","RhineSuit","ThornShield","testmod-IntensifyImprint","SynthV:TestCard","Ancient Tea Set","Singing Bowl","testmod-ArcanaOfDestiny","InkBottle","Calling Bell","Bag of Preparation","testmod-Justice","testmod-Brilliant","Vajra","Girya","Eternal Feather","Meat on the Bone","testmod-Prudence","Boot","Blood Vial","testmod-TurbochargingSystem","Gremlin Horn","Omamori","Calipers","SynthV:C4"],"acts_visited":["Exordium","TheCity","TheBeyond","TheEnding"],"potions_floor_usage":[56],"damage_taken":[{"damage":0.0,"enemies":"Cultist","floor":1.0,"turns":2.0},{"damage":0.0,"enemies":"2 Louse","floor":2.0,"turns":2.0},{"damage":0.0,"enemies":"Jaw Worm","floor":3.0,"turns":4.0},{"damage":1.0,"enemies":"3 Louse","floor":4.0,"turns":2.0},{"damage":0.0,"enemies":"Exordium Wildlife","floor":5.0,"turns":3.0},{"damage":12.0,"enemies":"3 Sentries","floor":6.0,"turns":6.0},{"damage":0.0,"enemies":"Lagavulin","floor":8.0,"turns":7.0},{"damage":2.0,"enemies":"Red Slaver","floor":11.0,"turns":4.0},{"damage":0.0,"enemies":"Gremlin Gang","floor":13.0,"turns":6.0},{"damage":30.0,"enemies":"Gremlin Nob","floor":14.0,"turns":4.0},{"damage":0.0,"enemies":"The Guardian","floor":16.0,"turns":3.0},{"damage":0.0,"enemies":"Shell Parasite","floor":18.0,"turns":1.0},{"damage":0.0,"enemies":"3 Byrds","floor":20.0,"turns":1.0},{"damage":0.0,"enemies":"Snake Plant","floor":21.0,"turns":2.0},{"damage":0.0,"enemies":"Centurion and Healer","floor":22.0,"turns":1.0},{"damage":0.0,"enemies":"Book of Stabbing","floor":23.0,"turns":2.0},{"damage":0.0,"enemies":"Slavers","floor":25.0,"turns":1.0},{"damage":0.0,"enemies":"Snecko","floor":28.0,"turns":1.0},{"damage":0.0,"enemies":"Gremlin Leader","floor":30.0,"turns":1.0},{"damage":0.0,"enemies":"Automaton","floor":33.0,"turns":1.0},{"damage":0.0,"enemies":"3 Darklings","floor":35.0,"turns":1.0},{"damage":0.0,"enemies":"Orb Walker","floor":37.0,"turns":2.0},{"damage":0.0,"enemies":"4 Shapes","floor":38.0,"turns":1.0},{"damage":0.0,"enemies":"Maw","floor":39.0,"turns":2.0},{"damage":0.0,"enemies":"Nemesis","floor":40.0,"turns":1.0},{"damage":0.0,"enemies":"Giant Head","floor":42.0,"turns":1.0},{"damage":4.0,"enemies":"Nemesis","floor":46.0,"turns":2.0},{"damage":0.0,"enemies":"3 Darklings","floor":47.0,"turns":1.0},{"damage":0.0,"enemies":"Writhing Mass","floor":48.0,"turns":1.0},{"damage":0.0,"enemies":"Time Eater","floor":50.0,"turns":2.0},{"damage":0.0,"enemies":"Donu and Deca","floor":51.0,"turns":4.0},{"damage":0,"enemies":"Shield and Spear","floor":55,"turns":1},{"damage":3,"enemies":"The Heart","floor":56,"turns":2}],"seed_played":"2652645791929346628","potions_obtained":[{"floor":4.0,"key":"Fruit Juice"},{"floor":5.0,"key":"Energy Potion"},{"floor":8.0,"key":"SkillPotion"},{"floor":25.0,"key":"LiquidMemories"}],"is_trial":false,"path_per_floor":["M","M","M","M","M","E","R","E","T","?","M","$","M","E","R","B",null,"M","?","M","M","M","E","R","E","T","R","M","R","E","T","R","B",null,"M","?","M","M","M","E","R","E","T","R","$","E","M","M","R","B","B",null,"R","$","E","B",null],"character_chosen":"DEFECT","items_purchased":["Gremlin Horn","MostiFishMod:Kaleido","Calipers"],"campfire_rested":0,"item_purchase_floors":[45,45,54],"current_hp_per_floor":[65,66,67,67,68,57,57,65,65,42,43,43,46,17,17,21,68,72,72,74,78,82,86,86,88,88,88,92,92,96,96,98,98,98,100,100,102,104,106,108,108,108,108,108,108,106,112,112,112,112,112,112,112,112,112,109],"gold":165,"neow_bonus":"BOSS_RELIC","is_daily":false,"chose_seed":false,"campfire_upgraded":4,"win_rate":0.0,"timestamp":1611062481,"path_taken":["M","M","M","M","?","E","R","E","T","?","M","?","M","E","R","BOSS","M","?","M","M","M","E","R","E","T","R","M","R","E","?","R","BOSS","M","?","?","M","M","E","R","E","T","R","$","E","?","M","R","BOSS","BOSS","R","$","E","BOSS"],"items_purchased_type":["Relic","Card","Relic"],"build_version":"2020-12-22","purchased_purges":1,"victory":true,"max_hp_per_floor":[71,71,71,71,71,71,71,78,78,78,80,80,82,82,82,84,84,86,86,86,88,90,92,92,94,94,94,96,96,98,98,98,98,98,100,100,102,104,106,108,108,108,108,108,108,110,112,112,112,112,112,112,112,112,112,112],"card_choices":[{"not_picked":["Gash","Hologram","Turbo"],"picked":"SKIP","floor":1.0},{"not_picked":["Gash","Reprogram","Barrage","Redo"],"picked":"Coolheaded","floor":2.0},{"not_picked":["Go for the Eyes","Ball Lightning","Scrape","Stack","Compile Driver"],"picked":"SKIP","floor":3.0},{"not_picked":["Hologram","MostiFishMod:LinkProtocol","Streamline","Capacitor"],"picked":"Skim","floor":4.0},{"not_picked":["Skim","MostiFishMod:LinkProtocol","Sweeping Beam","Hologram"],"picked":"White Noise","floor":5.0},{"not_picked":["Scrape","Stack","Leap","MostiFishMod:PushDownKick"],"picked":"MostiFishMod:DawningShadow","floor":6.0},{"not_picked":["MostiFishMod:FluxCapactior","Rip and Tear","Barrage","Redo","Reprogram"],"picked":"Singing Bowl","floor":8.0},{"not_picked":["FTL","Go for the Eyes","Leap","Gash","Rebound"],"picked":"Singing Bowl","floor":11.0},{"not_picked":["Hologram","Ball Lightning","Coolheaded","Genetic Algorithm","Sweeping Beam"],"picked":"Singing Bowl","floor":13.0},{"not_picked":["Blizzard","Sunder","MostiFishMod:Exploitation","White Noise"],"picked":"MostiFishMod:ReadyAimFire","floor":14.0},{"not_picked":["MostiFishMod:StrandedSiren","MostiFishMod:TalkingToTheRain","Buffer","Core Surge","MostiFishMod:IceShield"],"picked":"Singing Bowl","floor":16.0},{"not_picked":["MostiFishMod:PushDownKick","Leap","Go for the Eyes","MostiFishMod:IceShield","Streamline"],"picked":"Singing Bowl","floor":18.0},{"not_picked":["Gash","Doom and Gloom","Compile Driver","Rebound"],"picked":"Recycle","floor":20.0},{"not_picked":["Gash","Reprogram","Ball Lightning","Hello World","Lockon"],"picked":"Singing Bowl","floor":21.0},{"not_picked":["Force Field","Barrage","Streamline+1","Leap","Redo"],"picked":"Singing Bowl","floor":22.0},{"not_picked":["Conserve Battery","Amplify","Leap+1","Cold Snap+1","Steam"],"picked":"Singing Bowl","floor":23.0},{"not_picked":["Core Surge","Force Field","Redo","Consume+1","Coolheaded"],"picked":"Singing Bowl","floor":25.0},{"not_picked":["Leap","Beam Cell","Ball Lightning+1","Turbo+1","Steam"],"picked":"Singing Bowl","floor":28.0},{"not_picked":["Leap","Consume","Rebound","Darkness","Redo"],"picked":"Singing Bowl","floor":30.0},{"not_picked":["Thunder Strike","MostiFishMod:SeaWaves","Echo Form","MostiFishMod:Hijack"],"picked":"MostiFishMod:DeathFromBelow","floor":33.0},{"not_picked":["Gash","Leap","Cold Snap+1","Turbo","Doom and Gloom+1"],"picked":"Singing Bowl","floor":35.0},{"not_picked":["Reprogram","MostiFishMod:PushDownKick","Stack","MostiFishMod:GatherIntelligence","Skim+1"],"picked":"Singing Bowl","floor":37.0},{"not_picked":["MostiFishMod:GatherIntelligence","Static Discharge","Go for the Eyes","Undo","BootSequence"],"picked":"Singing Bowl","floor":38.0},{"not_picked":["MostiFishMod:Impulse","Turbo","Stack","MostiFishMod:LinkProtocol","Hologram"],"picked":"Singing Bowl","floor":39.0},{"not_picked":["Aggregate","Self Repair","Gash","Rip and Tear","Auto Shields"],"picked":"Singing Bowl","floor":40.0},{"not_picked":["Redo","Aggregate","Hologram","MostiFishMod:PushDownKick"],"picked":"Fission","floor":42.0},{"not_picked":["Redo+1","MostiFishMod:PushDownKick","Rebound","Doom and Gloom","Darkness"],"picked":"Singing Bowl","floor":46.0},{"not_picked":["Aggregate+1","MostiFishMod:LinkProtocol","Defragment","Leap","MostiFishMod:PushDownKick"],"picked":"Singing Bowl","floor":47.0},{"not_picked":["Tempest+1","Fusion","Blizzard","Conserve Battery+1"],"picked":"MostiFishMod:Distribution","floor":48.0},{"not_picked":["Melter","Conserve Battery","Steam Power","MostiFishMod:Prepare"],"picked":"Turbo+1","floor":55}],"player_experience":1470434,"relics_obtained":[{"floor":1.0,"key":"SynthV:TestCard"},{"floor":6.0,"key":"Ancient Tea Set"},{"floor":8.0,"key":"Singing Bowl"},{"floor":9.0,"key":"testmod-ArcanaOfDestiny"},{"floor":14.0,"key":"InkBottle"},{"floor":17.0,"key":"Bag of Preparation"},{"floor":17.0,"key":"testmod-Justice"},{"floor":17.0,"key":"testmod-Brilliant"},{"floor":23.0,"key":"Vajra"},{"floor":25.0,"key":"Girya"},{"floor":30.0,"key":"Eternal Feather"},{"floor":31.0,"key":"Meat on the Bone"},{"floor":40.0,"key":"Boot"},{"floor":42.0,"key":"Blood Vial"},{"floor":43.0,"key":"testmod-TurbochargingSystem"},{"floor":46.0,"key":"Omamori"},{"floor":55,"key":"SynthV:C4"}],"event_choices":[{"damage_healed":0.0,"max_hp_gain":0.0,"max_hp_loss":0.0,"gold_gain":0.0,"event_name":"Shining Light","player_choice":"Entered Light","floor":10.0,"gold_loss":0.0,"damage_taken":23.0,"cards_upgraded":["Defend_B","Skim"]},{"damage_healed":0.0,"max_hp_gain":0.0,"max_hp_loss":0.0,"gold_gain":0.0,"event_name":"Ghosts","player_choice":"Ignored","floor":19.0,"gold_loss":0.0,"damage_taken":0.0},{"damage_healed":0.0,"max_hp_gain":0.0,"max_hp_loss":0.0,"gold_gain":0.0,"cards_transformed":["Strike_B"],"event_name":"Transmorgrifier","player_choice":"Transformed","floor":36.0,"gold_loss":0.0,"damage_taken":0.0,"cards_obtained":["Cold Snap"]}],"is_beta":false,"boss_relics":[{"not_picked":["SlaversCollar","testmod-Fanaticism"],"picked":"Calling Bell"},{"not_picked":["testmod-Recursion","RhineFirstAidKit"],"picked":"testmod-Prudence"}],"items_purged_floors":[12],"is_endless":false,"potions_floor_spawned":[4,5,8,11,22,25,28,30,40,42,46,47,55],"ascension_level":20}}