{"host":"appz8zkad29u9482","time":1611088211,"event":{"mods":["2.2 Compatiblity","Act Like it!","Aspiration","BaseMod","Beaked The Cultist","Better Altar","Better Match","Better Note","Better Sensory Stone","Better Skull","Better Third Choice","BetterRewards","CapriCore","Chen","Conspire","Disable Question Mark Monsters","Energized Spire","Gensokyo","GifTheSpireLib","Gold Saver","Halation","Hermit","Hubris","Infinite Spire","Jedi Mod","Lobotomy","LobotomyExtend","Marisa????????","Minty Spire (QoL Compilation)","Permanent Neow","Reimu??????","Replay The Spire","Spicy Shops","StSLib","Strawberry Spire","Stuff the Spire","The Administrix","The Bug Knight","The Construct","The Cursed","The Hierophant","The Immortal","The Servant 0.9.4","yUi"],"gold_per_floor":[439,439,457,457,470,494,494,494,571,571,593,627,549,574,574,677,677,683,683],"floor_reached":18,"language":"ENG","playtime":1072,"items_purged":[],"score":176,"play_id":"99d2318f-0dba-4205-a68a-ffeccfffbb80","local_time":"20210119103011","is_ascension_mode":true,"campfire_choices":[{"data":"infinitespire:Starlight","floor":7,"key":"SMITH"},{"data":"jedi:overflow","floor":10,"key":"SMITH"},{"data":"Rainbow","floor":15,"key":"SMITH"}],"circlet_count":0,"master_deck":["Strike_B","Strike_B","Strike_B","Strike_B","Defend_B","Defend_B","Defend_B","Defend_B","Zap","Dualcast","jedi:blockon","OldLady","jedi:overflow+1","UniverseFragment","infinitespire:Starlight+1","Streamline+1","LittlePrince","Rainbow+1","ReplayTheSpireMod:Reroute Power+1","NakedNest","WhitesApple","jedi:gatheringstorm+1","Scorched"],"relics":["Cracked Core","CogitoBucket","LetterFromLob","Replay:Bandana","strawberrySpire:ShipInABottle","jedi:arcanewood","Toolbox","BehaviorAdjustment","SlaversCollar"],"acts_visited":["Exordium","TheCity"],"potions_floor_usage":[12,18],"damage_taken":[{"damage":12,"enemies":"2 Louse","floor":1,"turns":3},{"damage":6,"enemies":"conspire:RoseBush","floor":3,"turns":1},{"damage":1,"enemies":"Jaw Worm","floor":5,"turns":3},{"damage":6,"enemies":"Large Slime","floor":11,"turns":7},{"damage":16,"enemies":"Lagavulin","floor":12,"turns":5},{"damage":26,"enemies":"Exordium Thugs","floor":14,"turns":4},{"damage":40,"enemies":"Fading Forest","floor":16,"turns":11},{"damage":110,"enemies":"Chosen","floor":18,"turns":3}],"seed_played":"1877519538944358318","potions_obtained":[{"floor":2,"key":"infinitespire:BlackPotion"},{"floor":2,"key":"Milkshake"},{"floor":2,"key":"GamblersBrew"},{"floor":12,"key":"Strength Potion"}],"is_trial":false,"path_per_floor":["M","?","M","?","M","T","R","?","T","R","M","E","$","M","R","B",null,"M"],"character_chosen":"DEFECT","items_purchased":["Toolbox"],"campfire_rested":0,"item_purchase_floors":[13],"current_hp_per_floor":[63,63,57,39,48,48,48,48,48,48,57,56,56,45,45,40,75,0,0],"gold":683,"neow_bonus":"","is_daily":false,"chose_seed":false,"campfire_upgraded":3,"win_rate":0.0,"timestamp":1611088211,"path_taken":["M","?","?","?","M","?","R","?","T","R","M","E","$","M","R","BOSS","M"],"items_purchased_type":["Relic"],"build_version":"2020-12-22","purchased_purges":0,"victory":false,"max_hp_per_floor":[75,75,75,75,75,75,75,75,75,75,75,75,75,75,75,75,75,75,75],"card_choices":[{"not_picked":["BasicCrystalCard","ReplayTheSpireMod:System Scan"],"picked":"jedi:blockon","floor":1},{"not_picked":["PunishingBird","SnowQueen"],"picked":"OldLady","floor":1},{"not_picked":["Turbo","StuffTheSpire:Plugnplay"],"picked":"jedi:overflow","floor":3},{"not_picked":["CherryBlossoms","VoidDream"],"picked":"UniverseFragment","floor":3},{"not_picked":["infinitespire:SevenWalls","infinitespire:SealOfDarkness+"],"picked":"infinitespire:Starlight","floor":4},{"not_picked":["Go for the Eyes","Recycle"],"picked":"Streamline","floor":5},{"not_picked":["VoidDream","WallGazer"],"picked":"LittlePrince","floor":5},{"not_picked":["StuffTheSpire:LoadUp+1","Sweeping Beam"],"picked":"Rainbow","floor":11},{"not_picked":["Panic Button","Coolheaded"],"picked":"ReplayTheSpireMod:Reroute Power+1","floor":12},{"not_picked":["BeautyBeast","FairyFestival"],"picked":"NakedNest","floor":12},{"not_picked":["Variant","CherryBlossoms"],"picked":"WhitesApple","floor":14},{"not_picked":["StuffTheSpire:CleanHardDrive","jedi:BurstLightning","Turbo+1"],"picked":"SKIP","floor":14},{"not_picked":["jedi:darknesscall+1","ReplayRNGCard"],"picked":"jedi:gatheringstorm","floor":16},{"not_picked":["Woodsman","VoidDream"],"picked":"Scorched","floor":16}],"player_experience":568492,"relics_obtained":[{"floor":1,"key":"LetterFromLob"},{"floor":6,"key":"Replay:Bandana"},{"floor":9,"key":"strawberrySpire:ShipInABottle"},{"floor":12,"key":"jedi:arcanewood"}],"event_choices":[{"damage_healed":0,"gold_gain":0,"player_choice":"Got Potions","damage_taken":0,"max_hp_gain":0,"max_hp_loss":0,"event_name":"Lab","floor":2,"gold_loss":0},{"damage_healed":0,"gold_gain":0,"player_choice":"Upgraded","damage_taken":0,"max_hp_gain":0,"max_hp_loss":0,"event_name":"Upgrade Shrine","floor":8,"gold_loss":0,"cards_upgraded":["Streamline"]}],"is_beta":false,"boss_relics":[{"not_picked":["conspire:SpecialSausage","hubris:HollowSoul"],"picked":"SlaversCollar"}],"items_purged_floors":[],"is_endless":false,"potions_floor_spawned":[3,5,12],"killed_by":"Chosen","ascension_level":2}}