{"host":"udyc8f81k2jocuhg","time":1611072726,"event":{"mods":["2.2 Compatiblity","BaseMod","Better Third Choice","Colored Powertips","Conspire","Custom Start","GifTheSpireLib","Hermit","Minty Spire (QoL Compilation)","Permanent Neow","Quick Restart","Relic Filter","Relic Stats","Replay The Spire","Shop Mod","Spikes Relics","StSLib","Stuff the Spire"],"gold_per_floor":[116,132,147,44,60,94,110,129,206,225,254,254,265,298,298,375,375,395,412,45,62,73,106,106,133,213,213,244,263,276,290,290,361,361,371,389,404,423,194,194,221,234,234,249,278,288,316,330,330,330,330,330,48,79,79,79],"floor_reached":55,"language":"ENG","playtime":3843,"items_purged":["Strike_B","Strike_B","Defend_B"],"score":1489,"play_id":"79607bfc-cefd-409c-9031-e320c40d00ca","local_time":"20210119171206","is_ascension_mode":true,"campfire_choices":[{"data":"Consume","floor":12.0,"key":"SMITH"},{"data":"StuffTheSpire:Coldhearted","floor":15.0,"key":"SMITH"},{"data":"Loop","floor":24.0,"key":"SMITH"},{"data":"Creative AI","floor":27.0,"key":"SMITH"},{"floor":32.0,"key":"REST"},{"data":"Defragment","floor":40.0,"key":"SMITH"},{"floor":49.0,"key":"RECALL"},{"data":"Amplify","floor":52.0,"key":"SMITH"}],"circlet_count":0,"master_deck":["AscendersBane","Defend_B","Defend_B","Zap","Dualcast","Glacier","Loop+1","Chill","Streamline","Coolheaded","Capacitor","Ball Lightning","Consume+1","StuffTheSpire:Coldhearted+1","Electrodynamics","Panache","FIFO Queue","White Noise","FIFO Queue","Creative AI+1","Conserve Battery","Amplify+1","CurseOfTheBell","Force Field+1","Defragment+1","Conserve Battery","Self Repair"],"relics":["conspire:SpecialSausage","Calipers","Mercury Hourglass","Pen Nib","Replay:Wax Seal","Empty Cage","Ice Cream","Happy Flower","Anchor","Calling Bell","ReplayFunnel","StuffTheSpire:PointBlank","ZombieTooth","StuffTheSpire:Rhapsscallions","Onion Ring","Chameleon Ring","Pocketwatch","Bronze Scales","Boot"],"acts_visited":["Exordium","TheCity","TheBeyond","TheEnding"],"potions_floor_usage":[54,55],"damage_taken":[{"damage":14.0,"enemies":"Jaw Worm","floor":1.0,"turns":5.0},{"damage":0.0,"enemies":"2 Louse","floor":2.0,"turns":4.0},{"damage":0.0,"enemies":"Cultist","floor":3.0,"turns":4.0},{"damage":0.0,"enemies":"Red Slaver","floor":5.0,"turns":4.0},{"damage":13.0,"enemies":"3 Sentries","floor":6.0,"turns":12.0},{"damage":15.0,"enemies":"Exordium Thugs","floor":7.0,"turns":5.0},{"damage":3.0,"enemies":"Looter","floor":8.0,"turns":5.0},{"damage":0.0,"enemies":"Red Slaver","floor":10.0,"turns":4.0},{"damage":11.0,"enemies":"Gremlin Nob","floor":11.0,"turns":4.0},{"damage":0.0,"enemies":"Blue Slaver","floor":13.0,"turns":4.0},{"damage":0.0,"enemies":"3 Sentries","floor":14.0,"turns":5.0},{"damage":6.0,"enemies":"Slime Boss","floor":16.0,"turns":10.0},{"damage":0.0,"enemies":"Shell Parasite","floor":18.0,"turns":12.0},{"damage":0.0,"enemies":"conspire:FuzzyDice","floor":19.0,"turns":8.0},{"damage":0.0,"enemies":"Snecko","floor":21.0,"turns":5.0},{"damage":2.0,"enemies":"Centurion and Healer","floor":22.0,"turns":9.0},{"damage":16.0,"enemies":"Gremlin Leader","floor":23.0,"turns":7.0},{"damage":0.0,"enemies":"conspire:Head Lice","floor":25.0,"turns":8.0},{"damage":0.0,"enemies":"Replay:Snechameleon","floor":28.0,"turns":8.0},{"damage":14.0,"enemies":"Cultist and Chosen","floor":29.0,"turns":7.0},{"damage":0.0,"enemies":"3 Cultists","floor":30.0,"turns":4.0},{"damage":14.0,"enemies":"Snake Plant","floor":31.0,"turns":6.0},{"damage":10.0,"enemies":"Automaton","floor":33.0,"turns":9.0},{"damage":22.0,"enemies":"3 Darklings","floor":35.0,"turns":7.0},{"damage":8.0,"enemies":"Orb Walker","floor":36.0,"turns":4.0},{"damage":5.0,"enemies":"Transient","floor":37.0,"turns":6.0},{"damage":0.0,"enemies":"Spire Growth","floor":38.0,"turns":12.0},{"damage":11.0,"enemies":"Nemesis","floor":41.0,"turns":10.0},{"damage":0.0,"enemies":"3 Darklings","floor":42.0,"turns":6.0},{"damage":0.0,"enemies":"Sphere and 2 Shapes","floor":44.0,"turns":21.0},{"damage":0.0,"enemies":"R_Hoarder","floor":45.0,"turns":7.0},{"damage":16.0,"enemies":"Spire Growth","floor":46.0,"turns":10.0},{"damage":9.0,"enemies":"Giant Head","floor":47.0,"turns":9.0},{"damage":24.0,"enemies":"Jaw Worm Horde","floor":48.0,"turns":5.0},{"damage":17.0,"enemies":"Replay:Hell Engine","floor":50.0,"turns":16.0},{"damage":54,"enemies":"Shield and Spear","floor":54,"turns":6},{"damage":60,"enemies":"The Heart","floor":55,"turns":2}],"seed_played":"-3929632650135002268","potions_obtained":[{"floor":3.0,"key":"FocusPotion"},{"floor":7.0,"key":"Adrenaline Potion"},{"floor":10.0,"key":"Block Potion"},{"floor":13.0,"key":"Swift Potion"},{"floor":14.0,"key":"Elixir"},{"floor":21.0,"key":"Swift Potion"},{"floor":22.0,"key":"Block Potion"},{"floor":28.0,"key":"Energy Potion"},{"floor":29.0,"key":"Strength Potion"},{"floor":33.0,"key":"Dexterity Potion"},{"floor":38.0,"key":"BlessingOfTheForge"},{"floor":44.0,"key":"FearPotion"},{"floor":47.0,"key":"PowerPotion"},{"floor":48.0,"key":"Dexterity Potion"},{"floor":54,"key":"SkillPotion"}],"is_trial":false,"path_per_floor":["M","M","M","$","M","E","M","M","T","M","E","R","M","E","R","B",null,"M","M","$","M","M","E","R","E","T","R","E","M","M","M","R","B",null,"M","M","M","M","$","R","E","M","T","M","E","M","E","M","R","B",null,"R","$","E","B"],"character_chosen":"DEFECT","items_purchased":["Chill","Streamline","Panache","FIFO Queue","Defragment","Conserve Battery","Bronze Scales"],"campfire_rested":1,"item_purchase_floors":[4,4,20,20,39,39,53],"current_hp_per_floor":[50,50,50,50,50,37,22,19,19,19,8,8,8,8,8,2,54,54,54,54,54,52,36,36,36,36,36,36,22,22,8,29,19,58,36,28,23,23,23,23,14,28,28,42,56,54,52,42,42,32,63,63,63,16,0,0],"gold":79,"neow_bonus":"BOSS_RELIC","is_daily":false,"chose_seed":false,"campfire_upgraded":6,"win_rate":0.0,"timestamp":1611072726,"path_taken":["M","M","M","$","M","E","M","M","T","M","E","R","M","E","R","BOSS","M","M","$","M","M","E","R","E","T","R","E","M","M","M","R","BOSS","M","M","M","M","$","R","E","M","T","M","E","M","E","M","R","BOSS","R","$","E","BOSS"],"items_purchased_type":["Card","Card","Card","Card","Card","Card","Relic"],"build_version":"2020-12-22","purchased_purges":3,"victory":false,"max_hp_per_floor":[71,71,71,71,71,71,71,71,71,71,71,71,71,71,71,71,71,71,71,71,71,71,71,71,71,71,71,71,71,71,71,71,71,71,71,71,71,71,71,71,73,73,73,73,73,73,73,73,73,73,73,73,73,73,73,73],"relic_stats":{"Happy Flower":[51],"counters":[37,267],"Bronze Scales":[27],"Pen Nib":[7],"Boot":[0],"obtain_stats":[{"Ice Cream":23,"ReplayFunnel":34,"Calipers":6,"Happy Flower":25,"StuffTheSpire:Rhapsscallions":41,"conspire:SpecialSausage":0,"Pen Nib":11,"Empty Cage":17,"Boot":54,"Mercury Hourglass":9,"Calling Bell":34,"Anchor":28,"ZombieTooth":34,"Chameleon Ring":45,"Bronze Scales":53,"Onion Ring":43,"StuffTheSpire:PointBlank":34,"Replay:Wax Seal":14,"Cracked Core":0,"Pocketwatch":47},{"Ice Cream":17,"ReplayFunnel":23,"Calipers":5,"Happy Flower":18,"StuffTheSpire:Rhapsscallions":28,"conspire:SpecialSausage":0,"Pen Nib":9,"Empty Cage":12,"Boot":36,"Mercury Hourglass":7,"Calling Bell":23,"Anchor":19,"ZombieTooth":23,"Chameleon Ring":31,"Bronze Scales":35,"Onion Ring":29,"StuffTheSpire:PointBlank":23,"Replay:Wax Seal":11,"Cracked Core":0,"Pocketwatch":33},{"Ice Cream":106,"ReplayFunnel":147,"Calipers":29,"Happy Flower":114,"StuffTheSpire:Rhapsscallions":186,"conspire:SpecialSausage":0,"Pen Nib":47,"Empty Cage":66,"Boot":265,"Mercury Hourglass":39,"Calling Bell":147,"Anchor":122,"ZombieTooth":147,"Chameleon Ring":220,"Bronze Scales":259,"Onion Ring":192,"StuffTheSpire:PointBlank":147,"Replay:Wax Seal":56,"Cracked Core":0,"Pocketwatch":239}],"Mercury Hourglass":[863],"Pocketwatch":[20]},"card_choices":[{"not_picked":["Conserve Battery","Turbo"],"picked":"Glacier","floor":1.0},{"not_picked":["Steam","StuffTheSpire:Plugnplay"],"picked":"Loop","floor":2.0},{"not_picked":["Redo","Compile Driver","ReplayTheSpireMod:Reroute Power"],"picked":"SKIP","floor":3.0},{"not_picked":["Turbo","ReplayTheSpireMod:Omega Cannon","Sweeping Beam"],"picked":"SKIP","floor":5.0},{"not_picked":["Reprogram","StuffTheSpire:LoadUp"],"picked":"Coolheaded","floor":6.0},{"not_picked":["Go for the Eyes","Panic Button"],"picked":"Capacitor","floor":7.0},{"not_picked":["Fusion","Double Energy"],"picked":"Ball Lightning","floor":8.0},{"not_picked":["Hologram","conspire:Rain","Compile Driver"],"picked":"SKIP","floor":10.0},{"not_picked":["Chill","Scrape"],"picked":"Consume","floor":11.0},{"not_picked":["Gash","Redo"],"picked":"StuffTheSpire:Coldhearted","floor":13.0},{"not_picked":["ReplaySolidLightProjector","Time Bomb","FTL"],"picked":"SKIP","floor":14.0},{"not_picked":["Fission","ReplayTheSpireMod:Omega Cannon"],"picked":"Electrodynamics","floor":16.0},{"not_picked":["BootSequence","Go for the Eyes","Redo"],"picked":"SKIP","floor":18.0},{"not_picked":["Reinforced Body","Beam Cell","Cold Snap"],"picked":"SKIP","floor":19.0},{"not_picked":["Auto Shields","Ball Lightning","Leap"],"picked":"SKIP","floor":21.0},{"not_picked":["Compile Driver+1","Chill"],"picked":"White Noise","floor":22.0},{"not_picked":["Beam Cell","DiskWipe"],"picked":"FIFO Queue","floor":23.0},{"not_picked":["Scrape","Electrodynamics"],"picked":"Creative AI","floor":25.0},{"not_picked":["StuffTheSpire:LoadUp+1","BootSequence","Stack"],"picked":"SKIP","floor":28.0},{"not_picked":["ReplayTheSpireMod:Reroute Power","Sweeping Beam"],"picked":"Conserve Battery","floor":29.0},{"not_picked":["StuffTheSpire:Plugnplay","Beam Cell","Ball Lightning"],"picked":"SKIP","floor":30.0},{"not_picked":["Compile Driver","FTL","Mirror Shield"],"picked":"SKIP","floor":31.0},{"not_picked":["Fission","Multi-Cast"],"picked":"Amplify","floor":33.0},{"not_picked":["Cold Snap","Rebound"],"picked":"Force Field+1","floor":35.0},{"not_picked":["StuffTheSpire:Plugnplay","Barrage","Sweeping Beam"],"picked":"SKIP","floor":36.0},{"not_picked":["Genetic Algorithm+1","StuffTheSpire:Plugnplay","StuffTheSpire:LoadUp"],"picked":"SKIP","floor":37.0},{"not_picked":["Melter","Turbo","StuffTheSpire:LaunchingStrike"],"picked":"SKIP","floor":38.0},{"not_picked":["Ball Lightning+1","Rebound"],"picked":"Self Repair","floor":41.0},{"not_picked":["Panic Button","StuffTheSpire:LoadUp","Barrage"],"picked":"SKIP","floor":42.0},{"not_picked":["FTL+1","Steam+1","StuffTheSpire:ShieldGenerator"],"picked":"SKIP","floor":44.0},{"not_picked":["StuffTheSpire:LoadUp+1","Steam Power","Tempest+1"],"picked":"SKIP","floor":45.0},{"not_picked":["Panic Button","BasicCrystalCard+1","Go for the Eyes"],"picked":"SKIP","floor":46.0},{"not_picked":["Panic Button","Barrage","Compile Driver"],"picked":"SKIP","floor":47.0},{"not_picked":["ReplayTheSpireMod:Reroute Power","StuffTheSpire:Plugnplay","ReplayTheSpireMod:Omega Cannon"],"picked":"SKIP","floor":48.0},{"not_picked":["Redo","Rebound","Hologram"],"picked":"SKIP","floor":54}],"player_experience":2006898,"relics_obtained":[{"floor":6.0,"key":"Calipers"},{"floor":9.0,"key":"Mercury Hourglass"},{"floor":11.0,"key":"Pen Nib"},{"floor":14.0,"key":"Replay:Wax Seal"},{"floor":23.0,"key":"Ice Cream"},{"floor":25.0,"key":"Happy Flower"},{"floor":28.0,"key":"Anchor"},{"floor":34.0,"key":"ReplayFunnel"},{"floor":34.0,"key":"StuffTheSpire:PointBlank"},{"floor":34.0,"key":"ZombieTooth"},{"floor":41.0,"key":"StuffTheSpire:Rhapsscallions"},{"floor":43.0,"key":"Onion Ring"},{"floor":45.0,"key":"Chameleon Ring"},{"floor":47.0,"key":"Pocketwatch"},{"floor":54,"key":"Boot"}],"event_choices":[],"is_beta":false,"boss_relics":[{"not_picked":["ChewingGum","Replay:Drink Me"],"picked":"Empty Cage"},{"not_picked":["conspire:SlowCooker","StuffTheSpire:Kangaroo"],"picked":"Calling Bell"}],"items_purged_floors":[20,39,53],"is_endless":false,"potions_floor_spawned":[3,7,10,13,14,19,21,22,28,29,33,36,38,41,44,47,48,54],"killed_by":"The Heart","ascension_level":19}}