{"host":"k7udt7atmcuzf6l0","time":1611066655,"event":{"mods":["AchievementEnabler","BaseMod","Colored Map","Colored Powertips","Highlight Path","Minty Spire (QoL Compilation)","Quick Restart","Rare Cards Sparkle","StSLib","UnlockEverythingMod"],"gold_per_floor":[113,123,141,64,64,64,74,90,116,116,142,317,381,409,409,506,506,522,539,539,93,93,121,121,121,203,217,217,244,244,255,255,357,357,371,1370,1385,677,692,692,10,27,27,46,87,98,119,142,142,142],"floor_reached":51,"language":"ZHT","playtime":1698,"items_purged":["Doubt","Normality","Normality"],"score":809,"play_id":"1625b866-2987-4cf0-9f6c-d4bf56e289e2","local_time":"20210119223055","is_ascension_mode":false,"campfire_choices":[{"data":"Flex","floor":6.0,"key":"SMITH"},{"data":"Armaments","floor":10.0,"key":"SMITH"},{"data":"Shockwave","floor":15.0,"key":"SMITH"},{"data":"Apotheosis","floor":24.0,"key":"SMITH"},{"data":"Pommel Strike","floor":30.0,"key":"SMITH"},{"data":"Infernal Blade","floor":32.0,"key":"SMITH"},{"data":"Offering","floor":40.0,"key":"SMITH"},{"data":"Corruption","floor":49,"key":"SMITH"}],"circlet_count":0,"master_deck":["Strike_R+1","Strike_R+1","Strike_R+1","Strike_R+1","Strike_R+1","Defend_R+1","Defend_R+1","Defend_R+1","Defend_R+1","Bash","Flex+1","Armaments+1","Thunderclap","Shockwave+1","Pommel Strike+1","Clash","Iron Wave","Rampage","Reaper","Clash+1","Battle Trance","Apotheosis+1","Infernal Blade+1","Battle Trance+1","Sword Boomerang+1","Offering+1","Iron Wave+1","Headbutt","Spot Weakness","Seeing Red","Fusion+1","Corruption+1","Noxious Fumes","Chill","Infernal Blade+1","Shrug It Off","PiercingWail"],"relics":["Burning Blood","NeowsBlessing","Nunchaku","PreservedInsect","Lantern","Anchor","Coffee Dripper","Red Skull","Nilry\u0027s Codex","Question Card","Eternal Feather","Orichalcum","Runic Pyramid","Akabeko","Boot","PrismaticShard","HandDrill","Sundial","Strawberry","CeramicFish"],"acts_visited":["Exordium","TheCity","TheBeyond"],"potions_floor_usage":[45,50],"damage_taken":[{"damage":0.0,"enemies":"Cultist","floor":1.0,"turns":1.0},{"damage":0.0,"enemies":"Small Slimes","floor":2.0,"turns":1.0},{"damage":0.0,"enemies":"2 Louse","floor":3.0,"turns":1.0},{"damage":16.0,"enemies":"Large Slime","floor":7.0,"turns":4.0},{"damage":11.0,"enemies":"3 Louse","floor":8.0,"turns":4.0},{"damage":22.0,"enemies":"3 Sentries","floor":11.0,"turns":6.0},{"damage":22.0,"enemies":"3 Sentries","floor":13.0,"turns":5.0},{"damage":16.0,"enemies":"Gremlin Nob","floor":14.0,"turns":4.0},{"damage":31.0,"enemies":"The Guardian","floor":16.0,"turns":12.0},{"damage":20.0,"enemies":"2 Thieves","floor":18.0,"turns":4.0},{"damage":0.0,"enemies":"Chosen","floor":19.0,"turns":3.0},{"damage":0.0,"enemies":"Gremlin Leader","floor":23.0,"turns":3.0},{"damage":4.0,"enemies":"3 Cultists","floor":27.0,"turns":3.0},{"damage":6.0,"enemies":"Cultist and Chosen","floor":31.0,"turns":6.0},{"damage":51.0,"enemies":"Collector","floor":33.0,"turns":7.0},{"damage":14.0,"enemies":"3 Darklings","floor":35.0,"turns":4.0},{"damage":0.0,"enemies":"Orb Walker","floor":37.0,"turns":3.0},{"damage":6.0,"enemies":"4 Shapes","floor":39.0,"turns":2.0},{"damage":26,"enemies":"Sphere and 2 Shapes","floor":42,"turns":4},{"damage":11,"enemies":"Jaw Worm Horde","floor":44,"turns":3},{"damage":50,"enemies":"Nemesis","floor":45,"turns":5},{"damage":8,"enemies":"Writhing Mass","floor":46,"turns":2},{"damage":0,"enemies":"Transient","floor":47,"turns":5},{"damage":6,"enemies":"Jaw Worm Horde","floor":48,"turns":3},{"damage":76,"enemies":"Time Eater","floor":50,"turns":9}],"seed_played":"1159310088073281532","potions_obtained":[{"floor":3.0,"key":"Fire Potion"},{"floor":8.0,"key":"Fire Potion"},{"floor":11.0,"key":"BloodPotion"},{"floor":13.0,"key":"Regen Potion"},{"floor":14.0,"key":"Block Potion"},{"floor":18.0,"key":"SpeedPotion"},{"floor":27.0,"key":"ColorlessPotion"},{"floor":37.0,"key":"BlessingOfTheForge"},{"floor":44,"key":"Explosive Potion"},{"floor":47,"key":"BloodPotion"}],"is_trial":false,"path_per_floor":["M","M","M","$","$","R","M","M","T","R","E","?","?","E","R","B",null,"M","M","?","$","?","E","R","?","T","M","?","T","R","M","R","B",null,"M","?","M","$","M","R","$","M","T","M","E","M","M","M","R","B",null],"character_chosen":"IRONCLAD","items_purchased":["Shockwave","Red Skull","Apotheosis","Infernal Blade","Akabeko","Boot","PrismaticShard","Spot Weakness","Seeing Red","HandDrill","Sundial","Corruption"],"campfire_rested":0,"item_purchase_floors":[4,21,21,21,38,38,38,38,38,41,41,41],"current_hp_per_floor":[80,80,80,80,80,80,70,65,65,65,49,49,33,32,32,23,80,70,80,80,80,64,80,80,80,80,80,80,80,80,80,80,38,80,72,72,80,80,80,80,80,70,77,87,44,52,82,82,87,41],"gold":142,"neow_bonus":"THREE_ENEMY_KILL","is_daily":false,"chose_seed":false,"campfire_upgraded":8,"win_rate":0.0,"timestamp":1611066655,"path_taken":["M","M","?","?","$","R","M","M","T","R","E","?","?","E","R","BOSS","M","M","?","$","?","E","R","?","T","M","?","?","R","M","R","BOSS","M","?","M","$","M","R","$","M","T","M","E","M","M","M","R","BOSS"],"items_purchased_type":["Card","Relic","Card","Card","Relic","Relic","Relic","Card","Card","Relic","Relic","Card"],"build_version":"2020-12-22","purchased_purges":3,"victory":true,"max_hp_per_floor":[80,80,80,80,80,80,80,80,80,80,80,80,80,80,80,80,80,80,80,80,80,80,80,80,80,80,80,80,80,80,80,80,80,80,80,80,80,80,80,80,80,80,87,87,87,87,87,87,87,87],"card_choices":[{"not_picked":["Body Slam","Warcry"],"picked":"Flex","floor":1.0},{"not_picked":["Body Slam","Warcry"],"picked":"Armaments","floor":2.0},{"not_picked":["Combust","Burning Pact"],"picked":"Thunderclap","floor":3.0},{"not_picked":["Shrug It Off","Heavy Blade"],"picked":"Pommel Strike","floor":7.0},{"not_picked":["Feel No Pain","Wild Strike","Juggernaut"],"picked":"SKIP","floor":8.0},{"not_picked":["Metallicize","True Grit"],"picked":"Clash","floor":11.0},{"not_picked":["Second Wind","Armaments"],"picked":"Iron Wave","floor":13.0},{"not_picked":["Pommel Strike","Sever Soul"],"picked":"Rampage","floor":14.0},{"not_picked":["Barricade","Immolate"],"picked":"Reaper","floor":16.0},{"not_picked":["Body Slam","Fire Breathing"],"picked":"Clash+1","floor":18.0},{"not_picked":["Body Slam","Rupture+1"],"picked":"Battle Trance","floor":19.0},{"not_picked":["Iron Wave","Pommel Strike","Impervious"],"picked":"SKIP","floor":23.0},{"not_picked":["Warcry","Reckless Charge","Armaments+1"],"picked":"Battle Trance+1","floor":27.0},{"not_picked":["Ghostly Armor","Heavy Blade","Headbutt"],"picked":"Sword Boomerang+1","floor":31.0},{"not_picked":["Impervious","Exhume","Corruption"],"picked":"Offering","floor":33.0},{"not_picked":["Shrug It Off","Perfected Strike+1","Disarm+1"],"picked":"Iron Wave+1","floor":35.0},{"not_picked":["Heavy Blade","Anger+1","Combust"],"picked":"Headbutt","floor":37.0},{"not_picked":["Bane","EmptyBody+1","Headbutt"],"picked":"Fusion+1","floor":39.0},{"not_picked":["Accuracy","Protect+1","Cold Snap"],"picked":"Noxious Fumes","floor":42},{"not_picked":["ClearTheMind","Leg Sweep","Multi-Cast"],"picked":"Chill","floor":44},{"not_picked":["EmptyFist+1","Body Slam+1","Outmaneuver+1"],"picked":"Infernal Blade+1","floor":45},{"not_picked":["Indignation","Rebound","Wallop","ClearTheMind+1"],"picked":"SKIP","floor":46},{"not_picked":["Combust+1","FlyingSleeves","TalkToTheHand"],"picked":"Shrug It Off","floor":47},{"not_picked":["True Grit","PathToVictory+1","PanicButton+1"],"picked":"PiercingWail","floor":48}],"player_experience":84605,"relics_obtained":[{"floor":9.0,"key":"Nunchaku"},{"floor":11.0,"key":"PreservedInsect"},{"floor":13.0,"key":"Lantern"},{"floor":14.0,"key":"Anchor"},{"floor":22.0,"key":"Nilry\u0027s Codex"},{"floor":23.0,"key":"Question Card"},{"floor":26.0,"key":"Eternal Feather"},{"floor":29.0,"key":"Orichalcum"},{"floor":43,"key":"Strawberry"},{"floor":45,"key":"CeramicFish"}],"event_choices":[{"damage_healed":0.0,"max_hp_gain":0.0,"max_hp_loss":0.0,"gold_gain":175.0,"event_name":"Liars Game","player_choice":"AGREE","floor":12.0,"gold_loss":0.0,"damage_taken":0.0,"cards_obtained":["Doubt"]},{"damage_healed":0.0,"max_hp_gain":0.0,"max_hp_loss":0.0,"gold_gain":30.0,"event_name":"Dead Adventurer","player_choice":"Searched \u00272\u0027 times","floor":13.0,"gold_loss":0.0,"damage_taken":0.0},{"damage_healed":0.0,"max_hp_gain":0.0,"max_hp_loss":0.0,"gold_gain":0.0,"event_name":"Ghosts","player_choice":"Ignored","floor":20.0,"gold_loss":0.0,"damage_taken":0.0},{"damage_healed":0.0,"max_hp_gain":0.0,"max_hp_loss":0.0,"gold_gain":0.0,"event_name":"Cursed Tome","player_choice":"Obtained Book","floor":22.0,"gold_loss":0.0,"damage_taken":16.0},{"damage_healed":0.0,"max_hp_gain":0.0,"max_hp_loss":0.0,"gold_gain":0.0,"event_name":"Vampires","player_choice":"Ignored","floor":25.0,"gold_loss":0.0,"damage_taken":0.0},{"damage_healed":0.0,"max_hp_gain":0.0,"max_hp_loss":0.0,"gold_gain":0.0,"event_name":"Back to Basics","player_choice":"Simplicity","floor":28.0,"gold_loss":0.0,"damage_taken":0.0,"cards_upgraded":["Strike_R","Strike_R","Strike_R","Strike_R","Strike_R","Defend_R","Defend_R","Defend_R","Defend_R"]},{"damage_healed":0.0,"max_hp_gain":0.0,"max_hp_loss":0.0,"gold_gain":999.0,"event_name":"MindBloom","player_choice":"Gold","floor":36.0,"gold_loss":0.0,"damage_taken":0.0,"cards_obtained":["Normality","Normality"]}],"is_beta":false,"boss_relics":[{"not_picked":["Calling Bell","Astrolabe"],"picked":"Coffee Dripper"},{"not_picked":["Velvet Choker","SacredBark"],"picked":"Runic Pyramid"}],"items_purged_floors":[21,38,41],"is_endless":false,"potions_floor_spawned":[3,8,11,13,14,18,27,37,44,47],"ascension_level":0}}