{"host":"ufpbcvppfed80z13","time":1611024339,"event":{"mods":["BaseMod","Downfall","Minty Spire (QoL Compilation)","StSLib"],"gold_per_floor":[99,116,126,188,200,235,288,307,207,238,238,338,338,60,74,74,74],"floor_reached":16,"language":"ENG","playtime":916,"items_purged":[],"score":110,"play_id":"8929ee11-92fa-451d-8e34-fb07cf6c7e5e","local_time":"20210119024539","is_ascension_mode":false,"campfire_choices":[{"data":"bronze:Replicate","floor":1,"key":"SMITH"},{"floor":9,"key":"REST"},{"floor":11,"key":"REST"},{"data":"bronze:Turbo","floor":13,"key":"SMITH"}],"circlet_count":0,"master_deck":["bronze:Strike","bronze:Strike","bronze:Strike","bronze:Strike","bronze:Defend","bronze:Defend","bronze:Defend","bronze:Defend","bronze:Replicate+1","bronze:Goto","bronze:OilSpill","bronze:BuggyMess","bronze:Boost","bronze:Boost","bronze:Allocate","bronze:Turbo+1","bronze:BugBarrage","bronze:Goto","bronze:Iterate","bronze:ChosenStrike","bronze:ThunderWave","Panacea","Injury","bronze:ClassDefault","bronze:WhirlingStrike","bronze:Fortify","bronze:ItsAFeature","bronze:Verify"],"relics":["bronze:BronzeCore","Orichalcum","Matryoshka","Bag of Marbles","Lantern","downfall:HeartBlessingGreen","Ice Cream","downfall:GremlinSack","Sling"],"acts_visited":["Exordium"],"potions_floor_usage":[10,16,16],"damage_taken":[{"damage":6,"enemies":"2 Louse","floor":2,"turns":3},{"damage":0,"enemies":"Small Slimes","floor":3,"turns":3},{"damage":35,"enemies":"3 Sentries","floor":4,"turns":11},{"damage":0,"enemies":"Cultist","floor":5,"turns":3},{"damage":28,"enemies":"Gremlin Nob","floor":6,"turns":6},{"damage":6,"enemies":"3 Louse","floor":8,"turns":4},{"damage":12,"enemies":"3 Sentries","floor":10,"turns":7},{"damage":17,"enemies":"3 Sentries","floor":12,"turns":4},{"damage":4,"enemies":"downfall:FleeingMerchant","floor":14,"turns":4},{"damage":1,"enemies":"Blue Slaver","floor":15,"turns":4},{"damage":23,"enemies":"DF_ARCHETYPE_STREAMLINE","floor":16,"turns":4}],"seed_played":"7544007467464675825","potions_obtained":[{"floor":5,"key":"BlessingOfTheForge"},{"floor":10,"key":"Block Potion"},{"floor":12,"key":"LiquidBronze"}],"is_trial":false,"path_per_floor":["R","M","M","?","M","E","T","M","R","E","R","?","R","$","M","B"],"character_chosen":"THE_AUTOMATON","items_purchased":["bronze:Fortify","bronze:ItsAFeature","Sling"],"campfire_rested":2,"item_purchase_floors":[14,14,14],"current_hp_per_floor":[77,71,71,36,36,8,8,2,25,13,36,19,19,15,14,0,0],"gold":74,"neow_bonus":"TEN_PERCENT_HP_BONUS","is_daily":false,"chose_seed":false,"campfire_upgraded":2,"win_rate":0.0,"timestamp":1611024339,"path_taken":["R","M","M","?","M","E","T","M","R","E","R","?","R","$","M","BOSS"],"items_purchased_type":["Card","Card","Relic"],"build_version":"2020-12-22","purchased_purges":0,"victory":false,"max_hp_per_floor":[77,77,77,77,77,77,77,77,77,77,77,77,77,77,77,77,77],"card_choices":[{"not_picked":["bronze:Iterate","bronze:WhirlingStrike"],"picked":"bronze:OilSpill","floor":2},{"not_picked":["bronze:OilSpill","bronze:Deprecate"],"picked":"bronze:BuggyMess","floor":3},{"not_picked":["bronze:Shield","bronze:OilSpill"],"picked":"bronze:Boost","floor":4},{"not_picked":["bronze:Deprecate","bronze:BronzeArmor"],"picked":"bronze:Boost","floor":5},{"not_picked":["bronze:Branch","bronze:NullPointer"],"picked":"bronze:Allocate","floor":6},{"not_picked":["bronze:Deprecate","bronze:Invalidate"],"picked":"bronze:Turbo","floor":8},{"not_picked":["bronze:ThunderWave","bronze:CutThrough"],"picked":"bronze:BugBarrage","floor":10},{"not_picked":["bronze:Frontload","bronze:Fortify"],"picked":"bronze:ClassDefault","floor":12},{"not_picked":["bronze:Safeguard","bronze:OilSpill"],"picked":"bronze:WhirlingStrike","floor":14},{"not_picked":["bronze:BugBarrage","bronze:Iterate"],"picked":"bronze:Verify","floor":15}],"player_experience":116543,"relics_obtained":[{"floor":4,"key":"Orichalcum"},{"floor":6,"key":"Matryoshka"},{"floor":7,"key":"Bag of Marbles"},{"floor":7,"key":"Lantern"},{"floor":10,"key":"Ice Cream"},{"floor":12,"key":"downfall:GremlinSack"}],"event_choices":[],"is_beta":false,"boss_relics":[],"items_purged_floors":[],"is_endless":false,"potions_floor_spawned":[5,10,12],"killed_by":"DF_ARCHETYPE_STREAMLINE","ascension_level":0}}