{"host":"nptej036rrbiurf5","time":1611037808,"event":{"mods":["BaseMod","Colored Map","Colored Powertips","DeckTracker","Minty Spire (QoL Compilation)","StSLib","SuperFastMode"],"gold_per_floor":[114,124,49,49,62,62,62,79,79,79,79,94,113,134,134,230,230,248,248,248,17,47,47,61,61,61,74,74,100,23,23,23,23,23],"floor_reached":33,"language":"KOR","playtime":446,"items_purged":["Strike_B"],"score":497,"play_id":"8ffb75d0-8cef-4234-9e3c-0027a1c957f4","local_time":"20210119153008","is_ascension_mode":true,"campfire_choices":[{"data":"Defragment","floor":6.0,"key":"SMITH"},{"data":"Sunder","floor":11.0,"key":"SMITH"},{"data":"Static Discharge","floor":15.0,"key":"SMITH"},{"floor":23.0,"key":"REST"},{"data":"Capacitor","floor":25.0,"key":"SMITH"},{"floor":28.0,"key":"REST"},{"floor":32,"key":"REST"}],"circlet_count":0,"master_deck":["AscendersBane","Strike_B","Defend_B","Defend_B","Defend_B","Zap","Dualcast","Ball Lightning","Sunder+1","Defragment+1","Cold Snap","Static Discharge+1","Electrodynamics","Chill","Consume","Capacitor+1","Glacier","Thunder Strike","Fusion"],"relics":["Sozu","Sundial","Bloody Idol","Nuclear Battery","Membership Card","Red Mask","Mummified Hand","Matryoshka","Letter Opener"],"acts_visited":["Exordium","TheCity"],"potions_floor_usage":[],"damage_taken":[{"damage":1.0,"enemies":"Cultist","floor":1.0,"turns":3.0},{"damage":3.0,"enemies":"Small Slimes","floor":2.0,"turns":3.0},{"damage":0.0,"enemies":"2 Louse","floor":5.0,"turns":2.0},{"damage":12.0,"enemies":"2 Fungi Beasts","floor":8.0,"turns":3.0},{"damage":18.0,"enemies":"Lots of Slimes","floor":12.0,"turns":3.0},{"damage":0.0,"enemies":"Looter","floor":13.0,"turns":2.0},{"damage":5.0,"enemies":"2 Fungi Beasts","floor":14.0,"turns":3.0},{"damage":33.0,"enemies":"Slime Boss","floor":16.0,"turns":6.0},{"damage":26.0,"enemies":"2 Thieves","floor":18.0,"turns":3.0},{"damage":17.0,"enemies":"Masked Bandits","floor":22.0,"turns":2.0},{"damage":5.0,"enemies":"Chosen","floor":24.0,"turns":3.0},{"damage":35.0,"enemies":"Shelled Parasite and Fungi","floor":27.0,"turns":4.0},{"damage":30.0,"enemies":"Book of Stabbing","floor":29.0,"turns":6.0},{"damage":43,"enemies":"Champ","floor":33,"turns":3}],"seed_played":"5004545401907251081","potions_obtained":[],"is_trial":false,"path_per_floor":["M","M","?","?","M","R","?","M","T","?","R","M","M","M","R","B",null,"M","?","?","$","?","R","M","R","T","M","R","E","$","T","R","B"],"character_chosen":"DEFECT","items_purchased":["Membership Card","Consume","Capacitor","Fusion"],"campfire_rested":3,"item_purchase_floors":[21,21,21,30],"current_hp_per_floor":[63,60,60,60,60,60,81,69,69,69,69,51,51,46,46,13,58,32,32,32,32,20,41,41,41,41,11,32,7,7,7,28,0,0],"gold":23,"neow_bonus":"BOSS_RELIC","is_daily":false,"chose_seed":false,"campfire_upgraded":4,"win_rate":0.0,"timestamp":1611037808,"path_taken":["M","?","?","?","M","R","?","?","T","?","R","M","M","M","R","BOSS","M","?","?","$","?","R","M","R","T","M","R","E","$","?","R","BOSS"],"items_purchased_type":["Relic","Card","Card","Card"],"build_version":"2020-12-22","purchased_purges":1,"victory":false,"max_hp_per_floor":[71,71,71,71,71,71,81,81,81,73,73,73,73,73,73,73,73,73,73,73,73,73,73,73,73,73,73,73,73,73,73,73,73,73],"card_choices":[{"not_picked":["Loop","Rebound"],"picked":"Ball Lightning","floor":1.0},{"not_picked":["Beam Cell","Force Field"],"picked":"Sunder","floor":2.0},{"not_picked":["FTL","Sweeping Beam"],"picked":"Defragment","floor":5.0},{"not_picked":["Stack","Conserve Battery"],"picked":"Cold Snap","floor":8.0},{"not_picked":["Double Energy","Reprogram"],"picked":"Static Discharge","floor":12.0},{"not_picked":["Scrape","Static Discharge","Gash"],"picked":"SKIP","floor":13.0},{"not_picked":["Redo","Blizzard","Sweeping Beam"],"picked":"SKIP","floor":14.0},{"not_picked":["Meteor Strike","Hyperbeam"],"picked":"Electrodynamics","floor":16.0},{"not_picked":["Undo","Steam"],"picked":"Chill","floor":18.0},{"not_picked":["Melter","Coolheaded","Leap"],"picked":"SKIP","floor":24.0},{"not_picked":["Ball Lightning","Static Discharge"],"picked":"Glacier","floor":27.0},{"not_picked":["Cold Snap","Gash"],"picked":"Thunder Strike","floor":29.0}],"player_experience":893443,"relics_obtained":[{"floor":9.0,"key":"Sundial"},{"floor":22.0,"key":"Red Mask"},{"floor":26.0,"key":"Mummified Hand"},{"floor":29.0,"key":"Matryoshka"},{"floor":31,"key":"Letter Opener"}],"event_choices":[{"cards_removed":["Strike_B"],"damage_healed":0.0,"max_hp_gain":0.0,"max_hp_loss":0.0,"gold_gain":0.0,"event_name":"The Cleric","player_choice":"Card Removal","floor":3.0,"gold_loss":75.0,"damage_taken":0.0},{"damage_healed":0.0,"max_hp_gain":0.0,"max_hp_loss":0.0,"gold_gain":0.0,"cards_transformed":["Strike_B"],"event_name":"Living Wall","player_choice":"Change","floor":4.0,"gold_loss":0.0,"damage_taken":0.0,"cards_obtained":["All For One"]},{"cards_removed":["All For One"],"damage_healed":11.0,"max_hp_gain":10.0,"max_hp_loss":0.0,"gold_gain":0.0,"event_name":"Bonfire Elementals","player_choice":"Offered Rare","floor":7.0,"gold_loss":0.0,"damage_taken":0.0},{"damage_healed":0.0,"max_hp_gain":0.0,"max_hp_loss":8.0,"gold_gain":0.0,"event_name":"Golden Idol","player_choice":"Lose Max HP","floor":10.0,"gold_loss":0.0,"damage_taken":0.0,"relics_obtained":["Golden Idol"]},{"cards_removed":["Defend_B"],"damage_healed":0.0,"max_hp_gain":0.0,"max_hp_loss":0.0,"gold_gain":0.0,"event_name":"Back to Basics","player_choice":"Elegance","floor":19.0,"gold_loss":0.0,"damage_taken":0.0},{"damage_healed":0.0,"max_hp_gain":0.0,"max_hp_loss":0.0,"gold_gain":0.0,"event_name":"Forgotten Altar","player_choice":"Gave Idol","floor":20.0,"relics_lost":["Golden Idol"],"gold_loss":0.0,"damage_taken":0.0,"relics_obtained":["Bloody Idol"]},{"damage_healed":0.0,"max_hp_gain":0.0,"max_hp_loss":0.0,"gold_gain":0.0,"event_name":"Masked Bandits","player_choice":"Fought Bandits","floor":22.0,"gold_loss":0.0,"damage_taken":0.0}],"is_beta":false,"boss_relics":[{"not_picked":["Snecko Eye","Runic Pyramid"],"picked":"Nuclear Battery"}],"items_purged_floors":[30],"is_endless":false,"potions_floor_spawned":[1,2,8,13,16,18,22,24],"killed_by":"Champ","ascension_level":19}}