{"host":"2d926qfvvz477zl6","time":1613874892,"event":{"mods":["Aspiration","BaseMod","Challenge The Spire","Conspire","Downfall","GifTheSpireLib","GungeonMod","Halation","Hermit","Hubris","Infinite Spire","Minty Spire (QoL Compilation)","Morshu Shopkeeper","Permanent Neow","Quick Restart","Rare Cards Sparkle","Reliquary","Replay The Spire","Shedinja","Somnambulant","Spicy Shops","StSLib","Stuff the Spire","Td1madao Mod","The Blue Laboratory","The Bug Knight","The Construct","The Cursed","The Disciple","The Forsaken","The Hierophant","TheFirefly","Wandering Minibosses","Wide Potions","everything is the same but u backflip on backflip","slay the spire mod where everything is the same but ironclad has a cowboy hat"],"gold_per_floor":[99,112,133,51,70,70,97,115,155,155,14,38,55,55,55,55],"floor_reached":14,"language":"ENG","playtime":640,"items_purged":["Doubt"],"score":101,"play_id":"76796d41-47e8-4c17-ac77-746b65761e9a","local_time":"20210220213452","is_ascension_mode":true,"campfire_choices":[{"floor":1,"key":"DIG"},{"floor":6,"key":"RECALL"}],"circlet_count":0,"master_deck":["hexamod:Strike","hexamod:Strike","hexamod:Strike","hexamod:Strike","hexamod:Defend","hexamod:Defend","hexamod:Defend+1","hexamod:Defend","hexamod:Sear","hexamod:Float","hexamod:TimeWarp","hexamod:SecondSeal","hexamod:HauntingEcho","hexamod:Firestarter+1","hexamod:BurningTouch+1","hexamod:SuperheatedStrike+1","hexamod:AdvancingGuard","hexamod:BacktrackSmack","hexamod:ThirdSeal","hexamod:GhostflameBarrier","hexamod:BurningTouch","StuffTheSpire:Perfection","hexamod:SixthSeal","hexamod:NightmareGuise","hexamod:StepThrough","hexamod:Incineration"],"relics":["hexamod:SpiritBrand","Bag of Marbles","Gremlin Horn","StuffTheSpire:Saxophone"],"acts_visited":["Exordium"],"potions_floor_usage":[9],"damage_taken":[{"damage":6,"enemies":"2 Louse","floor":2,"turns":2},{"damage":0,"enemies":"Cultist","floor":3,"turns":3},{"damage":0,"enemies":"downfall:FleeingMerchant","floor":4,"turns":4},{"damage":0,"enemies":"Small Slimes","floor":5,"turns":2},{"damage":0,"enemies":"3 Louse","floor":8,"turns":3},{"damage":33,"enemies":"3 Sentries","floor":9,"turns":8},{"damage":10,"enemies":"downfall:FleeingMerchant","floor":11,"turns":4},{"damage":5,"enemies":"Large Slime","floor":12,"turns":4},{"damage":13,"enemies":"Exordium Wildlife","floor":13,"turns":4},{"damage":2,"enemies":"HollowMod:MossKnight","floor":14,"turns":3}],"seed_played":"-8124047286874717536","potions_obtained":[{"floor":5,"key":"hexamod:SoulburnPotion"},{"floor":9,"key":"Dexterity Potion"},{"floor":12,"key":"blueLaboratory:HorrorPotion"},{"floor":13,"key":"EssenceOfSteel"}],"is_trial":false,"path_per_floor":["R","M","M","$","M","R","T","M","E","?","$","M","M","E"],"character_chosen":"THE_SPIRIT","items_purchased":["hexamod:BurningTouch","hexamod:SuperheatedStrike","StuffTheSpire:Saxophone"],"campfire_rested":0,"item_purchase_floors":[4,4,11],"current_hp_per_floor":[63,57,57,57,57,57,57,57,24,30,20,15,2,0,0,0],"gold":55,"neow_bonus":"THREE_RARE_CARDS","is_daily":false,"chose_seed":false,"campfire_upgraded":0,"win_rate":0.0,"timestamp":1613874892,"path_taken":["R","M","M","$","M","R","T","M","E","?","$","M","?","E"],"items_purchased_type":["Card","Card","Relic"],"build_version":"2020-12-22","purchased_purges":1,"victory":false,"max_hp_per_floor":[63,63,63,63,63,63,63,63,63,63,63,63,63,63,63,63],"card_choices":[{"not_picked":["hexamod:FlameSwitch","hexamod:HexaLevel"],"picked":"hexamod:TimeWarp","floor":0},{"not_picked":["hexamod:SoulSteal","hexamod:Firestarter"],"picked":"hexamod:SecondSeal","floor":2},{"not_picked":["hexamod:InspiringFlames","hexamod:BurningTouch"],"picked":"hexamod:HauntingEcho","floor":3},{"not_picked":["hexamod:BacktrackSmack","hexamod:AdvancingGuard"],"picked":"hexamod:Firestarter","floor":4},{"not_picked":["hexamod:RecurringNightmare","hexamod:SuperheatedStrike"],"picked":"hexamod:AdvancingGuard","floor":5},{"not_picked":["hexamod:BurningTouch","hexamod:Firestarter"],"picked":"hexamod:BacktrackSmack","floor":8},{"not_picked":["hexamod:ForkedFlame","hexamod:HeatMetal"],"picked":"hexamod:ThirdSeal","floor":9},{"not_picked":["hexamod:GhostLash","hexamod:HauntingEcho"],"picked":"hexamod:GhostflameBarrier","floor":11},{"not_picked":["hexamod:InspiringFlames","hexamod:HauntingEcho"],"picked":"hexamod:BurningTouch","floor":11},{"not_picked":["hexamod:SoulSteal","hexamod:BurningTouch"],"picked":"hexamod:SixthSeal","floor":12},{"not_picked":["hexamod:PhantomCloak","hexamod:NightmareStrike"],"picked":"hexamod:NightmareGuise","floor":12},{"not_picked":["hexamod:DynamicBlow","hexamod:HauntingEcho"],"picked":"hexamod:StepThrough","floor":13},{"not_picked":["hexamod:SwordOfDarkness","hexamod:PhantomCloak"],"picked":"hexamod:Incineration","floor":13}],"player_experience":496032,"relics_obtained":[{"floor":1,"key":"Bag of Marbles"},{"floor":9,"key":"Gremlin Horn"}],"event_choices":[],"is_beta":false,"boss_relics":[],"items_purged_floors":[11],"is_endless":false,"potions_floor_spawned":[5,9,12,13],"killed_by":"HollowMod:MossKnight","ascension_level":2}}