{"host":"dh4nu8nelr2izibb","time":1613873592,"event":{"mods":["BaseMod","Better Skull","Better Third Choice","Card Filter","Card Forge","Curses Come First","Displayed Cursed Tome","HololiveMod","Marisa????????","Minty Spire (QoL Compilation)","Poor People Problems","Quick Restart","Relic Filter","Reliquary","StSLib","The Servant 0.9.4","WarShipGirlsR/????R mod","Yakumo Yukari mod"],"gold_per_floor":[113,113,113,113,136,148,148,168,168,186,196,224,224,242,242,342,342,352,201,201,126,141,141,56,56,56,86,96,113,146,146,146,251,251,264,264,282,282,282,313,313,348,393,412,309,309,327,0,0,0],"floor_reached":51,"language":"ENG","playtime":2190,"items_purged":["Defend_MRS"],"score":1102,"play_id":"58a6269c-9ff1-44fa-a629-230d77ed95c5","local_time":"20210220211312","is_ascension_mode":true,"campfire_choices":[{"data":"MasterSpark","floor":7,"key":"SMITH"},{"data":"1","floor":13,"key":"LIFT"},{"data":"AsteroidBelt","floor":15,"key":"SMITH"},{"data":"2","floor":23,"key":"LIFT"},{"floor":32,"key":"DIG"},{"data":"3","floor":41,"key":"LIFT"},{"floor":49,"key":"DIG"}],"circlet_count":0,"master_deck":["Strike_MRS","Strike_MRS","Strike_MRS","Defend_MRS","Defend_MRS","MasterSpark+1","UpSweep","AsteroidBelt+1","ChargingUp","Parasite","Parasite","Acceleration","GalacticHalo+1","EnergyRecoil","FinalSpark+1","SprinkleStarSeal","UltimateShortwave+1","PulseMagic+1","AsteroidBelt","SporeBomb+1","SporeBomb","DarkMatter+1"],"relics":["MiniHakkero","Hammer of Thor","Seething Fire","Anvil of the Gods","Vajra","Girya","Lantern","ShroomBag","Lizard Tail","Ginger","RampagingMagicTools","Membership Card","Centennial Puzzle","Shovel","Kunai","Bag of Marbles","reliquary:JackalopeAntler","reliquary:IridiumChain","Empty Cage","SproutingBranch","Prayer Wheel","Orichalcum","Pen Nib","Red Mask","Letter Opener"],"acts_visited":["Exordium","TheCity","TheBeyond"],"potions_floor_usage":[40,50,50],"damage_taken":[{"damage":0,"enemies":"Small Slimes","floor":1,"turns":3},{"damage":7,"enemies":"Jaw Worm","floor":6,"turns":2},{"damage":16,"enemies":"The Mushroom Lair","floor":8,"turns":5},{"damage":0,"enemies":"2 Louse","floor":10,"turns":2},{"damage":1,"enemies":"Red Slaver","floor":11,"turns":2},{"damage":8,"enemies":"Gremlin Nob","floor":12,"turns":3},{"damage":0,"enemies":"Blue Slaver","floor":14,"turns":3},{"damage":19,"enemies":"The Guardian","floor":16,"turns":12},{"damage":6,"enemies":"Spheric Guardian","floor":18,"turns":4},{"damage":5,"enemies":"Chosen","floor":22,"turns":4},{"damage":6,"enemies":"Gremlin Leader","floor":27,"turns":4},{"damage":6,"enemies":"Centurion and Healer","floor":28,"turns":3},{"damage":7,"enemies":"Shelled Parasite and Fungi","floor":29,"turns":3},{"damage":5,"enemies":"Book of Stabbing","floor":30,"turns":4},{"damage":8,"enemies":"Champ","floor":33,"turns":5},{"damage":0,"enemies":"3 Darklings","floor":35,"turns":4},{"damage":1,"enemies":"3 Shapes","floor":37,"turns":4},{"damage":14,"enemies":"Reptomancer","floor":40,"turns":5},{"damage":19,"enemies":"Giant Head","floor":42,"turns":6},{"damage":0,"enemies":"3 Darklings","floor":44,"turns":2},{"damage":19,"enemies":"Writhing Mass","floor":47,"turns":3},{"damage":9,"enemies":"Donu and Deca","floor":50,"turns":3}],"seed_played":"-5883557520142957195","potions_obtained":[{"floor":1,"key":"SteroidPotion"},{"floor":8,"key":"ShroomBrew"},{"floor":10,"key":"EssenceOfSteel"},{"floor":28,"key":"BottledSpark"},{"floor":33,"key":"SteroidPotion"},{"floor":40,"key":"AttackPotion"}],"is_trial":false,"path_per_floor":["M","?","?","T","T","M","R","?","T","M","M","E","R","M","R","B",null,"M","$","?","$","M","R","?","?","T","E","M","M","E","?","R","B",null,"M","?","M","$","$","E","R","E","T","M","$","?","M","?","R","B",null],"character_chosen":"MARISA","items_purchased":["Membership Card","UltimateShortwave","SporeBomb","Pen Nib"],"campfire_rested":0,"item_purchase_floors":[19,21,45,45],"current_hp_per_floor":[75,57,57,57,57,50,50,34,34,36,39,35,35,39,39,24,68,66,66,66,66,65,65,65,65,65,63,61,58,57,57,57,53,75,79,79,82,82,82,71,71,71,71,80,80,80,67,67,67,71],"gold":0,"neow_bonus":"TEN_PERCENT_HP_BONUS","is_daily":false,"chose_seed":false,"campfire_upgraded":2,"win_rate":0.0,"timestamp":1613873592,"path_taken":["M","?","?","?","?","?","R","?","T","M","M","E","R","M","R","BOSS","M","$","?","$","M","R","?","?","T","E","M","M","E","?","R","BOSS","M","?","M","?","$","E","R","E","T","M","$","?","M","?","R","BOSS"],"items_purchased_type":["Relic","Card","Card","Relic"],"build_version":"2020-12-22","purchased_purges":1,"victory":true,"max_hp_per_floor":[82,82,82,82,82,82,82,82,82,82,82,82,82,82,82,82,82,82,82,82,82,82,82,82,82,82,82,82,82,82,82,82,82,82,82,82,82,82,82,82,82,82,82,82,82,82,82,82,82,82],"card_choices":[{"not_picked":["PropBag","Robbery"],"picked":"AsteroidBelt","floor":1},{"not_picked":["BlazeAway","GasGiant"],"picked":"ChargingUp","floor":6},{"not_picked":["IllusionStar","MilkyWay"],"picked":"Acceleration","floor":8},{"not_picked":["6A","UnstableBomb"],"picked":"GalacticHalo","floor":10},{"not_picked":["GravityBeat","Singularity"],"picked":"AsteroidBelt","floor":11},{"not_picked":["TreasureHunter","UnstableBomb"],"picked":"EnergyRecoil","floor":12},{"not_picked":["WitchLeyline","MagicChant","ManaConvection"],"picked":"SKIP","floor":14},{"not_picked":["BigCrunch","BlazingStar"],"picked":"FinalSpark","floor":16},{"not_picked":["GrandCross","AsteroidBelt","GravityBeat"],"picked":"SKIP","floor":18},{"not_picked":["IllusionStar","DC","ShootingEcho+1"],"picked":"SKIP","floor":22},{"not_picked":["AlicesGift","Acceleration+1"],"picked":"PulseMagic+1","floor":27},{"not_picked":["MysteriousBeam","Robbery"],"picked":"AsteroidBelt","floor":28},{"not_picked":["Occultation","SuperNova","AsteroidBelt"],"picked":"SKIP","floor":29},{"not_picked":["Orbital","PowerUp","SatelliteIllusion"],"picked":"SKIP","floor":30},{"not_picked":["UnstableBomb+1","WitchOfGreed","SprinkleStarSeal+1"],"picked":"SKIP","floor":35},{"not_picked":["DC+1","ManaConvection","FairyDestructionRay"],"picked":"SKIP","floor":37},{"not_picked":["MilkyWay","IllusionStar"],"picked":"SporeBomb+1","floor":40},{"not_picked":["DragonMeteor+1","EarthLightRay","Occultation+1"],"picked":"SKIP","floor":42},{"not_picked":["MilkyWay+1","ShootingEcho","OrrerysSun"],"picked":"SKIP","floor":44},{"not_picked":["SprinkleStarSeal+1","WitchLeyline","IllusionStar+1"],"picked":"SKIP","floor":44},{"not_picked":["ShootTheMoon+1","IllusionStar+1"],"picked":"DarkMatter+1","floor":47},{"not_picked":["UnstableBomb","DragonMeteor+1","EscapeVelocity"],"picked":"SKIP","floor":47}],"player_experience":1196745,"relics_obtained":[{"floor":4,"key":"Girya"},{"floor":5,"key":"Lantern"},{"floor":8,"key":"ShroomBag"},{"floor":9,"key":"Lizard Tail"},{"floor":12,"key":"Ginger"},{"floor":26,"key":"Kunai"},{"floor":27,"key":"Bag of Marbles"},{"floor":30,"key":"reliquary:JackalopeAntler"},{"floor":32,"key":"reliquary:IridiumChain"},{"floor":40,"key":"SproutingBranch"},{"floor":42,"key":"Prayer Wheel"},{"floor":43,"key":"Orichalcum"},{"floor":49,"key":"Letter Opener"}],"event_choices":[{"damage_healed":0,"gold_gain":1,"player_choice":"Relic ","damage_taken":18,"max_hp_gain":0,"max_hp_loss":0,"event_name":"betterThird:BetterScrap","floor":2,"gold_loss":0,"cards_obtained":["SandsOfTime"]},{"damage_healed":0,"gold_gain":0,"player_choice":"Fought Mushrooms","damage_taken":0,"max_hp_gain":0,"max_hp_loss":0,"event_name":"Mushrooms_MRS","floor":8,"gold_loss":0},{"damage_healed":0,"gold_gain":0,"player_choice":"Read","damage_taken":0,"max_hp_gain":0,"max_hp_loss":0,"event_name":"The Library","floor":20,"gold_loss":0,"cards_obtained":["SprinkleStarSeal"]},{"damage_healed":0,"gold_gain":0,"player_choice":"Obtained Relic","damage_taken":0,"relics_obtained":["Centennial Puzzle"],"max_hp_gain":0,"max_hp_loss":0,"event_name":"Addict","floor":24,"gold_loss":85},{"damage_healed":0,"gold_gain":0,"player_choice":"Opened","damage_taken":0,"relics_obtained":["Shovel"],"max_hp_gain":0,"max_hp_loss":0,"event_name":"The Mausoleum","floor":25,"gold_loss":0},{"damage_healed":0,"gold_gain":0,"player_choice":"Smashed Altar","damage_taken":0,"max_hp_gain":0,"max_hp_loss":0,"event_name":"Forgotten Altar","floor":31,"gold_loss":0,"cards_obtained":["Decay"]},{"damage_healed":0,"gold_gain":0,"player_choice":"Ignored","damage_taken":0,"max_hp_gain":0,"max_hp_loss":0,"event_name":"Mysterious Sphere","floor":36,"gold_loss":0},{"damage_healed":0,"gold_gain":0,"player_choice":"Paid","damage_taken":0,"relics_obtained":["Red Mask"],"max_hp_gain":0,"max_hp_loss":0,"event_name":"Tomb of Lord Red Mask","floor":48,"gold_loss":327}],"is_beta":false,"boss_relics":[{"not_picked":["reliquary:Craggleroot","Runic Dome"],"picked":"RampagingMagicTools"},{"not_picked":["SacredBark","reliquary:KinkedSpring"],"picked":"Empty Cage"}],"items_purged_floors":[21],"is_endless":false,"potions_floor_spawned":[1,8,10,27,28,33,35,40],"ascension_level":8}}