{"host":"yqw1zpryoutrnocq","time":1613948841,"event":{"mods":["2.2 Compatiblity","AchievementEnabler","BaseMod","Colored Map","Custom Start","DeckTracker","Minty Spire (QoL Compilation)","StSLib","SuperFastMode"],"gold_per_floor":[111,41,60,72,82,82,100,100,124,139,151,151,183,197,197,296,296,309,309,309,328,36,65,65,65,65,65,96,96],"floor_reached":28,"language":"KOR","playtime":670,"items_purged":[],"score":415,"play_id":"e0a26259-0d93-4023-8e6a-038e12059d9a","local_time":"20210221170721","is_ascension_mode":true,"campfire_choices":[{"data":"Dualcast","floor":6,"key":"SMITH"},{"data":"Beam Cell","floor":12,"key":"SMITH"},{"data":"Darkness","floor":15,"key":"SMITH"},{"data":"Darkness","floor":25,"key":"SMITH"},{"data":"Self Repair","floor":27,"key":"SMITH"}],"circlet_count":0,"master_deck":["AscendersBane","Defend_B","Defend_B","Defend_B","Defend_B","Zap+1","Dualcast+1","Darkness+1","All For One","Beam Cell+1","Self Repair+1","Turbo","Loop+1","Go for the Eyes","Coolheaded","All For One","Seek","Conserve Battery+1","Bite","Bite","Bite","Bite","Bite","RitualDagger","Doom and Gloom+1","Darkness+1","Sweeping Beam+1"],"relics":["Cracked Core","Blood Vial","Art of War","Coffee Dripper","Dead Branch","Bronze Scales","Nilry\u0027s Codex","Molten Egg 2","InkBottle"],"acts_visited":["Exordium","TheCity"],"potions_floor_usage":[14,14,23,23,28],"damage_taken":[{"damage":0,"enemies":"Small Slimes","floor":1,"turns":2},{"damage":11,"enemies":"Cultist","floor":3,"turns":4},{"damage":4,"enemies":"2 Louse","floor":4,"turns":3},{"damage":7,"enemies":"Looter","floor":5,"turns":3},{"damage":8,"enemies":"Red Slaver","floor":7,"turns":3},{"damage":11,"enemies":"Exordium Wildlife","floor":10,"turns":3},{"damage":9,"enemies":"Blue Slaver","floor":11,"turns":2},{"damage":20,"enemies":"Lagavulin","floor":13,"turns":5},{"damage":0,"enemies":"Large Slime","floor":14,"turns":5},{"damage":36,"enemies":"Hexaghost","floor":16,"turns":8},{"damage":9,"enemies":"Spheric Guardian","floor":18,"turns":3},{"damage":24,"enemies":"2 Thieves","floor":21,"turns":4},{"damage":32,"enemies":"Slavers","floor":23,"turns":4},{"damage":34,"enemies":"Book of Stabbing","floor":28,"turns":4}],"seed_played":"2831331110101922633","potions_obtained":[{"floor":1,"key":"FearPotion"},{"floor":5,"key":"DistilledChaos"},{"floor":11,"key":"GamblersBrew"},{"floor":14,"key":"Fruit Juice"},{"floor":23,"key":"EssenceOfDarkness"}],"is_trial":false,"path_per_floor":["M","$","M","M","M","R","M","?","T","M","M","R","E","M","R","B",null,"M","?","?","M","$","E","?","R","T","R","E"],"character_chosen":"DEFECT","items_purchased":["All For One","Dead Branch"],"campfire_rested":0,"item_purchase_floors":[2,22],"current_hp_per_floor":[68,68,57,53,53,53,52,52,52,50,43,43,32,46,46,19,65,58,56,50,38,38,21,5,5,5,5,36,36],"gold":96,"neow_bonus":"UPGRADE_CARD","is_daily":false,"chose_seed":false,"campfire_upgraded":5,"win_rate":0.0,"timestamp":1613948841,"path_taken":["M","$","M","M","M","R","M","?","T","M","M","R","E","M","R","BOSS","M","?","?","M","$","E","?","R","T","R","E"],"items_purchased_type":["Card","Relic"],"build_version":"2020-12-22","purchased_purges":0,"victory":false,"max_hp_per_floor":[75,75,75,75,75,75,75,75,75,75,75,75,75,80,80,80,80,80,56,56,56,56,56,56,56,56,56,56,56],"card_choices":[{"not_picked":["Steam","Melter"],"picked":"Darkness","floor":1},{"not_picked":["Compile Driver","FTL"],"picked":"Beam Cell","floor":3},{"not_picked":["Blizzard","Compile Driver"],"picked":"Self Repair","floor":4},{"not_picked":["Rebound","Consume"],"picked":"Turbo","floor":5},{"not_picked":["Coolheaded","Force Field"],"picked":"Loop","floor":7},{"not_picked":["Heatsinks","Leap"],"picked":"Go for the Eyes","floor":10},{"not_picked":["Ball Lightning","Barrage","Sweeping Beam"],"picked":"SKIP","floor":11},{"not_picked":["Auto Shields","Loop"],"picked":"Coolheaded","floor":13},{"not_picked":["Double Energy","Compile Driver"],"picked":"All For One","floor":14},{"not_picked":["Hyperbeam","Machine Learning"],"picked":"Seek","floor":16},{"not_picked":["Blizzard","Chaos"],"picked":"Conserve Battery+1","floor":18},{"not_picked":["Genetic Algorithm","Redo"],"picked":"Doom and Gloom+1","floor":21},{"not_picked":["Genetic Algorithm","Doom and Gloom"],"picked":"Darkness","floor":23},{"not_picked":["Steam+1","Leap"],"picked":"Sweeping Beam+1","floor":28}],"player_experience":356419,"relics_obtained":[{"floor":9,"key":"Blood Vial"},{"floor":13,"key":"Art of War"},{"floor":23,"key":"Bronze Scales"},{"floor":24,"key":"Nilry\u0027s Codex"},{"floor":26,"key":"Molten Egg 2"},{"floor":28,"key":"InkBottle"}],"event_choices":[{"damage_healed":0,"gold_gain":0,"player_choice":"Forge","damage_taken":0,"max_hp_gain":0,"max_hp_loss":0,"event_name":"Accursed Blacksmith","floor":8,"gold_loss":0,"cards_upgraded":["Loop"]},{"damage_healed":0,"gold_gain":0,"player_choice":"Became a vampire","damage_taken":0,"max_hp_gain":0,"max_hp_loss":24,"event_name":"Vampires","floor":19,"gold_loss":0,"cards_obtained":["Bite","Bite","Bite","Bite","Bite"]},{"damage_healed":0,"gold_gain":0,"player_choice":"Joined the Cult","damage_taken":6,"max_hp_gain":0,"max_hp_loss":0,"event_name":"Nest","floor":20,"gold_loss":0,"cards_obtained":["RitualDagger"]},{"damage_healed":0,"gold_gain":0,"player_choice":"Obtained Book","damage_taken":16,"max_hp_gain":0,"max_hp_loss":0,"event_name":"Cursed Tome","floor":24,"gold_loss":0}],"is_beta":false,"boss_relics":[{"not_picked":["Ectoplasm","Runic Dome"],"picked":"Coffee Dripper"}],"items_purged_floors":[],"is_endless":false,"potions_floor_spawned":[1,5,11,13,14,23],"killed_by":"Book of Stabbing","ascension_level":10}}