{"host":"l1pzlbpva2o8t11s","time":1613921889,"event":{"mods":["AchievementEnabler","BaseMod","Block Reminder","Colored Map","Minty Spire (QoL Compilation)","Random Character Button","Relic Stats","StSLib","The Jungle"],"gold_per_floor":[119,37,112,127,52,83,83,83,83,113,13,13,26,42,42,147,147,164,39,0,0,0,28,28,39,63,91,107,107,107],"floor_reached":29,"language":"ENG","playtime":1482,"items_purged":["Strike_G","Defend_G","Strike_G"],"score":352,"play_id":"d0b14d0d-f762-48c4-ad05-d866318ae418","local_time":"20210221163809","is_ascension_mode":true,"campfire_choices":[{"floor":12.0,"key":"REST"},{"data":"Cloak And Dagger","floor":15.0,"key":"SMITH"},{"data":"Burst","floor":24.0,"key":"SMITH"}],"circlet_count":0,"master_deck":["Strike_G","Strike_G","Strike_G","Defend_G","Defend_G","Defend_G","Survivor","Neutralize","Blade Dance","Footwork","Cloak And Dagger+1","Blade Dance","Cloak And Dagger","Burst+1","Blade Dance","Blade Dance"],"relics":["Ring of the Snake","NeowsBlessing","Pocketwatch","Turnip","Matryoshka","Busted Crown","The Courier","MealTicket","Pear"],"acts_visited":["Exordium","TheCity"],"potions_floor_usage":[],"damage_taken":[{"damage":0.0,"enemies":"Small Slimes","floor":1.0,"turns":1.0},{"damage":0.0,"enemies":"2 Louse","floor":4.0,"turns":1.0},{"damage":0.0,"enemies":"3 Sentries","floor":6.0,"turns":1.0},{"damage":0.0,"enemies":"Jaw Worm","floor":13.0,"turns":4.0},{"damage":8.0,"enemies":"Exordium Wildlife","floor":14.0,"turns":4.0},{"damage":28.0,"enemies":"Slime Boss","floor":16.0,"turns":14.0},{"damage":8.0,"enemies":"Spheric Guardian","floor":18.0,"turns":4.0},{"damage":7.0,"enemies":"Book of Stabbing","floor":23.0,"turns":5.0},{"damage":0.0,"enemies":"3 Byrds","floor":25.0,"turns":4.0},{"damage":17.0,"enemies":"Slavers","floor":27.0,"turns":6.0},{"damage":0,"enemies":"Centurion and Healer","floor":28,"turns":4},{"damage":68,"enemies":"Book of Stabbing","floor":29,"turns":7}],"seed_played":"-4377479675460492671","potions_obtained":[{"floor":6.0,"key":"Weak Potion"},{"floor":13.0,"key":"FairyPotion"},{"floor":16.0,"key":"Strength Potion"},{"floor":23.0,"key":"DuplicationPotion"},{"floor":25.0,"key":"BlessingOfTheForge"}],"is_trial":false,"path_per_floor":["M","$","?","M","$","E","?","?","T","?","$","R","M","M","R","B",null,"M","$","?","?","$","E","R","M","T","E","M","E"],"character_chosen":"THE_SILENT","items_purchased":["Footwork"],"campfire_rested":1,"item_purchase_floors":[2],"current_hp_per_floor":[70,70,59,59,59,59,34,27,27,27,27,48,48,40,40,12,70,62,62,62,62,62,55,55,55,55,48,48,4,4],"gold":107,"neow_bonus":"THREE_ENEMY_KILL","is_daily":false,"chose_seed":false,"campfire_upgraded":2,"win_rate":0.0,"timestamp":1613921889,"path_taken":["M","$","?","M","$","E","?","?","T","?","$","R","M","M","R","BOSS","M","$","?","?","?","E","R","?","T","E","M","E"],"items_purchased_type":["Card"],"build_version":"2020-12-22","purchased_purges":3,"victory":false,"max_hp_per_floor":[70,70,70,70,70,70,70,70,70,70,70,70,70,70,70,70,70,70,70,70,70,70,70,70,70,70,80,80,80,80],"relic_stats":{"Busted Crown":10,"counters":[12,55],"MealTicket":0,"Turnip":[14],"obtain_stats":[{"Matryoshka":9,"Busted Crown":17,"Pear":27,"NeowsBlessing":0,"MealTicket":26,"Turnip":7,"The Courier":23,"Ring of the Snake":0,"Pocketwatch":6},{"Matryoshka":3,"Busted Crown":6,"Pear":10,"NeowsBlessing":0,"MealTicket":9,"Turnip":3,"The Courier":8,"Ring of the Snake":0,"Pocketwatch":3},{"Matryoshka":3,"Busted Crown":25,"Pear":44,"NeowsBlessing":0,"MealTicket":38,"Turnip":3,"The Courier":34,"Ring of the Snake":0,"Pocketwatch":3}],"Ring of the Snake":[24],"Pocketwatch":[0]},"card_choices":[{"not_picked":["Catalyst","Slice"],"picked":"Blade Dance","floor":1.0},{"not_picked":["PiercingWail","Poisoned Stab","Caltrops"],"picked":"SKIP","floor":4.0},{"not_picked":["Deadly Poison","Leg Sweep"],"picked":"Cloak And Dagger","floor":6.0},{"not_picked":["Skewer","Poisoned Stab"],"picked":"Blade Dance","floor":13.0},{"not_picked":["Flying Knee","Masterful Stab"],"picked":"Cloak And Dagger","floor":14.0},{"not_picked":["Night Terror","Venomology"],"picked":"Burst","floor":16.0},{"not_picked":["PiercingWail"],"picked":"SKIP","floor":18.0},{"not_picked":[],"picked":"Blade Dance","floor":23.0},{"not_picked":[],"picked":"Blade Dance","floor":25.0},{"not_picked":["Tactician"],"picked":"SKIP","floor":27.0},{"not_picked":["Deflect"],"picked":"SKIP","floor":28}],"player_experience":168087,"relics_obtained":[{"floor":6.0,"key":"Pocketwatch"},{"floor":9.0,"key":"Matryoshka"},{"floor":23.0,"key":"The Courier"},{"floor":26.0,"key":"MealTicket"},{"floor":27.0,"key":"Pear"}],"event_choices":[{"damage_healed":0.0,"max_hp_gain":0.0,"max_hp_loss":0.0,"gold_gain":75.0,"event_name":"World of Goop","player_choice":"Gather Gold","floor":3.0,"gold_loss":0.0,"damage_taken":11.0},{"damage_healed":0.0,"max_hp_gain":0.0,"max_hp_loss":0.0,"gold_gain":0.0,"event_name":"Scrap Ooze","player_choice":"Success","floor":7.0,"gold_loss":0.0,"damage_taken":25.0,"relics_obtained":["Turnip"]},{"cards_removed":["Defend_G"],"damage_healed":0.0,"max_hp_gain":0.0,"max_hp_loss":0.0,"gold_gain":0.0,"event_name":"Golden Wing","player_choice":"Card Removal","floor":8.0,"gold_loss":0.0,"damage_taken":7.0},{"damage_healed":0.0,"max_hp_gain":0.0,"max_hp_loss":0.0,"gold_gain":30.0,"event_name":"Dead Adventurer","player_choice":"Searched \u00271\u0027 times","floor":10.0,"gold_loss":0.0,"damage_taken":0.0},{"damage_healed":0.0,"max_hp_gain":0.0,"max_hp_loss":0.0,"gold_gain":0.0,"event_name":"Masked Bandits","player_choice":"Paid Fearfully","floor":20.0,"gold_loss":39.0,"damage_taken":0.0},{"damage_healed":0.0,"max_hp_gain":0.0,"max_hp_loss":0.0,"gold_gain":0.0,"event_name":"Ghosts","player_choice":"Ignored","floor":21.0,"gold_loss":0.0,"damage_taken":0.0}],"is_beta":false,"boss_relics":[{"not_picked":["Runic Pyramid","HoveringKite"],"picked":"Busted Crown"}],"items_purged_floors":[5,11,19],"is_endless":false,"potions_floor_spawned":[6,13,16,23,25],"killed_by":"Book of Stabbing","ascension_level":3}}