{"host":"aapp7ew3jk5k1bvd","time":1613908596,"event":{"mods":["AchievementEnabler","BaseMod","Colored Map","Custom Start","Keyboard Shortcuts","Minty Spire (QoL Compilation)","Permanent Neow","Quick Restart","StSLib","SuperFastMode"],"gold_per_floor":[359,284,284,94,114,114,139,139,164,176,187,187,212,229,229,325,325,344,344,344,34,49,49,82,82,107,117,36,55,65,79,79,182,182,197,214,214,233,8,24,24,36,36,36,50,65,77,77,77,77],"floor_reached":51,"language":"KOR","playtime":1450,"items_purged":["Strike_R","Strike_R","Strike_R","Bash"],"score":1063,"play_id":"51db9acd-4927-487b-a413-8cfcaf07d09f","local_time":"20210221205636","is_ascension_mode":true,"campfire_choices":[{"data":"Wild Strike","floor":6.0,"key":"SMITH"},{"data":"Wild Strike","floor":8,"key":"SMITH"},{"data":"Fire Breathing","floor":12,"key":"SMITH"},{"data":"Berserk","floor":15,"key":"SMITH"},{"data":"Apotheosis","floor":23,"key":"SMITH"},{"data":"Evolve","floor":25,"key":"SMITH"},{"data":"Evolve","floor":32,"key":"SMITH"},{"floor":41,"key":"REST"},{"floor":49,"key":"REST"}],"circlet_count":0,"master_deck":["AscendersBane","Defend_R","Defend_R","Defend_R","Evolve+1","Fire Breathing+1","Wild Strike+1","Wild Strike+1","Berserk+1","Bludgeon+1","Sever Soul+1","Immolate+1","Intimidate+1","Apotheosis+1","Wild Strike+1","Evolve+1","Burning Pact+1","True Grit","Second Wind","Parasite","Fire Breathing"],"relics":["Burning Blood","Ice Cream","CaptainsWheel","Bag of Preparation","Eternal Feather","Astrolabe","Anchor","Gremlin Horn","Art of War","Runic Cube","Mummified Hand","Whetstone"],"acts_visited":["Exordium","TheCity","TheBeyond"],"potions_floor_usage":[13,45,50],"damage_taken":[{"damage":4.0,"enemies":"2 Louse","floor":1.0,"turns":4.0},{"damage":0.0,"enemies":"Small Slimes","floor":5.0,"turns":3.0},{"damage":20,"enemies":"Lagavulin","floor":7,"turns":6},{"damage":2,"enemies":"Jaw Worm","floor":10,"turns":4},{"damage":10,"enemies":"Gremlin Gang","floor":11,"turns":4},{"damage":5,"enemies":"3 Sentries","floor":13,"turns":5},{"damage":10,"enemies":"2 Fungi Beasts","floor":14,"turns":3},{"damage":52,"enemies":"Hexaghost","floor":16,"turns":7},{"damage":7,"enemies":"Chosen","floor":18,"turns":3},{"damage":9,"enemies":"2 Thieves","floor":22,"turns":3},{"damage":10,"enemies":"Gremlin Leader","floor":24,"turns":5},{"damage":11,"enemies":"Sentry and Sphere","floor":27,"turns":3},{"damage":4,"enemies":"Cultist and Chosen","floor":29,"turns":4},{"damage":16,"enemies":"Chosen and Byrds","floor":30,"turns":5},{"damage":3,"enemies":"Sentry and Sphere","floor":31,"turns":4},{"damage":32,"enemies":"Automaton","floor":33,"turns":6},{"damage":2,"enemies":"Orb Walker","floor":35,"turns":4},{"damage":25,"enemies":"3 Darklings","floor":36,"turns":3},{"damage":36,"enemies":"Maw","floor":38,"turns":7},{"damage":1,"enemies":"4 Shapes","floor":40,"turns":2},{"damage":11,"enemies":"Spire Growth","floor":42,"turns":5},{"damage":0,"enemies":"Writhing Mass","floor":45,"turns":5},{"damage":6,"enemies":"Transient","floor":46,"turns":5},{"damage":8,"enemies":"Sphere and 2 Shapes","floor":47,"turns":4},{"damage":57,"enemies":"Donu and Deca","floor":50,"turns":6}],"seed_played":"3778066608146391964","potions_obtained":[{"floor":5.0,"key":"AttackPotion"},{"floor":11,"key":"EssenceOfSteel"},{"floor":27,"key":"BlessingOfTheForge"},{"floor":30,"key":"DistilledChaos"},{"floor":38,"key":"Regen Potion"},{"floor":42,"key":"FairyPotion"},{"floor":47,"key":"Ancient Potion"}],"is_trial":false,"path_per_floor":["M","$","?","$","M","R","E","R","T","M","M","R","E","M","R","B",null,"M","?","?","$","M","R","E","R","T","M","$","M","M","M","R","B",null,"M","M","?","M","$","M","R","M","T","?","M","M","M","T","R","B",null],"character_chosen":"IRONCLAD","items_purchased":["Fire Breathing","Wild Strike","Apotheosis","Evolve","Second Wind"],"campfire_rested":2,"item_purchase_floors":[4,4,21,28,39],"current_hp_per_floor":[72,72,69,69,72,72,58,58,58,62,58,58,59,55,61,15,58,57,57,57,57,54,63,59,68,68,63,63,65,55,58,67,41,64,68,49,49,19,19,24,53,48,48,48,54,54,52,52,68,17],"gold":77,"neow_bonus":"TWO_FIFTY_GOLD","is_daily":false,"chose_seed":false,"campfire_upgraded":7,"win_rate":0.0,"timestamp":1613908596,"path_taken":["M","$","?","$","M","R","E","R","T","M","M","R","E","M","R","BOSS","M","?","?","$","M","R","E","R","T","M","$","M","M","M","R","BOSS","M","M","?","M","$","M","R","M","T","?","M","M","M","?","R","BOSS"],"items_purchased_type":["Card","Card","Card","Card","Card"],"build_version":"2020-12-22","purchased_purges":4,"victory":true,"max_hp_per_floor":[72,72,72,72,72,72,72,72,72,72,72,72,72,72,72,72,72,72,72,72,72,72,72,72,72,72,72,72,72,72,72,72,72,72,72,72,68,68,68,68,68,68,68,68,68,68,68,68,68,68],"card_choices":[{"not_picked":["Flex","Havoc"],"picked":"Evolve","floor":1.0},{"not_picked":["Havoc","Sword Boomerang","Ghostly Armor"],"picked":"SKIP","floor":5.0},{"not_picked":["Whirlwind","Uppercut"],"picked":"Wild Strike","floor":7},{"not_picked":["Thunderclap","Sword Boomerang","Havoc"],"picked":"SKIP","floor":10},{"not_picked":["Uppercut","Shockwave","Sword Boomerang"],"picked":"SKIP","floor":11},{"not_picked":["Twin Strike","Carnage"],"picked":"Berserk","floor":13},{"not_picked":["Perfected Strike","Body Slam","Twin Strike"],"picked":"SKIP","floor":14},{"not_picked":["Reaper","Impervious"],"picked":"Bludgeon","floor":16},{"not_picked":["True Grit","Ghostly Armor","Anger"],"picked":"SKIP","floor":18},{"not_picked":["Thunderclap","Whirlwind","Heavy Blade"],"picked":"SKIP","floor":22},{"not_picked":["Clash","Pommel Strike"],"picked":"Wild Strike+1","floor":24},{"not_picked":["Armaments","Perfected Strike+1","Infernal Blade"],"picked":"SKIP","floor":27},{"not_picked":["Rage","Sword Boomerang"],"picked":"Burning Pact+1","floor":29},{"not_picked":["Flex","Clash","Brutality"],"picked":"SKIP","floor":30},{"not_picked":["Warcry","Pommel Strike","Anger"],"picked":"SKIP","floor":31},{"not_picked":["Shrug It Off+1","Rampage","Clothesline+1"],"picked":"SKIP","floor":35},{"not_picked":["Havoc","Clash+1"],"picked":"True Grit","floor":36},{"not_picked":["Armaments+1","Combust","Body Slam"],"picked":"SKIP","floor":38},{"not_picked":["Flame Barrier+1","Clash","Warcry"],"picked":"SKIP","floor":40},{"not_picked":["Headbutt","Sever Soul","Havoc"],"picked":"SKIP","floor":42},{"not_picked":["Bloodletting+1","Body Slam"],"picked":"Fire Breathing","floor":45},{"not_picked":["Warcry+1","Perfected Strike+1","Anger"],"picked":"SKIP","floor":46},{"not_picked":["Carnage","Disarm+1","Sentinel"],"picked":"SKIP","floor":47}],"player_experience":1049951,"relics_obtained":[{"floor":7,"key":"CaptainsWheel"},{"floor":9,"key":"Bag of Preparation"},{"floor":13,"key":"Eternal Feather"},{"floor":24,"key":"Gremlin Horn"},{"floor":26,"key":"Art of War"},{"floor":43,"key":"Mummified Hand"},{"floor":48,"key":"Whetstone"}],"event_choices":[{"damage_healed":0.0,"max_hp_gain":0.0,"max_hp_loss":0.0,"gold_gain":0.0,"event_name":"Scrap Ooze","player_choice":"Success","floor":3.0,"gold_loss":0.0,"damage_taken":3.0,"relics_obtained":["Ice Cream"]},{"damage_healed":0,"gold_gain":0,"player_choice":"Opened","damage_taken":0,"relics_obtained":["Anchor"],"max_hp_gain":0,"max_hp_loss":0,"event_name":"The Mausoleum","floor":19,"gold_loss":0},{"damage_healed":0,"gold_gain":0,"player_choice":"Ignored","damage_taken":0,"max_hp_gain":0,"max_hp_loss":0,"event_name":"Ghosts","floor":20,"gold_loss":0},{"damage_healed":0,"gold_gain":0,"player_choice":"Max HP","damage_taken":0,"max_hp_gain":0,"max_hp_loss":4,"event_name":"Winding Halls","floor":37,"gold_loss":0},{"damage_healed":0,"gold_gain":0,"player_choice":"Ignored","damage_taken":0,"max_hp_gain":0,"max_hp_loss":0,"event_name":"Mysterious Sphere","floor":44,"gold_loss":0}],"is_beta":false,"boss_relics":[{"not_picked":["Ectoplasm","Calling Bell"],"picked":"Astrolabe"},{"not_picked":["Runic Pyramid","Cursed Key"],"picked":"Runic Cube"}],"items_purged_floors":[2,4,21,39],"is_endless":false,"potions_floor_spawned":[5,11,27,30,35,38,42,47],"ascension_level":12}}