{"host":"iuabd6oyvssc55aw","time":1613865668,"event":{"mods":["AchievementEnabler","BaseMod","Better Third Choice","Colored Map","DeckTracker","Minty Spire (QoL Compilation)","Rare Cards Sparkle","StSLib","The Saiyan"],"gold_per_floor":[96,46,121,133,133,133,8,27,75,109,109,128,156,172,172,276,276,292,292,292,292,85,85,85],"floor_reached":23,"language":"ENG","playtime":1998,"items_purged":[],"score":222,"play_id":"6a0b4e75-19c6-489b-9e51-33d5e0c754f1","local_time":"20210220190108","is_ascension_mode":false,"campfire_choices":[{"floor":6,"key":"REST"},{"floor":11,"key":"REST"},{"floor":15,"key":"REST"}],"circlet_count":0,"master_deck":["Saiyan:SAIYA_Strike","Saiyan:SAIYA_Strike","Saiyan:SAIYA_Strike","Saiyan:SAIYA_Defend","Saiyan:SAIYA_Defend","Saiyan:SAIYA_Defend","Saiyan:SAIYA_Defend","Saiyan:EnergyBlast","Saiyan:KaioKen","Saiyan:RuthlessBlow","Saiyan:MeteorDash","Saiyan:PowerUp","Saiyan:Kienzan","Saiyan:TurtleShell","Saiyan:FinalFlash","Saiyan:ExpandingShockwave","Saiyan:Flurry","Saiyan:MindBoom","Saiyan:RemoveWeights","Saiyan:RemoveWeights","Saiyan:SaiyanHubris","Saiyan:Rekindle","Saiyan:TurtleShell","Saiyan:SenzuBean","Saiyan:TurtleShell"],"relics":["SaiyanSoul","SaiyanHeart","Dream Catcher","Smiling Mask","Mummified Hand","Strawberry","Sozu","Juzu Bracelet","Akabeko"],"acts_visited":["Exordium","TheCity"],"potions_floor_usage":[10,16,16],"damage_taken":[{"damage":0,"enemies":"Small Slimes","floor":1,"turns":2},{"damage":0,"enemies":"2 Louse","floor":4,"turns":2},{"damage":4,"enemies":"Jaw Worm","floor":8,"turns":3},{"damage":34,"enemies":"Lagavulin","floor":10,"turns":10},{"damage":1,"enemies":"Red Slaver","floor":12,"turns":4},{"damage":14,"enemies":"3 Sentries","floor":13,"turns":9},{"damage":0,"enemies":"3 Louse","floor":14,"turns":2},{"damage":36,"enemies":"The Guardian","floor":16,"turns":9},{"damage":10,"enemies":"Shell Parasite","floor":18,"turns":6},{"damage":61,"enemies":"Chosen","floor":23,"turns":9}],"seed_played":"-4025588874981042947","potions_obtained":[{"floor":4,"key":"PowerPotion"},{"floor":8,"key":"EssenceOfSteel"},{"floor":14,"key":"LiquidMemories"},{"floor":16,"key":"SteroidPotion"}],"is_trial":false,"path_per_floor":["M","?","?","M","T","R","$","M","T","E","R","M","E","M","R","B",null,"M","T","?","?","$","M"],"character_chosen":"SAIYAJIN","items_purchased":["Saiyan:TurtleShell","Saiyan:FinalFlash","Saiyan:SenzuBean","Saiyan:TurtleShell"],"campfire_rested":3,"item_purchase_floors":[7,7,22,22],"current_hp_per_floor":[68,68,57,57,57,68,68,65,65,32,53,53,47,47,70,35,80,70,70,70,55,55,0,0],"gold":85,"neow_bonus":"TEN_PERCENT_HP_BONUS","is_daily":false,"chose_seed":false,"campfire_upgraded":0,"win_rate":0.0,"timestamp":1613865668,"path_taken":["M","?","?","M","?","R","$","M","T","E","R","?","E","M","R","BOSS","M","?","?","?","$","M"],"items_purchased_type":["Card","Card","Card","Card"],"build_version":"2020-12-22","purchased_purges":0,"victory":false,"max_hp_per_floor":[68,68,68,68,68,68,68,69,69,70,70,71,79,79,79,80,80,80,80,80,85,85,85,85],"card_choices":[{"not_picked":["Saiyan:ThirstForFight","Saiyan:Quickening"],"picked":"Saiyan:MeteorDash","floor":1},{"not_picked":["Saiyan:MeteorDash","Saiyan:LastResort"],"picked":"Saiyan:PowerUp","floor":4},{"not_picked":["Saiyan:MeteorDash","Saiyan:PowerUp"],"picked":"Saiyan:Kienzan","floor":6},{"not_picked":["Saiyan:Makankosappo","Saiyan:MeteorDash"],"picked":"Saiyan:ExpandingShockwave","floor":8},{"not_picked":["Saiyan:Endure","Saiyan:KiExplosion"],"picked":"Saiyan:Flurry","floor":10},{"not_picked":["Saiyan:KameHameHa","Saiyan:DragonFist"],"picked":"Saiyan:MindBoom","floor":11},{"not_picked":["Saiyan:Flurry","Saiyan:BigBangAttack"],"picked":"Saiyan:RemoveWeights","floor":12},{"not_picked":["Saiyan:SoulSpice","Saiyan:AugmentedBlast","Saiyan:Endure"],"picked":"SKIP","floor":13},{"not_picked":["Saiyan:Scouter","Saiyan:BackAttack"],"picked":"Saiyan:RemoveWeights","floor":14},{"not_picked":["Saiyan:Reset","Saiyan:ExpandingShockwave"],"picked":"Saiyan:SaiyanHubris","floor":15},{"not_picked":["Saiyan:SenzuBean","Saiyan:GhostAttack"],"picked":"Saiyan:Rekindle","floor":16},{"not_picked":["Saiyan:AugmentedBlast","Saiyan:DoubleMasenko"],"picked":"Saiyan:TurtleShell","floor":18}],"player_experience":273173,"relics_obtained":[{"floor":5,"key":"Dream Catcher"},{"floor":9,"key":"Smiling Mask"},{"floor":10,"key":"Mummified Hand"},{"floor":13,"key":"Strawberry"},{"floor":19,"key":"Juzu Bracelet"}],"event_choices":[{"cards_removed":["Saiyan:SAIYA_Strike"],"damage_healed":0,"gold_gain":0,"player_choice":"Card Removal","damage_taken":0,"max_hp_gain":0,"max_hp_loss":0,"event_name":"The Cleric","floor":2,"gold_loss":50},{"damage_healed":0,"gold_gain":75,"player_choice":"Gold","damage_taken":11,"max_hp_gain":0,"max_hp_loss":0,"event_name":"betterThird:BetterGoop","floor":3,"gold_loss":0},{"damage_healed":0,"gold_gain":0,"player_choice":"Gave Potion","damage_taken":0,"relics_obtained":["Akabeko"],"max_hp_gain":0,"max_hp_loss":0,"event_name":"WeMeetAgain","floor":20,"gold_loss":0},{"damage_healed":0,"gold_gain":0,"player_choice":"Shed Blood","damage_taken":20,"max_hp_gain":5,"max_hp_loss":0,"event_name":"Forgotten Altar","floor":21,"gold_loss":0}],"is_beta":false,"boss_relics":[{"not_picked":["Empty Cage","Cursed Key"],"picked":"Sozu"}],"items_purged_floors":[],"is_endless":false,"potions_floor_spawned":[4,8,14,16],"killed_by":"Chosen","ascension_level":0}}