{"host":"bakf0s4odzu8z5xt","time":1613881470,"event":{"mods":["2.2 Compatiblity","BaseMod","Downfall","Friendly Minions","Minty Spire (QoL Compilation)","StSLib"],"gold_per_floor":[99,99,99,99,99,99,99,115,145,161,161,188,29,29,43,144,144,144,164,177,177,188,188,267,267,2,33,33,67,81,106,120,222,222,122,134,150,165,265,276,276,276,76,86,86,121,121,139,152,152,152,180,24,24,24,24,24],"floor_reached":55,"language":"ENG","playtime":4059,"items_purged":["champ:ArenaPreparation","champ:Strike"],"score":888,"play_id":"1b2bc4ff-1acb-42e0-b915-cc0431e1347d","local_time":"20210220222430","is_ascension_mode":true,"campfire_choices":[{"data":"champ:Taunt","floor":1.0,"key":"SMITH"},{"data":"champ:PerfectedStrike","floor":6.0,"key":"SMITH"},{"data":"champ:Lariat","floor":11.0,"key":"SMITH"},{"data":"champ:DefensiveStyle","floor":18,"key":"SMITH"},{"data":"champ:PreemptiveStrike","floor":25,"key":"SMITH"},{"floor":35,"key":"RECALL"},{"data":"champ:EnGarde","floor":43,"key":"SMITH"},{"data":"champ:CheapShot","floor":45,"key":"SMITH"},{"floor":54,"key":"REST"}],"circlet_count":0,"master_deck":["champ:Defend+1","champ:Defend+1","champ:Defend+1","champ:Defend+1","champ:Execute+1","champ:Taunt+1","champ:PerfectedStrike+1","champ:TornadoPunch+1","champ:Lariat+1","champ:PreemptiveStrike+1","champ:FlashCut+1","champ:FlashCut+1","champ:DefensiveStyle+1","champ:CheapShot+1","champ:FalseCounter+1","champ:Parry+1","champ:FocusedDefense+1","champ:Haymaker+1","Slimebound:Tackle+1","Slimebound:Tackle+1","Slimebound:Tackle+1","champ:EnGarde+1","champ:PreciseThrust+1","champ:DefensiveShout+1","champ:EnGarde+1","champ:SteelEdge+1","champ:DefensiveShout+1","champ:Circumvent+1","champ:CalledShot+1","champ:RageSigil+1","champ:RageSigil+1","champ:TripleStrike+1","champ:SetATrap+1","champ:RageSigil+1"],"relics":["champ:ChampionCrown","downfall:HeartsMalice","Blue Candle","Omamori","Question Card","Runic Dome","Molten Egg 2","Happy Flower","HornCleat","Bag of Marbles","Smiling Mask","Cursed Key","Potion Belt","hexamod:Sixitude","Boot","Oddly Smooth Stone"],"acts_visited":["Exordium","TheCity","TheBeyond","TheEnding"],"potions_floor_usage":[19,20,22,30,33,33,46,50,55,55],"damage_taken":[{"damage":0.0,"enemies":"Small Slimes","floor":2.0,"turns":1.0},{"damage":0.0,"enemies":"Cultist","floor":3.0,"turns":1.0},{"damage":0.0,"enemies":"Jaw Worm","floor":5.0,"turns":1.0},{"damage":0.0,"enemies":"2 Fungi Beasts","floor":8.0,"turns":2.0},{"damage":13.0,"enemies":"Lagavulin","floor":9.0,"turns":6.0},{"damage":0.0,"enemies":"Lots of Slimes","floor":10.0,"turns":3.0},{"damage":4.0,"enemies":"3 Sentries","floor":12.0,"turns":6.0},{"damage":10.0,"enemies":"downfall:FleeingMerchant","floor":13.0,"turns":4.0},{"damage":0,"enemies":"Large Slime","floor":15,"turns":5},{"damage":1,"enemies":"SI_SHIV_ARCHETYPE","floor":16,"turns":5},{"damage":15,"enemies":"downfall:LooterAlt2","floor":19,"turns":3},{"damage":4,"enemies":"3 Byrds","floor":20,"turns":2},{"damage":0,"enemies":"Cultist and Chosen","floor":22,"turns":5},{"damage":10,"enemies":"downfall:FleeingMerchant","floor":26,"turns":5},{"damage":12,"enemies":"Book of Stabbing","floor":27,"turns":5},{"damage":27,"enemies":"Slavers","floor":29,"turns":2},{"damage":10,"enemies":"Snake Plant","floor":30,"turns":3},{"damage":16,"enemies":"Gremlin Leader","floor":31,"turns":4},{"damage":0,"enemies":"Sentry and Sphere","floor":32,"turns":2},{"damage":13,"enemies":"WA_ARCHETYPE_CALM","floor":33,"turns":8},{"damage":0,"enemies":"3 Shapes","floor":36,"turns":2},{"damage":19,"enemies":"3 Darklings","floor":37,"turns":6},{"damage":10,"enemies":"Jaw Worm Horde","floor":38,"turns":3},{"damage":0,"enemies":"downfall:LadyInBlue","floor":39,"turns":11},{"damage":0,"enemies":"Spire Growth","floor":40,"turns":4},{"damage":0,"enemies":"3 Darklings","floor":44,"turns":4},{"damage":5,"enemies":"Reptomancer","floor":46,"turns":7},{"damage":10,"enemies":"4 Shapes","floor":48,"turns":3},{"damage":0,"enemies":"Spire Growth","floor":49,"turns":4},{"damage":27,"enemies":"IC_BLOCK_ARCHETYPE","floor":50,"turns":11},{"damage":78,"enemies":"downfall:CharBossMerchant","floor":52,"turns":10},{"damage":59,"enemies":"downfall:NeowBoss","floor":55,"turns":11}],"seed_played":"3228962249948371432","potions_obtained":[{"floor":4.0,"key":"PowerPotion"},{"floor":4.0,"key":"champ:TechniquePotion"},{"floor":4.0,"key":"Strength Potion"},{"floor":8.0,"key":"champ:OpenerPotion"},{"floor":9.0,"key":"GamblersBrew"},{"floor":16,"key":"Swift Potion"},{"floor":19,"key":"SneckoOil"},{"floor":21,"key":"CultistPotion"},{"floor":22,"key":"ColorlessPotion"},{"floor":27,"key":"LiquidMemories"},{"floor":31,"key":"LiquidMemories"},{"floor":37,"key":"BlessingOfTheForge"},{"floor":38,"key":"DistilledChaos"},{"floor":39,"key":"Regen Potion"},{"floor":39,"key":"Slimebound:ThreeZeroPotion"},{"floor":39,"key":"GamblersBrew"},{"floor":39,"key":"bronze:BurnAndBuffPotion"}],"is_trial":false,"path_per_floor":["R","M","M","?","M","R","T","M","E","M","R","E","$","?","M","B",null,"R","M","M","?","M","?","T","R","$","E","?","E","M","E","M","B",null,"R","M","M","M","?","M","T","?","R","M","R","E","?","M","M","B",null,"E","$","R","B"],"character_chosen":"THE_CHAMP","items_purchased":["champ:DefensiveStyle","Happy Flower","Oddly Smooth Stone"],"campfire_rested":1,"item_purchase_floors":[13,26,53],"current_hp_per_floor":[90,90,90,90,90,90,90,90,87,87,87,83,83,83,83,82,90,90,85,81,81,81,81,81,81,81,69,69,42,42,26,26,23,90,90,90,81,81,81,81,81,81,91,91,91,86,86,86,86,59,90,12,12,39,0,0,0],"gold":24,"neow_bonus":"THREE_ENEMY_KILL","is_daily":false,"chose_seed":false,"campfire_upgraded":7,"win_rate":0.0,"timestamp":1613881470,"path_taken":["R","M","M","?","?","R","T","M","E","M","R","E","$","?","M","BOSS","R","M","M","?","M","?","T","R","?","E","?","E","M","E","M","BOSS","R","M","M","M","?","?","T","?","R","M","R","E","?","M","M","BOSS","E","$","R","BOSS"],"items_purchased_type":["Card","Relic","Relic"],"build_version":"2020-12-22","purchased_purges":2,"victory":false,"max_hp_per_floor":[90,90,90,90,90,90,90,90,90,90,90,90,90,90,90,90,90,90,90,90,90,90,90,90,90,90,90,90,90,90,90,90,90,90,90,90,90,90,90,90,90,90,100,100,100,100,90,90,90,90,90,90,90,90,90,90,90],"card_choices":[{"not_picked":["champ:ShieldSlam","champ:FlashCut"],"picked":"champ:PerfectedStrike","floor":2.0},{"not_picked":["champ:ShieldSigil","champ:CrookedStrike"],"picked":"champ:TornadoPunch","floor":3.0},{"not_picked":["champ:BerserkersShout","champ:FlashCut"],"picked":"champ:Lariat","floor":5.0},{"not_picked":["champ:Shatter","champ:DefensiveShout"],"picked":"champ:PreemptiveStrike","floor":8.0},{"not_picked":["champ:TornadoPunch","champ:HeavySlash","champ:BerserkersShout"],"picked":"SKIP","floor":9.0},{"not_picked":["champ:BerserkerStyle","champ:RecklessLeap"],"picked":"champ:FlashCut","floor":10.0},{"not_picked":["champ:ShieldSlam","champ:FaceSlap"],"picked":"champ:ArenaPreparation","floor":12.0},{"not_picked":["champ:HeartStrike","champ:ShieldSigil","champ:FancyFootwork"],"picked":"champ:FlashCut","floor":13},{"not_picked":["champ:FancyFootwork","champ:Backstep","champ:PerfectedStrike","champ:HeavySlash"],"picked":"SKIP","floor":15},{"not_picked":["champ:DancingMaster","champ:Devastate","champ:UltimateStance"],"picked":"champ:CheapShot","floor":16},{"not_picked":["champ:BerserkersShout","champ:ArenaPreparation","champ:AdrenalArmor"],"picked":"champ:FalseCounter","floor":19},{"not_picked":["champ:RapidStrikes+1","champ:PerfectedStrike","champ:CrownThrow"],"picked":"champ:Parry+1","floor":20},{"not_picked":["champ:RapidStrikes","champ:FlashCut","champ:DefensiveShout"],"picked":"champ:FocusedDefense","floor":22},{"not_picked":["champ:TornadoPunch+1","champ:CrownThrow+1","champ:FalseCounter","champ:FocusedBerserking+1"],"picked":"SKIP","floor":26},{"not_picked":["champ:Backstep","champ:FaceSlap+1","champ:DancingMaster"],"picked":"champ:Haymaker+1","floor":27},{"not_picked":["champ:ShieldSigil","champ:Backstep","champ:DefensiveShout"],"picked":"champ:EnGarde+1","floor":29},{"not_picked":["champ:BerserkersShout","champ:BladeFlurry+1","champ:EnGarde"],"picked":"champ:PreciseThrust+1","floor":30},{"not_picked":["champ:Circumvent","champ:PreemptiveStrike+1","champ:SetATrap+1"],"picked":"champ:DefensiveShout+1","floor":31},{"not_picked":["champ:FanOfKnives+1","champ:AdrenalArmor","champ:CheapShot+1"],"picked":"champ:EnGarde","floor":32},{"not_picked":["champ:TripleStrike+1","champ:EnchantCrown","champ:DancingMaster"],"picked":"champ:SteelEdge+1","floor":33},{"not_picked":["champ:PerfectedStrike+1","champ:EnGarde+1","champ:StanceDance","champ:DeathBlow+1"],"picked":"SKIP","floor":36},{"not_picked":["champ:ViciousMockery+1","champ:FanOfKnives+1","champ:AdrenalArmor"],"picked":"champ:DefensiveShout+1","floor":37},{"not_picked":["champ:BerserkerStyle+1","champ:SwordSigil","champ:BringItOn+1"],"picked":"champ:Circumvent+1","floor":38},{"not_picked":["champ:DeathBlow+1","champ:DefensiveShout+1","champ:FaceSlap+1"],"picked":"champ:CalledShot+1","floor":39},{"not_picked":["champ:ShieldSlam","champ:PerfectedStrike+1","champ:Encircle+1"],"picked":"champ:RageSigil","floor":40},{"not_picked":["champ:BladeFlurry+1","champ:EndlessRage","champ:HeartStrike+1"],"picked":"champ:RageSigil","floor":44},{"not_picked":["champ:FaceSlap+1","champ:PreciseThrust+1","champ:ShieldSlam+1","champ:AdrenalArmor+1"],"picked":"SKIP","floor":46},{"not_picked":["champ:Endure","champ:Shatter+1","champ:FlashCut+1"],"picked":"champ:TripleStrike+1","floor":48},{"not_picked":["champ:BladeFlurry+1","champ:EnGarde","champ:BerserkersShout"],"picked":"champ:SetATrap+1","floor":49},{"not_picked":["champ:FancyFootwork+1","champ:FanOfKnives+1","champ:SkillfulDodge+1"],"picked":"champ:RageSigil+1","floor":52}],"player_experience":2248194,"relics_obtained":[{"floor":7.0,"key":"Blue Candle"},{"floor":9.0,"key":"Omamori"},{"floor":12.0,"key":"Question Card"},{"floor":24,"key":"Molten Egg 2"},{"floor":27,"key":"HornCleat"},{"floor":29,"key":"Bag of Marbles"},{"floor":31,"key":"Smiling Mask"},{"floor":39,"key":"Potion Belt"},{"floor":46,"key":"hexamod:Sixitude"},{"floor":52,"key":"Boot"}],"event_choices":[{"damage_healed":0.0,"max_hp_gain":0.0,"max_hp_loss":0.0,"gold_gain":0.0,"event_name":"Lab","player_choice":"Got Potions","floor":4.0,"gold_loss":0.0,"damage_taken":0.0}],"is_beta":false,"boss_relics":[{"not_picked":["sneckomod:SneckoTalon","Black Star"],"picked":"Runic Dome"},{"not_picked":["Coffee Dripper","Velvet Choker"],"picked":"Cursed Key"}],"items_purged_floors":[13,26],"is_endless":false,"potions_floor_spawned":[8,9,15,16,19,22,27,29,31,37,38,39,44],"killed_by":"downfall:NeowBoss","ascension_level":4}}