{"host":"dv29tre2e7vje47n","time":1613926042,"event":{"mods":["AchievementEnabler","BaseMod","Colored Map","Colored Powertips","DeckTracker","Displayed Cursed Tome","Downfall","Friendly Minions","Googly Eyes","Highlight Path","Key Reminder","Minty Spire (QoL Compilation)","Quick Restart","Random Character Button","Rare Cards Sparkle","Relic Sorter","Relic Stats","Replay The Spire","Spire Arcade","Spire Birthday Party","StSLib","SuperFastMode","Unceasing Turn Reminder"],"gold_per_floor":[99,119,119,119,29,46,128,148,148,165,165,200,300,300,319,423,423,423,437,453,463,563,563,563,563,580,610,620,650,550,562,582,682,682,682,695,711,619,619,634,634,634,634,634,653,19,29,49,59,59,59,59],"floor_reached":50,"language":"ENG","playtime":2421,"items_purged":["downfall:Malfunctioning"],"score":589,"play_id":"6062a32a-7ba0-48c6-a96c-890e664ba197","local_time":"20210221174722","is_ascension_mode":true,"campfire_choices":[{"floor":1.0,"key":"DIG"},{"data":"sneckomod:UnknownX","floor":9.0,"key":"SMITH"},{"floor":30,"key":"REST"},{"data":"sneckomod:PureSnecko","floor":42,"key":"SMITH"},{"data":"sneckomod:SerpentIdol","floor":42,"key":"SMITH"},{"floor":44,"key":"RECALL"}],"circlet_count":0,"master_deck":["sneckomod:Strike","sneckomod:Strike","sneckomod:Defend","sneckomod:Defend+1","sneckomod:TailWhip","sneckomod:SnekBite","sneckomod:Unknown","sneckomod:Unknown+1","sneckomod:UnknownCommonAttack","sneckomod:Restock+1","sneckomod:IronFang","sneckomod:WideSting","Malaise+1","sneckomod:Unknown0Cost","sneckomod:SoulCleanse","sneckomod:ImprovisedGuard","Footwork+1","Meteor Strike","sneckomod:SerpentIdol+1","sneckomod:QuickMove","sneckomod:UnknownClassRED","sneckomod:UnknownDexterity+1","sneckomod:UnknownUncommonPower+1","sneckomod:Unknown3Cost","Demon Form+1","sneckomod:PureSnecko+1","sneckomod:Rotation+1","sneckomod:UnendingSupply+1","sneckomod:SlitherStrike","Parasite","sneckomod:Unknown3Cost"],"relics":["sneckomod:SneckoSoul","Happy Flower","Blue Candle","Meat on the Bone","Bag of Marbles","Black Star","Ginger","Frozen Egg 2","Bottled Tornado","Replay:Ringing Soul","Replay:Arrowhead","hexamod:CandleOfCauterizing","Ornamental Fan","keyreminder:keyreminder","downfall:HeartBlessingGreen","SlaversCollar","Mango","Iron Hammer","Pondfish Scales"],"acts_visited":["Exordium","TheCity","TheBeyond"],"potions_floor_usage":[],"damage_taken":[{"damage":0.0,"enemies":"Small Slimes","floor":2.0,"turns":2.0},{"damage":2.0,"enemies":"downfall:FleeingMerchant","floor":5.0,"turns":4.0},{"damage":0.0,"enemies":"2 Louse","floor":6.0,"turns":1.0},{"damage":8.0,"enemies":"Jaw Worm","floor":8.0,"turns":2.0},{"damage":9.0,"enemies":"Exordium Wildlife","floor":10.0,"turns":4.0},{"damage":4,"enemies":"3 Sentries","floor":12,"turns":3},{"damage":3,"enemies":"Lots of Slimes","floor":15,"turns":2},{"damage":53,"enemies":"DF_ARCHETYPE_STREAMLINE","floor":16,"turns":8},{"damage":6,"enemies":"downfall:LooterAlt2","floor":19,"turns":6},{"damage":5,"enemies":"Shell Parasite","floor":20,"turns":4},{"damage":15,"enemies":"Snake Plant","floor":21,"turns":5},{"damage":0,"enemies":"WA_ARCHETYPE_RETAIN","floor":22,"turns":4},{"damage":9,"enemies":"Snecko","floor":26,"turns":4},{"damage":30,"enemies":"Gremlin Leader","floor":27,"turns":8},{"damage":17,"enemies":"Centurion and Healer","floor":28,"turns":7},{"damage":16,"enemies":"Replay:Snechameleon","floor":29,"turns":4},{"damage":14,"enemies":"3 Cultists","floor":31,"turns":6},{"damage":0,"enemies":"Snake Plant","floor":32,"turns":4},{"damage":7,"enemies":"SI_MIRROR_ARCHETYPE","floor":33,"turns":7},{"damage":19,"enemies":"3 Darklings","floor":36,"turns":7},{"damage":31,"enemies":"3 Shapes","floor":37,"turns":6},{"damage":0,"enemies":"downfall:FleeingMerchant","floor":38,"turns":4},{"damage":13,"enemies":"3 Darklings","floor":40,"turns":4},{"damage":36,"enemies":"Jaw Worm Horde","floor":45,"turns":4},{"damage":20,"enemies":"downfall:FleeingMerchant","floor":46,"turns":4},{"damage":25,"enemies":"Maw","floor":47,"turns":8},{"damage":5,"enemies":"Writhing Mass","floor":48,"turns":8},{"damage":18,"enemies":"Spire Growth","floor":49,"turns":7},{"damage":87,"enemies":"IC_BLOCK_ARCHETYPE","floor":50,"turns":8}],"seed_played":"1970536151331622206","potions_obtained":[{"floor":6.0,"key":"sneckomod:MuddlingPotion"},{"floor":8.0,"key":"Explosive Potion"},{"floor":10.0,"key":"DuplicationPotion"}],"is_trial":false,"path_per_floor":["R_BF","M","?","?","$","M","T","M","R","M","?","E","?","?","M","B",null,"R","M","M","M","?","R","T","R","M","E","M","E","R","M","M","B",null,"R","M","M","$","?","M","T","R","?","R","M","$","M","M","M","B"],"character_chosen":"THE_SNECKO","items_purchased":["sneckomod:UnendingSupply+1","sneckomod:SlitherStrike","Iron Hammer","Pondfish Scales"],"campfire_rested":1,"item_purchase_floors":[38,46,46,46],"current_hp_per_floor":[81,81,81,76,74,74,74,66,66,57,57,53,53,80,77,36,81,81,80,75,60,60,60,60,60,51,36,34,33,60,46,49,67,96,99,83,55,58,58,57,71,71,122,122,86,69,78,76,73,0,0,0],"gold":59,"neow_bonus":"TRANSFORM_TWO_CARDS","is_daily":false,"chose_seed":false,"campfire_upgraded":3,"win_rate":0.0,"timestamp":1613926042,"path_taken":["R_BF","M","?","?","$","M","T","M","R","M","?","E","?","?","M","BOSS","R","M","M","M","?","R","T","R","M","E","M","E","R","M","M","BOSS","R","M","M","$","?","M","T","R","?","R","?","$","M","M","M","BOSS"],"items_purchased_type":["Card","Card","Relic","Relic"],"build_version":"2020-12-22","purchased_purges":1,"victory":false,"max_hp_per_floor":[81,81,81,81,81,81,81,81,81,81,81,81,81,81,81,81,81,81,81,81,81,81,81,81,81,81,84,87,90,90,90,93,96,96,99,102,105,108,108,108,122,122,122,122,122,125,125,128,131,131,131,131],"relic_stats":{"Happy Flower":[48],"counters":[29,145],"Ornamental Fan":[104],"Blue Candle":[2],"Black Star":2,"Ginger":[18],"obtain_stats":[{"hexamod:CandleOfCauterizing":29,"Happy Flower":1,"Blue Candle":4,"downfall:HeartBlessingGreen":30,"Mango":41,"Ginger":22,"Frozen Egg 2":22,"Bottled Tornado":24,"sneckomod:SneckoSoul":0,"Replay:Arrowhead":27,"keyreminder:keyreminder":29,"Replay:Ringing Soul":27,"SlaversCollar":34,"Pondfish Scales":46,"Ornamental Fan":29,"Iron Hammer":46,"Bag of Marbles":12,"Black Star":17,"Meat on the Bone":7},{"hexamod:CandleOfCauterizing":16,"Happy Flower":0,"Blue Candle":1,"downfall:HeartBlessingGreen":16,"Mango":23,"Ginger":12,"Frozen Egg 2":12,"Bottled Tornado":12,"sneckomod:SneckoSoul":0,"Replay:Arrowhead":14,"keyreminder:keyreminder":16,"Replay:Ringing Soul":14,"SlaversCollar":19,"Pondfish Scales":25,"Ornamental Fan":16,"Iron Hammer":25,"Bag of Marbles":6,"Black Star":8,"Meat on the Bone":3},{"hexamod:CandleOfCauterizing":68,"Happy Flower":0,"Blue Candle":2,"downfall:HeartBlessingGreen":68,"Mango":106,"Ginger":45,"Frozen Egg 2":45,"Bottled Tornado":45,"sneckomod:SneckoSoul":0,"Replay:Arrowhead":57,"keyreminder:keyreminder":68,"Replay:Ringing Soul":57,"SlaversCollar":85,"Pondfish Scales":114,"Ornamental Fan":68,"Iron Hammer":114,"Bag of Marbles":16,"Black Star":26,"Meat on the Bone":7}],"Meat on the Bone":84},"card_choices":[{"not_picked":["sneckomod:UnknownVulnerable","sneckomod:DiceCrush"],"picked":"sneckomod:UnknownDexterity","floor":2.0},{"not_picked":["sneckomod:MixItUp","sneckomod:UnknownCommonAttack"],"picked":"sneckomod:IronFang","floor":5.0},{"not_picked":["sneckomod:WideSting","sneckomod:Memorize"],"picked":"sneckomod:UnknownX","floor":6.0},{"not_picked":["sneckomod:IronFang","sneckomod:SoulDraw","sneckomod:DiceCrush"],"picked":"SKIP","floor":8.0},{"not_picked":["sneckomod:IronFang","sneckomod:DiceCrush"],"picked":"sneckomod:WideSting","floor":10.0},{"not_picked":["sneckomod:UnknownDraw","sneckomod:TrashToTreasure"],"picked":"sneckomod:UnknownStrength","floor":12},{"not_picked":["sneckomod:UnknownClassRED","sneckomod:SoulDraw","sneckomod:RainOfDice"],"picked":"SKIP","floor":15},{"not_picked":["sneckomod:Restock","sneckomod:GlitteringGambit"],"picked":"sneckomod:UnknownRareAttack","floor":16},{"not_picked":["sneckomod:UnknownDexterity","sneckomod:UnknownClassBLUE"],"picked":"sneckomod:Unknown0Cost","floor":19},{"not_picked":["sneckomod:UnknownWeak","sneckomod:SoulRoll","sneckomod:UnknownColorless"],"picked":"SKIP","floor":20},{"not_picked":["sneckomod:UnknownUncommonSkill","sneckomod:SoulDraw"],"picked":"sneckomod:SoulCleanse","floor":21},{"not_picked":["sneckomod:UnknownColorless","sneckomod:UnknownClassBLUE+1"],"picked":"sneckomod:ImprovisedGuard","floor":22},{"not_picked":["sneckomod:UnknownBlock","sneckomod:SoulCleanse"],"picked":"sneckomod:SerpentIdol","floor":26},{"not_picked":["sneckomod:SoulRoll","sneckomod:IronFang"],"picked":"sneckomod:QuickMove","floor":27},{"not_picked":["sneckomod:UnknownStrike","sneckomod:Unknown2Cost+1"],"picked":"sneckomod:UnknownClassRED","floor":28},{"not_picked":["sneckomod:Unknown1Cost","sneckomod:DefensiveFlair"],"picked":"sneckomod:UnknownDexterity+1","floor":29},{"not_picked":["sneckomod:QuickMove","sneckomod:DiceCrush","sneckomod:UnknownClassGREEN+1"],"picked":"SKIP","floor":31},{"not_picked":["sneckomod:SerpentIdol","sneckomod:Unknown1Cost"],"picked":"sneckomod:UnknownUncommonPower+1","floor":32},{"not_picked":["sneckomod:GlitteringGambit","sneckomod:Cheat"],"picked":"sneckomod:Unknown3Cost","floor":33},{"not_picked":["sneckomod:SoulDraw+1","sneckomod:UnknownCommonSkill+1"],"picked":"sneckomod:PureSnecko","floor":36},{"not_picked":["sneckomod:SnekBeam","sneckomod:DiceCrush"],"picked":"sneckomod:Unknown0Cost+1","floor":37},{"not_picked":["sneckomod:IronFang+1","sneckomod:WideSting+1"],"picked":"sneckomod:Rotation+1","floor":38},{"not_picked":["sneckomod:WideSting","sneckomod:UnknownCommonAttack+1","sneckomod:DiceCrush"],"picked":"SKIP","floor":40},{"not_picked":["sneckomod:SoulRoll","sneckomod:QuickMove+1","sneckomod:Unknown1Cost"],"picked":"SKIP","floor":45},{"not_picked":["sneckomod:IronFang","sneckomod:Unknown0Cost+1","sneckomod:QuickBite+1"],"picked":"SKIP","floor":46},{"not_picked":["sneckomod:UnknownDexterity+1","sneckomod:UnknownWeak","sneckomod:RainOfDice+1"],"picked":"SKIP","floor":47},{"not_picked":["sneckomod:RainOfDice","sneckomod:UnknownClassBLUE","sneckomod:UnknownClassGREEN"],"picked":"SKIP","floor":48},{"not_picked":["sneckomod:UnknownCommonAttack+1","sneckomod:SoulRoll"],"picked":"sneckomod:Unknown3Cost","floor":49}],"player_experience":12992,"relics_obtained":[{"floor":1.0,"key":"Happy Flower"},{"floor":7.0,"key":"Meat on the Bone"},{"floor":12,"key":"Bag of Marbles"},{"floor":22,"key":"Ginger"},{"floor":22,"key":"Frozen Egg 2"},{"floor":24,"key":"Bottled Tornado"},{"floor":27,"key":"Replay:Ringing Soul"},{"floor":27,"key":"Replay:Arrowhead"},{"floor":29,"key":"hexamod:CandleOfCauterizing"},{"floor":29,"key":"Ornamental Fan"},{"floor":41,"key":"Mango"}],"event_choices":[{"damage_healed":27,"gold_gain":0,"player_choice":"Banana","damage_taken":0,"max_hp_gain":0,"max_hp_loss":0,"event_name":"Big Fish","floor":14,"gold_loss":0},{"cards_removed":["sneckomod:Unknown0Cost"],"damage_healed":51,"gold_gain":0,"player_choice":"Offered Uncommon","damage_taken":0,"max_hp_gain":0,"max_hp_loss":0,"event_name":"Bonfire Elementals","floor":43,"gold_loss":0}],"is_beta":false,"boss_relics":[{"not_picked":["Philosopher\u0027s Stone","Painkiller Herb"],"picked":"Black Star"},{"not_picked":["Velvet Choker","expansioncontent:StudyCardRelic"],"picked":"SlaversCollar"}],"items_purged_floors":[5],"is_endless":false,"potions_floor_spawned":[6,8,10,12,16,26,28,29,31,33,40,45,47,48],"killed_by":"IC_BLOCK_ARCHETYPE","ascension_level":1}}