{"host":"imy0w7zcgpxryx7c","time":1613881853,"event":{"mods":["AchievementEnabler","BaseMod","Colored Map","Colored Powertips","Minty Spire (QoL Compilation)","Relic Sorter","StSLib"],"gold_per_floor":[139,177,235,16,16,16,16,16,16,52,52,108,108,168,168,297,297,337,346,370,405,405,405,439,439,462,494,546,613,63,78,78,202,202,242,281,316,191,191,191,191,218,218,218,67,102,144,156,156,156],"floor_reached":51,"language":"ENG","playtime":4224,"items_purged":["Strike_R","Strike_R","Strike_R"],"score":1234,"play_id":"d1266e19-dbeb-496f-8ea9-9ac685168317","local_time":"20210220233053","is_ascension_mode":true,"campfire_choices":[{"data":"HandOfGreed","floor":6,"key":"SMITH"},{"data":"Bash","floor":8,"key":"SMITH"},{"data":"Bloodletting","floor":11,"key":"SMITH"},{"data":"Demon Form","floor":13,"key":"SMITH"},{"data":"Warcry","floor":15,"key":"SMITH"},{"data":"Flame Barrier","floor":23,"key":"SMITH"},{"floor":25,"key":"REST"},{"data":"1","floor":32,"key":"LIFT"},{"data":"2","floor":40,"key":"LIFT"},{"data":"3","floor":44,"key":"LIFT"},{"data":"Trip","floor":49,"key":"SMITH"}],"circlet_count":0,"master_deck":["AscendersBane","Strike_R+1","Defend_R","Defend_R","Defend_R","Bash+1","HandOfGreed+1","Flame Barrier+1","Bludgeon+1","Bloodletting+1","Demon Form+1","Warcry+1","Limit Break+1","Combust","Thunderclap+1","Pommel Strike+1","Shrug It Off","Dramatic Entrance","Bloodletting","Blood for Blood","Brutality","Fire Breathing","Shrug It Off+1","Second Wind+1","Trip+1","Master of Strategy","Headbutt"],"relics":["Black Blood","Whetstone","Gremlin Horn","White Beast Statue","MealTicket","Bag of Marbles","TungstenRod","MawBank","Strawberry","Girya","Runic Pyramid","Thread and Needle","PreservedInsect","Oddly Smooth Stone","Bronze Scales"],"acts_visited":["Exordium","TheCity","TheBeyond"],"potions_floor_usage":[10,14,19,21,24,29,31,33,33,36,42,46,46,48,50,50],"damage_taken":[{"damage":12,"enemies":"Jaw Worm","floor":1,"turns":3},{"damage":1,"enemies":"Cultist","floor":2,"turns":3},{"damage":4,"enemies":"2 Louse","floor":3,"turns":5},{"damage":3,"enemies":"2 Fungi Beasts","floor":10,"turns":3},{"damage":3,"enemies":"Gremlin Nob","floor":12,"turns":3},{"damage":18,"enemies":"3 Sentries","floor":14,"turns":5},{"damage":20,"enemies":"Slime Boss","floor":16,"turns":8},{"damage":19,"enemies":"Spheric Guardian","floor":18,"turns":4},{"damage":15,"enemies":"2 Thieves","floor":19,"turns":4},{"damage":10,"enemies":"Snecko","floor":21,"turns":3},{"damage":31,"enemies":"Slavers","floor":24,"turns":4},{"damage":2,"enemies":"Chosen and Byrds","floor":27,"turns":3},{"damage":30,"enemies":"Sentry and Sphere","floor":28,"turns":4},{"damage":49,"enemies":"Book of Stabbing","floor":29,"turns":5},{"damage":0,"enemies":"Snake Plant","floor":31,"turns":2},{"damage":43,"enemies":"Champ","floor":33,"turns":10},{"damage":12,"enemies":"3 Shapes","floor":35,"turns":2},{"damage":36,"enemies":"3 Darklings","floor":36,"turns":4},{"damage":2,"enemies":"Jaw Worm Horde","floor":37,"turns":2},{"damage":17,"enemies":"Giant Head","floor":42,"turns":6},{"damage":4,"enemies":"Reptomancer","floor":46,"turns":3},{"damage":13,"enemies":"Writhing Mass","floor":47,"turns":4},{"damage":0,"enemies":"3 Darklings","floor":48,"turns":3},{"damage":54,"enemies":"Awakened One","floor":50,"turns":7}],"seed_played":"7415539728375994849","potions_obtained":[{"floor":2,"key":"Block Potion"},{"floor":10,"key":"Energy Potion"},{"floor":14,"key":"Weak Potion"},{"floor":16,"key":"BlessingOfTheForge"},{"floor":19,"key":"Energy Potion"},{"floor":21,"key":"FearPotion"},{"floor":24,"key":"Ancient Potion"},{"floor":29,"key":"Dexterity Potion"},{"floor":31,"key":"FearPotion"},{"floor":33,"key":"LiquidBronze"},{"floor":35,"key":"LiquidMemories"},{"floor":36,"key":"ElixirPotion"},{"floor":37,"key":"Swift Potion"},{"floor":42,"key":"Swift Potion"},{"floor":46,"key":"Regen Potion"},{"floor":47,"key":"LiquidBronze"},{"floor":48,"key":"LiquidMemories"}],"is_trial":false,"path_per_floor":["M","M","M","$","?","R","?","R","T","M","R","E","R","E","R","B",null,"M","M","T","M","?","R","E","R","T","M","M","E","$","M","R","B",null,"M","M","M","$","?","R","?","E","T","R","$","E","M","M","R","B",null],"character_chosen":"IRONCLAD","items_purchased":["Whetstone","Girya","Dramatic Entrance","Bloodletting","Oddly Smooth Stone"],"campfire_rested":1,"item_purchase_floors":[4,30,30,30,45],"current_hp_per_floor":[66,71,72,72,72,72,72,72,72,72,72,72,72,60,60,46,66,59,56,56,58,58,58,39,60,60,70,52,22,37,49,49,18,64,64,40,50,65,61,61,61,56,56,56,71,79,78,79,79,49],"gold":156,"neow_bonus":"RANDOM_COLORLESS_2","is_daily":false,"chose_seed":false,"campfire_upgraded":7,"win_rate":0.0,"timestamp":1613881853,"path_taken":["M","M","M","$","?","R","?","R","T","?","R","E","R","E","R","BOSS","M","M","?","M","?","R","E","R","T","M","M","E","$","M","R","BOSS","M","M","?","?","?","R","?","E","T","R","$","E","?","M","R","BOSS"],"items_purchased_type":["Relic","Relic","Card","Card","Relic"],"build_version":"2020-12-22","purchased_purges":3,"victory":true,"max_hp_per_floor":[72,72,72,72,72,72,72,72,72,72,72,72,72,72,72,72,72,72,72,72,72,72,72,72,72,72,72,72,79,79,79,79,79,79,79,79,79,79,79,79,79,79,79,79,79,79,79,79,79,79],"card_choices":[{"not_picked":["Mayhem","Metamorphosis"],"picked":"HandOfGreed","floor":0},{"not_picked":["True Grit","Clash","Sever Soul"],"picked":"SKIP","floor":1},{"not_picked":["Flex","Blood for Blood"],"picked":"Flame Barrier","floor":2},{"not_picked":["Burning Pact","Flex"],"picked":"Bludgeon","floor":3},{"not_picked":["Anger","Dark Embrace"],"picked":"Bloodletting","floor":10},{"not_picked":["Bludgeon","Bloodletting"],"picked":"Demon Form","floor":12},{"not_picked":["Perfected Strike","Infernal Blade"],"picked":"Warcry","floor":14},{"not_picked":["Corruption","Fiend Fire"],"picked":"Limit Break","floor":16},{"not_picked":["Wild Strike","Perfected Strike"],"picked":"Combust","floor":18},{"not_picked":["Spot Weakness","Wild Strike"],"picked":"Thunderclap+1","floor":19},{"not_picked":["Iron Wave+1","Armaments"],"picked":"Pommel Strike+1","floor":21},{"not_picked":["Metallicize","Feel No Pain","Sword Boomerang"],"picked":"SKIP","floor":24},{"not_picked":["Metallicize","Feel No Pain","Sword Boomerang"],"picked":"SKIP","floor":24},{"not_picked":["Clash","Infernal Blade","Barricade"],"picked":"SKIP","floor":27},{"not_picked":["Twin Strike","Rupture","True Grit"],"picked":"SKIP","floor":28},{"not_picked":["Bludgeon","Twin Strike"],"picked":"Shrug It Off","floor":29},{"not_picked":["Pommel Strike","Cleave"],"picked":"Blood for Blood","floor":31},{"not_picked":["Impervious","Barricade"],"picked":"Brutality","floor":33},{"not_picked":["Metallicize+1","Wild Strike+1"],"picked":"Fire Breathing","floor":35},{"not_picked":["Clash","Clothesline+1"],"picked":"Shrug It Off+1","floor":36},{"not_picked":["Rampage+1","Thunderclap+1"],"picked":"Second Wind+1","floor":37},{"not_picked":["Jack Of All Trades","Finesse"],"picked":"Trip","floor":39},{"not_picked":["Bandage Up","HandOfGreed"],"picked":"Master of Strategy","floor":39},{"not_picked":["Anger+1","Pommel Strike","Carnage+1"],"picked":"SKIP","floor":42},{"not_picked":["Sever Soul","Pummel+1","Whirlwind+1"],"picked":"SKIP","floor":46},{"not_picked":["Havoc","Sword Boomerang"],"picked":"Headbutt","floor":47},{"not_picked":["Second Wind+1","Rage+1","Havoc+1"],"picked":"SKIP","floor":48}],"player_experience":473022,"relics_obtained":[{"floor":9,"key":"Gremlin Horn"},{"floor":12,"key":"White Beast Statue"},{"floor":14,"key":"MealTicket"},{"floor":20,"key":"Bag of Marbles"},{"floor":24,"key":"TungstenRod"},{"floor":26,"key":"MawBank"},{"floor":29,"key":"Strawberry"},{"floor":42,"key":"Thread and Needle"},{"floor":43,"key":"PreservedInsect"},{"floor":46,"key":"Bronze Scales"}],"event_choices":[{"damage_healed":0,"gold_gain":0,"player_choice":"Ignored","damage_taken":0,"max_hp_gain":0,"max_hp_loss":0,"event_name":"Liars Game","floor":5,"gold_loss":0},{"cards_removed":["Strike_R"],"damage_healed":0,"gold_gain":0,"player_choice":"Purged","damage_taken":0,"max_hp_gain":0,"max_hp_loss":0,"event_name":"Purifier","floor":7,"gold_loss":0},{"damage_healed":0,"gold_gain":0,"player_choice":"Forge","damage_taken":0,"max_hp_gain":0,"max_hp_loss":0,"event_name":"Accursed Blacksmith","floor":22,"gold_loss":0,"cards_upgraded":["Limit Break"]},{"damage_healed":0,"gold_gain":0,"player_choice":"Memory 2","damage_taken":5,"max_hp_gain":0,"max_hp_loss":0,"event_name":"SensoryStone","floor":39,"gold_loss":0},{"cards_removed":["Defend_R"],"damage_healed":0,"gold_gain":0,"player_choice":"Offered Basic","damage_taken":0,"max_hp_gain":0,"max_hp_loss":0,"event_name":"Bonfire Elementals","floor":41,"gold_loss":0}],"is_beta":false,"boss_relics":[{"not_picked":["Sozu","Fusion Hammer"],"picked":"Black Blood"},{"not_picked":["Mark of Pain","Cursed Key"],"picked":"Runic Pyramid"}],"items_purged_floors":[4,30,38],"is_endless":false,"potions_floor_spawned":[2,10,14,16,18,19,21,24,27,28,29,31,33,35,36,37,42,46,47,48],"ascension_level":11}}