{"host":"sav7uxregyirlf69","time":1613875954,"event":{"mods":["AchievementEnabler","BaseMod","Colored Map","DeckTracker","Keyboard Shortcuts","Minty Spire (QoL Compilation)","READ ME - Guardian Mod","StSLib","SuperFastMode"],"gold_per_floor":[19,294,91,101,112,112,126,156,182,216,240,205,219,246,246,318,318,336,38,54,80,80,80,98,98,122,137,137,166,166,185,185,261,261,273,273,290,306,148,183,183,200,248,159,170,170,201,212,212,212,212,212,212,38,73,73],"floor_reached":57,"language":"KOR","playtime":1640,"items_purged":["Regret","Strike_R","Strike_R","Cleave"],"score":2854,"play_id":"4dbc01c4-6f02-42f9-b8df-f8f423589c78","local_time":"20210221115234","is_ascension_mode":true,"campfire_choices":[{"data":"Mayhem","floor":6.0,"key":"SMITH"},{"data":"Uppercut","floor":15.0,"key":"SMITH"},{"data":"Apotheosis","floor":23,"key":"SMITH"},{"floor":25,"key":"REST"},{"data":"Offering","floor":28,"key":"SMITH"},{"floor":30,"key":"REST"},{"floor":32,"key":"REST"},{"floor":41,"key":"REST"},{"floor":46,"key":"REST"},{"floor":49,"key":"RECALL"},{"data":"Evolve","floor":53,"key":"SMITH"}],"circlet_count":0,"master_deck":["AscendersBane","Strike_R","Defend_R","Defend_R","Defend_R","Defend_R","Bash","Mayhem+1","Shockwave","Ghostly Armor","Dropkick","Uppercut+1","Shrug It Off","Offering+1","Evolve+1","Feel No Pain","Apotheosis+1","Body Slam","Rage","Shrug It Off","Barricade+1","Seeing Red","Shrug It Off","Battle Trance","Fire Breathing","Entrench"],"relics":["Burning Blood","Happy Flower","Nunchaku","Centennial Puzzle","Odd Mushroom","Mango","Empty Cage","Membership Card","Red Mask","Akabeko","Pear","Busted Crown","ClockworkSouvenir","Dead Branch","White Beast Statue","Bag of Marbles"],"acts_visited":["Exordium","TheCity","TheBeyond","TheEnding"],"potions_floor_usage":[21,40,51,56],"damage_taken":[{"damage":11.0,"enemies":"Jaw Worm","floor":1.0,"turns":5.0},{"damage":0.0,"enemies":"Cultist","floor":4.0,"turns":4.0},{"damage":5.0,"enemies":"Small Slimes","floor":5.0,"turns":3.0},{"damage":7.0,"enemies":"Looter","floor":7.0,"turns":4.0},{"damage":10.0,"enemies":"3 Sentries","floor":8.0,"turns":3.0},{"damage":29.0,"enemies":"Gremlin Nob","floor":10.0,"turns":4.0},{"damage":32.0,"enemies":"The Mushroom Lair","floor":11.0,"turns":3.0},{"damage":10.0,"enemies":"Exordium Wildlife","floor":13.0,"turns":6.0},{"damage":5.0,"enemies":"3 Sentries","floor":14.0,"turns":6.0},{"damage":5.0,"enemies":"The Guardian","floor":16.0,"turns":10.0},{"damage":28,"enemies":"3 Byrds","floor":18,"turns":7},{"damage":10,"enemies":"Spheric Guardian","floor":20,"turns":7},{"damage":25,"enemies":"Masked Bandits","floor":21,"turns":5},{"damage":18,"enemies":"3 Cultists","floor":24,"turns":5},{"damage":6,"enemies":"Centurion and Healer","floor":27,"turns":5},{"damage":29,"enemies":"Slavers","floor":29,"turns":6},{"damage":25,"enemies":"Chosen and Byrds","floor":31,"turns":7},{"damage":28,"enemies":"Automaton","floor":33,"turns":12},{"damage":13,"enemies":"3 Darklings","floor":35,"turns":7},{"damage":6,"enemies":"3 Shapes","floor":37,"turns":5},{"damage":7,"enemies":"3 Darklings","floor":38,"turns":6},{"damage":72,"enemies":"Reptomancer","floor":40,"turns":7},{"damage":6,"enemies":"Jaw Worm Horde","floor":42,"turns":2},{"damage":6,"enemies":"Spire Growth","floor":45,"turns":5},{"damage":27,"enemies":"Giant Head","floor":47,"turns":11},{"damage":9,"enemies":"3 Darklings","floor":48,"turns":4},{"damage":20,"enemies":"Time Eater","floor":50,"turns":12},{"damage":18,"enemies":"Donu and Deca","floor":51,"turns":7},{"damage":12,"enemies":"Shield and Spear","floor":55,"turns":4},{"damage":32,"enemies":"The Heart","floor":56,"turns":13}],"seed_played":"-7662916720360958400","potions_obtained":[{"floor":4.0,"key":"Strength Potion"},{"floor":8.0,"key":"PowerPotion"},{"floor":11.0,"key":"AttackPotion"},{"floor":16.0,"key":"Block Potion"},{"floor":18,"key":"SteroidPotion"},{"floor":37,"key":"Strength Potion"},{"floor":40,"key":"DuplicationPotion"},{"floor":48,"key":"HeartOfIron"}],"is_trial":false,"path_per_floor":["M","?","$","M","M","R","M","E","T","E","?","?","M","E","R","B",null,"M","$","M","?","?","R","M","R","T","M","R","E","R","M","R","B",null,"M","?","M","M","$","E","R","M","T","$","M","R","E","M","R","B","B",null,"R","$","E","B",null],"character_chosen":"IRONCLAD","items_purchased":["Shockwave","ColorlessPotion","Membership Card","Feel No Pain","Apotheosis","ClockworkSouvenir","PowerPotion","Shrug It Off","Entrench","FairyPotion"],"campfire_rested":5,"item_purchase_floors":[3,3,19,19,19,39,39,44,54,54],"current_hp_per_floor":[63,63,63,69,70,70,69,65,65,42,16,34,30,45,45,46,78,56,56,52,33,33,33,21,47,47,47,47,34,63,44,73,51,87,80,80,80,79,79,13,42,42,42,42,42,71,50,47,47,33,21,80,80,80,74,48],"gold":73,"neow_bonus":"RANDOM_COLORLESS_2","is_daily":false,"chose_seed":false,"campfire_upgraded":5,"win_rate":0.0,"timestamp":1613875954,"path_taken":["M","?","$","M","?","R","?","E","T","E","?","?","M","E","R","BOSS","M","$","M","?","?","R","M","R","T","M","R","E","R","M","R","BOSS","M","?","M","M","$","E","R","M","T","?","M","R","E","M","R","BOSS","BOSS","R","$","E","BOSS"],"items_purchased_type":["Card","Potion","Relic","Card","Card","Relic","Potion","Card","Card","Potion"],"build_version":"2020-12-22","purchased_purges":4,"victory":true,"max_hp_per_floor":[75,75,75,75,75,75,75,75,75,75,75,75,75,89,89,89,89,89,89,89,89,89,89,89,89,89,89,89,99,99,99,99,99,99,99,99,99,99,99,99,99,99,99,99,99,99,99,99,99,99,99,99,99,99,99,99],"card_choices":[{"not_picked":["Violence","Secret Weapon"],"picked":"Mayhem","floor":0.0},{"not_picked":["True Grit","Heavy Blade"],"picked":"Cleave","floor":1.0},{"not_picked":["Twin Strike","Rupture"],"picked":"Ghostly Armor","floor":4.0},{"not_picked":["Limit Break","Second Wind"],"picked":"Dropkick","floor":5.0},{"not_picked":["Pummel","Combust","Burning Pact"],"picked":"SKIP","floor":7.0},{"not_picked":["Shockwave","True Grit"],"picked":"Uppercut","floor":8.0},{"not_picked":["Sword Boomerang","Heavy Blade","Armaments"],"picked":"SKIP","floor":10.0},{"not_picked":["Warcry","Combust"],"picked":"Shrug It Off","floor":11.0},{"not_picked":["Twin Strike","Shrug It Off","Infernal Blade"],"picked":"SKIP","floor":13.0},{"not_picked":["Exhume","Perfected Strike","Pummel"],"picked":"SKIP","floor":14.0},{"not_picked":["Reaper","Limit Break"],"picked":"Offering","floor":16.0},{"not_picked":["Flame Barrier","Flex+1"],"picked":"Evolve","floor":18},{"not_picked":["Ghostly Armor","Thunderclap"],"picked":"Body Slam","floor":20},{"not_picked":["Evolve","Perfected Strike"],"picked":"Rage","floor":21},{"not_picked":["True Grit","Perfected Strike"],"picked":"Shrug It Off","floor":24},{"not_picked":["Body Slam","Shrug It Off","Clothesline+1"],"picked":"SKIP","floor":27},{"not_picked":["Corruption","Infernal Blade","Inflame"],"picked":"SKIP","floor":29},{"not_picked":["Warcry","Anger","Flex"],"picked":"SKIP","floor":31},{"not_picked":["Brutality","Feed"],"picked":"Barricade","floor":33},{"not_picked":["Armaments"],"picked":"SKIP","floor":35},{"not_picked":[],"picked":"Seeing Red","floor":37},{"not_picked":["Warcry"],"picked":"SKIP","floor":38},{"not_picked":["Combust"],"picked":"SKIP","floor":40},{"not_picked":["Spot Weakness"],"picked":"SKIP","floor":42},{"not_picked":["Body Slam"],"picked":"SKIP","floor":45},{"not_picked":[],"picked":"Battle Trance","floor":47},{"not_picked":[],"picked":"Fire Breathing","floor":48},{"not_picked":["Intimidate"],"picked":"SKIP","floor":55}],"player_experience":1638748,"relics_obtained":[{"floor":8.0,"key":"Happy Flower"},{"floor":9.0,"key":"Nunchaku"},{"floor":10.0,"key":"Centennial Puzzle"},{"floor":11.0,"key":"Odd Mushroom"},{"floor":14.0,"key":"Mango"},{"floor":21,"key":"Red Mask"},{"floor":26,"key":"Akabeko"},{"floor":29,"key":"Pear"},{"floor":40,"key":"Dead Branch"},{"floor":47,"key":"White Beast Statue"},{"floor":55,"key":"Bag of Marbles"}],"event_choices":[{"damage_healed":0.0,"max_hp_gain":0.0,"max_hp_loss":0.0,"gold_gain":275.0,"event_name":"Golden Shrine","player_choice":"Desecrate","floor":2.0,"gold_loss":0.0,"damage_taken":0.0,"cards_obtained":["Regret"]},{"damage_healed":0.0,"max_hp_gain":0.0,"max_hp_loss":0.0,"gold_gain":0.0,"event_name":"Mushrooms","player_choice":"Fought Mushrooms","floor":11.0,"gold_loss":0.0,"damage_taken":0.0},{"damage_healed":18.0,"max_hp_gain":0.0,"max_hp_loss":0.0,"gold_gain":0.0,"event_name":"The Cleric","player_choice":"Healed","floor":12.0,"gold_loss":35.0,"damage_taken":0.0},{"damage_healed":0,"gold_gain":0,"player_choice":"Fought Bandits","damage_taken":0,"max_hp_gain":0,"max_hp_loss":0,"event_name":"Masked Bandits","floor":21,"gold_loss":0},{"damage_healed":0,"gold_gain":0,"player_choice":"Ignored","damage_taken":0,"max_hp_gain":0,"max_hp_loss":0,"event_name":"The Mausoleum","floor":22,"gold_loss":0},{"damage_healed":0,"gold_gain":0,"player_choice":"Upgraded","damage_taken":0,"max_hp_gain":0,"max_hp_loss":0,"event_name":"Upgrade Shrine","floor":36,"gold_loss":0,"cards_upgraded":["Barricade"]}],"is_beta":false,"boss_relics":[{"not_picked":["Cursed Key","Philosopher\u0027s Stone"],"picked":"Empty Cage"},{"not_picked":["Runic Cube","Black Blood"],"picked":"Busted Crown"}],"items_purged_floors":[3,39,44,54],"is_endless":false,"potions_floor_spawned":[4,5,8,11,13,16,18,20,37,40,45,48,55],"ascension_level":20}}