{"host":"ppqll9nf92xyjrj9","time":1613876705,"event":{"mods":["Act Like it!","Arknights","BaseMod","Bestiary","Better Third Choice","Bossed Relics","Curses Come First","Ekko","Evolution","Hermit","Jorbs\u0027s Wanderer Trilogy","Keyboard Shortcuts","Marked Mod","Minty Spire (QoL Compilation)","Relic Stats","Shapeshifter Mod","Spicy Shops","StS++","StSLib","The Marked","The Runesmith","Weighted Paths","【遗物卡牌】REMEMod"],"gold_per_floor":[111,129,141,141,161,161,200,281,281,8,32,46,69,85,85,210,210,231,270,369,359,380,423,423,118,144,162,176,192,233,252,252,378,378,393,411,6,24,24,24,24],"floor_reached":40,"language":"ENG","playtime":4932,"items_purged":["Pain","StSShapeShifter:ShapeShifter_Strike","StSShapeShifter:ShapeShifter_Strike","StSShapeShifter:ThornToss"],"score":461,"play_id":"e1f0867c-b03f-46f4-a3fb-4d3ccba4f691","local_time":"20210220190505","is_ascension_mode":false,"campfire_choices":[{"data":"ekkoTheBoyWhoShatteredTime:PulsefirePooling","floor":6,"key":"SMITH"},{"data":"StSShapeShifter:ForestFire","floor":15,"key":"SMITH"},{"data":"StSShapeShifter:MooseForm","floor":24,"key":"SMITH"},{"data":"StSShapeShifter:Summer","floor":32,"key":"SMITH"}],"circlet_count":0,"master_deck":["StSShapeShifter:BloomingSlash","StSShapeShifter:ShapeShifter_Defend","StSShapeShifter:ShapeShifter_Defend","StSShapeShifter:ShapeShifter_Defend","StSShapeShifter:ShapeShifter_Defend","StSShapeShifter:ShapeShifter_Defend","StSShapeShifter:Tortoise_Form","StSShapeShifter:Lynx_Form","ekkoTheBoyWhoShatteredTime:PulsefirePooling+1","StSShapeShifter:WolfForm","StSShapeShifter:RockSlide","StSShapeShifter:ReplenishingNectar","StSShapeShifter:BurstingSpore","StSShapeShifter:BarkSkin","StSShapeShifter:BaskInBloom","StSShapeShifter:ForestFire+1","StSShapeShifter:Guard","StSShapeShifter:MooseForm+1","StSShapeShifter:FesteringBite","StSShapeShifter:TopazSkin","StSShapeShifter:Mystical_Branch","StSShapeShifter:Consume","StSShapeShifter:PoisonIvy+1","StSShapeShifter:DiverseSpirit","StSShapeShifter:Summer+1","StSShapeShifter:OakBlade+1","StSShapeShifter:Rest+1","StSShapeShifter:MysticalSeed","StSShapeShifter:OakBlade+1","StSShapeShifter:Ensconce","StSShapeShifter:FruitBasket+1","StSShapeShifter:Rest","StSShapeShifter:RaptorForm","StSShapeShifter:ClimbTree"],"relics":["StSShapeShifter:TheShapeShiftersMagnolia","EVO:Axolotl","REME_ComplimentaryCards","Philosopher\u0027s Stone","Golden Idol","Eternal Feather","Mango","Calipers","Membership Card","Question Card","Lantern","StSShapeShifter:LemurHeaddress","Red Mask","StSpp:WoodenPendulum","REME_PuzzleBoxRelic","Shuriken","Strawberry","Torii","Fusion Hammer","Bottled Tornado","Orrery"],"acts_visited":["Exordium","TheCity","TheBeyond"],"potions_floor_usage":[8,16,19,22,23,29,29,40],"damage_taken":[{"damage":0,"enemies":"2 Louse","floor":1,"turns":3},{"damage":2,"enemies":"Jaw Worm","floor":2,"turns":3},{"damage":0,"enemies":"Small Slimes","floor":3,"turns":2},{"damage":10,"enemies":"3 Louse","floor":5,"turns":4},{"damage":8,"enemies":"3 Sentries","floor":7,"turns":7},{"damage":34,"enemies":"Lagavulin Event","floor":8,"turns":7},{"damage":5,"enemies":"Exordium Wildlife","floor":11,"turns":3},{"damage":2,"enemies":"Looter","floor":12,"turns":3},{"damage":14,"enemies":"Red Slaver","floor":13,"turns":3},{"damage":0,"enemies":"Gremlin Gang","floor":14,"turns":1},{"damage":4,"enemies":"The Guardian","floor":16,"turns":11},{"damage":33,"enemies":"Spheric Guardian","floor":18,"turns":7},{"damage":27,"enemies":"Masked Bandits","floor":19,"turns":5},{"damage":0,"enemies":"2 Thieves","floor":21,"turns":5},{"damage":9,"enemies":"Snake Plant","floor":22,"turns":4},{"damage":29,"enemies":"Slavers","floor":23,"turns":7},{"damage":0,"enemies":"Snecko","floor":27,"turns":5},{"damage":5,"enemies":"Shelled Parasite and Fungi","floor":28,"turns":5},{"damage":134,"enemies":"3 Cultists","floor":29,"turns":6},{"damage":21,"enemies":"Gremlin Leader","floor":30,"turns":5},{"damage":2,"enemies":"Snecko","floor":31,"turns":5},{"damage":18,"enemies":"Collector","floor":33,"turns":6},{"damage":20,"enemies":"3 Darklings","floor":35,"turns":4},{"damage":1,"enemies":"Orb Walker","floor":36,"turns":2},{"damage":11,"enemies":"Transient","floor":38,"turns":5},{"damage":100020,"enemies":"Reptomancer","floor":40,"turns":4}],"seed_played":"7902623955717733829","potions_obtained":[{"floor":7,"key":"StSpp:ScatteredWeakPotion"},{"floor":8,"key":"FairyPotion"},{"floor":13,"key":"SneckoOil"},{"floor":14,"key":"SteroidPotion"},{"floor":18,"key":"Explosive Potion"},{"floor":21,"key":"SkillPotion"},{"floor":23,"key":"REME_GoldPotion"},{"floor":28,"key":"Weak Potion"},{"floor":31,"key":"Fire Potion"},{"floor":36,"key":"Block Potion"}],"is_trial":false,"path_per_floor":["M","M","M","?","M","R","E","?","T","$","M","M","M","M","R","B",null,"M","?","?","M","M","E","R","$","T","M","M","M","E","M","R","B",null,"M","M","$","M","?","E"],"character_chosen":"SHAPESHIFTER","items_purchased":["StSShapeShifter:BaskInBloom","Membership Card","Question Card","Lantern","REME_PuzzleBoxRelic","Shuriken","StSShapeShifter:DiverseSpirit","StSShapeShifter:Ensconce","Bottled Tornado","Orrery"],"campfire_rested":0,"item_purchase_floors":[10,10,10,10,25,25,25,37,37,37],"current_hp_per_floor":[78,78,78,59,52,52,48,41,41,41,52,69,67,76,88,92,92,80,63,63,84,92,89,92,92,99,99,98,21,35,55,73,55,99,98,99,99,85,85,0,0],"gold":24,"neow_bonus":"BOSS_RELIC","is_daily":false,"chose_seed":false,"campfire_upgraded":4,"win_rate":0.0,"timestamp":1613876705,"path_taken":["M","M","M","?","M","R","E","?","T","$","M","M","M","M","R","BOSS","M","?","?","M","M","E","R","$","T","?","M","M","E","M","R","BOSS","M","M","$","M","?","E"],"items_purchased_type":["Card","Relic","Relic","Relic","Relic","Relic","Card","Card","Relic","Relic"],"build_version":"2020-12-22","purchased_purges":4,"victory":false,"max_hp_per_floor":[78,78,78,78,78,78,78,92,92,92,92,92,92,92,92,92,92,92,92,92,92,92,92,92,92,99,99,99,99,99,99,99,99,99,99,99,99,96,96,96,96],"relic_stats":{"Torii":11,"counters":[26,121],"Golden Idol":165,"Shuriken":[23],"Eternal Feather":33,"Question Card":24,"obtain_stats":[{"StSShapeShifter:TheShapeShiftersMagnolia":0,"Lantern":10,"StSShapeShifter:AnimalHeart":0,"Calipers":9,"Torii":30,"Golden Idol":4,"StSpp:WoodenPendulum":23,"Eternal Feather":7,"Mango":8,"EVO:Axolotl":0,"Bottled Tornado":37,"Question Card":10,"StSShapeShifter:LemurHeaddress":17,"Shuriken":25,"Strawberry":26,"Orrery":37,"Philosopher\u0027s Stone":0,"Fusion Hammer":34,"Red Mask":19,"Membership Card":10,"REME_PuzzleBoxRelic":25,"REME_ComplimentaryCards":0},{"StSShapeShifter:TheShapeShiftersMagnolia":0,"Lantern":6,"StSShapeShifter:AnimalHeart":0,"Calipers":6,"Torii":20,"Golden Idol":3,"StSpp:WoodenPendulum":16,"Eternal Feather":5,"Mango":5,"EVO:Axolotl":0,"Bottled Tornado":24,"Question Card":6,"StSShapeShifter:LemurHeaddress":11,"Shuriken":16,"Strawberry":16,"Orrery":24,"Philosopher\u0027s Stone":0,"Fusion Hammer":22,"Red Mask":13,"Membership Card":6,"REME_PuzzleBoxRelic":16,"REME_ComplimentaryCards":0},{"StSShapeShifter:TheShapeShiftersMagnolia":0,"Lantern":26,"StSShapeShifter:AnimalHeart":0,"Calipers":26,"Torii":96,"Golden Idol":8,"StSpp:WoodenPendulum":75,"Eternal Feather":19,"Mango":19,"EVO:Axolotl":0,"Bottled Tornado":113,"Question Card":26,"StSShapeShifter:LemurHeaddress":47,"Shuriken":75,"Strawberry":75,"Orrery":113,"Philosopher\u0027s Stone":0,"Fusion Hammer":107,"Red Mask":59,"Membership Card":26,"REME_PuzzleBoxRelic":75,"REME_ComplimentaryCards":0}]},"card_choices":[{"not_picked":["StSShapeShifter:BurstingSpore","StSShapeShifter:OpportuneSwoop"],"picked":"StSShapeShifter:WolfForm","floor":1},{"not_picked":["StSShapeShifter:FesteringBite","StSShapeShifter:WaspSwarmForm"],"picked":"StSShapeShifter:RockSlide","floor":2},{"not_picked":["StSShapeShifter:Evolution","StSShapeShifter:ShiftingStrike"],"picked":"StSShapeShifter:ReplenishingNectar","floor":3},{"not_picked":["StSShapeShifter:FoxForm","StSShapeShifter:MultiSpiritedStrike"],"picked":"StSShapeShifter:BurstingSpore","floor":5},{"not_picked":["StSShapeShifter:Garden","StSShapeShifter:ForestFire"],"picked":"StSShapeShifter:BarkSkin","floor":7},{"not_picked":["StSShapeShifter:PoisonIvy","StSShapeShifter:MagicMushrooms","StSShapeShifter:OpportuneSwoop","StSShapeShifter:BloomingSlash"],"picked":"SKIP","floor":11},{"not_picked":["StSShapeShifter:Evolution","StSShapeShifter:DeerForm","StSShapeShifter:OakBlade"],"picked":"StSShapeShifter:ForestFire","floor":12},{"not_picked":["StSShapeShifter:Uproot_Redwood","StSShapeShifter:SquirrelForm","StSShapeShifter:Garden"],"picked":"StSShapeShifter:Guard","floor":13},{"not_picked":["StSShapeShifter:VineHandcuffs","StSShapeShifter:Evolution","StSShapeShifter:Roar","StSShapeShifter:ShiftingStrike"],"picked":"SKIP","floor":14},{"not_picked":["StSShapeShifter:WolfsBane","StSShapeShifter:RitualOfTheExtinct","StSShapeShifter:Tornado"],"picked":"StSShapeShifter:MooseForm","floor":16},{"not_picked":["StSShapeShifter:VineHandcuffs","StSShapeShifter:BloomingSlash","StSShapeShifter:WolfForm"],"picked":"StSShapeShifter:FesteringBite","floor":18},{"not_picked":["StSShapeShifter:BladeOfGrass","StSShapeShifter:OakBlade","StSShapeShifter:BurstingSpore"],"picked":"StSShapeShifter:TopazSkin","floor":19},{"not_picked":["StSShapeShifter:BloomingSlash","StSShapeShifter:BarkSkin","StSShapeShifter:FlowerShield"],"picked":"StSShapeShifter:Mystical_Branch","floor":21},{"not_picked":["StSShapeShifter:GoldenBerries","StSShapeShifter:FlowerShield","StSShapeShifter:BearForm"],"picked":"StSShapeShifter:Consume","floor":22},{"not_picked":["StSShapeShifter:CursedApple","StSShapeShifter:Roar+1","StSShapeShifter:VileMushroom"],"picked":"StSShapeShifter:PoisonIvy+1","floor":23},{"not_picked":["StSShapeShifter:RhinoCalfForm","StSShapeShifter:OakBlade","StSShapeShifter:LeapingSlash+1","StSShapeShifter:Mystical_Branch+1","StSShapeShifter:FoxForm+1","StSShapeShifter:FesteringBite+1"],"picked":"SKIP","floor":27},{"not_picked":["StSShapeShifter:CursedApple+1","StSShapeShifter:FesteringBite","StSShapeShifter:Mystical_Branch+1","StSShapeShifter:SunflowerShuriken","StSShapeShifter:PoisonIvy+1","StSShapeShifter:Maul"],"picked":"SKIP","floor":28},{"not_picked":["StSShapeShifter:BladeOfGrass","StSShapeShifter:VileMushroom","StSShapeShifter:Sapling","StSShapeShifter:FesteringBite","StSShapeShifter:Guard"],"picked":"StSShapeShifter:Summer","floor":29},{"not_picked":["StSShapeShifter:FlowerShield","StSShapeShifter:Tornado","StSShapeShifter:PoisonIvy","StSShapeShifter:FruitBasket","StSShapeShifter:TopazSkin"],"picked":"StSShapeShifter:OakBlade+1","floor":30},{"not_picked":["StSShapeShifter:FesteringBite","StSShapeShifter:ThornedSkin","StSShapeShifter:BladeOfGrass","StSShapeShifter:Garden","StSShapeShifter:AdaptiveStrikes+1"],"picked":"StSShapeShifter:Rest+1","floor":31},{"not_picked":["StSShapeShifter:BurrBomb","StSShapeShifter:Sap_Burst","StSShapeShifter:SkullBash","StSShapeShifter:MooseForm","StSShapeShifter:LionForm"],"picked":"StSShapeShifter:MysticalSeed","floor":33},{"not_picked":["StSShapeShifter:FruitBasket","StSShapeShifter:Sapling","StSShapeShifter:VileMushroom","StSShapeShifter:Roar+1","StSShapeShifter:FlowerShield"],"picked":"StSShapeShifter:OakBlade+1","floor":35},{"not_picked":["StSShapeShifter:BurstingSpore","StSShapeShifter:PoisonIvy+1","StSShapeShifter:ThrashAbout+1","StSShapeShifter:FallingLeaves+1","StSShapeShifter:FesteringBite","StSShapeShifter:Mystical_Branch"],"picked":"SKIP","floor":36},{"not_picked":["StSShapeShifter:SquirrelForm+1","StSShapeShifter:Bonk+1","StSShapeShifter:MonkeyForm+1","StSShapeShifter:Maul+1","StSShapeShifter:ThornToss+1"],"picked":"StSShapeShifter:FruitBasket+1","floor":37},{"not_picked":["StSShapeShifter:LeapingSlash","StSShapeShifter:HippoForm","StSShapeShifter:FruitBasket","StSShapeShifter:BladeOfGrass+1","StSShapeShifter:FesteringBite+1"],"picked":"StSShapeShifter:Rest","floor":37},{"not_picked":["StSShapeShifter:Forgiveness","StSShapeShifter:Guard","StSShapeShifter:SunflowerShuriken","StSShapeShifter:FesteringBite+1","StSShapeShifter:EntForm"],"picked":"StSShapeShifter:RaptorForm","floor":37},{"not_picked":["StSShapeShifter:SunflowerShuriken","StSShapeShifter:ThornToss","StSShapeShifter:Tornado","StSShapeShifter:Garden+1","StSShapeShifter:Ensconce"],"picked":"StSShapeShifter:ClimbTree","floor":37},{"not_picked":["StSShapeShifter:SunflowerShuriken+1","StSShapeShifter:ReplenishingNectar","StSShapeShifter:MagicMushrooms","StSShapeShifter:PoisonIvy+1","StSShapeShifter:MonkeyForm","StSShapeShifter:GoldenBerries+1"],"picked":"SKIP","floor":38}],"player_experience":145915,"relics_obtained":[{"floor":7,"key":"Eternal Feather"},{"floor":9,"key":"Calipers"},{"floor":19,"key":"Red Mask"},{"floor":23,"key":"StSpp:WoodenPendulum"},{"floor":26,"key":"Strawberry"},{"floor":30,"key":"Torii"}],"event_choices":[{"damage_healed":0,"gold_gain":0,"player_choice":"Take Damage","damage_taken":19,"relics_obtained":["Golden Idol"],"max_hp_gain":0,"max_hp_loss":0,"event_name":"Golden Idol","floor":4,"gold_loss":0},{"damage_healed":0,"gold_gain":0,"player_choice":"Searched \u00272\u0027 times","damage_taken":0,"relics_obtained":["Mango"],"max_hp_gain":0,"max_hp_loss":0,"event_name":"Dead Adventurer","floor":8,"gold_loss":0},{"damage_healed":0,"gold_gain":0,"player_choice":"Fought Bandits","damage_taken":0,"max_hp_gain":0,"max_hp_loss":0,"event_name":"Masked Bandits","floor":19,"gold_loss":0},{"damage_healed":0,"gold_gain":99,"player_choice":"Steal","damage_taken":0,"max_hp_gain":0,"max_hp_loss":0,"event_name":"betterThird:BetterNest","floor":20,"gold_loss":0},{"cards_removed":["StSShapeShifter:BladeOfGrass"],"damage_healed":0,"gold_gain":0,"player_choice":"Removed Attack","damage_taken":0,"max_hp_gain":0,"max_hp_loss":0,"event_name":"Falling","floor":39,"gold_loss":0}],"is_beta":false,"boss_relics":[{"not_picked":["StSpp:Balance","Busted Crown"],"picked":"StSShapeShifter:LemurHeaddress"},{"not_picked":["SacredBark","StSpp:CrystalBall"],"picked":"Fusion Hammer"}],"items_purged_floors":[10,25,37,37],"is_endless":false,"potions_floor_spawned":[7,8,13,14,18,21,23,28,31,36],"killed_by":"Reptomancer","ascension_level":0}}