{"host":"kcg3v0hgymzitgl9","time":1613902888,"event":{"mods":["BaseMod","Colored Map","Minty Spire (QoL Compilation)","Relic Stats","Weighted Paths"],"gold_per_floor":[215,290,308,320,29,29,57,75,75,85,116,127,143,156,156,253,253,223,223,240,258,82,82,82,115,115,131,6,6,6,18,18,121,121,133,180,180,194,44,44,71,71,145,145,195,124,139,139,139,139,139],"floor_reached":50,"language":"ENG","playtime":3092,"items_purged":["Strike_G","Strike_G","Strike_G","Strike_G"],"score":502,"play_id":"5d98c203-d4e0-49ee-829e-fc8687572953","local_time":"20210221212128","is_ascension_mode":false,"campfire_choices":[{"data":"Sucker Punch","floor":6.0,"key":"SMITH"},{"floor":15.0,"key":"REST"},{"data":"Dash","floor":23.0,"key":"SMITH"},{"floor":32.0,"key":"REST"},{"floor":40.0,"key":"REST"},{"data":"Footwork","floor":42.0,"key":"SMITH"},{"data":"Accuracy","floor":44.0,"key":"SMITH"},{"floor":49,"key":"RECALL"}],"circlet_count":0,"master_deck":["Defend_G","Defend_G","Defend_G","Defend_G","Defend_G","Survivor","Neutralize","Sucker Punch+1","Accuracy+1","Slice","Dash+1","Acrobatics","Crippling Poison","Leg Sweep+1","Blade Dance+1","Backstab","Footwork+1","Burst+1","Catalyst+1","Caltrops","Deadly Poison+1","Calculated Gamble+1","Acrobatics+1","Blade Dance+1","Outmaneuver+1","Flechettes","Noxious Fumes","Predator","Finisher","Heel Hook"],"relics":["Ring of the Snake","Happy Flower","Blood Vial","Toxic Egg 2","Ice Cream","Sozu","Orichalcum","Darkstone Periapt","WristBlade","Calipers","Potion Belt","Blue Candle","Pocketwatch"],"acts_visited":["Exordium","TheCity","TheBeyond"],"potions_floor_usage":[],"damage_taken":[{"damage":2.0,"enemies":"Cultist","floor":1.0,"turns":4.0},{"damage":0.0,"enemies":"Small Slimes","floor":3.0,"turns":3.0},{"damage":2.0,"enemies":"2 Louse","floor":4.0,"turns":3.0},{"damage":14.0,"enemies":"3 Sentries","floor":7.0,"turns":8.0},{"damage":0.0,"enemies":"Looter","floor":8.0,"turns":3.0},{"damage":0.0,"enemies":"Exordium Wildlife","floor":10.0,"turns":2.0},{"damage":14.0,"enemies":"Lagavulin","floor":11.0,"turns":9.0},{"damage":0.0,"enemies":"Blue Slaver","floor":12.0,"turns":3.0},{"damage":0.0,"enemies":"3 Louse","floor":13.0,"turns":3.0},{"damage":0.0,"enemies":"Large Slime","floor":14.0,"turns":4.0},{"damage":20.0,"enemies":"Hexaghost","floor":16.0,"turns":10.0},{"damage":3.0,"enemies":"2 Thieves","floor":18.0,"turns":5.0},{"damage":2.0,"enemies":"3 Byrds","floor":20.0,"turns":4.0},{"damage":4.0,"enemies":"Centurion and Healer","floor":21.0,"turns":10.0},{"damage":26.0,"enemies":"Slavers","floor":25.0,"turns":11.0},{"damage":7.0,"enemies":"Shelled Parasite and Fungi","floor":27.0,"turns":4.0},{"damage":9.0,"enemies":"Snecko","floor":31.0,"turns":5.0},{"damage":25.0,"enemies":"Collector","floor":33.0,"turns":13.0},{"damage":4.0,"enemies":"3 Darklings","floor":35.0,"turns":6.0},{"damage":19.0,"enemies":"2 Orb Walkers","floor":36.0,"turns":4.0},{"damage":3.0,"enemies":"Orb Walker","floor":38.0,"turns":4.0},{"damage":18.0,"enemies":"Reptomancer","floor":41.0,"turns":6.0},{"damage":14.0,"enemies":"Mind Bloom Boss Battle","floor":45.0,"turns":5.0},{"damage":0,"enemies":"Jaw Worm Horde","floor":47,"turns":2},{"damage":49,"enemies":"Time Eater","floor":50,"turns":5}],"seed_played":"-282709510139475619","potions_obtained":[{"floor":4.0,"key":"Explosive Potion"},{"floor":8.0,"key":"Block Potion"},{"floor":12.0,"key":"ColorlessPotion"},{"floor":13.0,"key":"FearPotion"},{"floor":16.0,"key":"Block Potion"}],"is_trial":false,"path_per_floor":["M","?","M","M","$","R","E","M","T","M","E","M","M","M","R","B",null,"M","?","M","M","$","R","?","E","T","M","$","?","T","M","R","B",null,"M","?","?","M","$","R","E","R","T","R","?","$","M","?","R","B"],"character_chosen":"THE_SILENT","items_purchased":["Dash","Happy Flower","Calculated Gamble+1","Finisher"],"campfire_rested":3,"item_purchase_floors":[5,5,22,46],"current_hp_per_floor":[68,61,61,59,59,59,45,47,47,49,37,39,41,43,64,46,70,67,67,67,65,65,65,65,41,41,36,36,36,36,29,50,27,70,66,49,49,48,48,69,52,52,52,52,40,40,42,42,42,0,0],"gold":139,"neow_bonus":"HUNDRED_GOLD","is_daily":false,"chose_seed":false,"campfire_upgraded":4,"win_rate":0.0,"timestamp":1613902888,"path_taken":["M","?","M","M","$","R","E","?","T","M","E","M","M","M","R","BOSS","M","?","M","M","?","R","?","E","T","M","$","?","?","M","R","BOSS","M","?","?","M","?","R","E","R","T","R","?","$","M","?","R","BOSS"],"items_purchased_type":["Card","Relic","Card","Card"],"build_version":"2020-12-22","purchased_purges":4,"victory":false,"max_hp_per_floor":[70,70,70,70,70,70,70,70,70,70,70,70,70,70,70,70,70,70,70,70,70,70,70,70,70,70,70,70,70,70,70,70,70,70,70,70,70,70,70,70,70,70,70,70,70,70,70,70,70,70,70],"relic_stats":{"Blood Vial":37,"Sozu":4,"Darkstone Periapt":0,"Happy Flower":[42],"counters":[25,136],"Blue Candle":[0],"Orichalcum":[36],"obtain_stats":[{"Ice Cream":11,"Darkstone Periapt":26,"Potion Belt":41,"Calipers":36,"Happy Flower":5,"Blue Candle":43,"Orichalcum":25,"Blood Vial":7,"Sozu":17,"WristBlade":34,"Toxic Egg 2":9,"Ring of the Snake":0,"Pocketwatch":45},{"Ice Cream":7,"Darkstone Periapt":15,"Potion Belt":22,"Calipers":20,"Happy Flower":3,"Blue Candle":22,"Orichalcum":15,"Blood Vial":4,"Sozu":11,"WristBlade":18,"Toxic Egg 2":5,"Ring of the Snake":0,"Pocketwatch":23},{"Ice Cream":32,"Darkstone Periapt":82,"Potion Belt":124,"Calipers":114,"Happy Flower":10,"Blue Candle":124,"Orichalcum":82,"Blood Vial":18,"Sozu":52,"WristBlade":104,"Toxic Egg 2":21,"Ring of the Snake":0,"Pocketwatch":129}],"Ring of the Snake":[50],"Pocketwatch":[0]},"card_choices":[{"not_picked":["Dagger Spray","Quick Slash"],"picked":"Sucker Punch","floor":1.0},{"not_picked":["Flying Knee","Outmaneuver"],"picked":"Accuracy","floor":3.0},{"not_picked":["Bane","Backflip"],"picked":"Slice","floor":4.0},{"not_picked":["Poisoned Stab","Skewer"],"picked":"Acrobatics","floor":7.0},{"not_picked":["Dash","Dodge and Roll"],"picked":"Crippling Poison","floor":8.0},{"not_picked":["Riddle With Holes","Quick Slash"],"picked":"Leg Sweep+1","floor":10.0},{"not_picked":["Unload","Quick Slash","Bane"],"picked":"SKIP","floor":11.0},{"not_picked":["Slice","Infinite Blades"],"picked":"Blade Dance+1","floor":12.0},{"not_picked":["Bane","Deadly Poison+1"],"picked":"Backstab","floor":13.0},{"not_picked":["Cloak And Dagger+1","Poisoned Stab"],"picked":"Footwork","floor":14.0},{"not_picked":["Tools of the Trade","Wraith Form v2"],"picked":"Burst+1","floor":16.0},{"not_picked":["Dash","Poisoned Stab+1"],"picked":"Catalyst+1","floor":18.0},{"not_picked":["Escape Plan+1","Flying Knee"],"picked":"Caltrops","floor":20.0},{"not_picked":["Underhanded Strike","Crippling Poison+1"],"picked":"Deadly Poison+1","floor":21.0},{"not_picked":["Corpse Explosion+1","Riddle With Holes+1"],"picked":"Acrobatics+1","floor":25.0},{"not_picked":["Heel Hook","Sucker Punch","Underhanded Strike"],"picked":"SKIP","floor":27.0},{"not_picked":["Dagger Throw","Flying Knee+1"],"picked":"Blade Dance+1","floor":31.0},{"not_picked":["Flying Knee","Underhanded Strike"],"picked":"Outmaneuver+1","floor":35.0},{"not_picked":["Deflect+1","Underhanded Strike"],"picked":"Flechettes","floor":36.0},{"not_picked":["Acrobatics+1","Heel Hook+1"],"picked":"Noxious Fumes","floor":38.0},{"not_picked":["Masterful Stab","Tools of the Trade"],"picked":"Predator","floor":41.0},{"not_picked":["Riddle With Holes+1","Bane"],"picked":"Prepared+1","floor":45.0},{"not_picked":["All Out Attack","Underhanded Strike+1"],"picked":"Heel Hook","floor":47}],"player_experience":335494,"relics_obtained":[{"floor":7.0,"key":"Blood Vial"},{"floor":9.0,"key":"Toxic Egg 2"},{"floor":11.0,"key":"Ice Cream"},{"floor":25.0,"key":"Orichalcum"},{"floor":26.0,"key":"Darkstone Periapt"},{"floor":36.0,"key":"Calipers"},{"floor":41.0,"key":"Potion Belt"},{"floor":43.0,"key":"Blue Candle"},{"floor":45.0,"key":"Pocketwatch"}],"event_choices":[{"damage_healed":0.0,"max_hp_gain":0.0,"max_hp_loss":0.0,"gold_gain":75.0,"event_name":"FaceTrader","player_choice":"Touch","floor":2.0,"gold_loss":0.0,"damage_taken":7.0},{"damage_healed":0.0,"max_hp_gain":0.0,"max_hp_loss":0.0,"gold_gain":0.0,"event_name":"NoteForYourself","player_choice":"Ignored","floor":19.0,"gold_loss":0.0,"damage_taken":0.0},{"cards_removed":["Strike_G"],"damage_healed":0.0,"max_hp_gain":0.0,"max_hp_loss":0.0,"gold_gain":0.0,"event_name":"Back to Basics","player_choice":"Elegance","floor":29.0,"gold_loss":0.0,"damage_taken":0.0},{"damage_healed":0.0,"max_hp_gain":0.0,"max_hp_loss":0.0,"gold_gain":0.0,"event_name":"Mysterious Sphere","player_choice":"Fight","floor":36.0,"gold_loss":0.0,"damage_taken":0.0},{"damage_healed":0.0,"max_hp_gain":0.0,"max_hp_loss":0.0,"gold_gain":0.0,"event_name":"Tomb of Lord Red Mask","player_choice":"Ignored","floor":37.0,"gold_loss":0.0,"damage_taken":0.0},{"damage_healed":0.0,"max_hp_gain":0.0,"max_hp_loss":0.0,"gold_gain":0.0,"event_name":"MindBloom","player_choice":"Fight","floor":45.0,"gold_loss":0.0,"damage_taken":0.0},{"cards_removed":["Prepared"],"damage_healed":0,"gold_gain":0,"player_choice":"Removed Skill","damage_taken":0,"max_hp_gain":0,"max_hp_loss":0,"event_name":"Falling","floor":48,"gold_loss":0}],"is_beta":false,"boss_relics":[{"not_picked":["Runic Dome","Snecko Eye"],"picked":"Sozu"},{"not_picked":["Busted Crown","Black Star"],"picked":"WristBlade"}],"items_purged_floors":[5,22,28,39],"is_endless":false,"potions_floor_spawned":[4,8,12,13,16,18,20,31,45],"killed_by":"Time Eater","ascension_level":0}}