{"host":"72n3jwtrlpjobydj","time":1613924024,"event":{"mods":["AchievementEnabler","Act Like it!","Arknights","BaseMod","CapriCore","DeckTracker","Hermit","Koishi","Lobotomy","Marisa£¨Ùöéë¡¡Øª×âÞÞ£©","Minty Spire (QoL Compilation)","Permanent Neow","Replay The Spire","StSLib","SuperFastMode","The Cursed","The Gatherer","The Hierophant","The Immortal"],"gold_per_floor":[112,131,56,75,75,75,75,75,101,101,114,189,208,226,226,226,226],"floor_reached":16,"language":"KOR","playtime":211,"items_purged":["Strike_P"],"score":101,"play_id":"bcd231be-31f2-4d6e-baa9-54527ebdc538","local_time":"20210222011344","is_ascension_mode":true,"campfire_choices":[{"floor":6,"key":"DIG"},{"floor":15,"key":"DIG"}],"circlet_count":0,"master_deck":["Strike_P","Strike_P","Strike_P","Defend_P","Defend_P","Defend_P","Defend_P","Eruption","Vigilance","FearNoEvil","Adaptation"],"relics":["PureWater","Shovel","Happy Flower","Onion Ring","InkBottle"],"acts_visited":["Exordium"],"potions_floor_usage":[],"damage_taken":[{"damage":4,"enemies":"Jaw Worm","floor":1,"turns":3},{"damage":0,"enemies":"2 Louse","floor":2,"turns":1},{"damage":12,"enemies":"Cultist","floor":4,"turns":3},{"damage":6,"enemies":"Large Slime","floor":11,"turns":4},{"damage":6,"enemies":"Looter","floor":13,"turns":3},{"damage":23,"enemies":"Red Slaver","floor":14,"turns":2},{"damage":24,"enemies":"The Guardian","floor":16,"turns":2}],"seed_played":"1251543567989629357","potions_obtained":[{"floor":2,"key":"Ambrosia"}],"is_trial":false,"path_per_floor":["M","M","$","M","?","R","?","$","T","$","M","?","M","M","R","B"],"character_chosen":"WATCHER","items_purchased":[],"campfire_rested":0,"item_purchase_floors":[],"current_hp_per_floor":[61,61,61,49,46,46,65,65,65,65,59,53,47,24,24,0,0],"gold":226,"neow_bonus":"ONE_RARE_RELIC","is_daily":false,"chose_seed":false,"campfire_upgraded":0,"win_rate":0.0,"timestamp":1613924024,"path_taken":["M","M","$","M","?","R","?","$","T","$","M","?","?","M","R","BOSS"],"items_purchased_type":[],"build_version":"2020-12-22","purchased_purges":1,"victory":false,"max_hp_per_floor":[65,65,65,65,65,65,65,65,65,65,65,65,65,65,65,65,65],"card_choices":[{"not_picked":["FollowUp","Evaluate","Pray"],"picked":"SKIP","floor":1},{"not_picked":["FlyingSleeves","ThirdEye","Replay:ManipulateFuture"],"picked":"SKIP","floor":2},{"not_picked":["ClearTheMind","Replay:AtTheReady","Indignation"],"picked":"SKIP","floor":4},{"not_picked":["FlurryOfBlows","CarveReality"],"picked":"FearNoEvil","floor":11},{"not_picked":["FollowUp","Wireheading","Weave"],"picked":"SKIP","floor":13},{"not_picked":["Worship","Protect"],"picked":"Adaptation","floor":14}],"player_experience":113622,"relics_obtained":[{"floor":6,"key":"Onion Ring"},{"floor":15,"key":"InkBottle"}],"event_choices":[{"damage_healed":0,"gold_gain":0,"player_choice":"Success","damage_taken":3,"relics_obtained":["Happy Flower"],"max_hp_gain":0,"max_hp_loss":0,"event_name":"Scrap Ooze","floor":5,"gold_loss":0},{"damage_healed":21,"gold_gain":0,"player_choice":"Banana","damage_taken":0,"max_hp_gain":0,"max_hp_loss":0,"event_name":"Big Fish","floor":7,"gold_loss":0},{"damage_healed":0,"gold_gain":75,"player_choice":"Touch","damage_taken":6,"max_hp_gain":0,"max_hp_loss":0,"event_name":"FaceTrader","floor":12,"gold_loss":0}],"is_beta":false,"boss_relics":[],"items_purged_floors":[3],"is_endless":false,"potions_floor_spawned":[2],"killed_by":"The Guardian","ascension_level":2}}