{"host":"ndpbn7fqb3wjbd7p","time":1613949622,"event":{"mods":["AchievementEnabler","Act Like it!","AlwaysNeverKeys","BaseMod","Better Vampires","Block Reminder","Colored Powertips","DeckTracker","Defuse TimeMaze Blight","Friendly Minions","Highlight Path","MarisaÅiñ∂âJÅ@ñÇóùçπÅj","Minty Spire (QoL Compilation)","Permanent Neow","StSLib","SuperFastMode","Synergy Search","Unceasing Turn Reminder","Wandering Minibosses"],"gold_per_floor":[115,115,128,145,156,156,183,183,209,221,249,261,273,303,315,427,439,480,509,521,521],"floor_reached":20,"language":"ENG","playtime":1330,"items_purged":[],"score":238,"play_id":"9c5cb6b1-869b-4dde-bfad-a024abe95259","local_time":"20210222002022","is_ascension_mode":true,"campfire_choices":[{"floor":6,"key":"REST"},{"data":"EmptyBody","floor":12,"key":"SMITH"},{"data":"Worship","floor":15,"key":"SMITH"}],"circlet_count":0,"master_deck":["Strike_P","Strike_P","Strike_P","Strike_P+1","Defend_P","Defend_P","Defend_P","Defend_P","Vigilance+1","EmptyBody+1","Wireheading","Establishment+1","CarveReality+1","BattleHymn","FearNoEvil","Worship+1","LessonLearned","BattleHymn+1","Nirvana"],"relics":["PureWater","Prayer Wheel","FossilizedHelix","MawBank","SlaversCollar"],"acts_visited":["Exordium","TheCity"],"potions_floor_usage":[5,7,19,19,20,20],"damage_taken":[{"damage":13,"enemies":"Jaw Worm","floor":1,"turns":8},{"damage":9,"enemies":"Cultist","floor":3,"turns":7},{"damage":0,"enemies":"Small Slimes","floor":4,"turns":6},{"damage":16,"enemies":"Exordium Thugs","floor":5,"turns":8},{"damage":20,"enemies":"Lagavulin","floor":7,"turns":8},{"damage":0,"enemies":"Looter","floor":11,"turns":3},{"damage":12,"enemies":"Large Slime","floor":14,"turns":5},{"damage":10,"enemies":"The Guardian","floor":16,"turns":7},{"damage":46,"enemies":"Spheric Guardian","floor":18,"turns":9},{"damage":24,"enemies":"2 Thieves","floor":19,"turns":4},{"damage":4,"enemies":"Sentry and Sphere","floor":20,"turns":3}],"seed_played":"8250200496109998162","potions_obtained":[{"floor":1,"key":"BlessingOfTheForge"},{"floor":4,"key":"Fruit Juice"},{"floor":5,"key":"Swift Potion"},{"floor":14,"key":"SpeedPotion"},{"floor":18,"key":"Block Potion"},{"floor":19,"key":"Ancient Potion"}],"is_trial":false,"path_per_floor":["M","?","M","M","M","R","E","T","T","?","M","R","?","M","R","B",null,"M","M","M"],"character_chosen":"WATCHER","items_purchased":[],"campfire_rested":1,"item_purchase_floors":[],"current_hp_per_floor":[52,52,43,43,27,48,28,28,28,28,28,28,72,60,60,50,67,21,2,0,0],"gold":521,"neow_bonus":"REMOVE_CARD","is_daily":false,"chose_seed":false,"campfire_upgraded":2,"win_rate":0.0,"timestamp":1613949622,"path_taken":["M","?","M","M","?","R","E","?","T","?","?","R","?","M","R","BOSS","M","M","M"],"items_purchased_type":[],"build_version":"2020-12-22","purchased_purges":0,"victory":false,"max_hp_per_floor":[72,72,72,72,72,72,72,72,72,72,72,72,72,72,72,72,72,72,77,77,77],"card_choices":[{"not_picked":["Pray","WheelKick"],"picked":"EmptyBody","floor":1},{"not_picked":["Consecrate","EmptyFist"],"picked":"Wireheading","floor":3},{"not_picked":["Consecrate","DeceiveReality"],"picked":"Establishment","floor":4},{"not_picked":["ClearTheMind","WheelKick"],"picked":"CarveReality","floor":5},{"not_picked":["Evaluate","EmptyMind"],"picked":"BattleHymn","floor":7},{"not_picked":["ThirdEye","Crescendo"],"picked":"FearNoEvil","floor":11},{"not_picked":["Wallop","Halt","Sanctity"],"picked":"SKIP","floor":11},{"not_picked":["WheelKick","Crescendo"],"picked":"Worship","floor":14},{"not_picked":["EmptyFist","ThirdEye","FlyingSleeves"],"picked":"SKIP","floor":14},{"not_picked":["DevaForm","ConjureBlade"],"picked":"LessonLearned","floor":16},{"not_picked":["BowlingBash","FlurryOfBlows"],"picked":"BattleHymn+1","floor":18},{"not_picked":["SashWhip","FlyingSleeves+1","FlurryOfBlows"],"picked":"SKIP","floor":18},{"not_picked":["Halt+1","ForeignInfluence"],"picked":"Nirvana","floor":19},{"not_picked":["SashWhip","ThirdEye","ForeignInfluence+1"],"picked":"SKIP","floor":19}],"player_experience":1214082,"relics_obtained":[{"floor":7,"key":"Prayer Wheel"},{"floor":8,"key":"FossilizedHelix"},{"floor":9,"key":"MawBank"}],"event_choices":[{"damage_healed":0,"gold_gain":0,"player_choice":"Forge","damage_taken":0,"max_hp_gain":0,"max_hp_loss":0,"event_name":"Accursed Blacksmith","floor":2,"gold_loss":0,"cards_upgraded":["Vigilance"]},{"damage_healed":0,"gold_gain":0,"player_choice":"Upgraded","damage_taken":0,"max_hp_gain":0,"max_hp_loss":0,"event_name":"Upgrade Shrine","floor":10,"gold_loss":0,"cards_upgraded":["Establishment"]},{"damage_healed":44,"gold_gain":0,"player_choice":"Full Heal","damage_taken":0,"max_hp_gain":0,"max_hp_loss":0,"event_name":"Wheel of Change","floor":13,"gold_loss":0}],"is_beta":false,"boss_relics":[{"not_picked":["Cursed Key","Runic Dome"],"picked":"SlaversCollar"}],"items_purged_floors":[],"is_endless":false,"potions_floor_spawned":[1,4,5,14,18,19],"killed_by":"Sentry and Sphere","ascension_level":7}}