{"host":"y9t3brv5y5t41vuj","time":1613920096,"event":{"mods":["AchievementEnabler","BaseMod","BetterRewards","Block Reminder","Colored Map","Colored Powertips","Conspire","Highlight Path","Hubris","Infinite Spire","Minty Spire (QoL Compilation)","Quick Restart","Replay The Spire","Shop Mod","StSLib","SuperFastMode","Unceasing Turn Reminder"],"gold_per_floor":[119,137,155,1,11,11,21,21,21,21,21,21,21,38,38,143,143,159,171,26,26,26,51,51,51,51],"floor_reached":25,"language":"ENG","playtime":2479,"items_purged":["Strike_R","Strike_R","Spot Weakness"],"score":336,"play_id":"b7f12ad5-a21f-4bc3-905f-8ba5a3b523cb","local_time":"20210221160816","is_ascension_mode":false,"campfire_choices":[{"data":"Fire Breathing","floor":6,"key":"SMITH"},{"data":"Bash","floor":13,"key":"SMITH"},{"data":"Wild Strike","floor":15,"key":"SMITH"},{"data":"Replay:Undeath\u0027s Touch","floor":24,"key":"SMITH"}],"circlet_count":0,"master_deck":["Defend_R","Defend_R","Defend_R","Fire Breathing+1","Replay:Undeath\u0027s Touch+1","Wild Strike+1","Demonic Infusion+1","ReplayTheSpireMod:Muscle Training+1","conspire:Purge","Life Link+1","Double Tap+1","Juggernaut+1"],"relics":["Burning Blood","MerchantsRug","Coffee Dripper","hubris:64BitClover"],"acts_visited":["Exordium","TheCity"],"potions_floor_usage":[16,16],"damage_taken":[{"damage":5,"enemies":"Cultist","floor":1,"turns":4},{"damage":8,"enemies":"Jaw Worm","floor":2,"turns":5},{"damage":13,"enemies":"2 Louse","floor":3,"turns":4},{"damage":6,"enemies":"Large Slime","floor":5,"turns":5},{"damage":18,"enemies":"Blue Slaver","floor":7,"turns":5},{"damage":11,"enemies":"Looter","floor":14,"turns":3},{"damage":17,"enemies":"Fading Forest","floor":16,"turns":11},{"damage":46,"enemies":"3 Byrds","floor":18,"turns":5},{"damage":16,"enemies":"Chosen","floor":19,"turns":4},{"damage":0,"enemies":"Nightmare","floor":23,"turns":1},{"damage":38,"enemies":"Shelled Parasite and Fungi","floor":25,"turns":5}],"seed_played":"-6504486263723598539","potions_obtained":[{"floor":1,"key":"PowerPotion"},{"floor":7,"key":"SkillPotion"},{"floor":16,"key":"Strength Potion"},{"floor":19,"key":"EssenceOfSteel"}],"is_trial":false,"path_per_floor":["M","M","M","$","M","R","M","$","T","?","?","?","R","M","R_BF","B",null,"M","M","$","?","AVR","NM","R","M"],"character_chosen":"IRONCLAD","items_purchased":["Fire Breathing","Wild Strike","MerchantsRug"],"campfire_rested":0,"item_purchase_floors":[0,4,20],"current_hp_per_floor":[80,78,71,71,71,71,59,59,59,56,56,56,56,51,51,50,80,40,30,30,30,30,36,36,0,0],"gold":51,"neow_bonus":"","is_daily":false,"chose_seed":false,"campfire_upgraded":4,"win_rate":0.0,"timestamp":1613920096,"path_taken":["M","M","M","$","M","R","M","?","T","?","?","?","R","M","R_BF","BOSS","M","M","$","?","AVR","NM","R","M"],"items_purchased_type":["Card","Card","Relic"],"build_version":"2020-12-22","purchased_purges":3,"victory":false,"max_hp_per_floor":[80,80,80,80,80,80,80,80,80,80,80,80,80,80,80,80,80,80,80,80,80,80,80,80,80,80],"card_choices":[{"not_picked":["Perfected Strike","Replay:Undeath\u0027s Touch"],"picked":"Seeing Red","floor":1},{"not_picked":["ReplayTheSpireMod:Strike From Hell","Shrug It Off"],"picked":"Replay:Undeath\u0027s Touch","floor":2},{"not_picked":["Pommel Strike","Anger"],"picked":"Spot Weakness","floor":3},{"not_picked":["Headbutt","Body Slam","Sever Soul"],"picked":"SKIP","floor":5},{"not_picked":["Armaments","Shockwave"],"picked":"Demonic Infusion","floor":7},{"not_picked":["Rage","Shrug It Off","Ghostly Armor"],"picked":"SKIP","floor":14},{"not_picked":["Exhume","hubris:StunningStrike"],"picked":"conspire:Purge","floor":16},{"not_picked":["Pommel Strike","Havoc","ReplayTheSpireMod:Limb From Limb"],"picked":"SKIP","floor":18},{"not_picked":["infinitespire:OneForAll","Havoc","ReplayTheSpireMod:Strike From Hell"],"picked":"SKIP","floor":19},{"not_picked":["hubris:SharpeningStone","Twin Strike+1","ReplayTheSpireMod:Limb From Limb+1"],"picked":"SKIP","floor":23}],"player_experience":542306,"relics_obtained":[{"floor":9,"key":"infinitespire:Satchel"},{"floor":23,"key":"hubris:64BitClover"}],"event_choices":[{"damage_healed":0,"gold_gain":0,"player_choice":"Success","damage_taken":3,"relics_obtained":["conspire:TopHat"],"max_hp_gain":0,"max_hp_loss":0,"event_name":"Scrap Ooze","floor":10,"gold_loss":0},{"damage_healed":0,"gold_gain":0,"player_choice":"Grow","damage_taken":0,"max_hp_gain":0,"max_hp_loss":0,"event_name":"Living Wall","floor":12,"gold_loss":0,"cards_upgraded":["Demonic Infusion"]},{"damage_healed":0,"gold_gain":0,"player_choice":"Ignored","damage_taken":0,"max_hp_gain":0,"max_hp_loss":0,"event_name":"Vampires","floor":21,"gold_loss":0}],"is_beta":false,"boss_relics":[{"not_picked":["SlaversCollar","ReplayTheSpireMod:DimensionalGlitch"],"picked":"Astrolabe"}],"items_purged_floors":[0,4,20],"is_endless":true,"potions_floor_spawned":[1,7,16,19],"killed_by":"Shelled Parasite and Fungi","ascension_level":0}}