{"host":"d8cz15m779bv9isj","time":1613919289,"event":{"mods":["Aspiration","BaseMod","Colored Map","Colored Powertips","DeckTracker","Downfall","Hermit","Highlight Path","Hubris","Infinite Spire","Minty Spire (QoL Compilation)","Quick Restart","Random Character Button","Relic Sorter","Replay The Spire","StSLib","SuperFastMode","Synergy Search","The Cursed","The Disciple","The Jungle","The Runesmith"],"gold_per_floor":[109,109,34,34,53,96,96,135,135,135,54,69,69,69,69],"floor_reached":14,"language":"ENG","playtime":337,"items_purged":["Strike_G"],"score":157,"play_id":"0cbb7c5d-e655-40f8-80e0-081e4c949996","local_time":"20210221155449","is_ascension_mode":true,"campfire_choices":[{"floor":7,"key":"DIG"}],"circlet_count":0,"master_deck":["Strike_G","Strike_G","Strike_G","Strike_G","Defend_G","Defend_G","Defend_G","Defend_G","Defend_G","Survivor","Neutralize","Backstab","Prepared","Pot Of Greed","Distraction","Footwork","Prepared"],"relics":["Ring of the Snake","NeowsBlessing","Golden Idol","Replay:Multitool","Grinning Jar","hubris:Zylophone","Anchor","Ancient Tea Set"],"acts_visited":["Exordium"],"potions_floor_usage":[],"damage_taken":[{"damage":0,"enemies":"Small Slimes","floor":1,"turns":1},{"damage":0,"enemies":"Jaw Worm","floor":5,"turns":1},{"damage":0,"enemies":"Lagavulin","floor":6,"turns":1},{"damage":27,"enemies":"3 Sentries","floor":8,"turns":14},{"damage":0,"enemies":"Cultist","floor":12,"turns":4},{"damage":49,"enemies":"Lagavulin","floor":14,"turns":12}],"seed_played":"563197833163401239","potions_obtained":[{"floor":5,"key":"Swift Potion"}],"is_trial":false,"path_per_floor":["M","?","$","?","M","E","R","E","T","?","$","M","?","E"],"character_chosen":"THE_SILENT","items_purchased":["Footwork"],"campfire_rested":0,"item_purchase_floors":[11],"current_hp_per_floor":[63,46,46,46,46,46,46,19,19,24,24,24,47,0,0],"gold":69,"neow_bonus":"THREE_ENEMY_KILL","is_daily":false,"chose_seed":false,"campfire_upgraded":0,"win_rate":0.0,"timestamp":1613919289,"path_taken":["M","?","$","?","M","E","R","E","T","?","$","?","?","E"],"items_purchased_type":["Card"],"build_version":"2020-12-22","purchased_purges":1,"victory":false,"max_hp_per_floor":[70,70,70,70,70,70,70,70,70,70,70,70,70,70,70],"card_choices":[{"not_picked":["Outmaneuver","Prepared"],"picked":"Backstab","floor":1},{"not_picked":["Slice","Hidden Blade"],"picked":"Prepared","floor":5},{"not_picked":["ReplayTheSpireMod:Speed Training","Concentrate","Underhanded Strike"],"picked":"SKIP","floor":6},{"not_picked":["Flying Knee","ReplayTheSpireMod:Tripwire"],"picked":"Distraction","floor":8},{"not_picked":["Cloak And Dagger","Deadly Poison"],"picked":"Prepared","floor":12}],"player_experience":252354,"relics_obtained":[{"floor":4,"key":"Replay:Multitool"},{"floor":6,"key":"Grinning Jar"},{"floor":7,"key":"hubris:Zylophone"},{"floor":8,"key":"Anchor"},{"floor":9,"key":"Ancient Tea Set"}],"event_choices":[{"damage_healed":0,"gold_gain":0,"player_choice":"Take Damage","damage_taken":17,"relics_obtained":["Golden Idol"],"max_hp_gain":0,"max_hp_loss":0,"event_name":"Golden Idol","floor":2,"gold_loss":0},{"cards_removed":["Pot Of Greed"],"damage_healed":5,"gold_gain":0,"player_choice":"Offered Special","damage_taken":0,"max_hp_gain":0,"max_hp_loss":0,"event_name":"Bonfire Elementals","floor":10,"gold_loss":0},{"damage_healed":23,"gold_gain":0,"player_choice":"Banana","damage_taken":0,"max_hp_gain":0,"max_hp_loss":0,"event_name":"Big Fish","floor":13,"gold_loss":0}],"is_beta":false,"boss_relics":[],"items_purged_floors":[3],"is_endless":false,"potions_floor_spawned":[5],"killed_by":"Lagavulin","ascension_level":6}}