{"host":"0fupymmp6wdjyqoi","time":1613934931,"event":{"mods":["BaseMod","Bestiary","Clockwork Mod","Conspire","Downfall","GifTheSpireLib","Hubris","Infinite Spire","Minty Spire (QoL Compilation)","Replay The Spire","StSLib","The Construct","The Senshi"],"gold_per_floor":[116,37,37,57,57,57,57,57,82,82,82,101,113,72,72,72,72],"floor_reached":16,"language":"ENG","playtime":1597,"items_purged":[],"score":88,"play_id":"309c3ceb-2468-42eb-9fc4-4ab012d860eb","local_time":"20210221201531","is_ascension_mode":false,"campfire_choices":[{"data":"Catalyst","floor":6,"key":"SMITH"},{"data":"Neutralize","floor":8,"key":"SMITH"},{"data":"Leap","floor":11,"key":"SMITH"}],"circlet_count":0,"master_deck":["Strike_G","Strike_G","Strike_G","Strike_G","Defend_G","Defend_G+1","Defend_G","Defend_G+1","Defend_G","Acrobatics","Catalyst+1","All Out Attack","Leap+1","Beam Cell+1","Crippling Poison","Poisoned Stab","Noxious Fumes+1","Endless Agony"],"relics":["Iron Core","infinitespire:Cubic Diamond","Blue Doll"],"acts_visited":["Exordium"],"potions_floor_usage":[16],"damage_taken":[{"damage":11,"enemies":"Jaw Worm","floor":1,"turns":9},{"damage":5,"enemies":"2 Louse","floor":4,"turns":4},{"damage":1,"enemies":"Small Slimes","floor":12,"turns":3},{"damage":6,"enemies":"Blue Slaver","floor":13,"turns":4},{"damage":39,"enemies":"Slime Boss","floor":16,"turns":10}],"seed_played":"-3979513280712118964","potions_obtained":[{"floor":13,"key":"construct:ShiftPotion"}],"is_trial":false,"path_per_floor":["M","$","?","M","$","R","?","R","T","?","R","M","M","$","R","B"],"character_chosen":"THE_SILENT","items_purchased":["Catalyst","Noxious Fumes+1"],"campfire_rested":0,"item_purchase_floors":[2,14],"current_hp_per_floor":[66,66,66,61,61,61,46,46,46,46,46,45,39,39,39,0,0],"gold":72,"neow_bonus":"TEN_PERCENT_HP_BONUS","is_daily":false,"chose_seed":false,"campfire_upgraded":3,"win_rate":0.0,"timestamp":1613934931,"path_taken":["M","$","?","M","$","R","?","R","T","?","R","M","M","?","R","BOSS"],"items_purchased_type":["Card","Card"],"build_version":"2020-12-22","purchased_purges":0,"victory":false,"max_hp_per_floor":[77,77,77,77,77,77,77,77,77,77,77,77,77,77,77,77,77],"card_choices":[{"not_picked":["conspire:PoisonWeapons","Dagger Throw"],"picked":"Acrobatics","floor":1},{"not_picked":["Hidden Blade","Flechettes"],"picked":"All Out Attack","floor":4},{"not_picked":["Hologram","Blade Dance"],"picked":"Crippling Poison","floor":12},{"not_picked":["Turbo","Dodge and Roll"],"picked":"Poisoned Stab","floor":13}],"player_experience":72366,"relics_obtained":[{"floor":9,"key":"Blue Doll"}],"event_choices":[{"damage_healed":0,"gold_gain":0,"player_choice":"Entered Light","damage_taken":15,"max_hp_gain":0,"max_hp_loss":0,"event_name":"Shining Light","floor":7,"gold_loss":0,"cards_upgraded":["Defend_G","Defend_G"]}],"is_beta":false,"boss_relics":[],"items_purged_floors":[],"is_endless":false,"potions_floor_spawned":[13],"killed_by":"Slime Boss","ascension_level":0}}