{"host":"Jitters","time":1613888473,"event":{"mods":["BaseMod","Colored Powertips","Curses Come First","Downfall","Minty Spire (QoL Compilation)","Relic Stats","Reliquary","Shop Mod","Spicy Shops","StSLib"],"gold_per_floor":[0,19,29,29,14,14,14,14,0,28,44,54,73,103,117,117,117,117],"floor_reached":16,"language":"ENG","playtime":1138,"items_purged":[],"score":129,"play_id":"e613adb8-a44c-4596-bab1-5ed5d76ff9e4","local_time":"20210221012113","is_ascension_mode":true,"campfire_choices":[{"data":"bronze:ChildClass","floor":1.0,"key":"SMITH"},{"data":"bronze:TinkerersToolbox","floor":8.0,"key":"SMITH"}],"circlet_count":0,"master_deck":["bronze:Strike","bronze:Defend","bronze:Defend","bronze:Defend","bronze:Defend","bronze:Replicate","bronze:Goto","bronze:Shield","bronze:ChildClass+1","bronze:Repulsor","bronze:FineTuning","bronze:TinkerersToolbox+1","bronze:ItsAFeature","bronze:Turbo","bronze:WhirlingStrike","bronze:ItsAFeature","bronze:Iterate","bronze:Overheat","bronze:Shield"],"relics":["bronze:BronzeCore","Oddly Smooth Stone","Gremlin Horn","Letter Opener","Sundial"],"acts_visited":["Exordium"],"potions_floor_usage":[],"damage_taken":[{"damage":1.0,"enemies":"Jaw Worm","floor":2.0,"turns":6.0},{"damage":0.0,"enemies":"Cultist","floor":3.0,"turns":5.0},{"damage":0.0,"enemies":"downfall:FleeingMerchant","floor":5.0,"turns":4.0},{"damage":3.0,"enemies":"downfall:FleeingMerchant","floor":9.0,"turns":4.0},{"damage":10.0,"enemies":"3 Sentries","floor":10.0,"turns":10.0},{"damage":0.0,"enemies":"Small Slimes","floor":11.0,"turns":3.0},{"damage":10.0,"enemies":"Exordium Thugs","floor":12.0,"turns":5.0},{"damage":10.0,"enemies":"Gremlin Gang","floor":13.0,"turns":3.0},{"damage":24.0,"enemies":"Gremlin Nob","floor":14.0,"turns":5.0},{"damage":0.0,"enemies":"2 Fungi Beasts","floor":15.0,"turns":3.0},{"damage":0,"enemies":"IC_STATUS_ARCHETYPE","floor":16,"turns":2}],"seed_played":"8047696662594329774","potions_obtained":[{"floor":2.0,"key":"SkillPotion"},{"floor":11.0,"key":"Weak Potion"},{"floor":12.0,"key":"Fruit Juice"},{"floor":14.0,"key":"Energy Potion"}],"is_trial":false,"path_per_floor":["R","M","M","?","$","?","T","R","$","E","M","M","M","E","M","B"],"character_chosen":"THE_AUTOMATON","items_purchased":[],"campfire_rested":0,"item_purchase_floors":[],"current_hp_per_floor":[70,69,69,69,69,57,57,57,54,44,44,39,29,5,5,5,5,5],"gold":117,"neow_bonus":"TRANSFORM_TWO_CARDS","is_daily":false,"chose_seed":false,"campfire_upgraded":2,"win_rate":0.0,"timestamp":1613888473,"path_taken":["R","M","M","?","?","?","T","R","$","E","?","?","M","E","M","BOSS"],"items_purchased_type":[],"build_version":"2020-11-17","purchased_purges":0,"victory":false,"max_hp_per_floor":[70,70,70,70,70,70,70,70,70,70,70,75,75,75,75,75,75,75],"relic_stats":{"Gremlin Horn":[8,8],"counters":[11,50],"Sundial":[0],"Letter Opener":[144],"obtain_stats":[{"bronze:BronzeCore":0,"Gremlin Horn":7,"Sundial":14,"Oddly Smooth Stone":6,"Letter Opener":10},{"bronze:BronzeCore":0,"Gremlin Horn":3,"Sundial":9,"Oddly Smooth Stone":3,"Letter Opener":5},{"bronze:BronzeCore":0,"Gremlin Horn":15,"Sundial":45,"Oddly Smooth Stone":15,"Letter Opener":29}]},"card_choices":[{"not_picked":["bronze:Philosophize","bronze:FineTuning"],"picked":"bronze:Repulsor","floor":2.0},{"not_picked":["bronze:BitShift","bronze:BronzeArmor"],"picked":"bronze:FineTuning","floor":3.0},{"not_picked":["bronze:Frontload","bronze:Shield"],"picked":"bronze:TinkerersToolbox","floor":5.0},{"not_picked":["bronze:Deprecate","bronze:BitShift"],"picked":"bronze:ItsAFeature","floor":9.0},{"not_picked":["bronze:DelayedGuard","bronze:Allocate"],"picked":"bronze:Turbo","floor":10.0},{"not_picked":["bronze:Branch","bronze:Safeguard"],"picked":"bronze:WhirlingStrike","floor":11.0},{"not_picked":["bronze:Overheat","bronze:CutThrough"],"picked":"bronze:ItsAFeature","floor":12.0},{"not_picked":["bronze:Branch","bronze:BugBarrage"],"picked":"bronze:Iterate","floor":13.0},{"not_picked":["bronze:HardenedForm","bronze:Constructor"],"picked":"bronze:Overheat","floor":14.0},{"not_picked":["bronze:DelayedGuard","bronze:Optimize"],"picked":"bronze:Shield","floor":15.0}],"player_experience":225821,"relics_obtained":[{"floor":7.0,"key":"Gremlin Horn"},{"floor":10.0,"key":"Letter Opener"},{"floor":14.0,"key":"Sundial"}],"event_choices":[{"cards_removed":["bronze:Strike"],"damage_healed":0.0,"max_hp_gain":0.0,"max_hp_loss":0.0,"gold_gain":0.0,"event_name":"Bonfire Elementals","player_choice":"Offered Basic","floor":4.0,"gold_loss":0.0,"damage_taken":0.0},{"damage_healed":0.0,"max_hp_gain":0.0,"max_hp_loss":0.0,"gold_gain":0.0,"event_name":"Scrap Ooze","player_choice":"Success","floor":6.0,"gold_loss":0.0,"damage_taken":12.0,"relics_obtained":["Oddly Smooth Stone"]}],"is_beta":true,"boss_relics":[],"items_purged_floors":[],"is_endless":false,"potions_floor_spawned":[2,11,12,14],"killed_by":"IC_STATUS_ARCHETYPE","ascension_level":3}}