{"host":"v86vpwf004p2esb7","time":1613896468,"event":{"mods":["AchievementEnabler","BaseMod","BetterRewards","Colored Powertips","Minty Spire (QoL Compilation)","Quick Restart","StSLib","Transform Curses"],"gold_per_floor":[116,191,202,202,51,89,89,108,133,133,133,133,156,181,181,305,305,318,342,26,39,108,108,150,150,150],"floor_reached":25,"language":"ENG","playtime":748,"items_purged":["Injury"],"score":221,"play_id":"2f5c6ebf-aaa1-47b5-8a80-40372934416b","local_time":"20210221003428","is_ascension_mode":false,"campfire_choices":[{"data":"Storm","floor":10,"key":"SMITH"},{"data":"Storm","floor":12,"key":"SMITH"},{"data":"Chill","floor":15,"key":"SMITH"},{"floor":23,"key":"REST"}],"circlet_count":0,"master_deck":["Strike_B","Strike_B","Strike_B","Defend_B","Defend_B","Defend_B","Defend_B","Zap","Dualcast","Storm+1","Self Repair","Gash","Fusion","Conserve Battery","Conserve Battery","Storm+1","Chill+1","FTL","Rip and Tear","Barrage","Loop","Creative AI","Leap","Defragment","Capacitor","Leap","Scrape+1"],"relics":["Cracked Core","Tiny Chest","Oddly Smooth Stone","Mercury Hourglass","Shovel","Golden Idol","Bag of Marbles","Bottled Tornado","SlaversCollar","Molten Egg 2","Bottled Lightning","CeramicFish"],"acts_visited":["Exordium","TheCity"],"potions_floor_usage":[16,18,24],"damage_taken":[{"damage":0,"enemies":"Small Slimes","floor":1,"turns":4},{"damage":0,"enemies":"2 Louse","floor":3,"turns":3},{"damage":15,"enemies":"3 Sentries","floor":6,"turns":6},{"damage":1,"enemies":"Jaw Worm","floor":8,"turns":3},{"damage":5,"enemies":"3 Louse","floor":13,"turns":2},{"damage":12,"enemies":"2 Fungi Beasts","floor":14,"turns":2},{"damage":20,"enemies":"Hexaghost","floor":16,"turns":10},{"damage":0,"enemies":"3 Byrds","floor":18,"turns":2},{"damage":30,"enemies":"2 Thieves","floor":19,"turns":3},{"damage":34,"enemies":"Snake Plant","floor":21,"turns":5},{"damage":45,"enemies":"Slavers","floor":24,"turns":5},{"damage":9,"enemies":"Sentry and Sphere","floor":25,"turns":2}],"seed_played":"3832507140052540719","potions_obtained":[{"floor":1,"key":"SkillPotion"},{"floor":6,"key":"Block Potion"},{"floor":8,"key":"Explosive Potion"},{"floor":19,"key":"BlessingOfTheForge"},{"floor":24,"key":"Swift Potion"}],"is_trial":false,"path_per_floor":["M","?","M","?","$","E","T","M","T","R","?","R","M","M","R","B",null,"M","M","$","M","T","R","E","M"],"character_chosen":"DEFECT","items_purchased":["Storm","Tiny Chest","Oddly Smooth Stone","Self Repair","Gash","Mercury Hourglass","Fusion","Storm","Molten Egg 2","Capacitor"],"campfire_rested":1,"item_purchase_floors":[0,0,0,0,0,0,0,5,20,20],"current_hp_per_floor":[47,36,43,43,43,35,35,41,41,41,41,41,43,38,38,25,75,75,52,52,25,25,47,9,0,0],"gold":150,"neow_bonus":"","is_daily":false,"chose_seed":false,"campfire_upgraded":3,"win_rate":0.0,"timestamp":1613896468,"path_taken":["M","?","M","?","?","E","?","M","T","R","?","R","M","?","R","BOSS","M","M","?","M","?","R","E","M"],"items_purchased_type":["Card","Relic","Relic","Card","Card","Relic","Card","Card","Relic","Card"],"build_version":"2020-12-22","purchased_purges":1,"victory":false,"max_hp_per_floor":[75,75,75,75,75,75,75,75,75,75,75,75,75,75,75,75,75,75,75,75,75,75,75,75,75,75],"card_choices":[{"not_picked":["Rebound","Reinforced Body"],"picked":"Conserve Battery","floor":1},{"not_picked":["Leap","Hologram"],"picked":"Conserve Battery","floor":3},{"not_picked":["BootSequence","Coolheaded"],"picked":"Chill","floor":6},{"not_picked":["Reprogram","Doom and Gloom"],"picked":"FTL","floor":8},{"not_picked":["Coolheaded","Go for the Eyes"],"picked":"Barrage","floor":13},{"not_picked":["Cold Snap","Turbo"],"picked":"Loop","floor":14},{"not_picked":["Multi-Cast","Core Surge"],"picked":"Creative AI","floor":16},{"not_picked":["Streamline","Sweeping Beam+1"],"picked":"Leap","floor":18},{"not_picked":["Rip and Tear","Conserve Battery+1"],"picked":"Defragment","floor":19},{"not_picked":["Turbo","Double Energy+1"],"picked":"Leap","floor":21},{"not_picked":["Force Field+1","Double Energy"],"picked":"Scrape+1","floor":24}],"player_experience":185317,"relics_obtained":[{"floor":6,"key":"Bag of Marbles"},{"floor":7,"key":"Bottled Tornado"},{"floor":22,"key":"Bottled Lightning"},{"floor":24,"key":"CeramicFish"}],"event_choices":[{"damage_healed":0,"gold_gain":75,"player_choice":"Gather Gold","damage_taken":11,"max_hp_gain":0,"max_hp_loss":0,"event_name":"World of Goop","floor":2,"gold_loss":0},{"damage_healed":0,"gold_gain":0,"player_choice":"Take Wound","damage_taken":0,"relics_obtained":["Golden Idol"],"max_hp_gain":0,"max_hp_loss":0,"event_name":"Golden Idol","floor":4,"gold_loss":0,"cards_obtained":["Injury"]},{"damage_healed":0,"gold_gain":0,"cards_transformed":["Strike_B"],"player_choice":"Transformed","damage_taken":0,"max_hp_gain":0,"max_hp_loss":0,"event_name":"Transmorgrifier","floor":11,"gold_loss":0,"cards_obtained":["Rip and Tear"]}],"is_beta":false,"boss_relics":[{"not_picked":["SacredBark","Coffee Dripper"],"picked":"SlaversCollar"}],"items_purged_floors":[5],"is_endless":false,"potions_floor_spawned":[1,6,8,19,24],"killed_by":"Sentry and Sphere","ascension_level":0}}