{"host":"gaqyve1328ta0etl","time":1613894420,"event":{"mods":["BaseMod","Colored Map","Colored Powertips","Duelist Mod","Googly Eyes","Hero for Fun","Minty Spire (QoL Compilation)","Shop Mod","StSLib","SuperFastMode","The Hierophant","The Runesmith"],"gold_per_floor":[138,151,170,188,188,188,218,143,192,192,219,219,219,231,231,231,231],"floor_reached":16,"language":"ENG","playtime":364,"items_purged":["theDuelist:CastleWalls"],"score":220,"play_id":"6890d901-64c3-4f7d-b4fb-e972e7e813c1","local_time":"20210221000020","is_ascension_mode":true,"campfire_choices":[{"data":"theDuelist:WingedKuriboh","floor":6,"key":"SMITH"},{"floor":12,"key":"REST"},{"data":"theDuelist:SpiralSpearStrike","floor":15,"key":"SMITH"}],"circlet_count":0,"master_deck":["AscendersBane","theDuelist:BeaverWarrior","theDuelist:BeaverWarrior","theDuelist:CastleWalls","theDuelist:FinalFlame","theDuelist:GiantSoldier","theDuelist:GiantSoldier","theDuelist:ScrapFactory","theDuelist:Sparks","theDuelist:Sparks","theDuelist:FluteKuriboh","theDuelist:BigFire","theDuelist:WingedKuriboh+1","theDuelist:Eva","theDuelist:DoubleTool","theDuelist:FinalFlame","theDuelist:SpiralSpearStrike+1"],"relics":["theDuelist:MillenniumPuzzle","theDuelist:CardPoolRelic","theDuelist:CardPoolBasicRelic","theDuelist:BoosterPackPoolRelic","theDuelist:CardPoolAddRelic","theDuelist:CardPoolMinusRelic","theDuelist:CardPoolSaveRelic","theDuelist:CardPoolOptionsRelic","theDuelist:YugiMirror","Tiny Chest","Ancient Tea Set","Dream Catcher"],"acts_visited":["Exordium"],"potions_floor_usage":[11,14],"damage_taken":[{"damage":3,"enemies":"Jaw Worm","floor":1,"turns":6},{"damage":0,"enemies":"Small Slimes","floor":2,"turns":3},{"damage":0,"enemies":"2 Louse","floor":3,"turns":1},{"damage":0,"enemies":"Looter","floor":4,"turns":5},{"damage":8,"enemies":"3 Sentries","floor":7,"turns":8},{"damage":13,"enemies":"Gremlin Nob","floor":11,"turns":4},{"damage":0,"enemies":"Exordium Wildlife","floor":14,"turns":2},{"damage":63,"enemies":"Hexaghost","floor":16,"turns":15}],"seed_played":"-6693793882390316355","potions_obtained":[{"floor":3,"key":"Strength Potion"},{"floor":7,"key":"Energy Potion"},{"floor":11,"key":"Explosive Potion"}],"is_trial":false,"path_per_floor":["M","M","M","M","?","R","E","$","T","?","E","R","T","M","R","B"],"character_chosen":"THE_DUELIST","items_purchased":[],"campfire_rested":1,"item_purchase_floors":[],"current_hp_per_floor":[60,60,60,60,60,60,52,52,52,52,39,60,60,60,60,0,0],"gold":231,"neow_bonus":"THREE_CARDS","is_daily":false,"chose_seed":false,"campfire_upgraded":2,"win_rate":0.0,"timestamp":1613894420,"path_taken":["M","M","M","M","?","R","E","$","T","?","E","R","?","M","R","BOSS"],"items_purchased_type":[],"build_version":"2020-12-22","purchased_purges":1,"victory":false,"max_hp_per_floor":[70,70,70,70,70,70,70,70,70,70,70,70,70,70,70,70,70],"card_choices":[{"not_picked":["theDuelist:WormApocalypse","theDuelist:DarkBurningAttack"],"picked":"theDuelist:FluteKuriboh","floor":0},{"not_picked":["theDuelist:MeteorDestruction","theDuelist:Hinotama","theDuelist:CombinationAttack","theDuelist:MythicalBeast"],"picked":"theDuelist:BigFire","floor":1},{"not_picked":["theDuelist:BattleOx","theDuelist:BattleguardKing","theDuelist:ClearKuriboh","theDuelist:SmashingGround"],"picked":"theDuelist:WingedKuriboh","floor":2},{"not_picked":["theDuelist:CoreBlaster","theDuelist:AfterTheStorm","theDuelist:DarkBurningAttack","theDuelist:SpellShatteringArrow"],"picked":"theDuelist:Eva","floor":3},{"not_picked":["theDuelist:SpellShatteringArrow","theDuelist:CombinationAttack","theDuelist:BigFire","theDuelist:VenomShot"],"picked":"theDuelist:DoubleTool","floor":4},{"not_picked":["theDuelist:VendreadCharge","theDuelist:MagicalStone","theDuelist:Sangan","theDuelist:GravityAxe","theDuelist:SangaEarth"],"picked":"SKIP","floor":7},{"not_picked":["theDuelist:Hinotama","theDuelist:SpiritHarp","theDuelist:RainbowNeos","theDuelist:PowerKaishin","theDuelist:EgoBoost"],"picked":"SKIP","floor":11},{"not_picked":["theDuelist:SilentDoom","theDuelist:BigKoala","theDuelist:BattleFootballer","theDuelist:SangaEarth"],"picked":"theDuelist:SpiralSpearStrike","floor":14}],"player_experience":2232678,"relics_obtained":[{"floor":7,"key":"theDuelist:YugiMirror"},{"floor":9,"key":"Tiny Chest"},{"floor":11,"key":"Ancient Tea Set"},{"floor":13,"key":"Dream Catcher"}],"event_choices":[{"damage_healed":0,"gold_gain":0,"player_choice":"Leave","duelist":true,"damage_taken":0,"max_hp_gain":0,"max_hp_loss":0,"event_name":"Egyptian Village","floor":5,"gold_loss":0},{"damage_healed":0,"gold_gain":0,"player_choice":"Leave","duelist":true,"damage_taken":0,"max_hp_gain":0,"max_hp_loss":0,"event_name":"Millennium Items","floor":10,"gold_loss":0}],"is_beta":false,"boss_relics":[],"items_purged_floors":[8],"is_endless":false,"potions_floor_spawned":[3,7,11],"killed_by":"Hexaghost","ascension_level":20}}