{"host":"1e3ivg30op4goso1","time":1613936806,"event":{"mods":["AchievementEnabler","Ascension Unlocker","BaseMod","Colored Map","Minty Spire (QoL Compilation)","Permanent Neow","Quick Restart","Relic Filter","StSLib","SuperFastMode"],"gold_per_floor":[118,138,138,138,138,138,169,169,169,344,344,201,217,70,70,70,70],"floor_reached":16,"language":"ENG","playtime":402,"items_purged":[],"score":144,"play_id":"fcc9d48f-1e7b-4c64-a50e-348bda40df40","local_time":"20210221144646","is_ascension_mode":true,"campfire_choices":[{"data":"Beam Cell","floor":6.0,"key":"SMITH"},{"floor":8.0,"key":"REST"},{"data":"Buffer","floor":11.0,"key":"SMITH"},{"data":"Zap","floor":15.0,"key":"SMITH"}],"circlet_count":0,"master_deck":["AscendersBane","Strike_B","Strike_B","Strike_B","Strike_B","Defend_B","Defend_B","Defend_B","Defend_B","Zap+1","CurseOfTheBell","Beam Cell+1","Buffer+1","Doubt","Backstab","All For One"],"relics":["Calling Bell","Bag of Marbles","InkBottle","Ginger","Golden Idol","Anchor","FossilizedHelix","Boot","PrismaticShard"],"acts_visited":["Exordium"],"potions_floor_usage":[16,16],"damage_taken":[{"damage":1.0,"enemies":"Cultist","floor":1.0,"turns":4.0},{"damage":9.0,"enemies":"Jaw Worm","floor":2.0,"turns":3.0},{"damage":39.0,"enemies":"Gremlin Nob","floor":7.0,"turns":6.0},{"damage":0.0,"enemies":"Small Slimes","floor":13.0,"turns":3.0},{"damage":37,"enemies":"Hexaghost","floor":16,"turns":9}],"seed_played":"506964869684669279","potions_obtained":[{"floor":1.0,"key":"EssenceOfSteel"},{"floor":13.0,"key":"Weak Potion"}],"is_trial":false,"path_per_floor":["M","M","?","?","?","R","E","R","T","?","R","$","M","$","R","B"],"character_chosen":"DEFECT","items_purchased":["PrismaticShard","All For One"],"campfire_rested":1,"item_purchase_floors":[12,14],"current_hp_per_floor":[67,58,58,55,55,55,16,36,36,36,36,36,36,36,36,0,0],"gold":70,"neow_bonus":"BOSS_RELIC","is_daily":false,"chose_seed":false,"campfire_upgraded":3,"win_rate":0.0,"timestamp":1613936806,"path_taken":["M","?","?","?","?","R","E","R","T","?","R","$","M","?","R","BOSS"],"items_purchased_type":["Relic","Card"],"build_version":"2020-12-22","purchased_purges":0,"victory":false,"max_hp_per_floor":[75,75,69,69,69,69,69,69,69,69,69,69,69,69,69,69,69],"card_choices":[{"not_picked":["Coolheaded","Ball Lightning"],"picked":"Beam Cell","floor":1.0},{"not_picked":["Turbo","Chill","Conserve Battery"],"picked":"SKIP","floor":2.0},{"not_picked":["Leap","Redo","Ball Lightning"],"picked":"SKIP","floor":7.0},{"not_picked":["Metallicize","Body Slam"],"picked":"Backstab","floor":13.0}],"player_experience":10434,"relics_obtained":[{"floor":0.0,"key":"Bag of Marbles"},{"floor":0.0,"key":"InkBottle"},{"floor":0.0,"key":"Ginger"},{"floor":7.0,"key":"FossilizedHelix"},{"floor":9.0,"key":"Boot"}],"event_choices":[{"damage_healed":0.0,"max_hp_gain":0.0,"max_hp_loss":6.0,"gold_gain":0.0,"event_name":"Golden Idol","player_choice":"Lose Max HP","floor":3.0,"gold_loss":0.0,"damage_taken":0.0,"relics_obtained":["Golden Idol"]},{"damage_healed":0.0,"max_hp_gain":0.0,"max_hp_loss":0.0,"gold_gain":0.0,"event_name":"Scrap Ooze","player_choice":"Success","floor":4.0,"gold_loss":0.0,"damage_taken":3.0,"relics_obtained":["Anchor"]},{"damage_healed":0.0,"max_hp_gain":0.0,"max_hp_loss":0.0,"gold_gain":0.0,"cards_transformed":["Dualcast"],"event_name":"Living Wall","player_choice":"Change","floor":5.0,"gold_loss":0.0,"damage_taken":0.0,"cards_obtained":["Buffer"]},{"damage_healed":0.0,"max_hp_gain":0.0,"max_hp_loss":0.0,"gold_gain":175.0,"event_name":"Liars Game","player_choice":"AGREE","floor":10.0,"gold_loss":0.0,"damage_taken":0.0,"cards_obtained":["Doubt"]}],"is_beta":false,"boss_relics":[],"items_purged_floors":[],"is_endless":false,"potions_floor_spawned":[1,13],"killed_by":"Hexaghost","ascension_level":10}}