{"host":"adi","time":1613867243,"event":{"mods":["AchievementEnabler","BaseMod","Bestiary","Colored Powertips","Minty Spire (QoL Compilation)","StSLib"],"gold_per_floor":[112,112,36,53,70,70,101,176,191,191,262,262,262,22,57,57,119,119,119,119],"floor_reached":19,"language":"ENG","playtime":571,"items_purged":[],"score":185,"play_id":"e315c15d-a811-4dae-805e-cf4929f40545","local_time":"20210221012723","is_ascension_mode":true,"campfire_choices":[{"data":"BattleHymn","floor":6,"key":"SMITH"},{"data":"Establishment","floor":13,"key":"SMITH"},{"floor":18,"key":"REST"}],"circlet_count":0,"master_deck":["Strike_P","Strike_P","Strike_P+1","Strike_P","Defend_P","Defend_P","Defend_P+1","Defend_P","Eruption","Vigilance","BattleHymn+1","ThirdEye","ReachHeaven","Establishment+1","FearNoEvil","ClearTheMind","Crescendo"],"relics":["PureWater","NeowsBlessing","StoneCalendar","Strawberry","Blue Candle","Bottled Lightning","TeardropLocket","Frozen Egg 2","WingedGreaves","Mercury Hourglass"],"acts_visited":["Exordium"],"potions_floor_usage":[9,17,19],"damage_taken":[{"damage":0,"enemies":"Small Slimes","floor":1,"turns":1},{"damage":0,"enemies":"Cultist","floor":4,"turns":1},{"damage":0,"enemies":"2 Louse","floor":5,"turns":1},{"damage":15,"enemies":"3 Sentries","floor":7,"turns":7},{"damage":4,"enemies":"2 Fungi Beasts","floor":9,"turns":3},{"damage":0,"enemies":"Gremlin Nob","floor":15,"turns":2},{"damage":27,"enemies":"Lagavulin Event","floor":17,"turns":4},{"damage":26,"enemies":"Hexaghost","floor":19,"turns":5}],"seed_played":"3853687075422757413","potions_obtained":[{"floor":7,"key":"ColorlessPotion"},{"floor":9,"key":"Ancient Potion"},{"floor":17,"key":"StancePotion"}],"is_trial":false,"path_per_floor":["M","?","$","M","M","R","E","?","M","?","T","T","R","$","E","?","?","R","B"],"character_chosen":"WATCHER","items_purchased":["BattleHymn","TeardropLocket"],"campfire_rested":1,"item_purchase_floors":[3,14],"current_hp_per_floor":[72,72,72,72,72,72,64,53,49,33,33,33,33,33,33,30,3,26,0,0],"gold":119,"neow_bonus":"THREE_ENEMY_KILL","is_daily":false,"chose_seed":false,"campfire_upgraded":2,"win_rate":0.0,"timestamp":1613867243,"path_taken":["M","?","$","?","M","R","E","?","M","?","T","T","R","$","E","?","?","R","BOSS"],"items_purchased_type":["Card","Relic"],"build_version":"2020-12-18","purchased_purges":0,"victory":false,"max_hp_per_floor":[72,72,72,72,72,72,79,79,79,79,79,79,79,79,79,79,79,79,79,79],"card_choices":[{"not_picked":["CrushJoints","Protect"],"picked":"ClearTheMind","floor":1},{"not_picked":["WaveOfTheHand","FlyingSleeves"],"picked":"ThirdEye","floor":4},{"not_picked":["Protect","Indignation"],"picked":"ReachHeaven","floor":5},{"not_picked":["Blasphemy","FlyingSleeves"],"picked":"Establishment","floor":7},{"not_picked":["Sanctity","EmptyFist"],"picked":"FearNoEvil","floor":9},{"not_picked":["CutThroughFate","FlurryOfBlows"],"picked":"ClearTheMind","floor":15},{"not_picked":["EmptyFist","CrushJoints"],"picked":"Crescendo","floor":17}],"player_experience":451771,"relics_obtained":[{"floor":7,"key":"Strawberry"},{"floor":11,"key":"Blue Candle"},{"floor":12,"key":"Bottled Lightning"},{"floor":15,"key":"Frozen Egg 2"},{"floor":17,"key":"Mercury Hourglass"}],"event_choices":[{"cards_removed":["ClearTheMind"],"damage_healed":0,"gold_gain":0,"player_choice":"Gave Card","damage_taken":0,"relics_obtained":["StoneCalendar"],"max_hp_gain":0,"max_hp_loss":0,"event_name":"WeMeetAgain","floor":2,"gold_loss":0},{"damage_healed":0,"gold_gain":75,"player_choice":"Gather Gold","damage_taken":11,"max_hp_gain":0,"max_hp_loss":0,"event_name":"World of Goop","floor":8,"gold_loss":0},{"damage_healed":0,"gold_gain":0,"player_choice":"Entered Light","damage_taken":16,"max_hp_gain":0,"max_hp_loss":0,"event_name":"Shining Light","floor":10,"gold_loss":0,"cards_upgraded":["Strike_P","Defend_P"]},{"damage_healed":0,"gold_gain":0,"player_choice":"Success","damage_taken":3,"relics_obtained":["WingedGreaves"],"max_hp_gain":0,"max_hp_loss":0,"event_name":"Scrap Ooze","floor":16,"gold_loss":0},{"damage_healed":0,"gold_gain":0,"player_choice":"Searched \u00271\u0027 times","damage_taken":0,"max_hp_gain":0,"max_hp_loss":0,"event_name":"Dead Adventurer","floor":17,"gold_loss":0}],"is_beta":true,"boss_relics":[],"items_purged_floors":[],"is_endless":false,"potions_floor_spawned":[7,9,17],"killed_by":"Hexaghost","ascension_level":5}}