{"host":"m1hrbr0uwda4cktq","time":1613883332,"event":{"mods":["BaseMod","BetterRewards","Colored Map","Colored Powertips","Highlight Path","Minty Spire (QoL Compilation)","Shop Mod","SuperFastMode"],"gold_per_floor":[114,133,151,167,187,187,212,212,212,212,242,258,107,442,442,546,546,565,577,593,593,390,425,425,456,533,94,106,125,135,145,145,246,246,265,265,315,315,32,61,61,90,90,104,132,182,215,230,230,230],"floor_reached":51,"language":"ENG","playtime":6521,"items_purged":["Strike_B+1"],"score":1069,"play_id":"543351c2-37e7-4cdd-8806-a1b4099ebcc7","local_time":"20210221015532","is_ascension_mode":true,"campfire_choices":[{"data":"Lockon","floor":6,"key":"SMITH"},{"floor":8,"key":"REST"},{"data":"Defragment","floor":10,"key":"SMITH"},{"floor":15,"key":"REST"},{"floor":24,"key":"REST"},{"floor":32,"key":"REST"},{"floor":49,"key":"REST"}],"circlet_count":0,"master_deck":["Zap","Dualcast","Lockon+1","Capacitor","Coolheaded","Violence","Hologram","BootSequence","Conserve Battery","Defragment+1","Barrage","Sweeping Beam","Conserve Battery","Go for the Eyes","Ball Lightning","Doom and Gloom","Compile Driver","Lockon","Reboot","Steam","Electrodynamics","Gash+1","Ball Lightning","Gash","Steam","Seek","Apotheosis","Gash","Glacier+1","Gash","Defragment+1","Rip and Tear","Genetic Algorithm","Chill","Scrape","Beam Cell","FTL","Seek","Scrape","Go for the Eyes+1","Rip and Tear","Forethought","Recycle","Parasite","White Noise+1","Beam Cell","Seek"],"relics":["Cracked Core","Bag of Preparation","Smiling Mask","Shovel","HornCleat","Orrery","Old Coin","Runic Pyramid","Strange Spoon","FossilizedHelix","Juzu Bracelet","Frozen Egg 2","Blood Vial","Pandora\u0027s Box","Lizard Tail","Membership Card","Bottled Lightning","Bag of Marbles","Letter Opener","Pear","Happy Flower","Prayer Wheel","The Courier"],"acts_visited":["Exordium","TheCity","TheBeyond"],"potions_floor_usage":[23,40],"damage_taken":[{"damage":9,"enemies":"Jaw Worm","floor":1,"turns":2},{"damage":2,"enemies":"Small Slimes","floor":2,"turns":3},{"damage":0,"enemies":"2 Louse","floor":3,"turns":2},{"damage":1,"enemies":"Blue Slaver","floor":4,"turns":3},{"damage":8,"enemies":"Large Slime","floor":5,"turns":5},{"damage":27,"enemies":"Gremlin Nob","floor":7,"turns":4},{"damage":20,"enemies":"3 Sentries","floor":11,"turns":5},{"damage":3,"enemies":"Exordium Thugs","floor":12,"turns":5},{"damage":9,"enemies":"Lagavulin","floor":14,"turns":5},{"damage":34,"enemies":"Slime Boss","floor":16,"turns":11},{"damage":11,"enemies":"Spheric Guardian","floor":18,"turns":4},{"damage":0,"enemies":"3 Byrds","floor":19,"turns":4},{"damage":18,"enemies":"Centurion and Healer","floor":20,"turns":8},{"damage":23,"enemies":"Gremlin Leader","floor":23,"turns":7},{"damage":17,"enemies":"Slavers","floor":25,"turns":4},{"damage":0,"enemies":"Chosen and Byrds","floor":28,"turns":5},{"damage":0,"enemies":"Cultist and Chosen","floor":29,"turns":5},{"damage":0,"enemies":"Snake Plant","floor":30,"turns":3},{"damage":6,"enemies":"Shelled Parasite and Fungi","floor":31,"turns":4},{"damage":0,"enemies":"Champ","floor":33,"turns":9},{"damage":0,"enemies":"Orb Walker","floor":35,"turns":5},{"damage":17,"enemies":"3 Darklings","floor":36,"turns":5},{"damage":4,"enemies":"Mind Bloom Boss Battle","floor":37,"turns":7},{"damage":18,"enemies":"Reptomancer","floor":40,"turns":5},{"damage":30,"enemies":"Nemesis","floor":42,"turns":9},{"damage":13,"enemies":"Writhing Mass","floor":44,"turns":6},{"damage":4,"enemies":"Reptomancer","floor":45,"turns":6},{"damage":0,"enemies":"2 Orb Walkers","floor":46,"turns":3},{"damage":0,"enemies":"Giant Head","floor":47,"turns":8},{"damage":0,"enemies":"Sphere and 2 Shapes","floor":48,"turns":3},{"damage":0,"enemies":"Donu and Deca","floor":50,"turns":6}],"seed_played":"5712417554582679191","potions_obtained":[{"floor":3,"key":"Explosive Potion"},{"floor":5,"key":"SkillPotion"},{"floor":7,"key":"FocusPotion"},{"floor":11,"key":"DistilledChaos"},{"floor":14,"key":"EssenceOfDarkness"},{"floor":20,"key":"Dexterity Potion"},{"floor":23,"key":"ColorlessPotion"},{"floor":40,"key":"PowerPotion"}],"is_trial":false,"path_per_floor":["M","M","M","M","M","R","E","R","T","R","E","M","$","E","R","B",null,"M","M","M","?","$","E","R","E","T","$","M","M","M","M","R","B",null,"M","M","?","?","$","E","?","E","T","M","E","?","E","M","R","B",null],"character_chosen":"DEFECT","items_purchased":["Bag of Preparation","Lockon","Capacitor","Coolheaded","Violence","Hologram","Orrery","Strange Spoon","Gash","Blood Vial","Apotheosis","Gash","Membership Card","Bottled Lightning"],"campfire_rested":5,"item_purchase_floors":[0,0,0,0,0,0,13,22,22,27,27,27,39,39],"current_hp_per_floor":[66,64,64,63,55,55,28,50,50,50,30,27,27,18,40,6,75,64,64,46,46,46,23,45,28,28,28,30,32,34,30,52,54,75,75,58,56,56,56,40,75,45,55,44,42,44,46,48,73,75],"gold":230,"neow_bonus":"","is_daily":false,"chose_seed":false,"campfire_upgraded":2,"win_rate":0.0,"timestamp":1613883332,"path_taken":["M","M","M","M","M","R","E","R","T","R","E","M","$","E","R","BOSS","M","M","M","?","$","E","R","E","T","$","M","M","M","M","R","BOSS","M","M","?","?","?","E","?","E","T","M","E","?","E","M","R","BOSS"],"items_purchased_type":["Relic","Card","Card","Card","Card","Card","Relic","Relic","Card","Relic","Card","Card","Relic","Relic"],"build_version":"2020-12-22","purchased_purges":1,"victory":true,"max_hp_per_floor":[75,75,75,75,75,75,75,75,75,75,75,75,75,75,75,75,75,75,75,75,75,75,75,75,75,75,75,75,75,75,75,75,75,75,75,75,75,75,75,75,75,75,85,85,85,85,85,85,85,85],"card_choices":[{"not_picked":["Rebound","Redo"],"picked":"BootSequence","floor":1},{"not_picked":["Leap","Hello World","Turbo"],"picked":"SKIP","floor":2},{"not_picked":["Hologram","Barrage"],"picked":"Conserve Battery","floor":3},{"not_picked":["Fission","Barrage"],"picked":"Defragment","floor":4},{"not_picked":["Auto Shields","Streamline"],"picked":"Barrage","floor":5},{"not_picked":["Tempest","Multi-Cast"],"picked":"Sweeping Beam","floor":7},{"not_picked":["Double Energy","Hologram"],"picked":"Conserve Battery","floor":11},{"not_picked":["Sweeping Beam","Skim"],"picked":"Go for the Eyes","floor":12},{"not_picked":["Rebound","Go for the Eyes"],"picked":"Ball Lightning","floor":13},{"not_picked":["Hologram","Lockon"],"picked":"Doom and Gloom","floor":13},{"not_picked":["Gash","Aggregate"],"picked":"Compile Driver","floor":13},{"not_picked":["Streamline","Recycle"],"picked":"Lockon","floor":13},{"not_picked":["Leap","Lockon"],"picked":"Reboot","floor":13},{"not_picked":["Beam Cell","Turbo"],"picked":"Steam","floor":14},{"not_picked":["Rainbow","Reboot"],"picked":"Electrodynamics","floor":16},{"not_picked":["Leap","Coolheaded"],"picked":"Gash+1","floor":18},{"not_picked":["Leap","Streamline"],"picked":"Ball Lightning","floor":19},{"not_picked":["Stack","Storm","Sweeping Beam"],"picked":"SKIP","floor":20},{"not_picked":["Heatsinks","Blizzard+1"],"picked":"Steam","floor":23},{"not_picked":["Fusion","Rebound"],"picked":"Seek","floor":25},{"not_picked":["Stack","Rip and Tear"],"picked":"Glacier+1","floor":28},{"not_picked":["Chaos+1","Go for the Eyes"],"picked":"Gash","floor":29},{"not_picked":["Redo","Streamline+1","Tempest+1"],"picked":"SKIP","floor":30},{"not_picked":["Reinforced Body","Skim"],"picked":"Defragment+1","floor":31},{"not_picked":["Blizzard+1","Melter"],"picked":"Scrape","floor":35},{"not_picked":["Leap+1","Coolheaded"],"picked":"Go for the Eyes+1","floor":36},{"not_picked":["Reprogram","Blizzard+1"],"picked":"Rip and Tear","floor":37},{"not_picked":["Blind","Thinking Ahead"],"picked":"Forethought","floor":38},{"not_picked":["Sweeping Beam+1","Sunder","Stack+1"],"picked":"SKIP","floor":40},{"not_picked":["Genetic Algorithm+1","Rebound+1"],"picked":"Recycle","floor":42},{"not_picked":["Auto Shields","Cold Snap","Rebound"],"picked":"SKIP","floor":44},{"not_picked":["Conserve Battery","Turbo"],"picked":"White Noise+1","floor":45},{"not_picked":["Skim+1","Coolheaded+1"],"picked":"Beam Cell","floor":46},{"not_picked":["Barrage","Compile Driver+1"],"picked":"Seek","floor":47},{"not_picked":["Storm+1","Go for the Eyes","Hello World+1"],"picked":"SKIP","floor":48},{"not_picked":["Fusion+1","Go for the Eyes","Coolheaded+1"],"picked":"SKIP","floor":48}],"player_experience":150004,"relics_obtained":[{"floor":7,"key":"Smiling Mask"},{"floor":9,"key":"Shovel"},{"floor":11,"key":"HornCleat"},{"floor":14,"key":"Old Coin"},{"floor":23,"key":"FossilizedHelix"},{"floor":25,"key":"Juzu Bracelet"},{"floor":26,"key":"Frozen Egg 2"},{"floor":37,"key":"Lizard Tail"},{"floor":40,"key":"Bag of Marbles"},{"floor":42,"key":"Letter Opener"},{"floor":43,"key":"Pear"},{"floor":45,"key":"Happy Flower"},{"floor":46,"key":"Prayer Wheel"},{"floor":47,"key":"The Courier"}],"event_choices":[{"damage_healed":0,"gold_gain":0,"player_choice":"Simplicity","damage_taken":0,"max_hp_gain":0,"max_hp_loss":0,"event_name":"Back to Basics","floor":21,"gold_loss":0,"cards_upgraded":["Strike_B","Strike_B","Strike_B","Strike_B","Defend_B","Defend_B","Defend_B","Defend_B"]},{"damage_healed":0,"gold_gain":0,"player_choice":"Fight","damage_taken":0,"max_hp_gain":0,"max_hp_loss":0,"event_name":"MindBloom","floor":37,"gold_loss":0},{"damage_healed":0,"gold_gain":0,"player_choice":"Memory 1","damage_taken":0,"max_hp_gain":0,"max_hp_loss":0,"event_name":"SensoryStone","floor":38,"gold_loss":0},{"damage_healed":35,"gold_gain":0,"player_choice":"Full Heal","damage_taken":0,"max_hp_gain":0,"max_hp_loss":0,"event_name":"Wheel of Change","floor":41,"gold_loss":0},{"damage_healed":0,"gold_gain":0,"player_choice":"Fight","damage_taken":0,"max_hp_gain":0,"max_hp_loss":0,"event_name":"Mysterious Sphere","floor":46,"gold_loss":0}],"is_beta":false,"boss_relics":[{"not_picked":["Ectoplasm","Nuclear Battery"],"picked":"Runic Pyramid"},{"not_picked":["Snecko Eye","SlaversCollar"],"picked":"Pandora\u0027s Box"}],"items_purged_floors":[27],"is_endless":false,"potions_floor_spawned":[3,5,7,11,14,16,20,23,29,30,31,33,35,37,40,45,48],"ascension_level":2}}