{"host":"u21q392b5xaj11fl","time":1613865974,"event":{"mods":["2.2 Compatiblity","Bard","BaseMod","Better Note","Colored Map","Colored Powertips","Conspire","Custom Start","Downfall","Faster Ascension Climbing","GifTheSpireLib","Gremlin Skip","Highlight Path","Hubris","Infinite Spire","Mad Scientist","Marisa????????","Mimic Mod","Minty Spire (QoL Compilation)","Monster B Gone","Permanent Neow","Potionbrewer","Quick Restart","READ ME - Guardian Mod","Relic Sorter","Replay The Spire","Shop Mod","Somnambulant","StSLib","Stuff the Spire","SuperFastMode","The Construct","The Disciple","The Servant 0.9.4"],"gold_per_floor":[114,125,136,147,162,162,176,205,205,205,205,49,84,84,84,157,157,172,172,172,187,237,270,270,299,299,299,334,349,384,394,394,473,473,486,486,486,504,366,366,366,366,103,120,147,160,160,160,160],"floor_reached":47,"language":"ENG","playtime":3754,"items_purged":["hexamod:Strike","hexamod:Strike","hexamod:Strike"],"score":897,"play_id":"b661eda8-63bc-4070-b406-f6db477d5066","local_time":"20210220180614","is_ascension_mode":true,"campfire_choices":[{"data":"hexamod:HeatCrush","floor":6.0,"key":"SMITH"},{"floor":10.0,"key":"REST"},{"data":"hexamod:EmpoweredFlame","floor":15,"key":"SMITH"},{"floor":24,"key":"REST"},{"data":"hexamod:ForkedFlame","floor":24,"key":"SMITH"},{"floor":27,"key":"REST"},{"data":"hexamod:GhostOfSpireFuture","floor":27,"key":"SMITH"},{"floor":32,"key":"REST"},{"data":"hexamod:GiftsFromTheDead","floor":32,"key":"SMITH"},{"floor":40,"key":"REST"},{"data":"infinitespire:Gouge","floor":40,"key":"SMITH"}],"circlet_count":0,"master_deck":["AscendersBane","hexamod:Strike+1","hexamod:Defend","hexamod:Defend","hexamod:Defend","hexamod:Defend","hexamod:Sear+1","hexamod:Float+1","hexamod:ThermalTransfer","hexamod:HeatCrush+1","hexamod:FirstSeal","hexamod:NightmareStrike","hexamod:StepThrough","hexamod:EmpoweredFlame+1","hexamod:Firestarter","hexamod:ForkedFlame+1","hexamod:FlamesFromBeyond","infinitespire:Gouge+1","hexamod:ThirdSeal","hexamod:SuperheatedStrike+1","hexamod:ShieldOfDarkness","hexamod:GhostflameBarrier+1","hexamod:GhostOfSpireFuture+1","hexamod:GhostShield","hexamod:FlamesFromBeyond+1","hexamod:SpectersWail","hexamod:AdvancingGuard","hexamod:GiftsFromTheDead+1","hexamod:EtherealExpedition","hexamod:SixthSeal","hexamod:TimeWarp","Madness","Madness","hexamod:DynamicBlow","hexamod:FourthSeal","hexamod:VolcanoVisage","hexamod:NightmareGuise"],"relics":["hexamod:SpiritBrand","infinitespire:Magic Flask","Kunai","StuffTheSpire:GrapeVine","ReplayTheSpireMod:Lightbulb","potionbrewer:BhaskarasWheel","Guardian:PocketSentry","Onion Ring","Toy Ornithopter","hexamod:BolsterEngine","StuffTheSpire:HeavyRock","MerchantsRug","InkBottle","infinitespire:Beetle Shell"],"acts_visited":["Exordium","TheCity","TheBeyond"],"potions_floor_usage":[16,18,28,29,31,46,46,47],"damage_taken":[{"damage":0.0,"enemies":"Cultist","floor":1.0,"turns":3.0},{"damage":2.0,"enemies":"Jaw Worm","floor":2.0,"turns":3.0},{"damage":0.0,"enemies":"Small Slimes","floor":3.0,"turns":3.0},{"damage":3.0,"enemies":"Blue Slaver","floor":4.0,"turns":3.0},{"damage":15.0,"enemies":"Large Slime","floor":5.0,"turns":6.0},{"damage":2.0,"enemies":"Gremlin Gang","floor":7.0,"turns":4.0},{"damage":39.0,"enemies":"Lagavulin","floor":8.0,"turns":9.0},{"damage":16,"enemies":"Gremlin Nob","floor":13,"turns":4},{"damage":15,"enemies":"The Guardian","floor":16,"turns":7},{"damage":2,"enemies":"3 Byrds","floor":18,"turns":4},{"damage":9,"enemies":"Spheric Guardian","floor":21,"turns":4},{"damage":43,"enemies":"Slavers","floor":23,"turns":5},{"damage":72,"enemies":"Gremlin Leader","floor":25,"turns":7},{"damage":12,"enemies":"Book of Stabbing","floor":28,"turns":5},{"damage":0,"enemies":"Centurion and Healer","floor":29,"turns":5},{"damage":19,"enemies":"Slavers","floor":30,"turns":4},{"damage":1,"enemies":"Shelled Parasite and Fungi","floor":31,"turns":5},{"damage":33,"enemies":"Automaton","floor":33,"turns":10},{"damage":2,"enemies":"Orb Walker","floor":35,"turns":2},{"damage":10,"enemies":"3 Shapes","floor":38,"turns":5},{"damage":38,"enemies":"Sphere and 2 Shapes","floor":44,"turns":5},{"damage":0,"enemies":"4 Shapes","floor":46,"turns":7},{"damage":54,"enemies":"Reptomancer","floor":47,"turns":4}],"seed_played":"7633398046632356390","potions_obtained":[{"floor":1.0,"key":"BlessingOfTheForge"},{"floor":2.0,"key":"Venom Potion"},{"floor":5.0,"key":"AttackPotion"},{"floor":13,"key":"FairyPotion"},{"floor":16,"key":"Adrenaline Potion"},{"floor":18,"key":"LiquidBronze"},{"floor":25,"key":"BlessingOfTheForge"},{"floor":29,"key":"potionbrewer:AcidPotion"},{"floor":38,"key":"Strength Potion"},{"floor":44,"key":"potionbrewer:BlacksmithPotion"},{"floor":46,"key":"Weak Potion"}],"is_trial":false,"path_per_floor":["M","M","M","M","M","R","M","E","T","R","T","$","E","T","R_BF","B",null,"M","AVR","?","M","?","E","R","E","T","R","E","M","E","M","R","B",null,"M","?","?","M","$","R","PTL","PTL","$","M","T","M","E"],"character_chosen":"THE_SPIRIT","items_purchased":["hexamod:EmpoweredFlame","MerchantsRug","hexamod:DynamicBlow","hexamod:FourthSeal","InkBottle"],"campfire_rested":5,"item_purchase_floors":[12,39,39,43,43],"current_hp_per_floor":[57,55,55,59,51,51,56,24,24,42,42,42,43,43,43,35,64,69,69,69,67,67,31,52,8,8,29,24,36,24,35,56,30,62,60,51,51,48,48,69,69,69,69,31,31,48,0,0,0],"gold":160,"neow_bonus":"UPGRADE_CARD","is_daily":false,"chose_seed":false,"campfire_upgraded":6,"win_rate":0.0,"timestamp":1613865974,"path_taken":["M","M","M","M","M","R","M","E","T","R","?","$","E","?","R_BF","BOSS","M","AVR","?","M","?","E","R","E","T","R","E","M","E","?","R","BOSS","M","?","?","?","$","R","PTL","PTL","?","M","T","M","E"],"items_purchased_type":["Card","Relic","Card","Card","Relic"],"build_version":"2020-12-22","purchased_purges":3,"victory":false,"max_hp_per_floor":[63,63,63,63,63,63,63,63,63,63,63,63,73,73,73,73,73,73,73,73,73,73,73,73,73,73,73,73,73,73,73,73,73,73,73,73,73,73,73,73,73,73,73,73,73,73,73,73,73],"card_choices":[{"not_picked":["hexamod:Hexaguard","hexamod:SpectralAdrenaline"],"picked":"hexamod:ThermalTransfer","floor":1.0},{"not_picked":["hexamod:GhostOfSpirePast","hexamod:RecurringNightmare"],"picked":"hexamod:HeatCrush","floor":2.0},{"not_picked":["hexamod:SkipABeat","hexamod:SwordOfDarkness"],"picked":"hexamod:FirstSeal","floor":3.0},{"not_picked":["hexamod:SpectralAdrenaline","hexamod:BacktrackSmack"],"picked":"hexamod:NightmareStrike","floor":4.0},{"not_picked":["hexamod:GhostOfSpireFuture","hexamod:HeatCrush"],"picked":"hexamod:StepThrough","floor":5.0},{"not_picked":["hexamod:RecurringNightmare","hexamod:RainOfEmbers","hexamod:SwordOfDarkness"],"picked":"SKIP","floor":7.0},{"not_picked":["hexamod:Haunt","hexamod:RetreatToShadows","hexamod:NecessarySacrifice"],"picked":"SKIP","floor":8.0},{"not_picked":["hexamod:EtherealExpedition","hexamod:GhostShield"],"picked":"hexamod:Firestarter","floor":13},{"not_picked":["hexamod:FifthSeal","hexamod:VolcanoVisage"],"picked":"hexamod:ForkedFlame","floor":16},{"not_picked":["hexamod:EtherealExpedition","hexamod:GhostLash"],"picked":"hexamod:FlamesFromBeyond","floor":18},{"not_picked":["hexamod:HauntingEcho","hexamod:HeatMetal"],"picked":"hexamod:SuperheatedStrike+1","floor":21},{"not_picked":["hexamod:InspiringFlames","hexamod:Firestarter"],"picked":"hexamod:ShieldOfDarkness","floor":21},{"not_picked":["hexamod:HeatMetal","hexamod:HexaLevel"],"picked":"hexamod:GhostflameBarrier","floor":23},{"not_picked":["hexamod:FirstSeal","hexamod:RecurringNightmare"],"picked":"hexamod:GhostOfSpireFuture","floor":23},{"not_picked":["hexamod:Haunt","hexamod:HeatMetal"],"picked":"hexamod:GhostShield","floor":25},{"not_picked":["hexamod:HauntingEcho","hexamod:ParanormalForm"],"picked":"hexamod:FlamesFromBeyond","floor":25},{"not_picked":["hexamod:GhostLash","hexamod:SwordOfDarkness"],"picked":"hexamod:SpectersWail","floor":28},{"not_picked":["hexamod:GhostOfSpirePast","hexamod:ThermalTransfer"],"picked":"hexamod:AdvancingGuard","floor":28},{"not_picked":["hexamod:HauntingEcho","hexamod:Haunt","hexamod:NightmareStrike"],"picked":"SKIP","floor":29},{"not_picked":["hexamod:Firestarter","hexamod:SpectralSpark","hexamod:Rewind"],"picked":"SKIP","floor":29},{"not_picked":["hexamod:Firestarter","hexamod:Hexaguard"],"picked":"hexamod:GiftsFromTheDead","floor":30},{"not_picked":["hexamod:InspiringFlames","hexamod:NecessarySacrifice+1","hexamod:SwordOfDarkness"],"picked":"SKIP","floor":30},{"not_picked":["hexamod:SwordOfDarkness+1","hexamod:SkipABeat"],"picked":"hexamod:EtherealExpedition","floor":31},{"not_picked":["hexamod:FlamesFromBeyond","hexamod:GhostShield","hexamod:SpectralAdrenaline"],"picked":"SKIP","floor":31},{"not_picked":["hexamod:SearingWound","hexamod:GiftsFromTheDead"],"picked":"hexamod:SixthSeal","floor":33},{"not_picked":["hexamod:GiftsFromTheDead","hexamod:UnlimitedPower"],"picked":"hexamod:TimeWarp","floor":33},{"not_picked":["hexamod:HeatMetal","hexamod:ThermalTransfer","hexamod:SpectersWail"],"picked":"SKIP","floor":35},{"not_picked":["hexamod:BurningTouch","hexamod:InspiringFlames","hexamod:EmpoweredFlame+1"],"picked":"SKIP","floor":38},{"not_picked":["hexamod:InspiringFlames+1","hexamod:Haunt+1"],"picked":"hexamod:VolcanoVisage","floor":44},{"not_picked":["hexamod:DynamicBlow","hexamod:RecurringNightmare+1","hexamod:Rewind"],"picked":"SKIP","floor":44},{"not_picked":["hexamod:SkipABeat","hexamod:HeatShield"],"picked":"hexamod:NightmareGuise","floor":46},{"not_picked":["hexamod:SpectersWail","hexamod:PowerFromBeyond","hexamod:ThermalTransfer+1"],"picked":"SKIP","floor":46}],"player_experience":323493,"relics_obtained":[{"floor":8.0,"key":"Kunai"},{"floor":9.0,"key":"StuffTheSpire:GrapeVine"},{"floor":13,"key":"Pear"},{"floor":14,"key":"ReplayTheSpireMod:Lightbulb"},{"floor":23,"key":"Guardian:PocketSentry"},{"floor":25,"key":"infinitespire:Bottled Soul"},{"floor":26,"key":"Onion Ring"},{"floor":28,"key":"Toy Ornithopter"},{"floor":30,"key":"hexamod:BolsterEngine"},{"floor":37,"key":"StuffTheSpire:HeavyRock"},{"floor":45,"key":"infinitespire:Beetle Shell"}],"event_choices":[{"cards_removed":["infinitespire:Gouge"],"damage_healed":0,"gold_gain":0,"player_choice":"Take \u0026 Give","damage_taken":0,"max_hp_gain":0,"max_hp_loss":0,"event_name":"betterNote:BetterNote","floor":20,"gold_loss":0,"cards_obtained":["hexamod:ThirdSeal"]},{"damage_healed":0,"gold_gain":100,"player_choice":"Bet on Murderer","damage_taken":0,"max_hp_gain":0,"max_hp_loss":0,"event_name":"The Joust","floor":22,"gold_loss":50},{"damage_healed":0,"gold_gain":0,"player_choice":"Embrace Madness","damage_taken":9,"max_hp_gain":0,"max_hp_loss":0,"event_name":"Winding Halls","floor":36,"gold_loss":0,"cards_obtained":["Madness","Madness"]},{"damage_healed":0,"gold_gain":0,"player_choice":"Relic","damage_taken":0,"max_hp_gain":0,"max_hp_loss":0,"event_name":"Wheel of Change","floor":37,"gold_loss":0}],"is_beta":false,"boss_relics":[{"not_picked":["Tiny House","Replay:Bronze Core"],"picked":"potionbrewer:BhaskarasWheel"},{"not_picked":["hubris:CrackedHourglass","StuffTheSpire:RunicHypercube"],"picked":"bronze:MakeshiftBattery"}],"items_purged_floors":[12,19,39],"is_endless":false,"potions_floor_spawned":[1,2,5,13,16,18,23,25,29,38,44],"killed_by":"Reptomancer","ascension_level":14}}