{"host":"lg1piimdyocafd6j","time":1613919376,"event":{"mods":["AchievementEnabler","BaseMod","Better Third Choice","BetterRewards","Colored Map","Colored Powertips","Downfall","Minty Spire (QoL Compilation)","Quick Restart","Rare Cards Sparkle","Remove Card Discount Mod","Shop Mod","StSLib","SuperFastMode"],"gold_per_floor":[109,122,135,145,160,194,205,221,248,248,248,248,248,267,267,370,370,387,329,329,329,343,343,343,343],"floor_reached":24,"language":"ENG","playtime":1464,"items_purged":["Coolheaded","Strike_B","Dualcast","Zap","Defend_B","Defend_B","Strike_B","Strike_B","Defend_B","Defend_B"],"score":200,"play_id":"6d4c87ac-49c8-451e-a8a5-628627b6d33a","local_time":"20210221155616","is_ascension_mode":false,"campfire_choices":[{"floor":10,"key":"RECALL"},{"data":"Darkness","floor":15,"key":"SMITH"},{"data":"Redo","floor":23,"key":"SMITH"}],"circlet_count":0,"master_deck":["Conserve Battery","Darkness","Self Repair","Multi-Cast","Conserve Battery","Lockon","Buffer","Redo+1","Redo","Darkness+1","Redo","Lockon","Multi-Cast","Conserve Battery","Leap+1"],"relics":["Cracked Core","Lantern","Orrery","Potion Belt","Nuclear Battery"],"acts_visited":["Exordium","TheCity"],"potions_floor_usage":[18],"damage_taken":[{"damage":0,"enemies":"Small Slimes","floor":1,"turns":3},{"damage":5,"enemies":"2 Louse","floor":2,"turns":3},{"damage":0,"enemies":"Cultist","floor":3,"turns":4},{"damage":13,"enemies":"Exordium Thugs","floor":4,"turns":5},{"damage":8,"enemies":"2 Fungi Beasts","floor":5,"turns":4},{"damage":8,"enemies":"Gremlin Nob","floor":6,"turns":4},{"damage":13,"enemies":"3 Louse","floor":7,"turns":3},{"damage":14,"enemies":"Exordium Thugs","floor":8,"turns":5},{"damage":18,"enemies":"Lots of Slimes","floor":14,"turns":6},{"damage":37,"enemies":"The Guardian","floor":16,"turns":8},{"damage":29,"enemies":"3 Byrds","floor":18,"turns":5},{"damage":10,"enemies":"Shell Parasite","floor":22,"turns":2},{"damage":14,"enemies":"Snake Plant","floor":24,"turns":3}],"seed_played":"-5097100828878521055","potions_obtained":[{"floor":1,"key":"EssenceOfDarkness"},{"floor":3,"key":"Strength Potion"},{"floor":4,"key":"champ:CounterPotion"},{"floor":5,"key":"champ:CounterPotion"},{"floor":16,"key":"CultistPotion"},{"floor":22,"key":"LiquidBronze"}],"is_trial":false,"path_per_floor":["M","M","M","M","M","E","M","M","T","R","?","?","?","M","R","B",null,"M","$","?","?","M","R","M"],"character_chosen":"DEFECT","items_purchased":["Lantern","Orrery","Multi-Cast","Conserve Battery","Lockon","Conserve Battery"],"campfire_rested":0,"item_purchase_floors":[0,0,0,0,0,19],"current_hp_per_floor":[75,75,75,75,74,75,75,75,75,75,75,80,80,76,76,53,80,65,65,50,50,40,40,26,26],"gold":343,"neow_bonus":"","is_daily":false,"chose_seed":false,"campfire_upgraded":2,"win_rate":0.0,"timestamp":1613919376,"path_taken":["M","M","M","M","M","E","M","M","T","R","?","?","?","?","R","BOSS","M","$","?","?","M","R","M"],"items_purchased_type":["Relic","Relic","Card","Card","Card","Card"],"build_version":"2020-12-22","purchased_purges":10,"victory":false,"max_hp_per_floor":[75,75,75,75,75,75,75,75,75,75,75,80,80,80,80,80,80,80,80,85,85,85,85,85,85],"card_choices":[{"not_picked":["Steam","Barrage"],"picked":"Conserve Battery","floor":0},{"not_picked":["Beam Cell","Go for the Eyes"],"picked":"Darkness","floor":0},{"not_picked":["Barrage","Steam"],"picked":"Self Repair","floor":0},{"not_picked":["Rip and Tear","Steam"],"picked":"Coolheaded","floor":0},{"not_picked":["Scrape","Ball Lightning"],"picked":"Self Repair","floor":0},{"not_picked":["Compile Driver","Fusion"],"picked":"Buffer","floor":1},{"not_picked":["Compile Driver","Rebound"],"picked":"Redo","floor":2},{"not_picked":["Leap","Storm"],"picked":"Redo","floor":3},{"not_picked":["Doom and Gloom","Stack","Ball Lightning"],"picked":"SKIP","floor":4},{"not_picked":["Double Energy","Barrage","Hologram"],"picked":"SKIP","floor":5},{"not_picked":["Core Surge","White Noise","Go for the Eyes"],"picked":"SKIP","floor":6},{"not_picked":["BootSequence","Loop"],"picked":"Darkness","floor":7},{"not_picked":["Reprogram","Stack"],"picked":"Redo","floor":8},{"not_picked":["Sweeping Beam","Go for the Eyes"],"picked":"Lockon","floor":14},{"not_picked":["Machine Learning","Fission"],"picked":"Multi-Cast","floor":16},{"not_picked":["Chill","Static Discharge+1","Gash"],"picked":"SKIP","floor":18},{"not_picked":["Stack+1","Skim"],"picked":"Leap+1","floor":22}],"player_experience":173921,"relics_obtained":[{"floor":6,"key":"Potion Belt"}],"event_choices":[{"damage_healed":0,"gold_gain":0,"player_choice":"Ignored","damage_taken":0,"max_hp_gain":0,"max_hp_loss":0,"event_name":"Golden Idol","floor":11,"gold_loss":0},{"damage_healed":0,"gold_gain":0,"player_choice":"Donut","damage_taken":0,"max_hp_gain":5,"max_hp_loss":0,"event_name":"Big Fish","floor":12,"gold_loss":0},{"cards_removed":["Strike_B"],"damage_healed":0,"gold_gain":0,"player_choice":"Purged","damage_taken":0,"max_hp_gain":0,"max_hp_loss":0,"event_name":"Purifier","floor":13,"gold_loss":0},{"damage_healed":0,"gold_gain":0,"player_choice":"Shed Blood","damage_taken":20,"max_hp_gain":5,"max_hp_loss":0,"event_name":"Forgotten Altar","floor":20,"gold_loss":0},{"cards_removed":["Self Repair"],"damage_healed":0,"gold_gain":0,"player_choice":"Elegance","damage_taken":0,"max_hp_gain":0,"max_hp_loss":0,"event_name":"betterThird:BetterWriting","floor":21,"gold_loss":0}],"is_beta":false,"boss_relics":[{"not_picked":["FrozenCore","Snecko Eye"],"picked":"Nuclear Battery"}],"items_purged_floors":[0,0,0,0,0,0,19,19,19,19],"is_endless":false,"potions_floor_spawned":[1,3,4,5,16,22],"killed_by":"Snake Plant","ascension_level":0}}