{"host":"o1wkfo8ppvrprpet","time":1613920247,"event":{"mods":["Aspiration","Astrologer","BaseMod","CapriCore","Colored Powertips","Koishi","Minty Spire (QoL Compilation)","MostiFishMod","Reimu£¨²©ÀöÁéÃÎ£©","Replay The Spire","RumiaBox-Â¶Ã×æ«µÄÉñÃØºÐ×Ó","Spicy Shops","StSLib","The Administrix","The Gatherer","The Immortal","Waifu the Spire","Yakumo Yukari mod"],"gold_per_floor":[119,133,133,133,133,133,163,173,173,98,115,115,140,140,140,214,214,230,66,66,80,97,112,131,131,156,156,156,156,156],"floor_reached":29,"language":"ZHS","playtime":1027,"items_purged":["Strike_G"],"score":464,"play_id":"f3e29e51-e2c0-4fb2-8c3c-f914bbaf6e07","local_time":"20210221231047","is_ascension_mode":true,"campfire_choices":[{"data":"Neutralize","floor":6,"key":"SMITH"},{"data":"A Thousand Cuts","floor":12,"key":"SMITH"},{"data":"MostiFishMod:PreservedThorns","floor":15,"key":"SMITH"}],"circlet_count":0,"master_deck":["AscendersBane","Strike_G","Strike_G","Defend_G","Defend_G","Defend_G","Defend_G","Defend_G","Survivor","Neutralize+1","Accuracy","Dagger Spray","A Thousand Cuts+1","MostiFishMod:PreservedThorns+1","After Image+1","Prepared","Accuracy","Cloak And Dagger","Sucker Punch","Poison Darts+1"],"relics":["DaveBox","NeowsBlessing","RhineCircuit","SynthV:TestCard","Sizzling Blood","The Specimen","Art of War","ReplayTheSpireMod:TigerMarble","BrkXgEgg","aspiration:Stabinomicon","aspiration:HiddenCompartment","Replay:PocketPolymizer"],"acts_visited":["Exordium","TheCity"],"potions_floor_usage":[16,18],"damage_taken":[{"damage":0.0,"enemies":"Cultist","floor":1.0,"turns":1.0},{"damage":0.0,"enemies":"Small Slimes","floor":2.0,"turns":1.0},{"damage":0,"enemies":"3 Sentries","floor":7,"turns":2},{"damage":12,"enemies":"2 Louse","floor":8,"turns":3},{"damage":4,"enemies":"2 Fungi Beasts","floor":11,"turns":2},{"damage":10,"enemies":"Lagavulin","floor":13,"turns":7},{"damage":19,"enemies":"Fading Forest","floor":16,"turns":11},{"damage":20,"enemies":"Shell Parasite","floor":18,"turns":5},{"damage":0,"enemies":"Chosen","floor":21,"turns":4},{"damage":6,"enemies":"3 Cultists","floor":22,"turns":3},{"damage":5,"enemies":"Centurion and Healer","floor":23,"turns":5},{"damage":18,"enemies":"Cultist and Chosen","floor":24,"turns":5},{"damage":22,"enemies":"Snecko","floor":29,"turns":4}],"seed_played":"882025061730470907","potions_obtained":[{"floor":1.0,"key":"LiquidMemories"},{"floor":7,"key":"BlessingOfTheForge"},{"floor":8,"key":"Block Potion"},{"floor":21,"key":"SteroidPotion"},{"floor":23,"key":"Dexterity Potion"}],"is_trial":false,"path_per_floor":["M","M","?","?","?","R","E","M","T","$","M","R","E","?","R","B",null,"M","$","?","M","M","M","M","?","T","?","T","M"],"character_chosen":"THE_SILENT","items_purchased":["BrkXgEgg"],"campfire_rested":0,"item_purchase_floors":[19],"current_hp_per_floor":[59,59,63,68,64,64,68,60,60,60,60,60,54,54,54,47,68,52,52,52,56,54,53,39,18,18,18,18,0,0],"gold":156,"neow_bonus":"THREE_ENEMY_KILL","is_daily":false,"chose_seed":false,"campfire_upgraded":3,"win_rate":0.0,"timestamp":1613920247,"path_taken":["M","M","?","?","?","R","E","?","T","?","M","R","E","?","R","BOSS","M","$","?","M","?","M","M","?","T","?","?","M"],"items_purchased_type":["Relic"],"build_version":"2020-12-22","purchased_purges":1,"victory":false,"max_hp_per_floor":[66,66,70,75,75,75,75,75,75,75,75,75,75,75,75,75,75,75,75,75,75,75,75,75,75,75,75,75,75,75],"card_choices":[{"not_picked":["Escape Plan","Cloak And Dagger"],"picked":"Accuracy","floor":1.0},{"not_picked":["Cloak And Dagger","Underhanded Strike","Draining Mist","Backflip"],"picked":"Dagger Spray","floor":2.0},{"not_picked":["Crippling Poison","Deflect","ReplayTheSpireMod:Scrap Shanks","Bane"],"picked":"A Thousand Cuts","floor":7},{"not_picked":["Fluid Movement","Bane","Skewer","Acrobatics"],"picked":"MostiFishMod:PreservedThorns","floor":8},{"not_picked":["Distraction","Underhanded Strike","Quick Slash","Poisoned Stab","Calculated Gamble"],"picked":"SKIP","floor":11},{"not_picked":["Replay:Poison Smokescreen","Outmaneuver","Slice","Deadly Poison","Dagger Spray"],"picked":"SKIP","floor":13},{"not_picked":["aspiration:Lunge","Glass Knife","MostiFishMod:FullyArmed","Venomology"],"picked":"After Image","floor":16},{"not_picked":["Poisoned Stab","Choke","ReplayTheSpireMod:Tripwire+1","Quick Slash"],"picked":"Prepared","floor":18},{"not_picked":["Sucker Punch","Catalyst","PiercingWail+1","ReplayTheSpireMod:Exploit Weakness","Prepared"],"picked":"SKIP","floor":21},{"not_picked":["Dagger Throw","Underhanded Strike","Dagger Spray","Flying Knee"],"picked":"Accuracy","floor":22},{"not_picked":["Quick Slash","MostiFishMod:PerfectParry","Bouncing Flask+1","Deflect"],"picked":"Cloak And Dagger","floor":23},{"not_picked":["PiercingWail","Noxious Fumes","MostiFishMod:Dislodge+1","Poisoned Stab","Acrobatics"],"picked":"SKIP","floor":24}],"player_experience":648007,"relics_obtained":[{"floor":1.0,"key":"SynthV:TestCard"},{"floor":7,"key":"The Specimen"},{"floor":9,"key":"Art of War"},{"floor":13,"key":"ReplayTheSpireMod:TigerMarble"},{"floor":25,"key":"aspiration:Stabinomicon"},{"floor":26,"key":"aspiration:HiddenCompartment"},{"floor":28,"key":"Replay:PocketPolymizer"}],"event_choices":[{"damage_healed":0,"gold_gain":0,"player_choice":"Donut","damage_taken":0,"max_hp_gain":5,"max_hp_loss":0,"event_name":"Big Fish","floor":4,"gold_loss":0},{"damage_healed":0,"gold_gain":0,"player_choice":"Bought 0 Potions","damage_taken":0,"max_hp_gain":0,"max_hp_loss":0,"event_name":"The Woman in Blue","floor":5,"gold_loss":0},{"damage_healed":0,"gold_gain":0,"player_choice":"Ignored","damage_taken":0,"max_hp_gain":0,"max_hp_loss":0,"event_name":"Liars Game","floor":14,"gold_loss":0},{"damage_healed":0,"gold_gain":0,"player_choice":"Upgraded","damage_taken":0,"max_hp_gain":0,"max_hp_loss":0,"event_name":"Upgrade Shrine","floor":20,"gold_loss":0,"cards_upgraded":["After Image"]},{"damage_healed":0,"gold_gain":0,"player_choice":"Obtained Book","damage_taken":21,"max_hp_gain":0,"max_hp_loss":0,"event_name":"Cursed Tome","floor":25,"gold_loss":0},{"damage_healed":0,"gold_gain":0,"cards_transformed":["Strike_G","Strike_G"],"player_choice":"Became Test Subject","damage_taken":0,"max_hp_gain":0,"max_hp_loss":0,"event_name":"Drug Dealer","floor":27,"gold_loss":0,"cards_obtained":["Sucker Punch","Poison Darts"]}],"is_beta":false,"boss_relics":[{"not_picked":["FixedStarFall","TimeKeys","Velvet Choker"]}],"items_purged_floors":[10],"is_endless":false,"potions_floor_spawned":[1,7,8,11,21,23],"killed_by":"Snecko","ascension_level":16}}