{"host":"zxkjcgzis4pm3za5","time":1613918372,"event":{"mods":["2.2 Compatiblity","AchievementEnabler","BaseMod","Colored Map","Colored Powertips","Minty Spire (QoL Compilation)","Quick Restart","Random Character Button","Relic Filter Mod","Relic Sorter","Relic Stats","StSLib"],"gold_per_floor":[117,129,129,54,54,54,66,92,92,122,142,192,192,205,205,283,283,294,311,331,331,347,347,347,347],"floor_reached":24,"language":"ENG","playtime":747,"items_purged":[],"score":466,"play_id":"31d0b7a1-aab0-4ba1-8752-2d87ecefd8d2","local_time":"20210221200932","is_ascension_mode":true,"campfire_choices":[{"data":"Defragment","floor":6,"key":"SMITH"},{"floor":13,"key":"REST"},{"data":"1","floor":15,"key":"LIFT"},{"data":"2","floor":23,"key":"LIFT"}],"circlet_count":0,"master_deck":["AscendersBane","Zap","Dualcast+1","Cold Snap","Gash+1","Defragment+1","Compile Driver","BootSequence","Seek","Static Discharge","Reboot","Streamline","Seek","BootSequence","Ball Lightning","Cold Snap+1","Barrage","Capacitor","FTL","Chaos","Gash"],"relics":["Cracked Core","Orichalcum","Gambling Chip","Girya","Incense Burner","Pandora\u0027s Box"],"acts_visited":["Exordium","TheCity"],"potions_floor_usage":[8,14],"damage_taken":[{"damage":2,"enemies":"Small Slimes","floor":1,"turns":2},{"damage":4,"enemies":"Jaw Worm","floor":2,"turns":4},{"damage":0,"enemies":"Cultist","floor":7,"turns":2},{"damage":0,"enemies":"3 Sentries","floor":8,"turns":5},{"damage":25,"enemies":"Gremlin Nob","floor":10,"turns":5},{"damage":0,"enemies":"Large Slime","floor":11,"turns":4},{"damage":0,"enemies":"3 Louse","floor":14,"turns":2},{"damage":17,"enemies":"The Guardian","floor":16,"turns":9},{"damage":3,"enemies":"2 Thieves","floor":18,"turns":3},{"damage":5,"enemies":"Shell Parasite","floor":19,"turns":3},{"damage":13,"enemies":"Snake Plant","floor":20,"turns":3},{"damage":4,"enemies":"3 Cultists","floor":22,"turns":4},{"damage":34,"enemies":"Gremlin Leader","floor":24,"turns":4}],"seed_played":"-1883937757466291174","potions_obtained":[{"floor":7,"key":"Explosive Potion"},{"floor":11,"key":"AttackPotion"},{"floor":20,"key":"DuplicationPotion"}],"is_trial":false,"path_per_floor":["M","M","?","?","?","R","M","E","T","E","M","?","R","M","R","B",null,"M","M","M","?","M","R","E"],"character_chosen":"DEFECT","items_purchased":[],"campfire_rested":1,"item_purchase_floors":[],"current_hp_per_floor":[62,58,58,58,37,37,37,37,37,12,12,12,33,33,33,16,57,54,49,36,36,32,32,0,0],"gold":347,"neow_bonus":"RANDOM_COMMON_RELIC","is_daily":false,"chose_seed":false,"campfire_upgraded":1,"win_rate":0.0,"timestamp":1613918372,"path_taken":["M","M","?","?","?","R","?","E","T","E","M","?","R","?","R","BOSS","M","M","M","?","M","R","E"],"items_purchased_type":[],"build_version":"2020-12-22","purchased_purges":0,"victory":false,"max_hp_per_floor":[71,71,71,71,71,71,71,71,71,71,71,71,71,71,71,71,71,71,71,71,71,71,71,71,71],"relic_stats":{"counters":[13,50],"Gambling Chip":[24],"Pandora\u0027s Box":["Streamline","Creative AI","Chaos","Seek","BootSequence","Ball Lightning"],"Orichalcum":[180],"obtain_stats":[{"Girya":9,"Gambling Chip":8,"Pandora\u0027s Box":17,"Incense Burner":10,"Orichalcum":0,"Cracked Core":0},{"Girya":4,"Gambling Chip":4,"Pandora\u0027s Box":8,"Incense Burner":5,"Orichalcum":0,"Cracked Core":0},{"Girya":13,"Gambling Chip":13,"Pandora\u0027s Box":33,"Incense Burner":18,"Orichalcum":0,"Cracked Core":0}]},"card_choices":[{"not_picked":["Go for the Eyes","Redo"],"picked":"Cold Snap","floor":1},{"not_picked":["Steam","Leap"],"picked":"Gash","floor":2},{"not_picked":["Redo","Hello World"],"picked":"Compile Driver","floor":7},{"not_picked":["Beam Cell","Stack"],"picked":"BootSequence","floor":8},{"not_picked":["Blizzard","Conserve Battery","White Noise"],"picked":"SKIP","floor":10},{"not_picked":["Tempest","Go for the Eyes"],"picked":"Seek","floor":11},{"not_picked":["Barrage","Leap"],"picked":"Static Discharge","floor":14},{"not_picked":["Multi-Cast","Meteor Strike"],"picked":"Reboot","floor":16},{"not_picked":["Steam","Darkness"],"picked":"Cold Snap+1","floor":18},{"not_picked":["Blizzard","Steam"],"picked":"Barrage","floor":19},{"not_picked":["Ball Lightning","Go for the Eyes"],"picked":"Capacitor","floor":20},{"not_picked":["Hologram","Coolheaded"],"picked":"Gash","floor":22}],"player_experience":413926,"relics_obtained":[{"floor":8,"key":"Gambling Chip"},{"floor":9,"key":"Girya"},{"floor":10,"key":"Incense Burner"}],"event_choices":[{"damage_healed":0,"gold_gain":0,"cards_transformed":["Strike_B"],"player_choice":"Change","damage_taken":0,"max_hp_gain":0,"max_hp_loss":0,"event_name":"Living Wall","floor":3,"gold_loss":0,"cards_obtained":["Defragment"]},{"cards_removed":["Defend_B"],"damage_healed":0,"gold_gain":0,"player_choice":"Card Removal","damage_taken":0,"max_hp_gain":0,"max_hp_loss":0,"event_name":"The Cleric","floor":4,"gold_loss":75},{"damage_healed":0,"gold_gain":0,"player_choice":"Entered Light","damage_taken":21,"max_hp_gain":0,"max_hp_loss":0,"event_name":"Shining Light","floor":5,"gold_loss":0,"cards_upgraded":["Dualcast","Gash"]},{"damage_healed":0,"gold_gain":50,"player_choice":"Pray","damage_taken":0,"max_hp_gain":0,"max_hp_loss":0,"event_name":"Golden Shrine","floor":12,"gold_loss":0},{"damage_healed":0,"gold_gain":0,"cards_transformed":["Chaos","Creative AI"],"player_choice":"Became Test Subject","damage_taken":0,"max_hp_gain":0,"max_hp_loss":0,"event_name":"Drug Dealer","floor":21,"gold_loss":0,"cards_obtained":["FTL","Chaos"]}],"is_beta":false,"boss_relics":[{"not_picked":["Black Star","Busted Crown"],"picked":"Pandora\u0027s Box"}],"items_purged_floors":[],"is_endless":false,"potions_floor_spawned":[7,11,20],"killed_by":"Gremlin Leader","ascension_level":20}}