{"host":"lsq35p0sdkx2xifo","time":1613915989,"event":{"mods":["AchievementEnabler","BaseMod","Highlight Path","Minty Spire (QoL Compilation)","StSLib"],"gold_per_floor":[111,131,131,150,170,202,202,216,243,268,268,301,19,43,43,43,43],"floor_reached":16,"language":"ENG","playtime":652,"items_purged":["Strike_R"],"score":244,"play_id":"851a2dd9-2bab-411b-8242-9a7678a70fd8","local_time":"20210221055949","is_ascension_mode":true,"campfire_choices":[{"floor":7,"key":"REST"},{"floor":11,"key":"REST"},{"data":"Limit Break","floor":15,"key":"SMITH"}],"circlet_count":0,"master_deck":["AscendersBane","Strike_R","Strike_R","Strike_R","Strike_R","Defend_R","Defend_R","Defend_R","Defend_R","Bash","Secret Weapon+1","Hemokinesis","Metallicize","Rampage","Inflame","Carnage","Limit Break+1","Dropkick","Blood for Blood"],"relics":["Burning Blood","Turnip","Bronze Scales","Smiling Mask","CeramicFish","ClockworkSouvenir"],"acts_visited":["Exordium"],"potions_floor_usage":[6,6,10,10,12,14],"damage_taken":[{"damage":9,"enemies":"Jaw Worm","floor":1,"turns":5},{"damage":4,"enemies":"Cultist","floor":2,"turns":4},{"damage":3,"enemies":"2 Louse","floor":4,"turns":3},{"damage":12,"enemies":"Red Slaver","floor":5,"turns":3},{"damage":33,"enemies":"Gremlin Nob","floor":6,"turns":4},{"damage":8,"enemies":"2 Fungi Beasts","floor":8,"turns":4},{"damage":34,"enemies":"Lagavulin","floor":10,"turns":5},{"damage":20,"enemies":"3 Sentries","floor":12,"turns":7},{"damage":7,"enemies":"3 Louse","floor":14,"turns":3},{"damage":43,"enemies":"The Guardian","floor":16,"turns":8}],"seed_played":"-290371161005891986","potions_obtained":[{"floor":1,"key":"LiquidBronze"},{"floor":5,"key":"SkillPotion"},{"floor":8,"key":"SteroidPotion"},{"floor":10,"key":"EntropicBrew"},{"floor":12,"key":"BloodPotion"}],"is_trial":false,"path_per_floor":["M","M","?","M","M","E","R","M","T","E","R","E","$","M","R","B"],"character_chosen":"IRONCLAD","items_purchased":["Dropkick","ClockworkSouvenir"],"campfire_rested":2,"item_purchase_floors":[13,13],"current_hp_per_floor":[65,67,67,68,62,35,55,53,53,25,45,31,31,43,43,0,0],"gold":43,"neow_bonus":"RANDOM_COLORLESS_2","is_daily":false,"chose_seed":false,"campfire_upgraded":1,"win_rate":0.0,"timestamp":1613915989,"path_taken":["M","M","?","M","M","E","R","?","T","E","R","E","$","M","R","BOSS"],"items_purchased_type":["Card","Relic"],"build_version":"2020-12-22","purchased_purges":1,"victory":false,"max_hp_per_floor":[68,68,68,68,68,68,68,68,68,68,68,68,68,68,68,68,68],"card_choices":[{"not_picked":["Violence","Panache"],"picked":"Secret Weapon","floor":0},{"not_picked":["Anger","Perfected Strike"],"picked":"Hemokinesis","floor":1},{"not_picked":["Uppercut","Pummel"],"picked":"Metallicize","floor":2},{"not_picked":["Havoc","Second Wind"],"picked":"Rampage","floor":4},{"not_picked":["Combust","Whirlwind"],"picked":"Inflame","floor":5},{"not_picked":["Reckless Charge","Burning Pact","Havoc"],"picked":"SKIP","floor":6},{"not_picked":["Warcry","Pommel Strike"],"picked":"Carnage","floor":8},{"not_picked":["Thunderclap","Shockwave"],"picked":"Limit Break","floor":10},{"not_picked":["Headbutt","Dark Embrace","Pommel Strike"],"picked":"SKIP","floor":12},{"not_picked":["Body Slam","Reckless Charge"],"picked":"Blood for Blood","floor":14}],"player_experience":1298471,"relics_obtained":[{"floor":6,"key":"Turnip"},{"floor":9,"key":"Bronze Scales"},{"floor":10,"key":"Smiling Mask"},{"floor":12,"key":"CeramicFish"}],"event_choices":[{"damage_healed":0,"gold_gain":0,"player_choice":"Upgraded","damage_taken":0,"max_hp_gain":0,"max_hp_loss":0,"event_name":"Upgrade Shrine","floor":3,"gold_loss":0,"cards_upgraded":["Secret Weapon"]}],"is_beta":false,"boss_relics":[],"items_purged_floors":[13],"is_endless":false,"potions_floor_spawned":[1,5,8,10,12],"killed_by":"The Guardian","ascension_level":20}}