{"host":"005oipbkxhicanek","time":1613949099,"event":{"mods":["AchievementEnabler","BaseMod","Colored Map","Colored Powertips","Minty Spire (QoL Compilation)"],"gold_per_floor":[115,124,153,48,76,76,104,179,251,251,271,297,16,26,26,130,130,147,147,147,147,147,147,147,147],"floor_reached":24,"language":"ENG","playtime":762,"items_purged":["Regret","Strike_R"],"score":223,"play_id":"10755ddd-dfe1-43c5-842e-024f976767a4","local_time":"20210222001139","is_ascension_mode":true,"campfire_choices":[{"data":"Armaments","floor":6,"key":"SMITH"},{"data":"Bash","floor":10,"key":"SMITH"},{"floor":15,"key":"REST"},{"data":"Uppercut","floor":23,"key":"SMITH"}],"circlet_count":0,"master_deck":["Strike_R","Strike_R","Strike_R","Defend_R","Defend_R","Defend_R","Defend_R","Bash+1","Armaments+1","Pommel Strike","Uppercut+1","Headbutt","Impervious","Violence","Limit Break"],"relics":["Velvet Choker","CeramicFish","Gremlin Horn","Shuriken","Runic Pyramid"],"acts_visited":["Exordium","TheCity"],"potions_floor_usage":[],"damage_taken":[{"damage":2,"enemies":"Jaw Worm","floor":1,"turns":3},{"damage":0,"enemies":"2 Louse","floor":3,"turns":2},{"damage":2,"enemies":"Small Slimes","floor":5,"turns":3},{"damage":4,"enemies":"2 Fungi Beasts","floor":7,"turns":3},{"damage":12,"enemies":"Large Slime","floor":11,"turns":4},{"damage":22,"enemies":"Lagavulin","floor":12,"turns":6},{"damage":9,"enemies":"Exordium Wildlife","floor":14,"turns":4},{"damage":16,"enemies":"The Guardian","floor":16,"turns":11},{"damage":18,"enemies":"Chosen","floor":18,"turns":5},{"damage":82,"enemies":"Slavers","floor":24,"turns":5}],"seed_played":"-3752106613675916921","potions_obtained":[{"floor":1,"key":"SmokeBomb"},{"floor":5,"key":"Dexterity Potion"},{"floor":11,"key":"FearPotion"},{"floor":12,"key":"Swift Potion"},{"floor":18,"key":"Block Potion"}],"is_trial":false,"path_per_floor":["M","?","M","$","M","R","M","?","T","R","M","E","$","M","R","B",null,"M","?","?","?","?","R","E"],"character_chosen":"IRONCLAD","items_purchased":["Uppercut","Violence"],"campfire_rested":1,"item_purchase_floors":[4,13],"current_hp_per_floor":[78,78,78,78,76,76,72,61,61,61,49,27,27,18,42,26,80,62,62,62,47,75,75,0,0],"gold":147,"neow_bonus":"BOSS_RELIC","is_daily":false,"chose_seed":false,"campfire_upgraded":3,"win_rate":0.0,"timestamp":1613949099,"path_taken":["M","?","M","$","M","R","M","?","T","R","M","E","$","M","R","BOSS","M","?","?","?","?","R","E"],"items_purchased_type":["Card","Card"],"build_version":"2020-12-22","purchased_purges":2,"victory":false,"max_hp_per_floor":[80,80,80,80,80,80,80,80,80,80,80,80,80,80,80,80,80,80,80,80,85,85,85,85,85],"card_choices":[{"not_picked":["Rampage","Havoc"],"picked":"Armaments","floor":1},{"not_picked":["Havoc","Seeing Red"],"picked":"Pommel Strike","floor":3},{"not_picked":["Sever Soul","Cleave"],"picked":"Headbutt","floor":5},{"not_picked":["Seeing Red","Wild Strike"],"picked":"Impervious","floor":7},{"not_picked":["Perfected Strike","Havoc","Thunderclap"],"picked":"SKIP","floor":11},{"not_picked":["Sword Boomerang","Wild Strike","Power Through"],"picked":"SKIP","floor":12},{"not_picked":["Shrug It Off","Entrench","Flex"],"picked":"SKIP","floor":14},{"not_picked":["Fiend Fire","Double Tap"],"picked":"Limit Break","floor":16},{"not_picked":["Pommel Strike","Body Slam+1","Flex"],"picked":"SKIP","floor":18}],"player_experience":130487,"relics_obtained":[{"floor":9,"key":"Gremlin Horn"},{"floor":12,"key":"Shuriken"}],"event_choices":[{"damage_healed":0,"gold_gain":0,"player_choice":"Box","damage_taken":0,"relics_obtained":["CeramicFish"],"max_hp_gain":0,"max_hp_loss":0,"event_name":"Big Fish","floor":2,"gold_loss":0,"cards_obtained":["Regret"]},{"damage_healed":0,"gold_gain":75,"player_choice":"Gather Gold","damage_taken":11,"max_hp_gain":0,"max_hp_loss":0,"event_name":"World of Goop","floor":8,"gold_loss":0},{"cards_removed":["Strike_R"],"damage_healed":0,"gold_gain":0,"player_choice":"Elegance","damage_taken":0,"max_hp_gain":0,"max_hp_loss":0,"event_name":"Back to Basics","floor":19,"gold_loss":0},{"damage_healed":0,"gold_gain":0,"player_choice":"Ignored","damage_taken":0,"max_hp_gain":0,"max_hp_loss":0,"event_name":"Ghosts","floor":20,"gold_loss":0},{"damage_healed":0,"gold_gain":0,"player_choice":"Shed Blood","damage_taken":20,"max_hp_gain":5,"max_hp_loss":0,"event_name":"Forgotten Altar","floor":21,"gold_loss":0},{"damage_healed":28,"gold_gain":0,"player_choice":"Heal","damage_taken":0,"max_hp_gain":0,"max_hp_loss":0,"event_name":"The Library","floor":22,"gold_loss":0}],"is_beta":false,"boss_relics":[{"not_picked":["SlaversCollar","Runic Dome"],"picked":"Runic Pyramid"}],"items_purged_floors":[4,13],"is_endless":false,"potions_floor_spawned":[1,5,11,12,18],"killed_by":"Slavers","ascension_level":3}}