{"host":"sy26bfguqtls01um","time":1613918429,"event":{"mods":["BaseMod","DeckTracker","Hermit","Minty Spire (QoL Compilation)","Random Character Button","StSLib","SuperFastMode","The Hierophant","The Necromancer","The Servant 0.9.4","The Wild Card"],"gold_per_floor":[213,263,11,11,34,34,75,75,75,96,116,129,129,155,155,155,155],"floor_reached":16,"language":"KOR","playtime":583,"items_purged":["Strike_W"],"score":200,"play_id":"93760369-16d8-4af8-afca-c3a30476377c","local_time":"20210221234029","is_ascension_mode":true,"campfire_choices":[{"data":"Bone_Wall","floor":6,"key":"SMITH"},{"floor":8,"key":"REST"},{"data":"Cloudkill","floor":13,"key":"SMITH"},{"data":"Pandemic","floor":15,"key":"SMITH"}],"circlet_count":0,"master_deck":["AscendersBane","Strike_W","Strike_W","Strike_W","Defend_W","Defend_W","Defend_W","Defend_W","Negative_Energy_Arrows","Bone_Wall+1","Life_Drain","Necrotic_Claws","Cloudkill+1","Consume_Illness","Corrupt","Plague_Bolt","Pandemic+1"],"relics":["Vampire_Amulet","Membership Card","Golden Idol","Gambling Chip","HornCleat","Odd Mushroom"],"acts_visited":["Exordium"],"potions_floor_usage":[16],"damage_taken":[{"damage":15,"enemies":"Jaw Worm","floor":1,"turns":6},{"damage":2,"enemies":"Cultist","floor":5,"turns":4},{"damage":44,"enemies":"3 Sentries","floor":7,"turns":16},{"damage":0,"enemies":"Small Slimes","floor":10,"turns":3},{"damage":8,"enemies":"3 Louse","floor":11,"turns":2},{"damage":14,"enemies":"Large Slime","floor":12,"turns":6},{"damage":3,"enemies":"The Mushroom Lair","floor":14,"turns":3},{"damage":68,"enemies":"Slime Boss","floor":16,"turns":7}],"seed_played":"277250169846099650","potions_obtained":[{"floor":5,"key":"SteroidPotion"},{"floor":11,"key":"Ancient Potion"}],"is_trial":false,"path_per_floor":["M","?","$","?","M","R","E","R","T","M","M","M","R","?","R","B"],"character_chosen":"NECROMANCER","items_purchased":["Membership Card","Life_Drain"],"campfire_rested":1,"item_purchase_floors":[3,3],"current_hp_per_floor":[51,44,44,20,30,30,4,25,25,35,36,39,39,48,48,0,0],"gold":155,"neow_bonus":"HUNDRED_GOLD","is_daily":false,"chose_seed":false,"campfire_upgraded":3,"win_rate":0.0,"timestamp":1613918429,"path_taken":["M","?","?","?","M","R","E","R","T","M","M","M","R","?","R","BOSS"],"items_purchased_type":["Relic","Card"],"build_version":"2020-12-22","purchased_purges":1,"victory":false,"max_hp_per_floor":[71,71,71,71,71,71,71,71,71,71,71,71,71,71,71,71,71],"card_choices":[{"not_picked":["Vampiric_Strike","Blood_Shield","Bone_Spikes"],"picked":"SKIP","floor":1},{"not_picked":["Blood_for_Blood","Life_Drain"],"picked":"Necrotic_Claws","floor":5},{"not_picked":["Shackles_Of_Pain","Epidemic"],"picked":"Cloudkill","floor":7},{"not_picked":["Flesh_Made_Foul","Blood_for_Blood"],"picked":"Consume_Illness","floor":10},{"not_picked":["Bone_Shift","Negative_Energy_Sphere"],"picked":"Corrupt","floor":11},{"not_picked":["Pandemic","Bone_Armor"],"picked":"Plague_Bolt","floor":12},{"not_picked":["Bone_Armor","Whirlwind_of_Bones"],"picked":"Pandemic","floor":14}],"player_experience":1908512,"relics_obtained":[{"floor":7,"key":"Gambling Chip"},{"floor":9,"key":"HornCleat"},{"floor":14,"key":"Odd Mushroom"}],"event_choices":[{"damage_healed":0,"gold_gain":50,"player_choice":"Touch","damage_taken":7,"max_hp_gain":0,"max_hp_loss":0,"event_name":"FaceTrader","floor":2,"gold_loss":0},{"damage_healed":0,"gold_gain":0,"player_choice":"Take Damage","damage_taken":24,"relics_obtained":["Golden Idol"],"max_hp_gain":0,"max_hp_loss":0,"event_name":"Golden Idol","floor":4,"gold_loss":0},{"damage_healed":0,"gold_gain":0,"player_choice":"Fought Mushrooms","damage_taken":0,"max_hp_gain":0,"max_hp_loss":0,"event_name":"Mushrooms","floor":14,"gold_loss":0}],"is_beta":false,"boss_relics":[],"items_purged_floors":[3],"is_endless":false,"potions_floor_spawned":[5,11],"killed_by":"Slime Boss","ascension_level":20}}