{"host":"8ztb9kwpjc2zof9s","time":1613887267,"event":{"mods":["BaseMod","Block Reminder","Curses Come First","Minty Spire (QoL Compilation)","Relic Stats","StSLib"],"gold_per_floor":[110,125,141,141,158,158,185,185,185,201,234,234,234,270,270,361,361,374,56,56,155,20,59,59,72,72,72,72,72],"floor_reached":28,"language":"ENG","playtime":923,"items_purged":["Injury","Well Laid Plans"],"score":432,"play_id":"d081ff8c-8fa9-427e-8cb0-c1f7eb2e5ad6","local_time":"20210220220107","is_ascension_mode":true,"campfire_choices":[{"data":"Noxious Fumes","floor":6,"key":"SMITH"},{"data":"Venomology","floor":8,"key":"SMITH"},{"floor":12,"key":"REST"},{"data":"Neutralize","floor":15,"key":"SMITH"},{"floor":24,"key":"REST"},{"data":"Prepared","floor":27,"key":"SMITH"}],"circlet_count":0,"master_deck":["AscendersBane","Strike_G","Strike_G+1","Strike_G+1","Strike_G","Defend_G","Defend_G","Defend_G","Defend_G","Defend_G","Survivor","Neutralize+1","Noxious Fumes+1","Dash","Flying Knee","Venomology+1","PiercingWail","Blade Dance","Envenom","Blur","Footwork","Adrenaline","Dodge and Roll","Backstab+1","Prepared+1"],"relics":["Runic Pyramid","StrikeDummy","Molten Egg 2","HornCleat","Golden Idol","Unceasing Top","SlaversCollar","Whetstone","Prayer Wheel"],"acts_visited":["Exordium","TheCity"],"potions_floor_usage":[7,7,11,11,14,16,16,18,23,23,23,25,28],"damage_taken":[{"damage":1,"enemies":"Jaw Worm","floor":1,"turns":7},{"damage":1,"enemies":"2 Louse","floor":2,"turns":3},{"damage":0,"enemies":"Small Slimes","floor":3,"turns":5},{"damage":3,"enemies":"3 Louse","floor":5,"turns":4},{"damage":17,"enemies":"3 Sentries","floor":7,"turns":8},{"damage":0,"enemies":"Looter","floor":10,"turns":3},{"damage":22,"enemies":"Lagavulin","floor":11,"turns":5},{"damage":5,"enemies":"3 Sentries","floor":14,"turns":6},{"damage":32,"enemies":"The Guardian","floor":16,"turns":12},{"damage":14,"enemies":"Shell Parasite","floor":18,"turns":5},{"damage":16,"enemies":"Book of Stabbing","floor":23,"turns":6},{"damage":9,"enemies":"2 Thieves","floor":25,"turns":4},{"damage":39,"enemies":"Slavers","floor":28,"turns":3}],"seed_played":"3837642470848733099","potions_obtained":[{"floor":2,"key":"BlessingOfTheForge"},{"floor":3,"key":"Regen Potion"},{"floor":14,"key":"SneckoOil"},{"floor":16,"key":"Poison Potion"},{"floor":18,"key":"Poison Potion"}],"is_trial":false,"path_per_floor":["M","M","M","?","M","R","E","R","T","M","E","R","?","E","R","B",null,"M","$","?","?","$","E","R","M","T","R","E"],"character_chosen":"THE_SILENT","items_purchased":["Footwork","Adrenaline","Dodge and Roll","Backstab+1"],"campfire_rested":2,"item_purchase_floors":[19,19,19,22],"current_hp_per_floor":[58,57,57,50,47,47,45,45,45,45,23,42,42,37,37,5,51,37,37,37,37,37,21,40,31,31,31,0,0],"gold":72,"neow_bonus":"BOSS_RELIC","is_daily":false,"chose_seed":false,"campfire_upgraded":4,"win_rate":0.0,"timestamp":1613887267,"path_taken":["M","M","M","?","M","R","E","R","T","M","E","R","?","E","R","BOSS","M","$","?","?","?","E","R","M","T","R","E"],"items_purchased_type":["Card","Card","Card","Card"],"build_version":"2020-12-22","purchased_purges":2,"victory":false,"max_hp_per_floor":[66,66,66,66,66,66,66,66,66,66,66,66,66,66,66,66,66,66,66,66,66,66,66,66,66,66,66,66,66],"relic_stats":{"counters":[13,71],"Golden Idol":39,"Prayer Wheel":0,"Whetstone":["Strike_G","Strike_G"],"obtain_stats":[{"SlaversCollar":17,"HornCleat":11,"Golden Idol":13,"Molten Egg 2":9,"Prayer Wheel":26,"Whetstone":23,"StrikeDummy":7,"Unceasing Top":14,"Ring of the Snake":0,"Runic Pyramid":0},{"SlaversCollar":9,"HornCleat":7,"Golden Idol":7,"Molten Egg 2":5,"Prayer Wheel":12,"Whetstone":11,"StrikeDummy":5,"Unceasing Top":8,"Ring of the Snake":0,"Runic Pyramid":0},{"SlaversCollar":53,"HornCleat":35,"Golden Idol":35,"Molten Egg 2":27,"Prayer Wheel":68,"Whetstone":64,"StrikeDummy":27,"Unceasing Top":41,"Ring of the Snake":0,"Runic Pyramid":0}],"Unceasing Top":[2]},"card_choices":[{"not_picked":["Prepared","Crippling Poison"],"picked":"Noxious Fumes","floor":1},{"not_picked":["Skewer","Dagger Spray"],"picked":"Dash","floor":2},{"not_picked":["Dagger Throw","Dagger Spray","Riddle With Holes"],"picked":"SKIP","floor":3},{"not_picked":["Choke","Concentrate"],"picked":"Flying Knee","floor":5},{"not_picked":["Predator","Escape Plan"],"picked":"Venomology","floor":7},{"not_picked":["Quick Slash+1","Cloak And Dagger"],"picked":"Well Laid Plans","floor":10},{"not_picked":["Poisoned Stab+1","Dagger Throw+1"],"picked":"PiercingWail","floor":11},{"not_picked":["Quick Slash+1","Deflect"],"picked":"Blade Dance","floor":14},{"not_picked":["Wraith Form v2","Bullet Time"],"picked":"Envenom","floor":16},{"not_picked":["Calculated Gamble","Quick Slash+1"],"picked":"Blur","floor":18},{"not_picked":["Bane+1","Finisher+1","Outmaneuver"],"picked":"SKIP","floor":23},{"not_picked":["Eviscerate+1","Underhanded Strike+1"],"picked":"Prepared","floor":25}],"player_experience":368796,"relics_obtained":[{"floor":7,"key":"StrikeDummy"},{"floor":9,"key":"Molten Egg 2"},{"floor":11,"key":"HornCleat"},{"floor":14,"key":"Unceasing Top"},{"floor":23,"key":"Whetstone"},{"floor":26,"key":"Prayer Wheel"}],"event_choices":[{"cards_removed":["Strike_G"],"damage_healed":0,"gold_gain":0,"player_choice":"Card Removal","damage_taken":7,"max_hp_gain":0,"max_hp_loss":0,"event_name":"Golden Wing","floor":4,"gold_loss":0},{"damage_healed":0,"gold_gain":0,"player_choice":"Take Wound","damage_taken":0,"relics_obtained":["Golden Idol"],"max_hp_gain":0,"max_hp_loss":0,"event_name":"Golden Idol","floor":13,"gold_loss":0,"cards_obtained":["Injury"]},{"damage_healed":0,"gold_gain":0,"player_choice":"Ignored","damage_taken":0,"max_hp_gain":0,"max_hp_loss":0,"event_name":"Cursed Tome","floor":20,"gold_loss":0},{"damage_healed":0,"gold_gain":99,"player_choice":"Stole From Cult","damage_taken":0,"max_hp_gain":0,"max_hp_loss":0,"event_name":"Nest","floor":21,"gold_loss":0}],"is_beta":false,"boss_relics":[{"not_picked":["Coffee Dripper","Fusion Hammer"],"picked":"SlaversCollar"}],"items_purged_floors":[19,22],"is_endless":false,"potions_floor_spawned":[2,3,14,16,18],"killed_by":"Slavers","ascension_level":14}}