{"host":"nsc6ozq3atyrdr3m","time":1613906536,"event":{"mods":["BaseMod","Colored Map","Minty Spire (QoL Compilation)"],"gold_per_floor":[12,12,87,107,121,164,164,194,242,242,312,312,231,231,231,360,360,384,384,117,136,155,188,188,188,213,312,324,324,194,211,211,211,211],"floor_reached":33,"language":"FRA","playtime":600,"items_purged":["Strike_B"],"score":352,"play_id":"3a4b9b39-2e40-48b8-be89-6b6b3033f57f","local_time":"20210221122216","is_ascension_mode":true,"campfire_choices":[{"floor":7,"key":"REST"},{"floor":12,"key":"REST"},{"data":"Static Discharge","floor":15,"key":"SMITH"},{"floor":24,"key":"REST"},{"floor":32,"key":"REST"}],"circlet_count":0,"master_deck":["Strike_B","Strike_B","Strike_B","Defend_B","Defend_B","Defend_B","Defend_B+1","Zap","Dualcast","Beam Cell","Storm","Self Repair","Ball Lightning+1","Static Discharge+1","Echo Form","Glacier","Defragment","Ball Lightning","Storm","Leap","Writhe","Self Repair","Heatsinks","Conserve Battery"],"relics":["Cracked Core","Shovel","Bloody Idol","Centennial Puzzle","Juzu Bracelet","Velvet Choker","Anchor","Mercury Hourglass","Sundial","Oddly Smooth Stone"],"acts_visited":["Exordium","TheCity"],"potions_floor_usage":[6,23,31],"damage_taken":[{"damage":0,"enemies":"Small Slimes","floor":1,"turns":2},{"damage":7,"enemies":"2 Louse","floor":4,"turns":3},{"damage":2,"enemies":"Jaw Worm","floor":5,"turns":3},{"damage":35,"enemies":"3 Sentries","floor":6,"turns":5},{"damage":43,"enemies":"Slime Boss","floor":16,"turns":6},{"damage":31,"enemies":"2 Thieves","floor":18,"turns":4},{"damage":15,"enemies":"Shell Parasite","floor":21,"turns":4},{"damage":12,"enemies":"Snake Plant","floor":22,"turns":4},{"damage":21,"enemies":"Gremlin Leader","floor":23,"turns":5},{"damage":32,"enemies":"3 Cultists","floor":28,"turns":4},{"damage":16,"enemies":"Shelled Parasite and Fungi","floor":31,"turns":3},{"damage":64,"enemies":"Collector","floor":33,"turns":5}],"seed_played":"4322574182557312264","potions_obtained":[{"floor":4,"key":"Explosive Potion"},{"floor":18,"key":"Explosive Potion"},{"floor":22,"key":"PotionOfCapacity"}],"is_trial":false,"path_per_floor":["M","?","?","M","M","E","R","?","T","?","?","R","$","?","R","B",null,"M","?","$","M","M","E","R","?","T","?","M","?","$","M","R","B"],"character_chosen":"DEFECT","items_purchased":["Static Discharge","Defragment","Anchor","Heatsinks","Conserve Battery"],"campfire_rested":4,"item_purchase_floors":[13,20,20,30,30],"current_hp_per_floor":[68,68,57,50,48,20,40,40,40,26,26,46,46,46,46,10,54,30,30,30,20,27,18,38,38,43,48,21,21,21,24,44,0,0],"gold":211,"neow_bonus":"ONE_RARE_RELIC","is_daily":false,"chose_seed":false,"campfire_upgraded":1,"win_rate":0.0,"timestamp":1613906536,"path_taken":["M","?","?","M","M","E","R","?","T","?","?","R","$","?","R","BOSS","M","?","$","M","M","E","R","?","T","?","M","?","$","M","R","BOSS"],"items_purchased_type":["Card","Card","Relic","Card","Card"],"build_version":"2020-12-22","purchased_purges":1,"victory":false,"max_hp_per_floor":[75,69,69,69,69,69,69,69,69,69,69,69,69,69,69,69,69,69,69,69,69,69,69,69,69,69,69,69,69,69,69,69,69,69],"card_choices":[{"not_picked":["Chill","Rebound"],"picked":"Beam Cell","floor":1},{"not_picked":["Undo","Fusion"],"picked":"Storm","floor":4},{"not_picked":["Cold Snap","Go for the Eyes"],"picked":"Self Repair","floor":5},{"not_picked":["Blizzard","Sweeping Beam"],"picked":"Ball Lightning","floor":6},{"not_picked":["Multi-Cast","Reboot"],"picked":"Echo Form","floor":16},{"not_picked":["Steam","Sunder+1"],"picked":"Glacier","floor":18},{"not_picked":["Hologram","Steam"],"picked":"Ball Lightning","floor":21},{"not_picked":["Gash","Steam"],"picked":"Storm","floor":22},{"not_picked":["BootSequence","Sunder"],"picked":"Leap","floor":23},{"not_picked":["Cold Snap+1","Scrape+1"],"picked":"Self Repair","floor":28},{"not_picked":["Coolheaded","Glacier","Turbo"],"picked":"SKIP","floor":31}],"player_experience":439490,"relics_obtained":[{"floor":6,"key":"Centennial Puzzle"},{"floor":9,"key":"Juzu Bracelet"},{"floor":23,"key":"Mercury Hourglass"},{"floor":26,"key":"Oddly Smooth Stone"}],"event_choices":[{"damage_healed":0,"gold_gain":0,"player_choice":"Lose Max HP","damage_taken":0,"relics_obtained":["Golden Idol"],"max_hp_gain":0,"max_hp_loss":6,"event_name":"Golden Idol","floor":2,"gold_loss":0},{"damage_healed":0,"gold_gain":75,"player_choice":"Gather Gold","damage_taken":11,"max_hp_gain":0,"max_hp_loss":0,"event_name":"World of Goop","floor":3,"gold_loss":0},{"damage_healed":0,"gold_gain":30,"player_choice":"Searched \u00271\u0027 times","damage_taken":0,"max_hp_gain":0,"max_hp_loss":0,"event_name":"Dead Adventurer","floor":8,"gold_loss":0},{"damage_healed":0,"gold_gain":0,"player_choice":"Entered Light","damage_taken":14,"max_hp_gain":0,"max_hp_loss":0,"event_name":"Shining Light","floor":10,"gold_loss":0,"cards_upgraded":["Ball Lightning","Defend_B"]},{"damage_healed":0,"gold_gain":70,"player_choice":"Gained Gold","damage_taken":0,"max_hp_gain":0,"max_hp_loss":0,"event_name":"Golden Wing","floor":11,"gold_loss":0},{"damage_healed":0,"gold_gain":0,"player_choice":"Ignored","damage_taken":0,"max_hp_gain":0,"max_hp_loss":0,"event_name":"Liars Game","floor":14,"gold_loss":0},{"damage_healed":0,"gold_gain":0,"player_choice":"Gave Idol","damage_taken":0,"relics_obtained":["Bloody Idol"],"max_hp_gain":0,"max_hp_loss":0,"event_name":"Forgotten Altar","floor":19,"relics_lost":["Golden Idol"],"gold_loss":0},{"damage_healed":0,"gold_gain":0,"player_choice":"Opened","damage_taken":0,"relics_obtained":["Sundial"],"max_hp_gain":0,"max_hp_loss":0,"event_name":"The Mausoleum","floor":25,"gold_loss":0,"cards_obtained":["Writhe"]},{"damage_healed":0,"gold_gain":99,"player_choice":"Stole From Cult","damage_taken":0,"max_hp_gain":0,"max_hp_loss":0,"event_name":"Nest","floor":27,"gold_loss":0},{"damage_healed":0,"gold_gain":0,"player_choice":"Ignored","damage_taken":0,"max_hp_gain":0,"max_hp_loss":0,"event_name":"Vampires","floor":29,"gold_loss":0}],"is_beta":false,"boss_relics":[{"not_picked":["Tiny House","Runic Dome"],"picked":"Velvet Choker"}],"items_purged_floors":[20],"is_endless":false,"potions_floor_spawned":[4,18,22],"killed_by":"Collector","ascension_level":7}}