{"host":"xc18ixkpjvqrt8st","time":1613868928,"event":{"mods":["Act Like it!","BaseMod","Better Match","Better Third Choice","Conspire","Hallownest","Hermit","Hubris","Jorbs\u0027s Wanderer Trilogy","Minty Spire (QoL Compilation)","Reliquary","Robot Space Explorer","Shade Mod","Shop Mod","Spicy Shops","Spire Arcade","StSLib","The Animator","The Jungle","The Sage"],"gold_per_floor":[114,33,45,62,73,104,104,117,117,117,33,51,78,78,78,276,276,240,315,57,57,71,103,103,202,252,252,12,31,51,51,51,154,154,165,10,28,61,80,80,80,11,60,10,21,21,35,35,35,35,35,35,11,25,25],"floor_reached":54,"language":"ENG","playtime":2499,"items_purged":[],"score":715,"play_id":"d97b5c81-dac9-48a1-a690-077ea85be1ae","local_time":"20210220185528","is_ascension_mode":false,"campfire_choices":[{"floor":7.0,"key":"REST"},{"floor":10.0,"key":"REST"},{"floor":15.0,"key":"RECALL"},{"floor":24.0,"key":"REST"},{"data":"hermit:GoldenBullet","floor":27.0,"key":"SMITH"},{"floor":32.0,"key":"REST"},{"data":"hermit:Feint","floor":40.0,"key":"SMITH"},{"data":"hermit:PistolWhip","floor":46,"key":"SMITH"},{"floor":49,"key":"REST"},{"data":"Swift Strike","floor":52,"key":"SMITH"}],"circlet_count":0,"master_deck":["hermit:Strike_Hermit+1","hermit:Strike_Hermit+1","hermit:Strike_Hermit+1","hermit:Strike_Hermit+1","hermit:Defend_Hermit+1","hermit:Defend_Hermit+1","hermit:Defend_Hermit+1","hermit:Defend_Hermit+1","hermit:Snapshot","hermit:Covet","hermit:Virtue","hermit:Dive","hermit:Coalescence","hermit:BigShot","hermit:Determination","hermit:Ricochet","hermit:Snipe","hermit:WideOpen+1","hermit:Misfire","hermit:GoldenBullet+1","hermit:HighNoon","CurseOfTheBell","hermit:Glare","hermit:LowProfile+1","hermit:Enervate","hermit:Glare","hermit:Horror+1","hermit:GhostlyPresence","hermit:FinalCanter","hermit:Feint+1","hermit:BodyArmor+1","hermit:Deadeye","hermit:PistolWhip+1","hermit:Brawl","conspire:SpireCoStock","hermit:Snipe+1","hermit:Coalescence+1","Swift Strike+1","Swift Strike","hermit:Quickdraw"],"relics":["hermit:Momento","NeowsBlessing","reliquary:PorcupineQuills","Mummified Hand","Juzu Bracelet","Eternal Feather","hubris:Icosahedron","Calling Bell","reliquary:Stiletto","Meat on the Bone","StoneCalendar","hubris:Metronome","reliquary:TridentHead","Regal Pillow","Vajra","hubris:SphereOfDissonance","hubris:Stopwatch","Lee\u0027s Waffle","hubris:FunFungus","hubris:Towel"],"acts_visited":["Exordium","TheCity","TheBeyond","TheEnding"],"potions_floor_usage":[50,50,50],"damage_taken":[{"damage":0.0,"enemies":"Jaw Worm","floor":1.0,"turns":1.0},{"damage":0.0,"enemies":"conspire:RoseBush","floor":3.0,"turns":1.0},{"damage":0.0,"enemies":"2 Louse","floor":4.0,"turns":1.0},{"damage":11.0,"enemies":"Exordium Wildlife","floor":5.0,"turns":8.0},{"damage":42.0,"enemies":"Lagavulin","floor":6.0,"turns":7.0},{"damage":13.0,"enemies":"3 Louse","floor":8.0,"turns":4.0},{"damage":0.0,"enemies":"Large Slime","floor":12.0,"turns":5.0},{"damage":5.0,"enemies":"3 Sentries","floor":13.0,"turns":6.0},{"damage":49.0,"enemies":"Slime Boss","floor":16.0,"turns":10.0},{"damage":41.0,"enemies":"2 Thieves","floor":18.0,"turns":5.0},{"damage":12.0,"enemies":"Shell Parasite","floor":22.0,"turns":3.0},{"damage":33.0,"enemies":"Book of Stabbing","floor":23.0,"turns":5.0},{"damage":45.0,"enemies":"Cultist and Chosen","floor":29.0,"turns":6.0},{"damage":0.0,"enemies":"Chosen and Byrds","floor":30.0,"turns":4.0},{"damage":60.0,"enemies":"hubris:MusketHawk","floor":33.0,"turns":6.0},{"damage":4.0,"enemies":"Orb Walker","floor":35.0,"turns":2.0},{"damage":20.0,"enemies":"3 Shapes","floor":37.0,"turns":3.0},{"damage":9.0,"enemies":"conspire:MimicChest","floor":38.0,"turns":5.0},{"damage":6.0,"enemies":"Jaw Worm Horde","floor":39.0,"turns":5.0},{"damage":2.0,"enemies":"Spire Growth","floor":45.0,"turns":4.0},{"damage":28,"enemies":"Writhing Mass","floor":47,"turns":5},{"damage":75,"enemies":"hubris:GrandSnecko","floor":50,"turns":15},{"damage":100,"enemies":"Shield and Spear","floor":54,"turns":6}],"seed_played":"4526123524023288034","potions_obtained":[{"floor":4.0,"key":"FearPotion"},{"floor":8.0,"key":"SpeedPotion"},{"floor":12.0,"key":"ColorlessPotion"},{"floor":13.0,"key":"EssenceOfSteel"},{"floor":18.0,"key":"conspire:TimeTravelPotion"},{"floor":19.0,"key":"Strength Potion"},{"floor":30.0,"key":"Strength Potion"},{"floor":33.0,"key":"PowerPotion"},{"floor":37.0,"key":"Swift Potion"},{"floor":47,"key":"Energy Potion"}],"is_trial":false,"path_per_floor":["M","?","M","M","M","E","R","M","T","R","$","M","E","?","R","B",null,"M","?","$","?","M","E","R","?","T","R","$","M","M","?","R","B",null,"M","$","M","?","M","R","?","$","T","?","M","R","M","?","R","B",null,"R","$","E"],"character_chosen":"HERMIT","items_purchased":["hermit:Snipe","hermit:WideOpen","reliquary:TridentHead","hubris:SphereOfDissonance","Lee\u0027s Waffle","hermit:Brawl","hermit:Quickdraw"],"campfire_rested":5,"item_purchase_floors":[11,11,20,28,36,42,53],"current_hp_per_floor":[75,75,75,75,64,22,44,31,31,53,53,53,48,48,60,11,75,46,46,46,46,46,25,75,75,75,75,75,42,42,45,75,27,75,71,82,62,56,53,71,74,74,74,77,81,82,57,55,82,33,82,82,82,0,0],"gold":25,"neow_bonus":"THREE_ENEMY_KILL","is_daily":false,"chose_seed":false,"campfire_upgraded":4,"win_rate":0.0,"timestamp":1613868928,"path_taken":["M","?","M","?","?","E","R","M","T","R","$","M","E","?","R","BOSS","M","?","$","?","M","E","R","?","T","R","?","M","M","?","R","BOSS","M","?","M","?","M","R","?","$","T","?","M","R","M","?","R","BOSS","R","$","E"],"items_purchased_type":["Card","Card","Relic","Relic","Relic","Card","Card"],"build_version":"2020-12-22","purchased_purges":0,"victory":false,"max_hp_per_floor":[75,75,75,75,75,75,75,75,75,75,75,75,75,75,75,75,75,75,75,75,75,75,75,75,75,75,75,75,75,75,75,75,75,75,75,82,82,82,82,82,82,82,82,82,82,82,82,82,82,82,82,82,82,82,82],"card_choices":[{"not_picked":["hermit:BodyArmor","hermit:CursedWeapon"],"picked":"hermit:Virtue","floor":1.0},{"not_picked":["hermit:ItchyTrigger","hermit:Vantage"],"picked":"hermit:Dive","floor":3.0},{"not_picked":["hermit:Glare","hermit:Cheat"],"picked":"hermit:Coalescence","floor":4.0},{"not_picked":["hermit:LuckOfTheDraw","hermit:Scavenge"],"picked":"hermit:BigShot","floor":5.0},{"not_picked":["hermit:Midnight","hermit:Spite"],"picked":"hermit:Determination","floor":6.0},{"not_picked":["hermit:CalledShot","hermit:WideOpen"],"picked":"hermit:Ricochet","floor":8.0},{"not_picked":["hermit:OverwhelmingPower","hermit:Manifest"],"picked":"hermit:Misfire","floor":12.0},{"not_picked":["hermit:Dive","hermit:Showdown"],"picked":"hermit:GoldenBullet","floor":13.0},{"not_picked":["hermit:EternalForm","hermit:Purgatory"],"picked":"hermit:HighNoon","floor":16.0},{"not_picked":["hermit:BodyArmor","hermit:LowProfile+1"],"picked":"hermit:Glare","floor":18.0},{"not_picked":["hermit:Headshot","hermit:Malice"],"picked":"hermit:LowProfile+1","floor":19.0},{"not_picked":["hermit:Virtue","hermit:GoldenBullet+1"],"picked":"hermit:Enervate","floor":22.0},{"not_picked":["hermit:Adapt","hermit:Roulette+1"],"picked":"hermit:Glare","floor":23.0},{"not_picked":["hermit:WideOpen","hermit:Vantage"],"picked":"hermit:Horror+1","floor":29.0},{"not_picked":["hermit:Scavenge+1","hermit:Determination"],"picked":"hermit:GhostlyPresence","floor":30.0},{"not_picked":["hermit:FromBeyond","hermit:OverwhelmingPower"],"picked":"hermit:FinalCanter","floor":33.0},{"not_picked":["hermit:Ricochet","hermit:Dive"],"picked":"hermit:Feint","floor":35.0},{"not_picked":["hermit:LowProfile","hermit:ItchyTrigger+1"],"picked":"hermit:BodyArmor+1","floor":37.0},{"not_picked":["hermit:Combo+1","hermit:Reprieve"],"picked":"hermit:Deadeye","floor":38.0},{"not_picked":["hermit:Virtue","hermit:NoHoldsBarred+1"],"picked":"hermit:PistolWhip","floor":39.0},{"not_picked":["hermit:SprayPray","hermit:ItchyTrigger"],"picked":"hermit:Snipe+1","floor":45},{"not_picked":["hermit:Quickdraw","hermit:LoneWolf+1"],"picked":"hermit:Coalescence+1","floor":47},{"not_picked":["Finesse","Discovery"],"picked":"Swift Strike","floor":48},{"not_picked":["Secret Weapon","hubris:Ssssneak"],"picked":"Swift Strike","floor":48}],"player_experience":664993,"relics_obtained":[{"floor":6.0,"key":"Mummified Hand"},{"floor":9.0,"key":"Juzu Bracelet"},{"floor":13.0,"key":"Eternal Feather"},{"floor":17.0,"key":"reliquary:Stiletto"},{"floor":17.0,"key":"Meat on the Bone"},{"floor":17.0,"key":"StoneCalendar"},{"floor":19.0,"key":"hubris:Metronome"},{"floor":23.0,"key":"Regal Pillow"},{"floor":26.0,"key":"Vajra"},{"floor":38.0,"key":"hubris:FunFungus"}],"event_choices":[{"damage_healed":0.0,"max_hp_gain":0.0,"max_hp_loss":0.0,"gold_gain":0.0,"event_name":"WeMeetAgain","player_choice":"Paid Gold","floor":2.0,"gold_loss":81.0,"damage_taken":0.0,"relics_obtained":["reliquary:PorcupineQuills"]},{"damage_healed":0.0,"max_hp_gain":0.0,"max_hp_loss":8.0,"gold_gain":0.0,"event_name":"betterThird:BetterWriting","player_choice":"Simplicity","floor":21.0,"gold_loss":0.0,"damage_taken":0.0},{"damage_healed":0.0,"max_hp_gain":0.0,"max_hp_loss":0.0,"gold_gain":99.0,"event_name":"betterThird:BetterNest","player_choice":"Steal","floor":25.0,"gold_loss":0.0,"damage_taken":0.0},{"damage_healed":0.0,"max_hp_gain":0.0,"max_hp_loss":0.0,"gold_gain":0.0,"event_name":"Upgrade Shrine","player_choice":"Upgraded","floor":31.0,"gold_loss":0.0,"damage_taken":0.0,"cards_upgraded":["hermit:WideOpen"]},{"damage_healed":0.0,"max_hp_gain":0.0,"max_hp_loss":0.0,"gold_gain":0.0,"event_name":"conspire:Investor","player_choice":"Invest 1","floor":44.0,"gold_loss":0.0,"damage_taken":0.0},{"damage_healed":0,"gold_gain":0,"player_choice":"Memory 2","damage_taken":5,"max_hp_gain":0,"max_hp_loss":0,"event_name":"SensoryStone","floor":48,"gold_loss":0}],"is_beta":false,"boss_relics":[{"not_picked":["Cursed Key","Snecko Eye"],"picked":"Calling Bell"},{"not_picked":["reliquary:RedPaperclip","hubris:VirtuousBlindfold"],"picked":"hubris:Stopwatch"}],"items_purged_floors":[],"is_endless":false,"potions_floor_spawned":[4,8,12,13,18,30,33,37,47],"killed_by":"Shield and Spear","ascension_level":0}}