{"host":"g7uq9uzahx9e0kti","time":1613881583,"event":{"mods":["100% Spire Juice","AchievementEnabler","Act Like it!","Arknights","BaseMod","CapriCore","Hermit","Koishi","Minty Spire (QoL Compilation)","Permanent Neow","Quick Restart","StSLib","SuperFastMode","The Bug Knight","The Cursed","The Hierophant","The Poker Player","Together in Spire","WarShipGirlsR/??á´Ò³R mod"],"gold_per_floor":[312,324,324,340,34,67,87,87,87,105,124,124,124,143,143,247,247,260,260,260,279,639,639,666,666,666,685,710,107,107,118,118,215,215,225,242,296,256,256,290,306,337,337,353,24,53,68,78,78,78],"floor_reached":51,"language":"KOR","playtime":2406,"items_purged":["rmod:strick","Regret"],"score":1009,"play_id":"82857023-331b-4e2f-a7f2-048a766fa234","local_time":"20210221132623","is_ascension_mode":true,"campfire_choices":[{"data":"rmod:openingtorpedo","floor":8,"key":"SMITH"},{"data":"rmod:tearstotiara","floor":15,"key":"SMITH"},{"floor":23,"key":"REST"},{"data":"RitualDagger","floor":25,"key":"SMITH"},{"data":"rmod:openingtorpedo","floor":30,"key":"SMITH"},{"data":"rmod:garrisonisland","floor":32,"key":"SMITH"},{"floor":49,"key":"REST"}],"circlet_count":0,"master_deck":["rmod:strick","rmod:strick","rmod:strick","rmod:defend","rmod:defend","rmod:defend","rmod:basicallowance","rmod:maingunfire","rmod:supportescort","rmod:overbreakdown","rmod:aviationdawn","rmod:lonelyqueen","rmod:intelligenceanalysis","rmod:garrisonisland+1","rmod:openingtorpedo+1","rmod:tearstotiara+1","rmod:wife+1","rmod:firesupport","rmod:lonelyqueen+1","rmod:saltedfish+1","rmod:openingtorpedo+1","RitualDagger+1","rmod:ammunitionsupply+1","rmod:firesupport","rmod:ammunitionsupply+1","Panache+1","RitualDagger+1","rmod:chargemoney+1","Dramatic Entrance","rmod:ridicule+1","rmod:highspeedmaneuver+1"],"relics":["rmod:firstchargereward","Old Coin","Akabeko","Orrery","Question Card","Toxic Egg 2","Calipers","Smiling Mask","SlaversCollar","Orichalcum","Singing Bowl","Frozen Egg 2","Lee\u0027s Waffle","Kunai","Black Star","Girya","Anchor","CaptainsWheel","Torii","Dead Branch","Pen Nib","Membership Card","Letter Opener","Gambling Chip"],"acts_visited":["Exordium","TheCity","TheBeyond"],"potions_floor_usage":[24,27,33,33,37,46,46,50,50],"damage_taken":[{"damage":2,"enemies":"2 Louse","floor":1,"turns":3},{"damage":2,"enemies":"Small Slimes","floor":2,"turns":3},{"damage":0,"enemies":"Jaw Worm","floor":4,"turns":3},{"damage":14,"enemies":"Lagavulin","floor":6,"turns":8},{"damage":0,"enemies":"Blue Slaver","floor":7,"turns":3},{"damage":0,"enemies":"Large Slime","floor":10,"turns":4},{"damage":0,"enemies":"Exordium Thugs","floor":11,"turns":2},{"damage":0,"enemies":"Gremlin Gang","floor":14,"turns":1},{"damage":27,"enemies":"Slime Boss","floor":16,"turns":10},{"damage":11,"enemies":"Shell Parasite","floor":18,"turns":6},{"damage":0,"enemies":"3 Byrds","floor":21,"turns":2},{"damage":4,"enemies":"Gremlin Leader","floor":24,"turns":3},{"damage":0,"enemies":"Cultist and Chosen","floor":27,"turns":3},{"damage":14,"enemies":"Slavers","floor":28,"turns":4},{"damage":15,"enemies":"Centurion and Healer","floor":31,"turns":3},{"damage":29,"enemies":"Automaton","floor":33,"turns":9},{"damage":9,"enemies":"Orb Walker","floor":35,"turns":2},{"damage":25,"enemies":"3 Shapes","floor":36,"turns":3},{"damage":4,"enemies":"2 Orb Walkers","floor":37,"turns":2},{"damage":0,"enemies":"Reptomancer","floor":40,"turns":2},{"damage":21,"enemies":"Maw","floor":41,"turns":6},{"damage":16,"enemies":"Giant Head","floor":42,"turns":6},{"damage":0,"enemies":"3 Darklings","floor":44,"turns":2},{"damage":0,"enemies":"Reptomancer","floor":46,"turns":1},{"damage":0,"enemies":"Spire Growth","floor":47,"turns":2},{"damage":20,"enemies":"4 Shapes","floor":48,"turns":2},{"damage":11,"enemies":"Awakened One","floor":50,"turns":6}],"seed_played":"7315474736418544570","potions_obtained":[{"floor":7,"key":"Strength Potion"},{"floor":10,"key":"AttackPotion"},{"floor":14,"key":"DuplicationPotion"},{"floor":16,"key":"Fire Potion"},{"floor":24,"key":"Ancient Potion"},{"floor":31,"key":"GamblersBrew"},{"floor":36,"key":"Block Potion"},{"floor":41,"key":"GamblersBrew"},{"floor":47,"key":"EssenceOfSteel"},{"floor":48,"key":"Energy Potion"}],"is_trial":false,"path_per_floor":["M","M","?","M","$","E","M","R","T","M","M","?","?","M","R","B",null,"M","?","?","M","?","R","E","R","T","M","E","$","R","M","R","B",null,"M","M","?","?","?","E","M","E","T","M","$","E","M","M","R","B",null],"character_chosen":"PRAEFECT","items_purchased":["Akabeko","Orrery","Lee\u0027s Waffle","Kunai","Panache+1","Membership Card","Dramatic Entrance","rmod:ridicule+1"],"campfire_rested":2,"item_purchase_floors":[5,5,29,29,29,45,45,45],"current_hp_per_floor":[73,71,64,64,64,50,50,50,50,50,50,47,47,47,47,20,75,64,58,58,58,22,44,40,40,40,42,30,86,86,73,73,46,90,83,60,58,68,68,70,49,35,35,37,37,37,39,21,55,44],"gold":78,"neow_bonus":"ONE_RARE_RELIC","is_daily":false,"chose_seed":false,"campfire_upgraded":5,"win_rate":0.0,"timestamp":1613881583,"path_taken":["M","M","?","M","$","E","M","R","T","M","M","?","?","M","R","BOSS","M","?","?","M","?","R","E","R","T","?","E","$","R","?","R","BOSS","M","M","?","?","?","E","M","E","T","M","$","E","?","M","R","BOSS"],"items_purchased_type":["Relic","Relic","Relic","Relic","Card","Relic","Card","Card"],"build_version":"2020-12-22","purchased_purges":2,"victory":true,"max_hp_per_floor":[75,75,75,75,75,75,75,75,75,75,75,75,75,75,75,75,75,75,75,75,75,75,75,75,75,75,77,79,86,86,88,88,90,90,92,94,96,106,106,108,108,110,110,112,112,112,114,116,116,116],"card_choices":[{"not_picked":["rmod:combined","rmod:highspeedshooting"],"picked":"rmod:supportescort","floor":1},{"not_picked":["rmod:supportescort","rmod:fuelsupply"],"picked":"rmod:overbreakdown","floor":2},{"not_picked":["rmod:chargemoney","rmod:rockthrower"],"picked":"rmod:aviationdawn","floor":4},{"not_picked":["rmod:capitalist","rmod:aluminumsupply"],"picked":"rmod:lonelyqueen","floor":5},{"not_picked":["rmod:overbreakdown","rmod:secretscript"],"picked":"rmod:intelligenceanalysis","floor":5},{"not_picked":["rmod:expedition","rmod:fletcherpendant"],"picked":"rmod:garrisonisland","floor":5},{"not_picked":["rmod:supportescort","rmod:combined"],"picked":"rmod:openingtorpedo","floor":5},{"not_picked":["rmod:combined","rmod:capitalist","rmod:shuttlebombing"],"picked":"SKIP","floor":6},{"not_picked":["rmod:fletcherpendant","rmod:luckystar","rmod:timeschanged"],"picked":"rmod:tearstotiara","floor":7},{"not_picked":["rmod:firesupport","rmod:smokecover+1","rmod:fuelsupply+1"],"picked":"rmod:wife+1","floor":10},{"not_picked":["rmod:bulid+1","rmod:wolves","rmod:steelsupply+1"],"picked":"rmod:firesupport","floor":11},{"not_picked":["rmod:smokecover+1","rmod:salvage","rmod:aluminumsupply+1"],"picked":"rmod:lonelyqueen+1","floor":14},{"not_picked":["rmod:stealaluminum","rmod:abidefaith","rmod:ridicule+1"],"picked":"rmod:saltedfish+1","floor":16},{"not_picked":["rmod:bulid+1","rmod:circuitoustactics+1","rmod:aluminumsupply+1"],"picked":"rmod:openingtorpedo","floor":18},{"not_picked":["rmod:shuttlebombing+1","rmod:combined","rmod:wasp"],"picked":"rmod:firesupport","floor":21},{"not_picked":["rmod:goodsister","rmod:supportescort+1","rmod:tearstotiara"],"picked":"rmod:ammunitionsupply+1","floor":24},{"not_picked":["rmod:steelsupply+1","rmod:luckystar","rmod:shuttlebombing+1","rmod:tearstotiara"],"picked":"Singing Bowl","floor":27},{"not_picked":["rmod:diaomin+1","rmod:diamondstrike","rmod:fuelsupply+1","rmod:luckystar"],"picked":"Singing Bowl","floor":28},{"not_picked":["rmod:supportaircraftcarrier+1","rmod:victimresponsibility+1","rmod:unsinkable+1","rmod:bulid+1"],"picked":"Singing Bowl","floor":31},{"not_picked":["rmod:saltedfish+1","rmod:ridicule+1","rmod:u235+1","rmod:fletcher"],"picked":"Singing Bowl","floor":33},{"not_picked":["rmod:launchingtorpedo+1","rmod:capitalist+1","rmod:steelsupply+1","rmod:shuttlebombing+1"],"picked":"Singing Bowl","floor":35},{"not_picked":["rmod:tearstotiara","rmod:fuelsupply+1","rmod:circuitoustactics+1","rmod:advancebysurprise+1"],"picked":"Singing Bowl","floor":36},{"not_picked":["rmod:rockthrower","rmod:aggressivemary","rmod:luckystar","rmod:advancebysurprise+1"],"picked":"Singing Bowl","floor":37},{"not_picked":["rmod:fuelsupply"],"picked":"Singing Bowl","floor":38},{"not_picked":["rmod:aluminumsupply"],"picked":"Singing Bowl","floor":38},{"not_picked":["rmod:highspeedshooting"],"picked":"Singing Bowl","floor":38},{"not_picked":["rmod:luckystar"],"picked":"Singing Bowl","floor":38},{"not_picked":["rmod:expeditionaryescort"],"picked":"Singing Bowl","floor":38},{"not_picked":["rmod:circuitoustactics+1","rmod:highspeedshooting+1","rmod:generalist+1","rmod:seals+1"],"picked":"Singing Bowl","floor":40},{"not_picked":["rmod:intelligenceanalysis+1","rmod:combined","rmod:overbreakdown+1"],"picked":"rmod:chargemoney+1","floor":41},{"not_picked":["rmod:diaomin+1","rmod:timeschanged","rmod:wasp+1","rmod:steelsupply+1"],"picked":"Singing Bowl","floor":42},{"not_picked":["rmod:slowdown+1","rmod:luckystar","rmod:aluminumsupply+1","rmod:concentratefire+1"],"picked":"Singing Bowl","floor":44},{"not_picked":["rmod:overbreakdown+1","rmod:firesupport+1","rmod:unsinkable+1"],"picked":"rmod:highspeedmaneuver+1","floor":46},{"not_picked":["rmod:chargemoney+1","rmod:rockthrower+1","rmod:wife+1","rmod:steelsupply+1"],"picked":"Singing Bowl","floor":47},{"not_picked":["rmod:fuelsupply+1","rmod:goodfighter","rmod:victimresponsibility+1","rmod:diamondstrike"],"picked":"Singing Bowl","floor":48}],"player_experience":154171,"relics_obtained":[{"floor":6,"key":"Question Card"},{"floor":9,"key":"Toxic Egg 2"},{"floor":24,"key":"Orichalcum"},{"floor":26,"key":"Singing Bowl"},{"floor":28,"key":"Frozen Egg 2"},{"floor":37,"key":"Girya"},{"floor":40,"key":"Anchor"},{"floor":40,"key":"CaptainsWheel"},{"floor":42,"key":"Torii"},{"floor":42,"key":"Dead Branch"},{"floor":43,"key":"Pen Nib"},{"floor":46,"key":"Letter Opener"},{"floor":46,"key":"Gambling Chip"}],"event_choices":[{"cards_removed":["rmod:defend"],"damage_healed":0,"gold_gain":0,"player_choice":"Card Removal","damage_taken":7,"max_hp_gain":0,"max_hp_loss":0,"event_name":"Golden Wing","floor":3,"gold_loss":0},{"damage_healed":0,"gold_gain":0,"player_choice":"Success","damage_taken":3,"relics_obtained":["Calipers"],"max_hp_gain":0,"max_hp_loss":0,"event_name":"Scrap Ooze","floor":12,"gold_loss":0},{"damage_healed":0,"gold_gain":0,"player_choice":"Box","damage_taken":0,"relics_obtained":["Smiling Mask"],"max_hp_gain":0,"max_hp_loss":0,"event_name":"Big Fish","floor":13,"gold_loss":0,"cards_obtained":["Regret"]},{"damage_healed":0,"gold_gain":0,"player_choice":"Joined the Cult","damage_taken":6,"max_hp_gain":0,"max_hp_loss":0,"event_name":"Nest","floor":19,"gold_loss":0,"cards_obtained":["RitualDagger"]},{"damage_healed":0,"gold_gain":0,"player_choice":"Read","damage_taken":0,"max_hp_gain":0,"max_hp_loss":0,"event_name":"The Library","floor":20,"gold_loss":0,"cards_obtained":["rmod:ammunitionsupply"]},{"damage_healed":0,"gold_gain":360,"player_choice":"GOLD GOLD GOLD GOLD ","damage_taken":36,"max_hp_gain":0,"max_hp_loss":0,"event_name":"Knowing Skull","floor":22,"potions_obtained":[],"gold_loss":0,"cards_obtained":[]},{"damage_healed":0,"gold_gain":0,"player_choice":"Fight","damage_taken":0,"max_hp_gain":0,"max_hp_loss":0,"event_name":"Mysterious Sphere","floor":37,"gold_loss":0},{"damage_healed":0,"gold_gain":0,"player_choice":"Copied","damage_taken":0,"max_hp_gain":0,"max_hp_loss":0,"event_name":"Duplicator","floor":39,"gold_loss":0,"cards_obtained":["RitualDagger"]}],"is_beta":false,"boss_relics":[{"not_picked":["Fusion Hammer","Empty Cage"],"picked":"SlaversCollar"},{"not_picked":["Calling Bell","Busted Crown"],"picked":"Black Star"}],"items_purged_floors":[29,45],"is_endless":false,"potions_floor_spawned":[7,10,14,16,18,24,31,36,41,47,48],"ascension_level":2}}