{"host":"sav7uxregyirlf69","time":1613894111,"event":{"mods":["AchievementEnabler","BaseMod","Colored Map","DeckTracker","Keyboard Shortcuts","Minty Spire (QoL Compilation)","READ ME - Guardian Mod","StSLib","SuperFastMode"],"gold_per_floor":[116,142,14,26,26,59,69,81,153,164,64,94,107,125,125,125,125],"floor_reached":16,"language":"KOR","playtime":247,"items_purged":["Strike_G","Defend_G"],"score":278,"play_id":"8453dc54-f271-4e57-9347-c5a16c239acb","local_time":"20210221165511","is_ascension_mode":true,"campfire_choices":[{"data":"Noxious Fumes","floor":15.0,"key":"SMITH"}],"circlet_count":0,"master_deck":["AscendersBane","Strike_G","Strike_G","Strike_G","Strike_G","Defend_G","Defend_G","Defend_G","Defend_G","Survivor","Neutralize","Backflip","Blade Dance","Noxious Fumes+1","Bouncing Flask","Crippling Poison","Footwork"],"relics":["Ring of the Snake","NeowsBlessing","Omamori","White Beast Statue","Letter Opener","PreservedInsect"],"acts_visited":["Exordium"],"potions_floor_usage":[16,16],"damage_taken":[{"damage":0.0,"enemies":"Cultist","floor":1.0,"turns":1.0},{"damage":0.0,"enemies":"2 Louse","floor":4.0,"turns":1.0},{"damage":0.0,"enemies":"Lagavulin","floor":6.0,"turns":1.0},{"damage":2.0,"enemies":"Jaw Worm","floor":7.0,"turns":5.0},{"damage":7.0,"enemies":"Large Slime","floor":8.0,"turns":4.0},{"damage":0.0,"enemies":"Gremlin Gang","floor":10.0,"turns":3.0},{"damage":22.0,"enemies":"3 Sentries","floor":12.0,"turns":8.0},{"damage":11.0,"enemies":"3 Louse","floor":13.0,"turns":4.0},{"damage":0.0,"enemies":"Lots of Slimes","floor":14.0,"turns":2.0},{"damage":24,"enemies":"The Guardian","floor":16,"turns":7}],"seed_played":"7617386648570812382","potions_obtained":[{"floor":6.0,"key":"CultistPotion"},{"floor":7.0,"key":"LiquidMemories"},{"floor":10.0,"key":"Poison Potion"},{"floor":12.0,"key":"EntropicBrew"},{"floor":13.0,"key":"DistilledChaos"},{"floor":14.0,"key":"Ancient Potion"}],"is_trial":false,"path_per_floor":["M","T","$","M","?","E","M","M","T","M","$","E","M","M","R","B"],"character_chosen":"THE_SILENT","items_purchased":["Blade Dance"],"campfire_rested":0,"item_purchase_floors":[3],"current_hp_per_floor":[59,59,59,59,64,64,62,55,55,55,55,33,22,22,22,0,0],"gold":125,"neow_bonus":"THREE_ENEMY_KILL","is_daily":false,"chose_seed":false,"campfire_upgraded":1,"win_rate":0.0,"timestamp":1613894111,"path_taken":["M","?","$","M","?","E","M","M","T","M","?","E","M","M","R","BOSS"],"items_purchased_type":["Card"],"build_version":"2020-12-22","purchased_purges":2,"victory":false,"max_hp_per_floor":[66,66,66,66,71,71,71,71,71,71,71,71,71,71,71,71,71],"card_choices":[{"not_picked":["Deflect","Dodge and Roll"],"picked":"Backflip","floor":1.0},{"not_picked":["Outmaneuver","Underhanded Strike","Expertise"],"picked":"SKIP","floor":4.0},{"not_picked":["Deadly Poison","Slice"],"picked":"Noxious Fumes","floor":6.0},{"not_picked":["Wraith Form v2","Underhanded Strike"],"picked":"Bouncing Flask","floor":7.0},{"not_picked":["Backflip","Quick Slash"],"picked":"Crippling Poison","floor":8.0},{"not_picked":["Bane","Sucker Punch"],"picked":"Footwork","floor":10.0},{"not_picked":["Dagger Spray","Noxious Fumes","Deadly Poison"],"picked":"SKIP","floor":12.0},{"not_picked":["Bane","Heel Hook","Backstab"],"picked":"SKIP","floor":13.0},{"not_picked":["Prepared","Dagger Throw","Poisoned Stab"],"picked":"SKIP","floor":14.0}],"player_experience":1640833,"relics_obtained":[{"floor":2.0,"key":"Omamori"},{"floor":6.0,"key":"White Beast Statue"},{"floor":9.0,"key":"Letter Opener"},{"floor":12.0,"key":"PreservedInsect"}],"event_choices":[{"damage_healed":0.0,"max_hp_gain":5.0,"max_hp_loss":0.0,"gold_gain":0.0,"event_name":"Big Fish","player_choice":"Donut","floor":5.0,"gold_loss":0.0,"damage_taken":0.0}],"is_beta":false,"boss_relics":[],"items_purged_floors":[3,11],"is_endless":false,"potions_floor_spawned":[6,7,8,10,12,13,14],"killed_by":"The Guardian","ascension_level":20}}