{"host":"7fwnp8pk7osg3ahc","time":1613882132,"event":{"mods":["2.2 Compatiblity","BaseMod","Downfall","Marisa????????","Minty Spire (QoL Compilation)","Replay The Spire","StSLib","The Servant 0.9.4"],"gold_per_floor":[132,82,82,7,28,28,72,72,72,125,125,125,125,143,143,271,271,286,286,305,305,305,343,343,357,357,19,39,64,99,114,114,238,238,257,272,147,147,147,147,147,147],"floor_reached":41,"language":"ENG","playtime":1641,"items_purged":["Strike_MRS","Defend_MRS","Strike_MRS"],"score":427,"play_id":"63020374-7d59-43fb-81d2-4830ebf1e5b3","local_time":"20210220223532","is_ascension_mode":false,"campfire_choices":[{"data":"Jack Of All Trades","floor":6,"key":"SMITH"},{"data":"MilkyWay","floor":11,"key":"SMITH"},{"data":"MilkyWay","floor":13,"key":"SMITH"},{"floor":24,"key":"REST"},{"data":"UpSweep","floor":32,"key":"SMITH"},{"data":"1","floor":40,"key":"LIFT"}],"circlet_count":0,"master_deck":["Strike_MRS","Strike_MRS","Defend_MRS","Defend_MRS","MasterSpark","UpSweep+1","Jack Of All Trades+1","MilkyWay+1","PowerUp+1","MilkyWay+1","TreasureHunter","UnstableBomb+1","Deep Breath","Madness","Madness"],"relics":["MiniHakkero","Golden Idol","Meat on the Bone","Bottled Lightning","Juzu Bracelet","Runic Dome","Replay:Mystery Machine","Eternal Feather","BreadOfAWashokuLover","Matryoshka","Omamori","Bag of Preparation","Girya","Cursed Key"],"acts_visited":["Exordium","TheCity","TheBeyond"],"potions_floor_usage":[23,23,30,30,33,41],"damage_taken":[{"damage":1,"enemies":"Jaw Worm","floor":1,"turns":3},{"damage":0,"enemies":"Small Slimes","floor":5,"turns":3},{"damage":21,"enemies":"Lagavulin","floor":7,"turns":7},{"damage":1,"enemies":"Cultist","floor":14,"turns":3},{"damage":11,"enemies":"The Guardian","floor":16,"turns":7},{"damage":0,"enemies":"Shell Parasite","floor":18,"turns":4},{"damage":0,"enemies":"Spheric Guardian","floor":20,"turns":3},{"damage":58,"enemies":"Slavers","floor":23,"turns":8},{"damage":5,"enemies":"3 Cultists","floor":25,"turns":4},{"damage":23,"enemies":"Snake Plant","floor":28,"turns":3},{"damage":0,"enemies":"Shelled Parasite and Fungi","floor":29,"turns":2},{"damage":15,"enemies":"Book of Stabbing","floor":30,"turns":4},{"damage":2,"enemies":"Chosen and Byrds","floor":31,"turns":3},{"damage":37,"enemies":"Automaton","floor":33,"turns":7},{"damage":0,"enemies":"Orb Walker","floor":35,"turns":2},{"damage":16,"enemies":"3 Shapes","floor":36,"turns":5},{"damage":57,"enemies":"Reptomancer","floor":41,"turns":6}],"seed_played":"214764467967893605","potions_obtained":[{"floor":1,"key":"champ:CounterPotion"},{"floor":14,"key":"BottledSpark"},{"floor":23,"key":"BlessingOfTheForge"},{"floor":25,"key":"ColorlessPotion"},{"floor":28,"key":"Ancient Potion"},{"floor":30,"key":"Weak Potion"},{"floor":31,"key":"Block Potion"}],"is_trial":false,"path_per_floor":["M","?","?","$","M","R","E","$","T","T","R","?","R","M","R","B",null,"M","?","M","?","?","E","R","M","T","$","M","M","E","M","R","B",null,"M","M","$","?","?","R","E"],"character_chosen":"MARISA","items_purchased":["Matryoshka"],"campfire_rested":1,"item_purchase_floors":[27],"current_hp_per_floor":[74,74,69,69,69,69,48,48,48,48,48,48,48,47,67,56,69,69,69,69,69,69,23,49,44,44,44,33,45,42,40,46,21,69,69,55,55,55,46,55,0,0],"gold":147,"neow_bonus":"RANDOM_COLORLESS","is_daily":false,"chose_seed":false,"campfire_upgraded":4,"win_rate":0.0,"timestamp":1613882132,"path_taken":["M","?","?","$","M","R","E","$","T","?","R","?","R","M","R","BOSS","M","?","M","?","?","E","R","M","T","$","M","M","E","M","R","BOSS","M","M","$","?","?","R","E"],"items_purchased_type":["Relic"],"build_version":"2020-12-22","purchased_purges":3,"victory":false,"max_hp_per_floor":[75,75,69,69,69,69,69,69,69,69,69,69,69,69,69,69,69,69,69,69,69,69,69,69,69,69,69,69,69,69,69,69,69,69,69,69,69,69,69,69,69,69],"card_choices":[{"not_picked":["ReplayTheSpireMod:Private Reserves","PanicButton"],"picked":"Jack Of All Trades","floor":0},{"not_picked":["DC","IllusionStar"],"picked":"MilkyWay","floor":1},{"not_picked":["SporeBomb","RefractionSpark"],"picked":"PowerUp","floor":5},{"not_picked":["StarlightTyphoon","JA"],"picked":"MilkyWay","floor":7},{"not_picked":["Occultation","MeteoricShower","NonDirectionalLaser"],"picked":"SKIP","floor":14},{"not_picked":["MillisecondPulsars","AbsoluteMagnitude"],"picked":"TreasureHunter","floor":16},{"not_picked":["Singularity","GrandCross","MysteriousBeam"],"picked":"SKIP","floor":18},{"not_picked":["IllusionStar","PowerUp","MeteoricShower+1"],"picked":"SKIP","floor":20},{"not_picked":["MagicAbsorber","MysteriousBeam","SporeBomb"],"picked":"SKIP","floor":23},{"not_picked":["EarthLightRay+1","DarkSpark","SporeBomb"],"picked":"SKIP","floor":25},{"not_picked":["TreasureHunter","SporeBomb+1"],"picked":"UnstableBomb+1","floor":28},{"not_picked":["GravityBeat","GrandCross","AsteroidBelt"],"picked":"SKIP","floor":29},{"not_picked":["ShootingEcho","MysteriousBeam","ManaConvection"],"picked":"SKIP","floor":30},{"not_picked":["NonDirectionalLaser","MillisecondPulsars","LuminesStrike"],"picked":"SKIP","floor":31},{"not_picked":["DarkSpark","DC+1","6A"],"picked":"SKIP","floor":35},{"not_picked":["DC","MysteriousBeam","FairyDestructionRay+1"],"picked":"SKIP","floor":36},{"not_picked":["Dramatic Entrance","Blind"],"picked":"Deep Breath","floor":38}],"player_experience":636888,"relics_obtained":[{"floor":7,"key":"Meat on the Bone"},{"floor":9,"key":"Bottled Lightning"},{"floor":10,"key":"Juzu Bracelet"},{"floor":23,"key":"Replay:Mystery Machine"},{"floor":23,"key":"Eternal Feather"},{"floor":26,"key":"BreadOfAWashokuLover"},{"floor":30,"key":"Omamori"},{"floor":30,"key":"Bag of Preparation"},{"floor":33,"key":"Girya"}],"event_choices":[{"cards_removed":["Defend_MRS"],"damage_healed":0,"gold_gain":0,"player_choice":"Card Removal","damage_taken":0,"max_hp_gain":0,"max_hp_loss":0,"event_name":"The Cleric","floor":2,"gold_loss":50},{"damage_healed":0,"gold_gain":0,"player_choice":"Lose Max HP","damage_taken":0,"relics_obtained":["Golden Idol"],"max_hp_gain":0,"max_hp_loss":6,"event_name":"Golden Idol","floor":3,"gold_loss":0},{"damage_healed":0,"gold_gain":0,"player_choice":"Ignored","damage_taken":0,"max_hp_gain":0,"max_hp_loss":0,"event_name":"Liars Game","floor":12,"gold_loss":0},{"damage_healed":0,"gold_gain":0,"player_choice":"Ignored","damage_taken":0,"max_hp_gain":0,"max_hp_loss":0,"event_name":"Vampires","floor":19,"gold_loss":0},{"damage_healed":0,"gold_gain":0,"player_choice":"Ignored","damage_taken":0,"max_hp_gain":0,"max_hp_loss":0,"event_name":"NoteForYourself","floor":21,"gold_loss":0},{"damage_healed":0,"gold_gain":0,"player_choice":"Ignored","damage_taken":0,"max_hp_gain":0,"max_hp_loss":0,"event_name":"Ghosts","floor":22,"gold_loss":0},{"damage_healed":0,"gold_gain":0,"player_choice":"Memory 1","damage_taken":0,"max_hp_gain":0,"max_hp_loss":0,"event_name":"SensoryStone","floor":38,"gold_loss":0},{"damage_healed":0,"gold_gain":0,"player_choice":"Embrace Madness","damage_taken":9,"max_hp_gain":0,"max_hp_loss":0,"event_name":"Winding Halls","floor":39,"gold_loss":0,"cards_obtained":["Madness","Madness"]}],"is_beta":false,"boss_relics":[{"not_picked":["RampagingMagicTools","Calling Bell"],"picked":"Runic Dome"},{"not_picked":["Honey Jar","Astrolabe"],"picked":"Cursed Key"}],"items_purged_floors":[4,27,37],"is_endless":false,"potions_floor_spawned":[1,14,23,25,28,30,31],"killed_by":"Reptomancer","ascension_level":0}}