{"host":"khwpnvgc3av0w6xd","time":1613947218,"event":{"mods":["BaseMod","Block Reminder","Colored Map","DeckTracker","Highlight Path","Minty Spire (QoL Compilation)","Quick Restart"],"gold_per_floor":[114,39,55,73,148,148,164,164,236,336,356,375,375,407,407,507,507,520,520,520,540,465,494,494,97,123,123,138,154,188,202,202,297,297,314,314,189,189,199,199,160,179,179,179,179,179,196,13,13,13,13],"floor_reached":50,"language":"DEU","playtime":5142,"items_purged":["Clumsy","Beam Cell","Strike_B"],"score":606,"play_id":"7cc8761f-b667-4730-8d12-392e94f821cb","local_time":"20210221234018","is_ascension_mode":true,"campfire_choices":[{"data":"Zap","floor":6,"key":"SMITH"},{"data":"Dualcast","floor":8,"key":"SMITH"},{"floor":13,"key":"REST"},{"data":"Redo","floor":15,"key":"SMITH"},{"data":"Ghostly","floor":24,"key":"SMITH"},{"data":"White Noise","floor":27,"key":"SMITH"},{"data":"Machine Learning","floor":32,"key":"SMITH"},{"floor":40,"key":"RECALL"},{"data":"Loop","floor":44,"key":"SMITH"},{"floor":46,"key":"REST"},{"data":"The Bomb","floor":49,"key":"SMITH"}],"circlet_count":0,"master_deck":["Strike_B+1","Defend_B+1","Defend_B+1","Defend_B+1","Zap+1","Dualcast+1","Cold Snap+1","Ball Lightning+1","Redo+1","Undo+1","Glacier+1","Electrodynamics+1","Ghostly+1","Ghostly+1","Ghostly+1","Ghostly+1","Ghostly+1","Go for the Eyes+1","Ball Lightning+1","Conserve Battery+1","Hologram+1","Ghostly+1","White Noise+1","Hello World+1","Double Energy+1","Machine Learning+1","Fission+1","BootSequence+1","Ghostly+1","Loop+1","Ball Lightning+1","The Bomb+1"],"relics":["Cracked Core","Unceasing Top","Nunchaku","Black Star","Bird Faced Urn","Lantern","DollysMirror","Whetstone","Ancient Tea Set","Pen Nib","Inserter","Mark of the Bloom","Pocketwatch","Ornamental Fan"],"acts_visited":["Exordium","TheCity","TheBeyond"],"potions_floor_usage":[14,14,16,16,28,33,47,50,50],"damage_taken":[{"damage":1,"enemies":"Cultist","floor":1,"turns":3},{"damage":5,"enemies":"Small Slimes","floor":3,"turns":4},{"damage":0,"enemies":"2 Louse","floor":4,"turns":2},{"damage":13,"enemies":"Large Slime","floor":7,"turns":4},{"damage":7,"enemies":"Exordium Wildlife","floor":11,"turns":3},{"damage":12,"enemies":"Exordium Thugs","floor":12,"turns":4},{"damage":9,"enemies":"Lagavulin","floor":14,"turns":5},{"damage":20,"enemies":"Hexaghost","floor":16,"turns":12},{"damage":14,"enemies":"Chosen","floor":18,"turns":5},{"damage":1,"enemies":"Shell Parasite","floor":21,"turns":5},{"damage":20,"enemies":"Slavers","floor":23,"turns":6},{"damage":0,"enemies":"Snecko","floor":28,"turns":5},{"damage":6,"enemies":"Chosen and Byrds","floor":29,"turns":6},{"damage":0,"enemies":"Book of Stabbing","floor":30,"turns":6},{"damage":0,"enemies":"3 Cultists","floor":31,"turns":6},{"damage":13,"enemies":"Champ","floor":33,"turns":14},{"damage":1,"enemies":"3 Darklings","floor":35,"turns":5},{"damage":0,"enemies":"3 Shapes","floor":39,"turns":5},{"damage":1,"enemies":"Transient","floor":42,"turns":5},{"damage":0,"enemies":"Maw","floor":47,"turns":7},{"damage":65,"enemies":"Awakened One","floor":50,"turns":10}],"seed_played":"-8162640098512690365","potions_obtained":[{"floor":3,"key":"SteroidPotion"},{"floor":7,"key":"EntropicBrew"},{"floor":16,"key":"EssenceOfDarkness"},{"floor":18,"key":"Strength Potion"},{"floor":29,"key":"DistilledChaos"},{"floor":35,"key":"Strength Potion"}],"is_trial":false,"path_per_floor":["M","$","M","M","?","R","M","R","T","?","M","M","R","E","R","B",null,"M","?","?","M","?","E","R","$","T","R","M","M","E","M","R","B",null,"M","?","$","?","M","R","$","M","T","R","T","R","M","$","R","B"],"character_chosen":"DEFECT","items_purchased":["DollysMirror","White Noise","Hello World","Loop","The Bomb"],"campfire_rested":2,"item_purchase_floors":[25,25,25,41,48],"current_hp_per_floor":[74,74,69,69,58,58,45,45,45,45,38,26,48,39,39,19,75,61,37,37,36,36,16,16,16,16,16,22,22,28,34,34,24,37,37,37,37,37,37,37,37,36,36,36,36,36,36,36,36,0,0],"gold":13,"neow_bonus":"ONE_RARE_RELIC","is_daily":false,"chose_seed":false,"campfire_upgraded":8,"win_rate":0.0,"timestamp":1613947218,"path_taken":["M","$","M","M","?","R","M","R","T","?","?","M","R","E","R","BOSS","M","?","?","M","?","E","R","$","T","R","M","?","E","M","R","BOSS","M","?","?","?","?","R","$","M","T","R","?","R","M","?","R","BOSS"],"items_purchased_type":["Relic","Card","Card","Card","Card"],"build_version":"2020-12-22","purchased_purges":3,"victory":false,"max_hp_per_floor":[75,75,75,75,75,75,75,75,75,75,75,75,75,75,75,75,75,75,37,37,37,37,37,37,37,37,37,37,37,37,37,37,37,37,37,37,37,37,37,37,37,37,37,37,37,37,37,37,37,37,37],"card_choices":[{"not_picked":["Rip and Tear","Blizzard"],"picked":"Beam Cell","floor":1},{"not_picked":["Gash","Go for the Eyes"],"picked":"Cold Snap","floor":3},{"not_picked":["Compile Driver","Gash"],"picked":"Ball Lightning","floor":4},{"not_picked":["Melter","Compile Driver"],"picked":"Redo","floor":7},{"not_picked":["Leap","Go for the Eyes"],"picked":"Undo","floor":11},{"not_picked":["FTL","Barrage"],"picked":"Glacier","floor":12},{"not_picked":["Steam","Darkness","Sweeping Beam"],"picked":"SKIP","floor":14},{"not_picked":["Machine Learning","Rainbow"],"picked":"Electrodynamics","floor":16},{"not_picked":["Scrape","Gash","Darkness"],"picked":"SKIP","floor":18},{"not_picked":["Coolheaded","FTL"],"picked":"Conserve Battery","floor":21},{"not_picked":["Melter","Barrage"],"picked":"Hologram","floor":23},{"not_picked":["Steam","Hologram","Compile Driver"],"picked":"SKIP","floor":28},{"not_picked":["Gash+1","Beam Cell+1"],"picked":"Double Energy+1","floor":29},{"not_picked":["Static Discharge","Ball Lightning","Rebound"],"picked":"SKIP","floor":30},{"not_picked":["Hologram","Leap"],"picked":"Machine Learning","floor":31},{"not_picked":["Core Surge","Meteor Strike"],"picked":"Fission","floor":33},{"not_picked":["Stack","Fusion"],"picked":"BootSequence","floor":35},{"not_picked":["Leap","Chaos","Sunder"],"picked":"SKIP","floor":39},{"not_picked":["Gash","Skim+1"],"picked":"Ball Lightning+1","floor":42},{"not_picked":["Cold Snap","Doom and Gloom","Coolheaded+1"],"picked":"SKIP","floor":47}],"player_experience":110977,"relics_obtained":[{"floor":14,"key":"Nunchaku"},{"floor":23,"key":"Bird Faced Urn"},{"floor":23,"key":"Lantern"},{"floor":26,"key":"Whetstone"},{"floor":30,"key":"Ancient Tea Set"},{"floor":30,"key":"Pen Nib"},{"floor":43,"key":"Pocketwatch"},{"floor":45,"key":"Ornamental Fan"}],"event_choices":[{"damage_healed":0,"gold_gain":75,"player_choice":"Gather Gold","damage_taken":11,"max_hp_gain":0,"max_hp_loss":0,"event_name":"World of Goop","floor":5,"gold_loss":0},{"damage_healed":0,"gold_gain":100,"player_choice":"Pray","damage_taken":0,"max_hp_gain":0,"max_hp_loss":0,"event_name":"Golden Shrine","floor":10,"gold_loss":0},{"damage_healed":0,"gold_gain":0,"player_choice":"Became a Ghost","damage_taken":0,"max_hp_gain":0,"max_hp_loss":38,"event_name":"Ghosts","floor":19,"gold_loss":0,"cards_obtained":["Ghostly","Ghostly","Ghostly","Ghostly","Ghostly"]},{"damage_healed":0,"gold_gain":0,"cards_transformed":["Strike_B","Defend_B"],"player_choice":"Became Test Subject","damage_taken":0,"max_hp_gain":0,"max_hp_loss":0,"event_name":"Drug Dealer","floor":20,"gold_loss":0,"cards_obtained":["Go for the Eyes","Ball Lightning"]},{"cards_removed":["Strike_B"],"damage_healed":0,"gold_gain":0,"player_choice":"Gave Gold","damage_taken":0,"max_hp_gain":0,"max_hp_loss":0,"event_name":"Beggar","floor":22,"gold_loss":75},{"damage_healed":0,"gold_gain":0,"player_choice":"Copied","damage_taken":0,"max_hp_gain":0,"max_hp_loss":0,"event_name":"Duplicator","floor":36,"gold_loss":0,"cards_obtained":["Ghostly"]},{"damage_healed":0,"gold_gain":0,"player_choice":"Upgrade","damage_taken":0,"relics_obtained":["Mark of the Bloom"],"max_hp_gain":0,"max_hp_loss":0,"event_name":"MindBloom","floor":38,"gold_loss":0,"cards_upgraded":["Strike_B","Defend_B","Defend_B","Defend_B","Cold Snap","Undo","Glacier","Electrodynamics","Ghostly","Ghostly","Ghostly","Ghostly","Go for the Eyes","Conserve Battery","Hologram","Hello World","Fission","BootSequence"]}],"is_beta":false,"boss_relics":[{"not_picked":["Ectoplasm","SacredBark"],"picked":"Black Star"},{"not_picked":["Snecko Eye","Busted Crown"],"picked":"Inserter"}],"items_purged_floors":[2,25,37],"is_endless":false,"potions_floor_spawned":[3,7,14,16,18,29,35],"killed_by":"Awakened One","ascension_level":3}}