{"host":"l15sdf2mmi0nobpi","time":1613901041,"event":{"mods":["BaseMod","Highlight Path","Minty Spire (QoL Compilation)","MostiFishMod","Quick Restart","StSLib","¡¾¹¦ÄÜMod¡¿Neow½±Àø"],"gold_per_floor":[110,110,125,143,68,100,100,119,119,119,119,148,167,183,183,183,183],"floor_reached":16,"language":"ZHS","playtime":691,"items_purged":["Strike_R"],"score":224,"play_id":"edb52de7-993c-4cd2-a361-2dd7f272c849","local_time":"20210221175041","is_ascension_mode":true,"campfire_choices":[{"data":"Armaments","floor":7.0,"key":"SMITH"},{"data":"Searing Blow","floor":10.0,"key":"SMITH"},{"data":"MostiFishMod:DoubleSword","floor":15,"key":"SMITH"}],"circlet_count":0,"master_deck":["AscendersBane","Strike_R","Strike_R","Strike_R","Defend_R","Defend_R","Defend_R","Defend_R","Bash","Searing Blow+2","Armaments+1","Offering","MostiFishMod:DoubleSword+1","Feel No Pain"],"relics":["Burning Blood","DaveBox","Chemical X","SynthV:C4","SynthV:TestCard","Lantern","MealTicket","Self Forming Clay"],"acts_visited":["Exordium"],"potions_floor_usage":[16,16],"damage_taken":[{"damage":1.0,"enemies":"Cultist","floor":1.0,"turns":3.0},{"damage":12.0,"enemies":"Small Slimes","floor":3.0,"turns":6.0},{"damage":9.0,"enemies":"2 Louse","floor":4.0,"turns":4.0},{"damage":27.0,"enemies":"Lagavulin","floor":6.0,"turns":5.0},{"damage":17.0,"enemies":"Exordium Wildlife","floor":8.0,"turns":6.0},{"damage":15.0,"enemies":"Gremlin Nob","floor":12.0,"turns":3.0},{"damage":9,"enemies":"Exordium Thugs","floor":13,"turns":3},{"damage":5,"enemies":"3 Louse","floor":14,"turns":3},{"damage":27,"enemies":"Slime Boss","floor":16,"turns":5}],"seed_played":"8957686057149067518","potions_obtained":[{"floor":1.0,"key":"SneckoOil"},{"floor":4.0,"key":"ColorlessPotion"},{"floor":8.0,"key":"Block Potion"},{"floor":12.0,"key":"Fire Potion"}],"is_trial":false,"path_per_floor":["M","?","M","M","$","E","R","M","T","R","?","E","M","M","R","B"],"character_chosen":"IRONCLAD","items_purchased":[],"campfire_rested":0,"item_purchase_floors":[],"current_hp_per_floor":[73,73,67,64,64,43,43,32,32,32,32,23,20,21,21,0,0],"gold":183,"neow_bonus":"RANDOM_COMMON_RELIC","is_daily":false,"chose_seed":false,"campfire_upgraded":3,"win_rate":0.0,"timestamp":1613901041,"path_taken":["M","?","?","M","$","E","R","M","T","R","?","E","M","?","R","BOSS"],"items_purchased_type":[],"build_version":"2020-12-22","purchased_purges":1,"victory":false,"max_hp_per_floor":[75,75,75,75,75,75,75,75,75,75,75,75,75,75,75,75,75],"card_choices":[{"not_picked":["Sword Boomerang","Flex"],"picked":"Searing Blow","floor":1.0},{"not_picked":["Burning Pact","Dropkick","Sword Boomerang","Cleave"],"picked":"Armaments","floor":3.0},{"not_picked":["Infernal Blade","Anger","Warcry","Dark Embrace","True Grit"],"picked":"SKIP","floor":4.0},{"not_picked":["Headbutt","Flex","Warcry","Sentinel","Heavy Blade"],"picked":"SKIP","floor":6.0},{"not_picked":["Anger","Fire Breathing","Heavy Blade","Thunderclap"],"picked":"Offering","floor":8.0},{"not_picked":["Clash","Seeing Red","Thunderclap","Anger"],"picked":"MostiFishMod:DoubleSword","floor":12.0},{"not_picked":["Searing Blow","Havoc","Infernal Blade","Cleave","Iron Wave"],"picked":"SKIP","floor":13},{"not_picked":["Perfected Strike","Anger","Rupture","Havoc"],"picked":"Feel No Pain","floor":14}],"player_experience":573809,"relics_obtained":[{"floor":1.0,"key":"SynthV:TestCard"},{"floor":6.0,"key":"Lantern"},{"floor":9.0,"key":"MealTicket"},{"floor":12.0,"key":"Self Forming Clay"}],"event_choices":[{"cards_removed":["Strike_R"],"damage_healed":0.0,"max_hp_gain":0.0,"max_hp_loss":0.0,"gold_gain":0.0,"event_name":"Wheel of Change","player_choice":"Card Removal","floor":2.0,"gold_loss":0.0,"damage_taken":0.0},{"damage_healed":0.0,"max_hp_gain":0.0,"max_hp_loss":0.0,"gold_gain":0.0,"event_name":"Accursed Blacksmith","player_choice":"Forge","floor":11.0,"gold_loss":0.0,"damage_taken":0.0,"cards_upgraded":["Searing Blow"]}],"is_beta":false,"boss_relics":[],"items_purged_floors":[5],"is_endless":false,"potions_floor_spawned":[1,4,8,12,13],"killed_by":"Slime Boss","ascension_level":20}}