{"host":"t0bo9kmlst92gdfh","time":1613950439,"event":{"mods":["BaseMod","Block Reminder","Colored Powertips","DeckTracker","Jorbs\u0027s Wanderer Trilogy","Minty Spire (QoL Compilation)","Relic Stats","StSLib"],"gold_per_floor":[116,134,134,134,147,147,186,186,255,269,284,317,341,364,364,484,484,507,528,408,424,424,452,452,466,489,504,504,514,543,557,557,557,557],"floor_reached":33,"language":"ENG","playtime":1888,"items_purged":["Strike_G"],"score":328,"play_id":"24bf5349-e659-4a7c-adf3-24d210a12455","local_time":"20210221153359","is_ascension_mode":false,"campfire_choices":[{"data":"Flying Knee","floor":6,"key":"SMITH"},{"data":"Blade Dance","floor":8,"key":"SMITH"},{"data":"Choke","floor":15,"key":"SMITH"},{"floor":24,"key":"REST"},{"floor":32,"key":"REST"}],"circlet_count":0,"master_deck":["Strike_G","Strike_G","Strike_G","Strike_G","Defend_G","Defend_G","Defend_G","Defend_G","Defend_G","Survivor","Neutralize+1","Flying Knee+1","PiercingWail","Prepared","Blade Dance+1","Flying Knee","Choke+1","Blade Dance","All Out Attack","Choke","Phantasmal Killer","Flying Knee+1","Acrobatics","Deflect","Slice","Well Laid Plans","Backstab","RitualDagger","Blade Dance","Backflip","Prepared+1"],"relics":["Ring of the Snake","Bloody Idol","Mercury Hourglass","Bag of Marbles","Mummified Hand","Lizard Tail","Philosopher\u0027s Stone","Juzu Bracelet","Lantern","Centennial Puzzle"],"acts_visited":["Exordium","TheCity"],"potions_floor_usage":[7,16,30,33,33],"damage_taken":[{"damage":0,"enemies":"Cultist","floor":1,"turns":3},{"damage":0,"enemies":"Small Slimes","floor":2,"turns":4},{"damage":0,"enemies":"Jaw Worm","floor":5,"turns":5},{"damage":10,"enemies":"3 Sentries","floor":7,"turns":7},{"damage":0,"enemies":"Gremlin Gang","floor":10,"turns":1},{"damage":0,"enemies":"Large Slime","floor":11,"turns":4},{"damage":0,"enemies":"Gremlin Nob","floor":12,"turns":2},{"damage":0,"enemies":"Looter","floor":13,"turns":1},{"damage":0,"enemies":"Lots of Slimes","floor":14,"turns":1},{"damage":61,"enemies":"The Guardian","floor":16,"turns":8},{"damage":11,"enemies":"Spheric Guardian","floor":18,"turns":3},{"damage":18,"enemies":"Shell Parasite","floor":19,"turns":4},{"damage":13,"enemies":"Snecko","floor":21,"turns":4},{"damage":22,"enemies":"Book of Stabbing","floor":23,"turns":4},{"damage":3,"enemies":"Chosen and Byrds","floor":25,"turns":4},{"damage":7,"enemies":"3 Cultists","floor":27,"turns":3},{"damage":9,"enemies":"Snecko","floor":29,"turns":3},{"damage":22,"enemies":"Gremlin Leader","floor":30,"turns":4},{"damage":8,"enemies":"Cultist and Chosen","floor":31,"turns":3},{"damage":73,"enemies":"Automaton","floor":33,"turns":6}],"seed_played":"5331536942047952899","potions_obtained":[{"floor":5,"key":"Ancient Potion"},{"floor":7,"key":"Fruit Juice"},{"floor":10,"key":"Block Potion"},{"floor":16,"key":"BlessingOfTheForge"},{"floor":18,"key":"Energy Potion"},{"floor":23,"key":"CunningPotion"}],"is_trial":false,"path_per_floor":["M","M","?","T","M","R","E","R","T","M","M","E","M","M","R","B",null,"M","M","$","M","?","E","R","M","T","M","?","M","E","M","R","B"],"character_chosen":"THE_SILENT","items_purchased":["Acrobatics"],"campfire_rested":2,"item_purchase_floors":[20],"current_hp_per_floor":[70,70,53,53,53,53,48,48,48,48,48,48,48,48,48,24,75,64,46,46,33,33,16,38,40,45,43,37,33,16,13,35,0,0],"gold":557,"neow_bonus":"UPGRADE_CARD","is_daily":false,"chose_seed":false,"campfire_upgraded":3,"win_rate":0.0,"timestamp":1613950439,"path_taken":["M","?","?","?","M","R","E","R","T","M","M","E","M","M","R","BOSS","M","?","$","?","?","E","R","M","T","M","?","M","E","M","R","BOSS"],"items_purchased_type":["Card"],"build_version":"2020-12-22","purchased_purges":1,"victory":false,"max_hp_per_floor":[70,70,70,70,70,70,75,75,75,75,75,75,75,75,75,75,75,75,75,75,75,75,75,75,75,75,75,75,75,75,75,75,75,75],"relic_stats":{"Lizard Tail":37,"Centennial Puzzle":[6],"counters":[20,72],"Mummified Hand":[4],"Bloody Idol":35,"Juzu Bracelet":0,"obtain_stats":[{"Lizard Tail":12,"Lantern":26,"Centennial Puzzle":30,"Golden Idol":3,"Mummified Hand":9,"Bloody Idol":22,"Philosopher\u0027s Stone":17,"Bag of Marbles":7,"Juzu Bracelet":23,"Ring of the Snake":0,"Mercury Hourglass":4},{"Lizard Tail":7,"Lantern":15,"Centennial Puzzle":18,"Golden Idol":2,"Mummified Hand":4,"Bloody Idol":13,"Philosopher\u0027s Stone":10,"Bag of Marbles":4,"Juzu Bracelet":14,"Ring of the Snake":0,"Mercury Hourglass":2},{"Lizard Tail":24,"Lantern":53,"Centennial Puzzle":63,"Golden Idol":7,"Mummified Hand":18,"Bloody Idol":45,"Philosopher\u0027s Stone":34,"Bag of Marbles":18,"Juzu Bracelet":49,"Ring of the Snake":0,"Mercury Hourglass":7}],"Ring of the Snake":[40],"Mercury Hourglass":[271]},"card_choices":[{"not_picked":["Eviscerate","Underhanded Strike"],"picked":"Flying Knee","floor":1},{"not_picked":["Outmaneuver","Prepared"],"picked":"PiercingWail","floor":2},{"not_picked":["Bane","Deflect"],"picked":"Prepared","floor":5},{"not_picked":["PiercingWail","Tools of the Trade"],"picked":"Blade Dance","floor":7},{"not_picked":["All Out Attack","Backflip"],"picked":"Flying Knee","floor":10},{"not_picked":["Dodge and Roll","Backflip"],"picked":"Choke","floor":11},{"not_picked":["Well Laid Plans","All Out Attack"],"picked":"Blade Dance","floor":12},{"not_picked":["Leg Sweep","Flechettes"],"picked":"All Out Attack","floor":13},{"not_picked":["Bane","Leg Sweep"],"picked":"Choke","floor":14},{"not_picked":["Bullet Time","Night Terror"],"picked":"Phantasmal Killer","floor":16},{"not_picked":["Calculated Gamble","Eviscerate","Underhanded Strike+1"],"picked":"SKIP","floor":18},{"not_picked":["PiercingWail","Acrobatics+1"],"picked":"Flying Knee+1","floor":19},{"not_picked":["Poisoned Stab","Leg Sweep"],"picked":"Deflect","floor":21},{"not_picked":["Blur","Quick Slash"],"picked":"Slice","floor":23},{"not_picked":["Slice","Dagger Throw"],"picked":"Well Laid Plans","floor":25},{"not_picked":["Bullet Time","Deadly Poison"],"picked":"Backstab","floor":27},{"not_picked":["Bane","Deflect+1"],"picked":"Blade Dance","floor":29},{"not_picked":["Dodge and Roll","Glass Knife"],"picked":"Backflip","floor":30},{"not_picked":["Terror","Underhanded Strike"],"picked":"Prepared+1","floor":31}],"player_experience":65117,"relics_obtained":[{"floor":4,"key":"Mercury Hourglass"},{"floor":7,"key":"Bag of Marbles"},{"floor":9,"key":"Mummified Hand"},{"floor":12,"key":"Lizard Tail"},{"floor":23,"key":"Juzu Bracelet"},{"floor":26,"key":"Lantern"},{"floor":30,"key":"Centennial Puzzle"}],"event_choices":[{"damage_healed":0,"gold_gain":0,"player_choice":"Take Damage","damage_taken":17,"relics_obtained":["Golden Idol"],"max_hp_gain":0,"max_hp_loss":0,"event_name":"Golden Idol","floor":3,"gold_loss":0},{"damage_healed":0,"gold_gain":0,"player_choice":"Gave Idol","damage_taken":0,"relics_obtained":["Bloody Idol"],"max_hp_gain":0,"max_hp_loss":0,"event_name":"Forgotten Altar","floor":22,"relics_lost":["Golden Idol"],"gold_loss":0},{"damage_healed":0,"gold_gain":0,"player_choice":"Joined the Cult","damage_taken":6,"max_hp_gain":0,"max_hp_loss":0,"event_name":"Nest","floor":28,"gold_loss":0,"cards_obtained":["RitualDagger"]}],"is_beta":false,"boss_relics":[{"not_picked":["Cursed Key","SacredBark"],"picked":"Philosopher\u0027s Stone"}],"items_purged_floors":[20],"is_endless":false,"potions_floor_spawned":[5,7,10,16,18,23,25,27],"killed_by":"Automaton","ascension_level":0}}