{"host":"iodn1af76021fjto","time":1613943037,"event":{"mods":["AchievementEnabler","BaseMod","BetterRewards","Colored Map","Downfall","Hermit","Infinite Spire","Jorbs\u0027s Wanderer Trilogy","Minty Spire (QoL Compilation)","Quick Restart","StSLib","SuperFastMode","The Cursed","The Hierophant","The Jungle","The Runesmith","The Servant 0.9.4"],"gold_per_floor":[99,113,128,142,142,142,214,228,246,259,291,291,301,316,333,433,433,433,433,433,433],"floor_reached":19,"language":"ENG","playtime":2159,"items_purged":[],"score":173,"play_id":"5ac647ad-97a7-4494-beb3-3d61361013a1","local_time":"20210221163037","is_ascension_mode":false,"campfire_choices":[{"data":"bronze:Goto","floor":1,"key":"SMITH"},{"data":"bronze:FollowUp","floor":12,"key":"SMITH"},{"data":"bronze:Mutator","floor":18,"key":"SMITH"}],"circlet_count":0,"master_deck":["bronze:Strike","bronze:Strike","bronze:Strike","bronze:Defend","bronze:Defend","bronze:Defend","bronze:Replicate","bronze:Goto+1","bronze:Frontload","bronze:CutThrough","bronze:WhirlingStrike","bronze:Goto+1","bronze:FollowUp+1","bronze:DelayedSlice","bronze:Format","bronze:ChildClass","bronze:FineTuning","bronze:Mutator+1"],"relics":["hermit:Momento","infinitespire:Cubic Diamond","bronze:CableSpool","Runesmith:AutoHammer","Empty Cage"],"acts_visited":["Exordium","TheCity"],"potions_floor_usage":[],"damage_taken":[{"damage":1,"enemies":"Jaw Worm","floor":2,"turns":4},{"damage":0,"enemies":"Cultist","floor":3,"turns":3},{"damage":0,"enemies":"2 Louse","floor":4,"turns":4},{"damage":10,"enemies":"downfall:LooterAlt","floor":8,"turns":6},{"damage":14,"enemies":"Blue Slaver","floor":9,"turns":4},{"damage":0,"enemies":"3 Louse","floor":10,"turns":4},{"damage":5,"enemies":"3 Sentries","floor":11,"turns":8},{"damage":0,"enemies":"2 Fungi Beasts","floor":13,"turns":2},{"damage":0,"enemies":"downfall:LooterAlt","floor":14,"turns":3},{"damage":0,"enemies":"Exordium Wildlife","floor":15,"turns":4},{"damage":18,"enemies":"DF_ARCHETYPE_STREAMLINE","floor":16,"turns":12},{"damage":10,"enemies":"Shell Parasite","floor":19,"turns":2}],"seed_played":"586065403595779551","potions_obtained":[{"floor":2,"key":"bronze:FreeFunctionsPotion"},{"floor":3,"key":"bronze:FreeFunctionsPotion"},{"floor":11,"key":"FearPotion"}],"is_trial":false,"path_per_floor":["R","M","M","M","?","?","T","M","M","M","E","R","M","M","M","B",null,"R","M"],"character_chosen":"THE_AUTOMATON","items_purchased":[],"campfire_rested":0,"item_purchase_floors":[],"current_hp_per_floor":[77,76,76,76,76,76,76,66,52,52,47,47,47,47,47,29,77,77,67,67,67],"gold":433,"neow_bonus":"TEN_PERCENT_HP_BONUS","is_daily":false,"chose_seed":false,"campfire_upgraded":3,"win_rate":0.0,"timestamp":1613943037,"path_taken":["R","M","M","M","?","?","T","M","M","M","E","R","M","?","M","BOSS","R","M"],"items_purchased_type":[],"build_version":"2020-12-22","purchased_purges":0,"victory":false,"max_hp_per_floor":[77,77,77,77,77,77,77,77,77,77,77,77,77,77,77,77,77,77,77,77,77],"card_choices":[{"not_picked":["bronze:BugBarrage","bronze:DigitalCarnage"],"picked":"bronze:Frontload","floor":2},{"not_picked":["bronze:BuggyMess","bronze:ForLoop"],"picked":"bronze:CutThrough","floor":3},{"not_picked":["bronze:Shield","bronze:FineTuning"],"picked":"bronze:WhirlingStrike","floor":4},{"not_picked":["bronze:ForLoop","bronze:Overheat","bronze:BuggyMess"],"picked":"SKIP","floor":8},{"not_picked":["bronze:Return","bronze:Deprecate"],"picked":"bronze:FollowUp","floor":9},{"not_picked":["bronze:DelayedSlice","bronze:WhirlingStrike","bronze:OilSpill"],"picked":"SKIP","floor":10},{"not_picked":["bronze:ForLoop","bronze:Deprecate"],"picked":"bronze:DelayedSlice","floor":11},{"not_picked":["bronze:DigitalCarnage","bronze:BuggyMess"],"picked":"bronze:Format","floor":13},{"not_picked":["bronze:BitShift","bronze:ForLoop"],"picked":"bronze:ChildClass","floor":14},{"not_picked":["bronze:Frontload","bronze:Allocate"],"picked":"bronze:FineTuning","floor":15},{"not_picked":["bronze:Break","bronze:FindAndReplace"],"picked":"bronze:Mutator","floor":16}],"player_experience":285815,"relics_obtained":[{"floor":7,"key":"bronze:CableSpool"},{"floor":11,"key":"Runesmith:AutoHammer"}],"event_choices":[],"is_beta":false,"boss_relics":[{"not_picked":["Astrolabe","Black Star"],"picked":"Empty Cage"}],"items_purged_floors":[],"is_endless":false,"potions_floor_spawned":[2,3,11,13,15,16],"killed_by":"Shell Parasite","ascension_level":0}}