{"host":"as7albp2mcgkylj3","time":1613910487,"event":{"mods":["2.2 Compatiblity","AchievementEnabler","BaseMod","Colored Map","Downfall","Googly Eyes","Highlight Path","Minty Spire (QoL Compilation)","Replay The Spire","StSLib","SuperFastMode"],"gold_per_floor":[99,99,99,99,99,99,99,116,131,147,57,57,42,53,69,174,174,74,90,90,190,208,208,208,227,227,227,227],"floor_reached":26,"language":"ITA","playtime":1286,"items_purged":["Guardian:Strike_Guardian"],"score":206,"play_id":"a1ef2159-928f-4ca6-811d-a9faefd98686","local_time":"20210221132807","is_ascension_mode":true,"campfire_choices":[{"floor":1,"key":"RECALL"},{"data":"Guardian:BaubleBeam","floor":23,"key":"SMITH"}],"circlet_count":0,"master_deck":["Guardian:Strike_Guardian","Guardian:Strike_Guardian","Guardian:Defend_Guardian","Guardian:Defend_Guardian","Guardian:Defend_Guardian","Guardian:TwinSlam","Replay:GuardianBash","Guardian:WalkerClaw","Guardian:Planning","Guardian:Gem_Crimson","Guardian:Gem_Synthetic","Guardian:Planning","Guardian:BaubleBeam+1","Guardian:Gem_Orange","Guardian:Gem_Blue","Guardian:CrystalBeam"],"relics":["downfall:HeartsMalice","m_GuardianBlood","Guardian:PickAxe","Mercury Hourglass","Replay:Grab Bag","Sozu","Philosopher\u0027s Stone","Empty Cage","downfall:HeartBlessingRed","Replay:Kaleidoscope"],"acts_visited":["Exordium","TheCity"],"potions_floor_usage":[],"damage_taken":[{"damage":0,"enemies":"Small Slimes","floor":2,"turns":1},{"damage":0,"enemies":"2 Louse","floor":3,"turns":1},{"damage":0,"enemies":"2 Louse","floor":5,"turns":1},{"damage":10,"enemies":"Cultist","floor":8,"turns":4},{"damage":8,"enemies":"Lots of Slimes","floor":9,"turns":2},{"damage":7,"enemies":"2 Fungi Beasts","floor":10,"turns":2},{"damage":0,"enemies":"downfall:FleeingMerchant","floor":11,"turns":4},{"damage":0,"enemies":"downfall:FleeingMerchant","floor":13,"turns":4},{"damage":0,"enemies":"3 Louse","floor":14,"turns":2},{"damage":17,"enemies":"Gremlin Gang","floor":15,"turns":4},{"damage":41,"enemies":"DF_ARCHETYPE_STREAMLINE","floor":16,"turns":9},{"damage":25,"enemies":"downfall:LooterAlt2","floor":19,"turns":4},{"damage":25,"enemies":"3 Byrds","floor":22,"turns":3},{"damage":27,"enemies":"Shelled Parasite and Fungi","floor":25,"turns":4},{"damage":22,"enemies":"Centurion and Healer","floor":26,"turns":2}],"seed_played":"6422881923000201536","potions_obtained":[{"floor":14,"key":"BlessingOfTheForge"},{"floor":16,"key":"Dexterity Potion"}],"is_trial":false,"path_per_floor":["R","M","M","?","?","?","T","M","M","M","$","R","$","M","M","B",null,"R_BF","M","?","?","M","R","T","M","M"],"character_chosen":"GUARDIAN","items_purchased":[],"campfire_rested":0,"item_purchase_floors":[],"current_hp_per_floor":[80,80,80,80,50,50,50,46,44,43,49,49,55,61,50,15,80,80,61,61,61,42,42,42,21,0,0,0],"gold":227,"neow_bonus":"THREE_ENEMY_KILL","is_daily":false,"chose_seed":false,"campfire_upgraded":1,"win_rate":0.0,"timestamp":1613910487,"path_taken":["R","M","M","?","?","?","T","M","?","M","$","R","?","M","M","BOSS","R_BF","M","?","?","M","R","T","?","M"],"items_purchased_type":[],"build_version":"2020-12-22","purchased_purges":1,"victory":false,"max_hp_per_floor":[80,80,80,80,80,80,80,80,80,80,80,80,80,80,80,80,80,80,80,80,80,80,80,80,80,80,80,80],"card_choices":[{"not_picked":["Guardian:Planning","Guardian:SpikerProtocol","Guardian:Recover"],"picked":"SKIP","floor":2},{"not_picked":["Guardian:RollAttack","Guardian:Planning","Guardian:TemporalStrike"],"picked":"SKIP","floor":3},{"not_picked":["Guardian:PiercingHide","Guardian:ChargeCore"],"picked":"Guardian:WalkerClaw","floor":8},{"not_picked":["Guardian:PiercingHide","Guardian:TemporalShield"],"picked":"Guardian:Gem_Crimson","floor":9},{"not_picked":["Body Slam","Guardian:PrimingBeam"],"picked":"Guardian:Planning","floor":10},{"not_picked":["Guardian:ShieldCharger","Guardian:GatlingBeam","Guardian:PolyBeam"],"picked":"SKIP","floor":11},{"not_picked":["Guardian:Gem_White","Guardian:Gem_Fragmented"],"picked":"Guardian:Gem_Yellow","floor":13},{"not_picked":["Guardian:ArmoredProtocol","Guardian:ChargeCore"],"picked":"Guardian:Planning","floor":14},{"not_picked":["Guardian:ChargeCore","Guardian:SpikerProtocol","ReplayTheSpireMod:Muscle Training"],"picked":"SKIP","floor":15},{"not_picked":["Guardian:Gem_Orange","Guardian:AncientConstruct"],"picked":"Guardian:BaubleBeam","floor":16},{"not_picked":["Guardian:Gem_Cyan","Guardian:Gem_Purple"],"picked":"Guardian:Gem_Red","floor":19},{"not_picked":["Guardian:Gem_Fragmented","Guardian:Gem_Green","Guardian:PiercingHide"],"picked":"SKIP","floor":22},{"not_picked":["Guardian:Suspension","Guardian:WalkerClaw"],"picked":"Guardian:CrystalBeam","floor":25}],"player_experience":533578,"relics_obtained":[{"floor":7,"key":"Mercury Hourglass"}],"event_choices":[],"is_beta":false,"boss_relics":[{"not_picked":["bronze:MakeshiftBattery","Busted Crown"],"picked":"Replay:Grab Bag"},{"not_picked":["ChewingGum","ReplayTheSpireMod:Onyx Gauntlets"],"picked":"Sozu"},{"not_picked":["Velvet Choker","Cursed Key"],"picked":"Philosopher\u0027s Stone"},{"not_picked":["SlaversCollar","Calling Bell"],"picked":"Empty Cage"}],"items_purged_floors":[11],"is_endless":false,"potions_floor_spawned":[5,14,16,19],"killed_by":"Centurion and Healer","ascension_level":1}}