{"host":"sxaoifcprvg3ww0o","time":1613898729,"event":{"mods":["ATMod(∞¢Ë™Mod)","Act Like it!","Arknights","BaseMod","Downfall","Gensokyo","GifTheSpireLib","Hermit","KinomotoSakuraMod(ƒæ÷Æ±æ”£)","Marisa£®ÏF”Í°°ƒß¿Ì…≥£©","Minty Spire (QoL Compilation)","Prisma Mod","Quick Restart","Reimu£®≤©¿ˆ¡È√Œ£©","Reliquary","Remilia£®¿Ÿ√◊¿Ú—«£©","Replay The Spire","StSLib","The Alterego","The Senshi","Waifu the Spire","Yakumo Yukari mod","Youmu£®ªÍ∆«—˝√Œ£©","Yuyuko","°æ“≈ŒÔø®≈∆°øREMEMod"],"gold_per_floor":[99,114,129,129,144,144,144,159,174,204,204,204,204,234,249,349,349,349,364,399,824,824,854,929,959,959,0,30,45,0,100,115,579,579,579,594,594,377,39,69,69,99,99,114,114,144,144,174,189,189],"floor_reached":51,"language":"ZHS","playtime":2657,"items_purged":["TestCard","PrismaMod:IllyaCarnivalPrismaAstolfo+1","Corruption+1","TestCard","PrismaMod:IllyaCarnivalPrismaAstolfo","Corruption","PrismaMod:MiyuEvokeBuffStr","PrismaMod:ChloeCheapAttack+1","TestCard","PrismaMod:IllyaCarnivalPrismaAstolfo","Corruption","ClowCardTheArrow","PrismaMod:ChloeUnlimitedBladeWorks+1"],"score":1333,"play_id":"8c654a6e-3afb-48f3-9df1-e95f88baac35","local_time":"20210221171209","daily_mods":["Heirloom","Hoarder","Elite Swarm"],"is_ascension_mode":false,"campfire_choices":[{"data":"PrismaMod:ChloeCheapAttack","floor":1.0,"key":"SMITH"},{"data":"Gensokyo:CrescentMoonSlash","floor":35,"key":"SMITH"},{"floor":43,"key":"DIG"},{"floor":45,"key":"DIG"}],"circlet_count":0,"master_deck":["PrismaMod:ChloeCommonAttack","PrismaMod:ChloeCommonAttack","PrismaMod:ChloeCommonAttack+1","PrismaMod:ChloeCommonAttack","PrismaMod:ChloeCommonAttack","PrismaMod:ChloeCommonDefend","PrismaMod:ChloeCommonDefend","PrismaMod:ChloeCommonDefend+1","PrismaMod:ChloeCommonDefend","PrismaMod:ChloeCommonDefend","PrismaMod:ChloeCheapAttack+1","PrismaMod:ChloeCheapDefend+1","AT_FamilyPortrait+1","AT_FamilyPortrait","Free:ReiMu+1","Free:ReiMu","Free:ReiMu","PrismaMod:ChloeGaeBolg","PrismaMod:ChloeGaeBolg","PrismaMod:ChloeGaeBolg","PrismaMod:ChloeCarnivalDefend","PrismaMod:ChloeCarnivalDefend","PrismaMod:ChloeCarnivalDefend","Gensokyo:CrescentMoonSlash+1","Gensokyo:CrescentMoonSlash+1","Gensokyo:CrescentMoonSlash","PrismaMod:ChloeExhaustOne","PrismaMod:ChloeExhaustOne+1","PrismaMod:ChloeExhaustOne+1","PrismaMod:ChloeDevil+","PrismaMod:ChloeDevil+","PrismaMod:ChloeDevil+","PrismaMod:ChloeReshuffleDiscard","PrismaMod:ChloeReshuffleDiscard","PrismaMod:ChloeReshuffleDiscard","PrismaMod:ChloeUnlimitedBladeWorks","PrismaMod:ChloeUnlimitedBladeWorks","PrismaMod:ChloeUnlimitedBladeWorks+1","PrismaMod:ChloeExcalibur","PrismaMod:ChloeExcalibur+1","PrismaMod:ChloeExcalibur","PrismaMod:ChloeCarnivalAttack","PrismaMod:ChloeCarnivalAttack","PrismaMod:ChloeCarnivalAttack","Gensokyo:Shovel","Gensokyo:BlemishedSteel","PrismaMod:ChloeChristmas+1","PrismaMod:ChloeChristmas+1","PrismaMod:ChloeChristmas+1"],"relics":["PrismaMod:PrismaTraceOn","REME_ComplimentaryCards","AT_ATBox","AT_LudenTempest","Frozen Egg 2","Ginger","Gensokyo:OccultBall","Replay:Multitool","AT_TrinityForce","Gensokyo:ConquerorOfFear","Replay:Bottled Steam","HornCleat","Boot","Replay:Bottled Snecko","champ:DuelingGlove","Gambling Chip","reliquary:Craggleroot","Membership Card","reliquary:Spinner","reliquary:PorcupineQuills","Medical Kit","Snack Pack","reliquary:GummyVitamins","Juzu Bracelet","Replay:Rubber Ducky","AT_ArchangelStaff","Replay:Mystery Machine","Gremlin Food","Simple Rune","champ:DeflectingBracers","Unceasing Top","Bronze Scales","Prayer Wheel","Blue Doll"],"acts_visited":["Exordium","Gensokyo:Gensokyo","Gensokyo:Gensokyoer"],"potions_floor_usage":[23,48],"damage_taken":[{"damage":0.0,"enemies":"Gensokyo:2_Kodama","floor":2.0,"turns":2.0},{"damage":0.0,"enemies":"Gensokyo:Python","floor":3.0,"turns":1.0},{"damage":8.0,"enemies":"Gensokyo:3_Fairies","floor":5.0,"turns":3.0},{"damage":0.0,"enemies":"Gensokyo:Kitsune","floor":8.0,"turns":1.0},{"damage":1.0,"enemies":"Gensokyo:3_Kodama","floor":9.0,"turns":2.0},{"damage":0.0,"enemies":"Gensokyo:Cirno","floor":10.0,"turns":5.0},{"damage":5.0,"enemies":"Gensokyo:Mamizou","floor":14.0,"turns":5.0},{"damage":7.0,"enemies":"Gensokyo:Gryphon_and_Rabbit","floor":15.0,"turns":2.0},{"damage":0,"enemies":"SI_SHIV_ARCHETYPE","floor":16,"turns":1},{"damage":3,"enemies":"Gensokyo:3_Dogs","floor":19,"turns":3},{"damage":0,"enemies":"Gensokyo:AngelMirror","floor":20,"turns":1},{"damage":41,"enemies":"Gensokyo:Swordslinger","floor":21,"turns":4},{"damage":0,"enemies":"Gensokyo:Tenshi","floor":23,"turns":1},{"damage":0,"enemies":"Gensokyo:Koishi","floor":25,"turns":3},{"damage":0,"enemies":"Gensokyo:Reisen","floor":28,"turns":1},{"damage":0,"enemies":"Gensokyo:Chomper_and_Gloop","floor":29,"turns":2},{"damage":0,"enemies":"downfall:FleeingMerchant","floor":30,"turns":4},{"damage":0,"enemies":"downfall:FleeingMerchant","floor":31,"turns":2},{"damage":5,"enemies":"Gensokyo:Monolith_and_Dog","floor":32,"turns":1},{"damage":28,"enemies":"DF_ARCHETYPE_CLAW","floor":33,"turns":1},{"damage":0,"enemies":"Gensokyo:3_Bats","floor":36,"turns":1},{"damage":41,"enemies":"downfall:FleeingMerchant","floor":38,"turns":2},{"damage":9,"enemies":"Gensokyo:Doremy","floor":40,"turns":5},{"damage":3,"enemies":"Gensokyo:Kasen","floor":42,"turns":5},{"damage":0,"enemies":"Gensokyo:AncientGuardian","floor":44,"turns":1},{"damage":0,"enemies":"Gensokyo:Doremy","floor":46,"turns":3},{"damage":0,"enemies":"Gensokyo:Kasen","floor":48,"turns":3},{"damage":0,"enemies":"Gensokyo:Rafflesia","floor":49,"turns":2},{"damage":0,"enemies":"WA_ARCHETYPE_DIVINITY","floor":50,"turns":1}],"seed_played":"-7397021786818157212","potions_obtained":[{"floor":8.0,"key":"Fire Potion"},{"floor":10.0,"key":"SkillPotion"},{"floor":14.0,"key":"DuplicationPotion"},{"floor":19,"key":"Fire Potion"},{"floor":25,"key":"BlessingOfTheForge"},{"floor":28,"key":"PanachePotion"},{"floor":48,"key":"Energy Potion"}],"is_trial":false,"path_per_floor":["R","M","M","?","M","?","T","M","M","E","?","?","?","E","M","B",null,"R","M","M","M","?","E","T","E","?","R","E","M","$","?","M","B",null,"R","M","?","$","COS","E","T","E","R","M","R","E","?","E","M","B",null],"character_chosen":"CHLOE","items_purchased":["Membership Card","reliquary:Spinner","reliquary:PorcupineQuills"],"campfire_rested":0,"item_purchase_floors":[38,38,38],"current_hp_per_floor":[75,75,75,75,67,74,74,74,73,73,61,61,61,58,55,55,82,82,82,82,47,47,47,47,47,47,47,47,49,59,61,56,28,82,82,82,82,41,41,43,43,50,50,50,50,54,42,56,67,67],"gold":189,"neow_bonus":"","is_daily":true,"chose_seed":false,"campfire_upgraded":2,"win_rate":0.0,"timestamp":1613898729,"path_taken":["R","M","M","?","M","?","T","M","M","E","?","?","?","E","M","BOSS","R","M","M","?","?","E","T","E","?","R","E","M","?","?","M","BOSS","R","M","?","?","COS","E","T","E","R","M","R","E","?","E","M","BOSS"],"items_purchased_type":["Relic","Relic","Relic"],"build_version":"2020-12-22","purchased_purges":13,"victory":true,"max_hp_per_floor":[75,75,75,75,75,82,82,82,82,82,82,82,82,82,82,82,82,82,82,82,82,82,82,82,82,82,82,82,82,82,82,82,82,82,82,82,82,82,82,82,82,82,82,82,82,82,82,82,84,84],"card_choices":[{"not_picked":["PrismaMod:ChloeRhongomyniad","PrismaMod:ChloeCheapAttack","PrismaMod:ChloeUncommonAOEAttack"],"picked":"SKIP","floor":2.0},{"not_picked":["PrismaMod:ChloeCheapDefend","PrismaMod:ChloeCheapAttackTwo","PrismaMod:ChloeCommonAOEAttack"],"picked":"SKIP","floor":3.0},{"not_picked":["PrismaMod:ChloeCheapDefend","PrismaMod:ChloeCheapAttackTwo"],"picked":"PrismaMod:ChloeGaeBolg","floor":5.0},{"not_picked":["PrismaMod:ChloeUncommonAttack","PrismaMod:ChloeExhaustOne","PrismaMod:ChloeCheapDefendTwo"],"picked":"SKIP","floor":8.0},{"not_picked":["PrismaMod:ChloeCommonAOEAttack","PrismaMod:ChloeCheapDefend","PrismaMod:ChloeGaeBolg"],"picked":"SKIP","floor":9.0},{"not_picked":["PrismaMod:ChloeReshuffleDiscard","PrismaMod:ChloeAnyUncommonTrace"],"picked":"PrismaMod:ChloeCarnivalDefend","floor":10.0},{"not_picked":["PrismaMod:ChloeCommonAOEAttack","PrismaMod:ChloeDiscardRecovery"],"picked":"PrismaMod:ChloeExhaustOne","floor":12.0},{"not_picked":["PrismaMod:ChloeExhaustOne","PrismaMod:ChloeEyeOfTheEuryale"],"picked":"PrismaMod:ChloeDevil","floor":12.0},{"not_picked":["PrismaMod:ChloeAnyCommonTrace","PrismaMod:ChloeAnyAttackTrace"],"picked":"PrismaMod:ChloeReshuffleDiscard","floor":14.0},{"not_picked":["PrismaMod:ChloeDiscardRecovery","PrismaMod:ChloeCheapDefend","PrismaMod:ChloeEyeOfTheEuryale"],"picked":"SKIP","floor":15.0},{"not_picked":["PrismaMod:ChloeAnyUncommonTrace","PrismaMod:ChloeDoubleRelicSpeed+1"],"picked":"PrismaMod:ChloeUnlimitedBladeWorks","floor":16},{"not_picked":["PrismaMod:ChloeDiscardRecovery","PrismaMod:ChloeCheapDefendTwo","PrismaMod:ChloeRuleBreaker"],"picked":"SKIP","floor":19},{"not_picked":["PrismaMod:ChloeMordred","PrismaMod:ChloeExcalibur","PrismaMod:ChloeUncommonDefend"],"picked":"SKIP","floor":20},{"not_picked":["PrismaMod:ChloeDiscardRecovery","PrismaMod:ChloeCommonAOEAttack","PrismaMod:ChloeUncommonAOEAttack"],"picked":"SKIP","floor":21},{"not_picked":["PrismaMod:ChloeReshuffleDiscard","PrismaMod:ChloeAnySkillTrace"],"picked":"PrismaMod:ChloeCarnivalAttack","floor":23},{"not_picked":["PrismaMod:ChloeHalloween","PrismaMod:ChloeUnlimitedBladeWorks","PrismaMod:ChloeCarnivalAOEAttack"],"picked":"SKIP","floor":25},{"not_picked":["PrismaMod:ChloeAnyCommonTrace","PrismaMod:ChloeCarnivalAttack","PrismaMod:ChloeAnyRareTrace"],"picked":"SKIP","floor":28},{"not_picked":["PrismaMod:ChloeGaeBolg","PrismaMod:ChloeBetterTracePools+1","PrismaMod:ChloeExhaustOne"],"picked":"SKIP","floor":29},{"not_picked":["PrismaMod:ChloeExhaustOne","PrismaMod:ChloeEyeOfTheEuryale","PrismaMod:ChloeCommonAOEAttack"],"picked":"SKIP","floor":30},{"not_picked":["PrismaMod:ChloeCheapAttackTwo+1","PrismaMod:ChloeCaladbolg","PrismaMod:ChloeCheapDefend"],"picked":"SKIP","floor":32},{"not_picked":["PrismaMod:ChloeCheapDefend+1","PrismaMod:ChloeRuleBreaker","PrismaMod:ChloeMaid"],"picked":"SKIP","floor":36},{"not_picked":["PrismaMod:ChloeRuleBreaker+1","PrismaMod:ChloeExhaustOne","PrismaMod:ChloeUncommonDefend"],"picked":"SKIP","floor":38},{"not_picked":["PrismaMod:ChloeReshuffleDiscard","PrismaMod:ChloeAnyRareTrace","PrismaMod:ChloeAnyUncommonTrace"],"picked":"SKIP","floor":40},{"not_picked":["PrismaMod:ChloeReshuffleDiscard","PrismaMod:ChloeAnyRareTrace","PrismaMod:ChloeAnyUncommonTrace"],"picked":"SKIP","floor":40},{"not_picked":["PrismaMod:ChloeExhaustThree","PrismaMod:ChloeAnyUncommonTrace","PrismaMod:ChloeAnySkillTrace"],"picked":"SKIP","floor":42},{"not_picked":["PrismaMod:ChloeCheapDefend+1","PrismaMod:ChloeCheapAttack+1","PrismaMod:ChloeCheapDefendTwo"],"picked":"SKIP","floor":44},{"not_picked":["PrismaMod:ChloeAnyPowerTrace","PrismaMod:ChloeHalloween","PrismaMod:ChloeAnySkillTrace"],"picked":"SKIP","floor":46},{"not_picked":["PrismaMod:ChloeAnyPowerTrace","PrismaMod:ChloeExhaustThree","PrismaMod:ChloeCarnivalAttack"],"picked":"SKIP","floor":48},{"not_picked":["PrismaMod:ChloeCommonAOEAttack","PrismaMod:ChloeDemonicTutor+1"],"picked":"PrismaMod:ChloeChristmas+1","floor":49},{"not_picked":["PrismaMod:ChloeCheapAttack","PrismaMod:ChloeDiscardRecovery","PrismaMod:ChloeExhaustOne+1"],"picked":"SKIP","floor":49}],"player_experience":582129,"relics_obtained":[{"floor":7.0,"key":"Frozen Egg 2"},{"floor":10.0,"key":"Ginger"},{"floor":14.0,"key":"Replay:Multitool"},{"floor":16,"key":"Gensokyo:OccultBall"},{"floor":20,"key":"Gensokyo:OccultBall"},{"floor":23,"key":"Gensokyo:ConquerorOfFear"},{"floor":23,"key":"Replay:Bottled Steam"},{"floor":24,"key":"HornCleat"},{"floor":25,"key":"Gensokyo:OccultBall"},{"floor":25,"key":"Boot"},{"floor":28,"key":"Replay:Bottled Snecko"},{"floor":31,"key":"champ:DuelingGlove"},{"floor":31,"key":"Gambling Chip"},{"floor":31,"key":"Gensokyo:OccultBall"},{"floor":33,"key":"Gensokyo:OccultBall"},{"floor":40,"key":"Snack Pack"},{"floor":41,"key":"reliquary:GummyVitamins"},{"floor":42,"key":"Replay:Mystery Machine"},{"floor":43,"key":"Gremlin Food"},{"floor":45,"key":"Simple Rune"},{"floor":46,"key":"Unceasing Top"},{"floor":48,"key":"Prayer Wheel"}],"event_choices":[],"is_beta":false,"boss_relics":[{"not_picked":["Black Star","PrismaMod:PrismaTraceOnUpgrade"],"picked":"AT_TrinityForce"},{"not_picked":["Tiny House","Honey Jar"],"picked":"reliquary:Craggleroot"}],"items_purged_floors":[30,30,30,30,30,30,30,38,38,38,38,38,38],"is_endless":false,"potions_floor_spawned":[8,10,14,19,25,28,31,44,46,48,49],"ascension_level":0}}