{"host":"ul3z8ex5o8l5j7mh","time":1613919108,"event":{"mods":["2.2 Compatiblity","AchievementEnabler","BaseMod","Bestiary","Colored Map","Colored Powertips","Curses Come First","DeckTracker","Highlight Path","Keyboard Shortcuts","Minty Spire (QoL Compilation)","Relic Sorter","Relic Stats","StSLib","SuperFastMode"],"gold_per_floor":[118,130,142,13,24,24,56,68,94,110,75,75,75,110,110,215,215,228,228,242,242,242,242,242,242],"floor_reached":24,"language":"ENG","playtime":1065,"items_purged":["Defend_G"],"score":252,"play_id":"34c6d961-f74d-4abe-99c7-c96d0f5e264c","local_time":"20210221155148","is_ascension_mode":true,"campfire_choices":[{"data":"Neutralize","floor":6.0,"key":"SMITH"},{"floor":12.0,"key":"REST"},{"data":"After Image","floor":15,"key":"SMITH"},{"data":"Catalyst","floor":23,"key":"SMITH"}],"circlet_count":0,"master_deck":["Defend_G","Defend_G","Defend_G","Defend_G","Survivor","Neutralize+1","Catalyst+1","Deadly Poison","Bane","Poisoned Stab","Crippling Poison","Deadly Poison","Parasite","After Image+1","Tools of the Trade","Calculated Gamble","Crippling Poison","Bite","Bite","Bite","Bite","Bite"],"relics":["SlaversCollar","Turnip","Art of War","Snecko Eye","Akabeko"],"acts_visited":["Exordium","TheCity"],"potions_floor_usage":[20],"damage_taken":[{"damage":11.0,"enemies":"Cultist","floor":1.0,"turns":6.0},{"damage":1.0,"enemies":"Small Slimes","floor":2.0,"turns":5.0},{"damage":0.0,"enemies":"Jaw Worm","floor":3.0,"turns":2.0},{"damage":14.0,"enemies":"Looter","floor":5.0,"turns":4.0},{"damage":14.0,"enemies":"Lagavulin","floor":7.0,"turns":4.0},{"damage":14.0,"enemies":"Red Slaver","floor":8.0,"turns":2.0},{"damage":4.0,"enemies":"3 Louse","floor":10.0,"turns":3.0},{"damage":18.0,"enemies":"Gremlin Nob","floor":14.0,"turns":4.0},{"damage":25,"enemies":"Hexaghost","floor":16,"turns":9},{"damage":2,"enemies":"Chosen","floor":18,"turns":5},{"damage":16,"enemies":"3 Byrds","floor":20,"turns":7},{"damage":60,"enemies":"Gremlin Leader","floor":24,"turns":5}],"seed_played":"7744413335682882550","potions_obtained":[{"floor":1.0,"key":"Fire Potion"},{"floor":5.0,"key":"Swift Potion"},{"floor":18,"key":"EssenceOfSteel"}],"is_trial":false,"path_per_floor":["M","M","M","$","M","R","E","M","T","M","?","R","?","E","R","B",null,"M","?","M","?","?","R","E"],"character_chosen":"THE_SILENT","items_purchased":["Poisoned Stab"],"campfire_rested":1,"item_purchase_floors":[4],"current_hp_per_floor":[59,58,58,58,44,44,30,16,16,14,31,52,69,52,52,29,70,68,55,41,41,41,41,0,0],"gold":242,"neow_bonus":"BOSS_RELIC","is_daily":false,"chose_seed":false,"campfire_upgraded":3,"win_rate":0.0,"timestamp":1613919108,"path_taken":["M","?","M","$","M","R","E","M","T","M","?","R","?","E","R","BOSS","M","?","M","?","?","R","E"],"items_purchased_type":["Card"],"build_version":"2020-12-22","purchased_purges":1,"victory":false,"max_hp_per_floor":[70,70,70,70,70,70,70,70,70,70,70,70,70,70,70,70,70,70,75,75,75,75,75,75,75],"relic_stats":{"counters":[12,56],"Snecko Eye":[25,31,33,30],"Turnip":[0],"Art of War":[3],"obtain_stats":[{"Blood Vial":9,"SlaversCollar":0,"Snecko Eye":17,"Turnip":7,"Art of War":14,"Akabeko":22,"Ring of the Snake":0},{"Blood Vial":6,"SlaversCollar":0,"Snecko Eye":9,"Turnip":5,"Art of War":8,"Akabeko":11,"Ring of the Snake":0},{"Blood Vial":23,"SlaversCollar":0,"Snecko Eye":39,"Turnip":21,"Art of War":30,"Akabeko":51,"Ring of the Snake":0}]},"card_choices":[{"not_picked":["Deflect","PiercingWail"],"picked":"Catalyst","floor":1.0},{"not_picked":["Expertise","Blade Dance"],"picked":"Deadly Poison","floor":2.0},{"not_picked":["Flying Knee","Blade Dance"],"picked":"Bane","floor":3.0},{"not_picked":["Reflex","Setup"],"picked":"Deflect","floor":5.0},{"not_picked":["Dagger Throw","Bullet Time"],"picked":"Crippling Poison","floor":7.0},{"not_picked":["Slice","Quick Slash","Dodge and Roll"],"picked":"SKIP","floor":8.0},{"not_picked":["Dagger Spray","Masterful Stab"],"picked":"Deadly Poison","floor":10.0},{"not_picked":["Crippling Poison","Predator"],"picked":"After Image","floor":14},{"not_picked":["Corpse Explosion","Grand Finale"],"picked":"Tools of the Trade","floor":16},{"not_picked":["Dodge and Roll","PiercingWail"],"picked":"Calculated Gamble","floor":18},{"not_picked":["Blade Dance","Cloak And Dagger"],"picked":"Crippling Poison","floor":20}],"player_experience":414440,"relics_obtained":[{"floor":7.0,"key":"Turnip"},{"floor":9.0,"key":"Blood Vial"},{"floor":14,"key":"Art of War"}],"event_choices":[{"damage_healed":17.0,"max_hp_gain":0.0,"max_hp_loss":0.0,"gold_gain":0.0,"event_name":"The Cleric","player_choice":"Healed","floor":11.0,"gold_loss":35.0,"damage_taken":0.0},{"damage_healed":17.0,"max_hp_gain":0.0,"max_hp_loss":0.0,"gold_gain":0.0,"event_name":"Mushrooms","player_choice":"Healed and dodged fight","floor":13.0,"gold_loss":0.0,"damage_taken":0.0,"cards_obtained":["Parasite"]},{"damage_healed":0,"gold_gain":0,"player_choice":"Shed Blood","damage_taken":18,"max_hp_gain":5,"max_hp_loss":0,"event_name":"Forgotten Altar","floor":19,"gold_loss":0},{"damage_healed":0,"gold_gain":0,"player_choice":"Became a vampire (Vial)","damage_taken":0,"max_hp_gain":0,"max_hp_loss":0,"event_name":"Vampires","floor":21,"relics_lost":["Blood Vial"],"gold_loss":0,"cards_obtained":["Bite","Bite","Bite","Bite","Bite"]},{"cards_removed":["Deflect"],"damage_healed":0,"gold_gain":0,"player_choice":"Gave Card","damage_taken":0,"relics_obtained":["Akabeko"],"max_hp_gain":0,"max_hp_loss":0,"event_name":"WeMeetAgain","floor":22,"gold_loss":0}],"is_beta":false,"boss_relics":[{"not_picked":["Sozu","Empty Cage"],"picked":"Snecko Eye"}],"items_purged_floors":[4],"is_endless":false,"potions_floor_spawned":[1,5,18],"killed_by":"Gremlin Leader","ascension_level":2}}