{"host":"cr9rpoy6dx9riis3","time":1613949253,"event":{"mods":["AchievementEnabler","BaseMod","Better Altar","Better Note","Better Sensory Stone","Better Skull","Better Third Choice","Better-Laid Plans","BetterRewards","Block Reminder","Curses Come First","Displayed Cursed Tome","Emptier Cage","Marked Mod","Minty Spire (QoL Compilation)","Permanent Neow","Relic Sorter","StSLib","The Blue Laboratory","Transform Curses"],"gold_per_floor":[117,136,136,146,161,161,191,191,191,191,191,202,202,218,218,322,322,340,250,25,25,25,25,57,57,57,67,80,80,80,99,99,203,203,223,223,273,292,310,310,310,310,337,364,364,375,390,410,410,410],"floor_reached":51,"language":"ENG","playtime":3687,"items_purged":["Defend_G","Strike_G"],"score":1084,"play_id":"2964664c-1c95-4704-9783-0a1458bbcb4c","local_time":"20210222001413","is_ascension_mode":true,"campfire_choices":[{"data":"Doppelganger","floor":6,"key":"SMITH"},{"data":"Infinite Blades","floor":8,"key":"SMITH"},{"data":"Masterful Stab","floor":10,"key":"SMITH"},{"floor":15,"key":"REST"},{"data":"RitualDagger","floor":23,"key":"SMITH"},{"floor":25,"key":"REST"},{"data":"Bandage Up","floor":29,"key":"SMITH"},{"floor":32,"key":"REST"},{"data":"Glass Knife","floor":40,"key":"SMITH"},{"data":"Deflect","floor":42,"key":"SMITH"},{"data":"Footwork","floor":45,"key":"SMITH"},{"data":"Tools of the Trade","floor":49,"key":"SMITH"}],"circlet_count":0,"master_deck":["Defend_G+1","Defend_G+1","Defend_G","Survivor","Neutralize","Slice","Deflect+1","Masterful Stab+1","Doppelganger+1","Infinite Blades+1","Infinite Blades+1","Footwork+1","Glass Knife+1","Deflect","Bandage Up+1","Bandage Up+1","RitualDagger+1","Expertise","Ghostly","Ghostly","Ghostly","Ghostly","Ghostly","Burst","Expertise","Footwork+1","Parasite","Quick Slash","Tools of the Trade+1","Backflip+1","Finisher"],"relics":["Ring of the Snake","Philosopher\u0027s Stone","Torii","Toy Ornithopter","Kunai"],"acts_visited":["Exordium","TheCity","TheBeyond"],"potions_floor_usage":[7,7,16,16,28,28,37,38,39,39,47],"damage_taken":[{"damage":0,"enemies":"Small Slimes","floor":1,"turns":3},{"damage":1,"enemies":"Cultist","floor":2,"turns":4},{"damage":0,"enemies":"Jaw Worm","floor":4,"turns":4},{"damage":0,"enemies":"Blue Slaver","floor":5,"turns":4},{"damage":24,"enemies":"3 Sentries","floor":7,"turns":10},{"damage":10,"enemies":"2 Fungi Beasts","floor":12,"turns":5},{"damage":0,"enemies":"Red Slaver","floor":14,"turns":4},{"damage":33,"enemies":"Hexaghost","floor":16,"turns":15},{"damage":1,"enemies":"Spheric Guardian","floor":18,"turns":4},{"damage":51,"enemies":"Book of Stabbing","floor":24,"turns":10},{"damage":29,"enemies":"Chosen","floor":27,"turns":7},{"damage":3,"enemies":"Centurion and Healer","floor":28,"turns":6},{"damage":19,"enemies":"Sentry and Sphere","floor":31,"turns":6},{"damage":30,"enemies":"Champ","floor":33,"turns":21},{"damage":1,"enemies":"Orb Walker","floor":35,"turns":6},{"damage":3,"enemies":"Mind Bloom Boss Battle","floor":37,"turns":11},{"damage":0,"enemies":"3 Darklings","floor":38,"turns":15},{"damage":8,"enemies":"Writhing Mass","floor":39,"turns":11},{"damage":36,"enemies":"Giant Head","floor":44,"turns":23},{"damage":0,"enemies":"Maw","floor":46,"turns":10},{"damage":1,"enemies":"Jaw Worm Horde","floor":47,"turns":7},{"damage":2,"enemies":"Sphere and 2 Shapes","floor":48,"turns":8},{"damage":44,"enemies":"Donu and Deca","floor":50,"turns":21}],"seed_played":"5153695718751015458","potions_obtained":[{"floor":2,"key":"Explosive Potion"},{"floor":5,"key":"SneckoOil"},{"floor":12,"key":"Weak Potion"},{"floor":14,"key":"blueLaboratory:AbyssPotion"},{"floor":24,"key":"FearPotion"},{"floor":27,"key":"Block Potion"},{"floor":33,"key":"blueLaboratory:BubblePotion"},{"floor":35,"key":"BlessingOfTheForge"},{"floor":37,"key":"Swift Potion"},{"floor":38,"key":"blueLaboratory:FrostheartPotion"},{"floor":46,"key":"DuplicationPotion"}],"is_trial":false,"path_per_floor":["M","M","?","M","M","R","E","R","T","R","T","M","?","M","R","B",null,"M","?","$","?","?","R","E","R","T","M","M","R","?","M","R","B",null,"M","?","?","M","M","R","?","R","T","E","R","M","M","M","R","B",null],"character_chosen":"THE_SILENT","items_purchased":["Kunai","Slice","Deflect","Bandage Up"],"campfire_rested":3,"item_purchase_floors":[0,0,20,20],"current_hp_per_floor":[58,57,57,57,57,57,33,33,33,33,33,23,23,23,44,11,55,54,54,54,54,48,48,7,28,28,9,16,16,16,9,19,1,27,34,34,35,35,35,35,35,35,35,18,18,36,40,42,42,10],"gold":410,"neow_bonus":"","is_daily":false,"chose_seed":false,"campfire_upgraded":9,"win_rate":0.0,"timestamp":1613949253,"path_taken":["M","M","?","?","M","R","E","R","T","R","?","M","?","M","R","BOSS","M","?","$","?","?","R","E","R","T","M","M","R","?","?","R","BOSS","M","?","?","M","M","R","?","R","T","E","R","M","M","?","R","BOSS"],"items_purchased_type":["Relic","Card","Card","Card"],"build_version":"2020-12-22","purchased_purges":2,"victory":true,"max_hp_per_floor":[70,70,70,70,70,70,70,70,70,70,70,70,70,70,70,70,70,70,70,70,70,70,70,70,70,70,70,70,70,35,35,35,35,35,35,35,35,35,35,35,35,35,35,42,42,42,42,42,42,42],"card_choices":[{"not_picked":["Quick Slash","Bane"],"picked":"Deflect","floor":1},{"not_picked":["Bouncing Flask","Bane"],"picked":"Masterful Stab","floor":2},{"not_picked":["Predator","Underhanded Strike"],"picked":"Doppelganger","floor":4},{"not_picked":["Slice","PiercingWail","Setup"],"picked":"SKIP","floor":5},{"not_picked":["Quick Slash","Distraction"],"picked":"Infinite Blades","floor":7},{"not_picked":["Expertise","Outmaneuver"],"picked":"Infinite Blades","floor":12},{"not_picked":["PiercingWail","Tactician"],"picked":"Footwork","floor":14},{"not_picked":["Malaise","Die Die Die"],"picked":"Glass Knife","floor":16},{"not_picked":["Concentrate","Acrobatics+1","Dodge and Roll+1"],"picked":"SKIP","floor":18},{"not_picked":["Tactician","Outmaneuver+1"],"picked":"Blade Dance","floor":24},{"not_picked":["Predator","Quick Slash","Acrobatics"],"picked":"SKIP","floor":27},{"not_picked":["Eviscerate","Caltrops"],"picked":"Expertise","floor":28},{"not_picked":["Predator","Prepared","Dagger Throw"],"picked":"SKIP","floor":31},{"not_picked":["Doppelganger","Tools of the Trade"],"picked":"Burst","floor":33},{"not_picked":["Catalyst+1","Backstab+1"],"picked":"Expertise","floor":35},{"not_picked":["Prepared","Sucker Punch"],"picked":"Footwork+1","floor":38},{"not_picked":["Bane","Riddle With Holes+1","Slice"],"picked":"SKIP","floor":39},{"not_picked":["Outmaneuver+1","Sucker Punch+1"],"picked":"Quick Slash","floor":44},{"not_picked":["Bane+1","Underhanded Strike+1"],"picked":"Tools of the Trade","floor":46},{"not_picked":["Calculated Gamble+1","Choke+1"],"picked":"Backflip+1","floor":47},{"not_picked":["Deadly Poison+1","Accuracy+1"],"picked":"Finisher","floor":48}],"player_experience":776635,"relics_obtained":[{"floor":9,"key":"War Paint"},{"floor":37,"key":"Torii"},{"floor":43,"key":"Toy Ornithopter"},{"floor":44,"key":"Strawberry"}],"event_choices":[{"cards_removed":["Strike_G"],"damage_healed":0,"gold_gain":0,"player_choice":"Purged","damage_taken":0,"max_hp_gain":0,"max_hp_loss":0,"event_name":"Purifier","floor":3,"gold_loss":0},{"damage_healed":0,"gold_gain":0,"player_choice":"Ignored","damage_taken":0,"max_hp_gain":0,"max_hp_loss":0,"event_name":"Golden Idol","floor":13,"gold_loss":0},{"cards_removed":["Defend_G"],"damage_healed":0,"gold_gain":0,"player_choice":"Upgrade and Remove","damage_taken":0,"max_hp_gain":0,"max_hp_loss":0,"event_name":"Designer","floor":19,"gold_loss":90,"cards_upgraded":["Infinite Blades"]},{"cards_removed":["Masterful Stab"],"damage_healed":0,"gold_gain":0,"player_choice":"Take \u0026 Give","damage_taken":0,"max_hp_gain":0,"max_hp_loss":0,"event_name":"betterNote:BetterNote","floor":21,"gold_loss":0,"cards_obtained":["Bandage Up"]},{"damage_healed":0,"gold_gain":0,"player_choice":"Dagger","damage_taken":6,"max_hp_gain":0,"max_hp_loss":0,"event_name":"betterThird:BetterNest","floor":22,"gold_loss":0,"cards_obtained":["RitualDagger"]},{"damage_healed":0,"gold_gain":0,"player_choice":"Became a Ghost","damage_taken":0,"max_hp_gain":0,"max_hp_loss":35,"event_name":"Ghosts","floor":30,"gold_loss":0,"cards_obtained":["Ghostly","Ghostly","Ghostly","Ghostly","Ghostly"]},{"damage_healed":0,"gold_gain":0,"player_choice":"Ignored","damage_taken":0,"max_hp_gain":0,"max_hp_loss":0,"event_name":"Mysterious Sphere","floor":36,"gold_loss":0},{"damage_healed":0,"gold_gain":0,"player_choice":"Fight","damage_taken":0,"max_hp_gain":0,"max_hp_loss":0,"event_name":"MindBloom","floor":37,"gold_loss":0},{"cards_removed":["Blade Dance"],"damage_healed":0,"gold_gain":0,"player_choice":"Removed Skill","damage_taken":0,"max_hp_gain":0,"max_hp_loss":0,"event_name":"Falling","floor":41,"gold_loss":0}],"is_beta":false,"boss_relics":[{"not_picked":["Black Star","Cursed Key"],"picked":"Philosopher\u0027s Stone"},{"not_picked":["Velvet Choker","Calling Bell"],"picked":"Empty Cage"}],"items_purged_floors":[0,20],"is_endless":false,"potions_floor_spawned":[2,5,12,14,24,27,33,35,37,38,46],"ascension_level":5}}