{"host":"8iprjuzow65cevwy","time":1613899652,"event":{"mods":["BaseMod","Colored Map","Highlight Path","Minty Spire (QoL Compilation)","Permanent Neow"],"gold_per_floor":[17,27,37,37,56,81,81,101,154,154,167,177,189,222,222,326,326,342,27,27,126,51,51,77,94,119,119,119],"floor_reached":27,"language":"ENG","playtime":1930,"items_purged":["Defend_R"],"score":343,"play_id":"5241a6a4-94a0-4ccb-9237-e204f70ab794","local_time":"20210221102732","is_ascension_mode":true,"campfire_choices":[{"data":"True Grit","floor":7,"key":"SMITH"},{"data":"Armaments","floor":15,"key":"SMITH"},{"data":"Dual Wield","floor":23,"key":"SMITH"}],"circlet_count":0,"master_deck":["Defend_R","Defend_R+1","Bash","True Grit+1","Armaments+1","Infernal Blade+1","Inflame","Metallicize","Uppercut","Pummel","Clothesline","Blood for Blood","Headbutt","Exhume","Combust+1","Offering+1","Inflame+1","Dark Embrace+1","Dual Wield+1","Rupture","Intimidate+1","Disarm"],"relics":["Burning Blood","Pocketwatch","Toy Ornithopter","Smiling Mask","Bottled Lightning","Astrolabe","Strawberry","Omamori","War Paint"],"acts_visited":["Exordium","TheCity"],"potions_floor_usage":[6,14,16,16,24],"damage_taken":[{"damage":11,"enemies":"Jaw Worm","floor":1,"turns":5},{"damage":1,"enemies":"Cultist","floor":2,"turns":4},{"damage":0,"enemies":"Small Slimes","floor":3,"turns":5},{"damage":10,"enemies":"3 Louse","floor":5,"turns":6},{"damage":36,"enemies":"Gremlin Nob","floor":6,"turns":5},{"damage":1,"enemies":"Blue Slaver","floor":8,"turns":5},{"damage":16,"enemies":"Lots of Slimes","floor":11,"turns":6},{"damage":0,"enemies":"3 Louse","floor":12,"turns":3},{"damage":3,"enemies":"Looter","floor":13,"turns":3},{"damage":20,"enemies":"Lagavulin","floor":14,"turns":11},{"damage":23,"enemies":"Slime Boss","floor":16,"turns":9},{"damage":32,"enemies":"Shell Parasite","floor":18,"turns":5},{"damage":42,"enemies":"Slavers","floor":24,"turns":9},{"damage":13,"enemies":"Spheric Guardian","floor":25,"turns":2},{"damage":13,"enemies":"Centurion and Healer","floor":27,"turns":3}],"seed_played":"7464612605187408619","potions_obtained":[{"floor":2,"key":"FearPotion"},{"floor":3,"key":"Regen Potion"},{"floor":5,"key":"SmokeBomb"},{"floor":8,"key":"DuplicationPotion"},{"floor":12,"key":"Explosive Potion"},{"floor":18,"key":"BlessingOfTheForge"}],"is_trial":false,"path_per_floor":["M","M","M","?","M","E","R","M","T","?","M","M","M","E","R","B",null,"M","$","?","?","?","R","E","M","T","M"],"character_chosen":"IRONCLAD","items_purchased":["Dual Wield","Rupture","Strawberry"],"campfire_rested":0,"item_purchase_floors":[19,19,19],"current_hp_per_floor":[67,72,78,71,67,37,37,42,42,42,32,38,41,46,46,39,70,44,51,51,51,51,51,20,13,13,0,0],"gold":119,"neow_bonus":"ONE_RARE_RELIC","is_daily":false,"chose_seed":false,"campfire_upgraded":3,"win_rate":0.0,"timestamp":1613899652,"path_taken":["M","M","M","?","M","E","R","M","T","?","M","?","M","E","R","BOSS","M","$","?","?","?","R","E","?","T","M"],"items_purchased_type":["Card","Card","Relic"],"build_version":"2020-12-22","purchased_purges":1,"victory":false,"max_hp_per_floor":[80,80,80,80,80,80,80,80,80,80,80,80,80,80,80,80,80,80,87,87,87,87,87,87,87,87,87,87],"card_choices":[{"not_picked":["Warcry","Shrug It Off"],"picked":"True Grit","floor":1},{"not_picked":["Feel No Pain","Sword Boomerang"],"picked":"Armaments","floor":2},{"not_picked":["Body Slam","Second Wind"],"picked":"Infernal Blade","floor":3},{"not_picked":["Bloodletting","Perfected Strike"],"picked":"Inflame","floor":5},{"not_picked":["Warcry","Anger"],"picked":"Metallicize","floor":6},{"not_picked":["Rage","Thunderclap"],"picked":"Uppercut","floor":8},{"not_picked":["Clash","Twin Strike"],"picked":"Clothesline","floor":11},{"not_picked":["Bloodletting","Headbutt","Warcry"],"picked":"SKIP","floor":12},{"not_picked":["Clothesline","Offering"],"picked":"Blood for Blood","floor":13},{"not_picked":["Armaments","Fire Breathing"],"picked":"Headbutt","floor":14},{"not_picked":["Fiend Fire","Corruption"],"picked":"Exhume","floor":16},{"not_picked":["Shrug It Off","Clothesline"],"picked":"Dark Embrace+1","floor":18},{"not_picked":["Clash","Sentinel"],"picked":"Intimidate+1","floor":24},{"not_picked":["Uppercut","Infernal Blade"],"picked":"Disarm","floor":25}],"player_experience":370324,"relics_obtained":[{"floor":6,"key":"Toy Ornithopter"},{"floor":9,"key":"Smiling Mask"},{"floor":14,"key":"Bottled Lightning"},{"floor":24,"key":"Omamori"},{"floor":26,"key":"War Paint"}],"event_choices":[{"cards_removed":["Strike_R"],"damage_healed":0,"gold_gain":0,"player_choice":"Card Removal","damage_taken":7,"max_hp_gain":0,"max_hp_loss":0,"event_name":"Golden Wing","floor":4,"gold_loss":0},{"damage_healed":0,"gold_gain":0,"cards_transformed":["Strike_R"],"player_choice":"Transformed","damage_taken":0,"max_hp_gain":0,"max_hp_loss":0,"event_name":"Transmorgrifier","floor":10,"gold_loss":0,"cards_obtained":["Pummel"]},{"damage_healed":0,"gold_gain":0,"player_choice":"Ignored","damage_taken":0,"max_hp_gain":0,"max_hp_loss":0,"event_name":"Vampires","floor":20,"gold_loss":0},{"damage_healed":0,"gold_gain":99,"player_choice":"Stole From Cult","damage_taken":0,"max_hp_gain":0,"max_hp_loss":0,"event_name":"Nest","floor":21,"gold_loss":0},{"cards_removed":["Defend_R"],"damage_healed":0,"gold_gain":0,"player_choice":"Gave Gold","damage_taken":0,"max_hp_gain":0,"max_hp_loss":0,"event_name":"Beggar","floor":22,"gold_loss":75}],"is_beta":false,"boss_relics":[{"not_picked":["Black Star","Runic Cube"],"picked":"Astrolabe"}],"items_purged_floors":[19],"is_endless":false,"potions_floor_spawned":[2,3,5,8,12,18],"killed_by":"Centurion and Healer","ascension_level":8}}