{"host":"s41rn2jhghpwfrvz","time":1613882895,"event":{"mods":["BaseMod","Minty Spire (QoL Compilation)","Quick Restart","Relic Stats","SuperFastMode"],"gold_per_floor":[119,132,132,152,152,152,181,10,35,76,88,118,158,189,201,285,297,320,332,368,380,410,422,465,477,489,526,548,593,624,662,674,765,777,799,811,479,494,514,543,543,576,602,637,656,676,703,737,737,737,737,737,737,325,353,353],"floor_reached":57,"language":"ENG","playtime":1942,"items_purged":["Prepared","Backflip"],"score":3971,"play_id":"ca7c7357-8018-421c-a888-618f9a1d9cc5","local_time":"20210221064815","daily_mods":["SealedDeck","Diverse","DeadlyEvents"],"is_ascension_mode":true,"campfire_choices":[{"data":"Body Slam","floor":6,"key":"SMITH"},{"data":"TalkToTheHand","floor":11,"key":"SMITH"},{"data":"Dual Wield","floor":15,"key":"SMITH"},{"data":"Adrenaline","floor":23,"key":"SMITH"},{"data":"Burning Pact","floor":25,"key":"SMITH"},{"floor":32,"key":"RECALL"},{"data":"Acrobatics","floor":41,"key":"SMITH"},{"data":"Scrawl","floor":49,"key":"SMITH"},{"data":"Scrape","floor":53,"key":"SMITH"}],"circlet_count":0,"master_deck":["AscendersBane","Dual Wield+1","PiercingWail","Scrape+1","Backflip","Acrobatics+1","Body Slam+1","TalkToTheHand+1","Adrenaline+1","Burning Pact+1","Seeing Red+1","Scrawl+1","Adrenaline+1"],"relics":["Burning Blood","Mummified Hand","Regal Pillow","Membership Card","MawBank","PreservedInsect","Akabeko","Coffee Dripper","Bag of Marbles","Pocketwatch","Eternal Feather","Oddly Smooth Stone","Gremlin Horn","SacredBark","Medical Kit","Pen Nib","Self Forming Clay","Art of War","Happy Flower","Smiling Mask","Toy Ornithopter","Lantern","Meat on the Bone","HornCleat","Pear","DollysMirror","Red Skull"],"acts_visited":["Exordium","TheCity","TheBeyond","TheEnding"],"potions_floor_usage":[10,56,56],"damage_taken":[{"damage":4,"enemies":"Small Slimes","floor":1,"turns":6},{"damage":6,"enemies":"Cultist","floor":2,"turns":6},{"damage":6,"enemies":"Jaw Worm","floor":4,"turns":10},{"damage":0,"enemies":"Lagavulin","floor":7,"turns":5},{"damage":34,"enemies":"Gremlin Nob","floor":10,"turns":4},{"damage":1,"enemies":"Exordium Thugs","floor":12,"turns":3},{"damage":0,"enemies":"Lagavulin","floor":13,"turns":4},{"damage":2,"enemies":"Blue Slaver","floor":14,"turns":5},{"damage":0,"enemies":"Hexaghost","floor":16,"turns":7},{"damage":11,"enemies":"Spheric Guardian","floor":18,"turns":4},{"damage":2,"enemies":"Shell Parasite","floor":22,"turns":4},{"damage":0,"enemies":"Slavers","floor":24,"turns":3},{"damage":0,"enemies":"Gremlin Leader","floor":27,"turns":3},{"damage":0,"enemies":"3 Cultists","floor":28,"turns":3},{"damage":0,"enemies":"Book of Stabbing","floor":29,"turns":3},{"damage":0,"enemies":"Snake Plant","floor":30,"turns":1},{"damage":0,"enemies":"Gremlin Leader","floor":31,"turns":3},{"damage":0,"enemies":"Champ","floor":33,"turns":4},{"damage":0,"enemies":"Orb Walker","floor":35,"turns":2},{"damage":0,"enemies":"3 Darklings","floor":38,"turns":1},{"damage":0,"enemies":"Spire Growth","floor":39,"turns":2},{"damage":0,"enemies":"Giant Head","floor":40,"turns":3},{"damage":0,"enemies":"Reptomancer","floor":42,"turns":2},{"damage":15,"enemies":"Nemesis","floor":44,"turns":3},{"damage":2,"enemies":"Sphere and 2 Shapes","floor":45,"turns":4},{"damage":0,"enemies":"Writhing Mass","floor":46,"turns":3},{"damage":0,"enemies":"Giant Head","floor":47,"turns":2},{"damage":0,"enemies":"Nemesis","floor":48,"turns":1},{"damage":0,"enemies":"Time Eater","floor":50,"turns":5},{"damage":39,"enemies":"Donu and Deca","floor":51,"turns":6},{"damage":6,"enemies":"Shield and Spear","floor":55,"turns":3},{"damage":20,"enemies":"The Heart","floor":56,"turns":6}],"seed_played":"-4644221534985899025","potions_obtained":[{"floor":2,"key":"Explosive Potion"},{"floor":4,"key":"SteroidPotion"},{"floor":12,"key":"AttackPotion"},{"floor":22,"key":"Swift Potion"},{"floor":29,"key":"SpeedPotion"},{"floor":38,"key":"Ancient Potion"}],"is_trial":true,"path_per_floor":["M","M","?","M","T","R","E","$","T","E","R","M","E","M","R","B",null,"M","?","T","?","M","R","E","R","T","E","M","E","M","E","R","B",null,"M","?","$","M","M","E","R","E","T","E","M","M","E","E","R","B","B",null,"R","$","E","B",null],"character_chosen":"IRONCLAD","items_purchased":["Membership Card","Medical Kit","Pen Nib","Self Forming Clay","HornCleat","Pear","DollysMirror"],"campfire_rested":0,"item_purchase_floors":[8,37,37,37,54,54,54],"current_hp_per_floor":[70,70,70,70,70,70,75,75,75,47,47,52,58,62,62,68,73,68,68,68,47,51,51,57,57,57,63,69,75,80,80,80,80,80,80,76,76,80,80,80,80,80,80,71,75,80,80,80,80,80,47,72,78,88,88,76],"gold":353,"neow_bonus":"","is_daily":false,"chose_seed":false,"campfire_upgraded":8,"win_rate":0.0,"timestamp":1613882895,"path_taken":["M","M","?","?","?","R","E","$","T","E","R","M","E","M","R","BOSS","M","?","?","?","M","R","E","R","T","E","M","E","M","E","R","BOSS","M","?","$","M","M","E","R","E","T","?","M","?","?","E","R","BOSS","BOSS","R","$","E","BOSS"],"items_purchased_type":["Relic","Relic","Relic","Relic","Relic","Relic","Relic"],"build_version":"2020-12-22","purchased_purges":2,"victory":true,"max_hp_per_floor":[75,75,75,75,75,75,75,75,75,75,75,75,75,75,75,75,75,75,75,75,80,80,80,80,80,80,80,80,80,80,80,80,80,80,80,80,80,80,80,80,80,80,80,80,80,80,80,80,80,80,80,80,80,90,90,90],"relic_stats":{"Regal Pillow":0,"Gremlin Horn":[10,10],"Happy Flower":[11],"counters":[32,121],"Self Forming Clay":[54],"Eternal Feather":6,"PreservedInsect":712,"Pen Nib":[20],"MawBank":336,"Medical Kit":[12],"Smiling Mask":0,"Burning Blood":133,"Mummified Hand":[0],"Art of War":[1],"obtain_stats":[{"Regal Pillow":7,"Lantern":47,"Gremlin Horn":31,"SacredBark":34,"Smiling Mask":43,"Burning Blood":0,"HornCleat":54,"Mummified Hand":5,"DollysMirror":54,"Red Skull":55,"Pear":54,"Happy Flower":42,"Self Forming Clay":37,"Oddly Smooth Stone":29,"Eternal Feather":27,"PreservedInsect":10,"Pen Nib":37,"MawBank":9,"Medical Kit":37,"Akabeko":13,"Coffee Dripper":17,"Bag of Marbles":20,"Art of War":40,"Membership Card":8,"Toy Ornithopter":44,"Pocketwatch":24,"Meat on the Bone":48},{"Regal Pillow":4,"Lantern":27,"Gremlin Horn":17,"SacredBark":18,"Smiling Mask":23,"Burning Blood":0,"HornCleat":30,"Mummified Hand":3,"DollysMirror":30,"Red Skull":31,"Pear":30,"Happy Flower":23,"Self Forming Clay":19,"Oddly Smooth Stone":15,"Eternal Feather":13,"PreservedInsect":5,"Pen Nib":19,"MawBank":4,"Medical Kit":19,"Akabeko":7,"Coffee Dripper":9,"Bag of Marbles":10,"Art of War":22,"Membership Card":4,"Toy Ornithopter":24,"Pocketwatch":12,"Meat on the Bone":28},{"Regal Pillow":27,"Lantern":100,"Gremlin Horn":74,"SacredBark":78,"Smiling Mask":88,"Burning Blood":0,"HornCleat":112,"Mummified Hand":22,"DollysMirror":112,"Red Skull":115,"Pear":112,"Happy Flower":88,"Self Forming Clay":80,"Oddly Smooth Stone":70,"Eternal Feather":64,"PreservedInsect":31,"Pen Nib":80,"MawBank":27,"Medical Kit":80,"Akabeko":38,"Coffee Dripper":50,"Bag of Marbles":54,"Art of War":86,"Membership Card":27,"Toy Ornithopter":91,"Pocketwatch":61,"Meat on the Bone":101}],"Toy Ornithopter":2,"Pocketwatch":[3],"Meat on the Bone":0},"card_choices":[{"not_picked":["CutThroughFate","Consecrate","Well Laid Plans"],"picked":"SKIP","floor":1},{"not_picked":["BattleHymn","Uppercut","Flex"],"picked":"SKIP","floor":2},{"not_picked":["Loop","Protect","Accuracy"],"picked":"SKIP","floor":4},{"not_picked":["Swivel","BootSequence","Acrobatics"],"picked":"SKIP","floor":7},{"not_picked":["Backstab","Metallicize","Streamline"],"picked":"SKIP","floor":10},{"not_picked":["WheelKick","Slice","DevaForm"],"picked":"SKIP","floor":12},{"not_picked":["Weave","Rip and Tear","Sweeping Beam"],"picked":"SKIP","floor":13},{"not_picked":["White Noise","Body Slam","True Grit"],"picked":"SKIP","floor":14},{"not_picked":["Electrodynamics","Blasphemy"],"picked":"Adrenaline","floor":16},{"not_picked":["FlyingSleeves","EmptyBody","Cloak And Dagger"],"picked":"SKIP","floor":18},{"not_picked":["Poisoned Stab","Catalyst","Seeing Red"],"picked":"SKIP","floor":22},{"not_picked":["Barrage","Entrench"],"picked":"Burning Pact","floor":24},{"not_picked":["Warcry","Steam+1","Barrage"],"picked":"SKIP","floor":27},{"not_picked":["Deflect","Seeing Red","Dual Wield"],"picked":"SKIP","floor":28},{"not_picked":["Fission","Rebound"],"picked":"Seeing Red+1","floor":29},{"not_picked":["Barrage","Hello World+1","Deflect"],"picked":"SKIP","floor":30},{"not_picked":["CrushJoints","Prepared","Quick Slash+1"],"picked":"SKIP","floor":31},{"not_picked":["Ghostly Armor+1","Bloodletting+1","CarveReality"],"picked":"SKIP","floor":35},{"not_picked":["Reprogram","EmptyBody","Outmaneuver"],"picked":"SKIP","floor":38},{"not_picked":["Lockon","JustLucky","Blade Dance"],"picked":"SKIP","floor":39},{"not_picked":["Go for the Eyes","Havoc","FollowUp"],"picked":"SKIP","floor":40},{"not_picked":["Deadly Poison","Anger","FlurryOfBlows"],"picked":"SKIP","floor":42},{"not_picked":["Expertise","Outmaneuver","Crescendo"],"picked":"SKIP","floor":44},{"not_picked":["Body Slam","SandsOfTime","Protect"],"picked":"SKIP","floor":45},{"not_picked":["EmptyMind","Hologram","Aggregate+1"],"picked":"SKIP","floor":46},{"not_picked":["Shockwave","Masterful Stab"],"picked":"Scrawl","floor":47},{"not_picked":["Wild Strike","Compile Driver","Outmaneuver"],"picked":"SKIP","floor":48},{"not_picked":["Terror","Protect","CutThroughFate+1"],"picked":"SKIP","floor":55}],"player_experience":1976340,"relics_obtained":[{"floor":5,"key":"Mummified Hand"},{"floor":7,"key":"Regal Pillow"},{"floor":9,"key":"MawBank"},{"floor":10,"key":"PreservedInsect"},{"floor":13,"key":"Akabeko"},{"floor":20,"key":"Bag of Marbles"},{"floor":24,"key":"Pocketwatch"},{"floor":27,"key":"Eternal Feather"},{"floor":29,"key":"Oddly Smooth Stone"},{"floor":31,"key":"Gremlin Horn"},{"floor":40,"key":"Art of War"},{"floor":42,"key":"Happy Flower"},{"floor":43,"key":"Smiling Mask"},{"floor":44,"key":"Toy Ornithopter"},{"floor":47,"key":"Lantern"},{"floor":48,"key":"Meat on the Bone"},{"floor":55,"key":"Red Skull"}],"event_choices":[{"cards_removed":["Disarm"],"damage_healed":0,"gold_gain":0,"player_choice":"Purged","damage_taken":0,"max_hp_gain":0,"max_hp_loss":0,"event_name":"Purifier","floor":3,"gold_loss":0},{"damage_healed":0,"gold_gain":0,"player_choice":"Ignored","damage_taken":0,"max_hp_gain":0,"max_hp_loss":0,"event_name":"Ghosts","floor":19,"gold_loss":0},{"damage_healed":0,"gold_gain":0,"player_choice":"Shed Blood","damage_taken":26,"max_hp_gain":5,"max_hp_loss":0,"event_name":"Forgotten Altar","floor":21,"gold_loss":0},{"damage_healed":0,"gold_gain":0,"player_choice":"Bought 0 Potions","damage_taken":0,"max_hp_gain":0,"max_hp_loss":0,"event_name":"The Woman in Blue","floor":36,"gold_loss":0}],"is_beta":false,"boss_relics":[{"not_picked":["Astrolabe","SlaversCollar"],"picked":"Coffee Dripper"},{"not_picked":["Velvet Choker","Tiny House"],"picked":"SacredBark"}],"items_purged_floors":[37,54],"is_endless":false,"potions_floor_spawned":[2,4,12,16,22,28,29,31,38,40,42,44,45,47,55],"ascension_level":20}}