{"host":"as7albp2mcgkylj3","time":1613919871,"event":{"mods":["2.2 Compatiblity","AchievementEnabler","BaseMod","Colored Map","DeckTracker","Googly Eyes","Highlight Path","Minty Spire (QoL Compilation)","StSLib","SuperFastMode"],"gold_per_floor":[114,124,124,49,49,49,67,87,87,87,107,107,107,182,182,298,298,309,61,78,3,3,3,20,20,44,44,44,44,44],"floor_reached":29,"language":"ITA","playtime":313,"items_purged":["Defend_P","Parasite"],"score":286,"play_id":"d6b7f39f-b08c-4270-b765-e6bfb91a3e3d","local_time":"20210221160431","is_ascension_mode":false,"campfire_choices":[{"data":"Swift Strike","floor":6,"key":"SMITH"},{"data":"Strike_P","floor":10,"key":"SMITH"},{"data":"Strike_P","floor":12,"key":"SMITH"},{"data":"Strike_P","floor":15,"key":"SMITH"},{"data":"Consecrate","floor":23,"key":"SMITH"},{"floor":27,"key":"REST"}],"circlet_count":0,"master_deck":["Defend_P","Defend_P","Defend_P","Eruption+1","Vigilance","Swift Strike+1","Consecrate+1","Bite","Bite","Bite","Bite","Bite"],"relics":["PureWater","Sling"],"acts_visited":["Exordium","TheCity"],"potions_floor_usage":[16,16,16],"damage_taken":[{"damage":6,"enemies":"Jaw Worm","floor":1,"turns":3},{"damage":0,"enemies":"Cultist","floor":2,"turns":2},{"damage":8,"enemies":"Small Slimes","floor":7,"turns":2},{"damage":3,"enemies":"Red Slaver","floor":8,"turns":2},{"damage":0,"enemies":"2 Fungi Beasts","floor":11,"turns":2},{"damage":0,"enemies":"Slime Boss","floor":16,"turns":3},{"damage":23,"enemies":"Spheric Guardian","floor":18,"turns":5},{"damage":5,"enemies":"Chosen","floor":20,"turns":3},{"damage":37,"enemies":"Snake Plant","floor":24,"turns":2},{"damage":37,"enemies":"Snecko","floor":29,"turns":3}],"seed_played":"2136575593456708006","potions_obtained":[{"floor":2,"key":"Swift Potion"},{"floor":7,"key":"ColorlessPotion"},{"floor":11,"key":"Swift Potion"},{"floor":20,"key":"Fire Potion"}],"is_trial":false,"path_per_floor":["M","M","?","$","?","R","M","M","T","R","M","R","?","?","R","B",null,"M","$","M","?","T","R","M","?","T","R","$","M"],"character_chosen":"WATCHER","items_purchased":["Sling"],"campfire_rested":1,"item_purchase_floors":[19],"current_hp_per_floor":[66,66,72,72,72,72,64,61,61,61,61,61,72,65,65,65,72,49,49,44,44,44,44,7,7,7,21,21,0,0],"gold":44,"neow_bonus":"RANDOM_COLORLESS","is_daily":false,"chose_seed":false,"campfire_upgraded":5,"win_rate":0.0,"timestamp":1613919871,"path_taken":["M","M","?","$","?","R","M","M","T","R","?","R","?","?","R","BOSS","M","?","M","?","?","R","M","?","T","R","$","M"],"items_purchased_type":["Relic"],"build_version":"2020-12-22","purchased_purges":2,"victory":false,"max_hp_per_floor":[72,72,72,72,72,72,72,72,72,72,72,72,72,72,72,72,72,72,69,69,69,69,69,69,48,48,48,48,48,48],"card_choices":[{"not_picked":["Forethought","Mind Blast"],"picked":"Swift Strike","floor":0},{"not_picked":["EmptyFist","FlurryOfBlows","Conclude"],"picked":"SKIP","floor":1},{"not_picked":["WheelKick","ThirdEye","Prostrate"],"picked":"SKIP","floor":2},{"not_picked":["Adaptation","FlurryOfBlows","Vengeance"],"picked":"SKIP","floor":7},{"not_picked":["Study","EmptyFist","CutThroughFate"],"picked":"SKIP","floor":8},{"not_picked":["FollowUp","Wireheading","Prostrate"],"picked":"SKIP","floor":11},{"not_picked":["Vengeance","BowlingBash+1","FollowUp"],"picked":"SKIP","floor":18},{"not_picked":["FlyingSleeves","Prostrate"],"picked":"Consecrate","floor":20},{"not_picked":["CrushJoints","FlurryOfBlows","BowlingBash+1"],"picked":"SKIP","floor":24}],"player_experience":483025,"relics_obtained":[],"event_choices":[{"damage_healed":24,"gold_gain":0,"player_choice":"Banana","damage_taken":0,"max_hp_gain":0,"max_hp_loss":0,"event_name":"Big Fish","floor":3,"gold_loss":0},{"damage_healed":0,"gold_gain":0,"player_choice":"Forge","damage_taken":0,"max_hp_gain":0,"max_hp_loss":0,"event_name":"Accursed Blacksmith","floor":5,"gold_loss":0,"cards_upgraded":["Eruption"]},{"damage_healed":18,"gold_gain":0,"player_choice":"Healed and dodged fight","damage_taken":0,"max_hp_gain":0,"max_hp_loss":0,"event_name":"Mushrooms","floor":13,"gold_loss":0,"cards_obtained":["Parasite"]},{"damage_healed":0,"gold_gain":75,"player_choice":"Touch","damage_taken":7,"max_hp_gain":0,"max_hp_loss":0,"event_name":"FaceTrader","floor":14,"gold_loss":0},{"cards_removed":["Strike_P"],"damage_healed":0,"gold_gain":0,"player_choice":"Gave Gold","damage_taken":0,"max_hp_gain":0,"max_hp_loss":0,"event_name":"Beggar","floor":21,"gold_loss":75},{"damage_healed":0,"gold_gain":0,"player_choice":"Became a vampire","damage_taken":0,"max_hp_gain":0,"max_hp_loss":21,"event_name":"Vampires","floor":25,"gold_loss":0,"cards_obtained":["Bite","Bite","Bite","Bite","Bite"]}],"is_beta":false,"boss_relics":[{"not_picked":["Sozu","SlaversCollar","Busted Crown"]}],"items_purged_floors":[4,19],"is_endless":false,"potions_floor_spawned":[2,7,11,20],"killed_by":"Snecko","ascension_level":0}}