{"host":"2uq4yl5bzsf2ox6r","time":1613937234,"event":{"mods":["AchievementEnabler","BaseMod","Colored Map","Highlight Path","Minty Spire (QoL Compilation)","Relic Stats","StSLib"],"gold_per_floor":[111,111,111,121,136,161,176,176,176],"floor_reached":8,"language":"ENG","playtime":398,"items_purged":[],"score":73,"play_id":"c44cfff1-82c4-40d2-a88e-82ab165103f1","local_time":"20210221145354","is_ascension_mode":true,"campfire_choices":[],"circlet_count":0,"master_deck":["Strike_B","Strike_B","Strike_B+1","Strike_B+1","Defend_B","Defend_B","Defend_B","Defend_B","Zap","Dualcast","Rebound","Regret","Leap","Hologram","Ball Lightning","Static Discharge"],"relics":["Cracked Core","NeowsBlessing","Bronze Scales","Cables"],"acts_visited":["Exordium"],"potions_floor_usage":[8,8],"damage_taken":[{"damage":0.0,"enemies":"Jaw Worm","floor":1.0,"turns":1.0},{"damage":0.0,"enemies":"Small Slimes","floor":4.0,"turns":1.0},{"damage":0.0,"enemies":"2 Louse","floor":5.0,"turns":1.0},{"damage":26.0,"enemies":"3 Sentries","floor":6.0,"turns":7.0},{"damage":2.0,"enemies":"Blue Slaver","floor":7.0,"turns":3.0},{"damage":37,"enemies":"Lagavulin","floor":8,"turns":3}],"seed_played":"1211464922095397359","potions_obtained":[{"floor":6.0,"key":"LiquidMemories"},{"floor":7.0,"key":"Explosive Potion"}],"is_trial":false,"path_per_floor":["M","?","?","M","M","E","M","E"],"character_chosen":"DEFECT","items_purchased":[],"campfire_rested":0,"item_purchase_floors":[],"current_hp_per_floor":[75,60,60,60,60,34,32,0,0],"gold":176,"neow_bonus":"THREE_ENEMY_KILL","is_daily":false,"chose_seed":false,"campfire_upgraded":0,"win_rate":0.0,"timestamp":1613937234,"path_taken":["M","?","?","M","M","E","M","E"],"items_purchased_type":[],"build_version":"2020-12-22","purchased_purges":0,"victory":false,"max_hp_per_floor":[75,75,75,75,75,75,75,75,75],"relic_stats":{"counters":[6,16],"Bronze Scales":[30],"obtain_stats":[{"NeowsBlessing":0,"Bronze Scales":3,"Cracked Core":0,"Cables":6},{"NeowsBlessing":0,"Bronze Scales":1,"Cracked Core":0,"Cables":4},{"NeowsBlessing":0,"Bronze Scales":1,"Cracked Core":0,"Cables":10}],"Cables":[5,5,0,0,0]},"card_choices":[{"not_picked":["Stack","Conserve Battery"],"picked":"Rebound","floor":1.0},{"not_picked":["Sweeping Beam","FTL"],"picked":"Leap","floor":4.0},{"not_picked":["Conserve Battery","Reinforced Body"],"picked":"Hologram","floor":5.0},{"not_picked":["Multi-Cast","Force Field"],"picked":"Ball Lightning","floor":6.0},{"not_picked":["FTL","Redo"],"picked":"Static Discharge","floor":7.0}],"player_experience":167284,"relics_obtained":[{"floor":6.0,"key":"Cables"}],"event_choices":[{"damage_healed":0.0,"max_hp_gain":0.0,"max_hp_loss":0.0,"gold_gain":0.0,"event_name":"Shining Light","player_choice":"Entered Light","floor":2.0,"gold_loss":0.0,"damage_taken":15.0,"cards_upgraded":["Strike_B","Strike_B"]},{"damage_healed":0.0,"max_hp_gain":0.0,"max_hp_loss":0.0,"gold_gain":0.0,"event_name":"Big Fish","player_choice":"Box","floor":3.0,"gold_loss":0.0,"damage_taken":0.0,"relics_obtained":["Bronze Scales"],"cards_obtained":["Regret"]}],"is_beta":false,"boss_relics":[],"items_purged_floors":[],"is_endless":false,"potions_floor_spawned":[6,7],"killed_by":"Lagavulin","ascension_level":5}}