{"host":"sav7uxregyirlf69","time":1613912184,"event":{"mods":["AchievementEnabler","BaseMod","Colored Map","DeckTracker","Keyboard Shortcuts","Minty Spire (QoL Compilation)","READ ME - Guardian Mod","StSLib","SuperFastMode"],"gold_per_floor":[115,165,176,186,196,196,215,215,215,235,248,248,5,5,5,80,80,91,91,91,6,17,17,17,17,17,34,66,86,111,11,11,90,90,109,109,109,122,122,154,180,213,213,243,255,13,13,23,23,23,23],"floor_reached":50,"language":"KOR","playtime":1092,"items_purged":["Defend_B","Strike_B","Strike_B"],"score":1085,"play_id":"d81c6dba-eade-416a-8e68-9e3191188c28","local_time":"20210221215624","is_ascension_mode":true,"campfire_choices":[{"data":"Zap","floor":6,"key":"SMITH"},{"data":"Blizzard","floor":8,"key":"SMITH"},{"data":"Defragment","floor":15,"key":"SMITH"},{"data":"Coolheaded","floor":23,"key":"SMITH"},{"data":"Capacitor","floor":25,"key":"SMITH"},{"data":"Consume","floor":32,"key":"SMITH"},{"floor":49,"key":"RECALL"}],"circlet_count":0,"master_deck":["AscendersBane","Defend_B","Defend_B","Zap+1","Dualcast","Finesse","Self Repair","Undo","Glacier","FTL+1","Blizzard+1","Defragment+1","Coolheaded+1","Electrodynamics","Go for the Eyes+1","Capacitor+1","Compile Driver+1","Consume+1","Static Discharge+1","Ball Lightning+1","BootSequence+1","Echo Form","Flash of Steel","Finesse"],"relics":["Cracked Core","Shuriken","Gremlin Horn","PreservedInsect","Coffee Dripper","Nloth\u0027s Gift","Matryoshka","Bronze Scales","Juzu Bracelet","Astrolabe","The Courier","Bag of Preparation","Sundial","MawBank","Whetstone"],"acts_visited":["Exordium","TheCity","TheBeyond"],"potions_floor_usage":[11,28,30,33,35,40,48],"damage_taken":[{"damage":2,"enemies":"Jaw Worm","floor":1,"turns":4},{"damage":1,"enemies":"Cultist","floor":3,"turns":4},{"damage":1,"enemies":"2 Louse","floor":4,"turns":3},{"damage":9,"enemies":"Exordium Wildlife","floor":5,"turns":6},{"damage":3,"enemies":"3 Louse","floor":7,"turns":4},{"damage":0,"enemies":"2 Fungi Beasts","floor":10,"turns":4},{"damage":14,"enemies":"Red Slaver","floor":11,"turns":4},{"damage":43,"enemies":"Slime Boss","floor":16,"turns":13},{"damage":5,"enemies":"Chosen","floor":18,"turns":6},{"damage":10,"enemies":"Shell Parasite","floor":22,"turns":5},{"damage":30,"enemies":"3 Cultists","floor":27,"turns":5},{"damage":7,"enemies":"Book of Stabbing","floor":28,"turns":5},{"damage":20,"enemies":"Sentry and Sphere","floor":29,"turns":5},{"damage":26,"enemies":"Gremlin Leader","floor":30,"turns":6},{"damage":28,"enemies":"Automaton","floor":33,"turns":9},{"damage":20,"enemies":"3 Darklings","floor":35,"turns":3},{"damage":0,"enemies":"Orb Walker","floor":38,"turns":3},{"damage":18,"enemies":"Nemesis","floor":40,"turns":7},{"damage":3,"enemies":"Giant Head","floor":42,"turns":10},{"damage":29,"enemies":"3 Darklings","floor":44,"turns":3},{"damage":2,"enemies":"Transient","floor":48,"turns":6},{"damage":40,"enemies":"Time Eater","floor":50,"turns":3}],"seed_played":"2610244617611349166","potions_obtained":[{"floor":5,"key":"PotionOfCapacity"},{"floor":7,"key":"GamblersBrew"},{"floor":10,"key":"Fruit Juice"},{"floor":11,"key":"FairyPotion"},{"floor":22,"key":"FocusPotion"},{"floor":28,"key":"Fruit Juice"},{"floor":30,"key":"Block Potion"},{"floor":33,"key":"Swift Potion"},{"floor":38,"key":"AttackPotion"},{"floor":40,"key":"Energy Potion"}],"is_trial":false,"path_per_floor":["M","?","M","M","M","R","M","R","T","M","M","?","$","?","R","B",null,"M","?","?","?","M","R","?","R","T","M","E","M","E","$","R","B",null,"M","?","?","M","?","E","T","E","T","M","?","$","$","M","R","B"],"character_chosen":"DEFECT","items_purchased":["PreservedInsect","Flash of Steel","Finesse"],"campfire_rested":0,"item_purchase_floors":[13,46,46],"current_hp_per_floor":[62,62,68,71,69,69,71,71,71,71,69,43,43,48,48,12,64,66,66,66,66,63,63,63,63,63,40,40,27,13,13,13,23,70,50,50,50,57,57,46,46,50,50,21,21,21,21,26,26,0,0],"gold":23,"neow_bonus":"RANDOM_COLORLESS","is_daily":false,"chose_seed":false,"campfire_upgraded":6,"win_rate":0.0,"timestamp":1613912184,"path_taken":["M","?","?","M","M","R","M","R","T","M","M","?","$","?","R","BOSS","M","?","?","?","M","R","?","R","T","?","E","M","E","$","R","BOSS","M","?","?","M","?","E","?","E","T","M","?","?","$","M","R","BOSS"],"items_purchased_type":["Relic","Card","Card"],"build_version":"2020-12-22","purchased_purges":3,"victory":false,"max_hp_per_floor":[71,71,71,71,71,71,71,71,71,71,76,76,76,81,81,81,81,81,81,81,81,81,81,81,81,81,81,81,81,86,86,86,86,86,86,86,86,86,82,82,82,82,82,82,82,82,82,82,82,82,82],"card_choices":[{"not_picked":["Good Instincts","Purity"],"picked":"Finesse","floor":0},{"not_picked":["Steam","Tempest"],"picked":"Self Repair","floor":1},{"not_picked":["Beam Cell","Redo"],"picked":"Undo","floor":3},{"not_picked":["Compile Driver","Barrage"],"picked":"Glacier","floor":4},{"not_picked":["Turbo","Reboot"],"picked":"FTL","floor":5},{"not_picked":["Go for the Eyes","Cold Snap"],"picked":"Blizzard","floor":7},{"not_picked":["Leap","Compile Driver"],"picked":"Defragment","floor":10},{"not_picked":["Conserve Battery","Steam"],"picked":"Coolheaded","floor":11},{"not_picked":["Meteor Strike","All For One"],"picked":"Electrodynamics","floor":16},{"not_picked":["Doom and Gloom","Aggregate"],"picked":"Go for the Eyes","floor":18},{"not_picked":["Leap","Ball Lightning"],"picked":"Capacitor","floor":22},{"not_picked":["Tempest","Ball Lightning"],"picked":"Compile Driver","floor":27},{"not_picked":["Gash","Capacitor","Rebound+1"],"picked":"SKIP","floor":28},{"not_picked":["Genetic Algorithm","Skim","Storm"],"picked":"SKIP","floor":29},{"not_picked":["Static Discharge","Hello World"],"picked":"Consume","floor":30},{"not_picked":["Amplify","Reboot"],"picked":"Core Surge","floor":33},{"not_picked":["All For One","Gash+1","Multi-Cast"],"picked":"SKIP","floor":35},{"not_picked":["Ball Lightning","Hologram"],"picked":"Echo Form","floor":38},{"not_picked":["Streamline+1","Meteor Strike","Lockon"],"picked":"SKIP","floor":40},{"not_picked":["Chaos","BootSequence","Consume"],"picked":"SKIP","floor":42},{"not_picked":["Gash","Cold Snap+1","Conserve Battery"],"picked":"SKIP","floor":44},{"not_picked":["Force Field","Redo","Steam Power"],"picked":"SKIP","floor":48}],"player_experience":1644590,"relics_obtained":[{"floor":9,"key":"Shuriken"},{"floor":26,"key":"Matryoshka"},{"floor":28,"key":"Bronze Scales"},{"floor":30,"key":"Juzu Bracelet"},{"floor":40,"key":"The Courier"},{"floor":41,"key":"Bag of Preparation"},{"floor":42,"key":"Sundial"},{"floor":43,"key":"MawBank"},{"floor":43,"key":"Whetstone"}],"event_choices":[{"damage_healed":0,"gold_gain":50,"player_choice":"Pray","damage_taken":0,"max_hp_gain":0,"max_hp_loss":0,"event_name":"Golden Shrine","floor":2,"gold_loss":0},{"damage_healed":0,"gold_gain":0,"player_choice":"Success","damage_taken":26,"relics_obtained":["Gremlin Horn"],"max_hp_gain":0,"max_hp_loss":0,"event_name":"Scrap Ooze","floor":12,"gold_loss":0},{"damage_healed":0,"gold_gain":0,"player_choice":"Donut","damage_taken":0,"max_hp_gain":5,"max_hp_loss":0,"event_name":"Big Fish","floor":14,"gold_loss":0},{"damage_healed":0,"gold_gain":0,"player_choice":"Ignored","damage_taken":0,"max_hp_gain":0,"max_hp_loss":0,"event_name":"Vampires","floor":19,"gold_loss":0},{"damage_healed":0,"gold_gain":0,"player_choice":"Ignored","damage_taken":0,"max_hp_gain":0,"max_hp_loss":0,"event_name":"The Mausoleum","floor":20,"gold_loss":0},{"damage_healed":0,"gold_gain":0,"player_choice":"Obtained Relic","damage_taken":0,"relics_obtained":["Boot"],"max_hp_gain":0,"max_hp_loss":0,"event_name":"Addict","floor":21,"gold_loss":85},{"damage_healed":0,"gold_gain":0,"player_choice":"Traded Relic","damage_taken":0,"relics_obtained":["Nloth\u0027s Gift"],"max_hp_gain":0,"max_hp_loss":0,"event_name":"N\u0027loth","floor":24,"relics_lost":["Boot"],"gold_loss":0},{"damage_healed":0,"gold_gain":0,"player_choice":"Ignored","damage_taken":0,"max_hp_gain":0,"max_hp_loss":0,"event_name":"Mysterious Sphere","floor":36,"gold_loss":0},{"damage_healed":0,"gold_gain":0,"player_choice":"Upgraded","damage_taken":0,"max_hp_gain":0,"max_hp_loss":0,"event_name":"Upgrade Shrine","floor":37,"gold_loss":0,"cards_upgraded":["Go for the Eyes"]},{"damage_healed":0,"gold_gain":0,"player_choice":"Max HP","damage_taken":0,"max_hp_gain":0,"max_hp_loss":4,"event_name":"Winding Halls","floor":39,"gold_loss":0},{"cards_removed":["Core Surge"],"damage_healed":0,"gold_gain":0,"player_choice":"Removed Attack","damage_taken":0,"max_hp_gain":0,"max_hp_loss":0,"event_name":"Falling","floor":45,"gold_loss":0}],"is_beta":false,"boss_relics":[{"not_picked":["SlaversCollar","Nuclear Battery"],"picked":"Coffee Dripper"},{"not_picked":["Velvet Choker","Philosopher\u0027s Stone"],"picked":"Astrolabe"}],"items_purged_floors":[13,31,46],"is_endless":false,"potions_floor_spawned":[5,7,10,11,22,28,30,33,38,40],"killed_by":"Time Eater","ascension_level":20}}