{"host":"qnk15saze0ayia2v","time":1613907431,"event":{"mods":["BaseMod","GifTheSpireLib","Koishi","Marisa????????","Minty Spire (QoL Compilation)","Replay The Spire","StSLib","The Necromancer","The Servant 0.9.4"],"gold_per_floor":[109,124,124,23,40,40,59,59,59,59,59,134,165,179,179,274,274,289,289,302,159,258,258,112,124,124,124,124,124,37,66,66,167,217,235,235,110,126,126,126,126,126,126,138,149,149,165,175,175,175],"floor_reached":51,"language":"ITA","playtime":5458,"items_purged":["Languid","Strike_S","Wraith"],"score":765,"play_id":"366afce0-8dc9-41f7-a4fa-ff0a5dbb6db6","local_time":"20210221123711","is_ascension_mode":false,"campfire_choices":[{"data":"FloweringNight","floor":6.0,"key":"SMITH"},{"data":"Exchange","floor":8.0,"key":"SMITH"},{"floor":11.0,"key":"REST"},{"floor":15.0,"key":"REST"},{"floor":23.0,"key":"REST"},{"data":"Revamp","floor":32.0,"key":"SMITH"},{"floor":40.0,"key":"REST"},{"floor":49.0,"key":"REST"}],"circlet_count":0,"master_deck":["Strike_S","Strike_S","Defend_S","Defend_S","Defend_S","Defend_S","KidneyShot","Exchange+1","FloweringNight+1","Rearm","Replace+1","ShatteredReality","Rewind","Ricochet","Potential","KillingDoll","Alleviate+1","Comet","RealityMarble","Revamp+1","Potential","Spreading Infection","InstantArmor","SurpressingFire","SurpressingFire+1","CommonCold","TimeWarp+1","SilverBlades+1","Replay:Hysterical Blindness","Parasite"],"relics":["Uniform","Snack Pack","Divine Protection","Cursed Key","Iron Hammer","Lizard Tail","Meat on the Bone","Prayer Wheel","Tiny House","InkBottle","Golden Egg"],"acts_visited":["Exordium","TheCity","TheBeyond"],"potions_floor_usage":[50,50,50],"damage_taken":[{"damage":0.0,"enemies":"2 Louse","floor":1.0,"turns":4.0},{"damage":12.0,"enemies":"Small Slimes","floor":2.0,"turns":5.0},{"damage":6.0,"enemies":"Jaw Worm","floor":5.0,"turns":3.0},{"damage":0.0,"enemies":"Exordium Wildlife","floor":7.0,"turns":3.0},{"damage":29.0,"enemies":"Gremlin Nob","floor":13.0,"turns":5.0},{"damage":0.0,"enemies":"Blue Slaver","floor":14.0,"turns":3.0},{"damage":4.0,"enemies":"The Guardian","floor":16.0,"turns":6.0},{"damage":0.0,"enemies":"Shell Parasite","floor":18.0,"turns":3.0},{"damage":0.0,"enemies":"Chosen","floor":20.0,"turns":4.0},{"damage":0.0,"enemies":"Snecko","floor":25.0,"turns":4.0},{"damage":0.0,"enemies":"Centurion and Healer","floor":30.0,"turns":4.0},{"damage":0.0,"enemies":"Book of Stabbing","floor":31.0,"turns":4.0},{"damage":0.0,"enemies":"Automaton","floor":33.0,"turns":6.0},{"damage":25.0,"enemies":"3 Shapes","floor":35.0,"turns":5.0},{"damage":0.0,"enemies":"3 Darklings","floor":38.0,"turns":4.0},{"damage":157.0,"enemies":"Sphere and 2 Shapes","floor":44.0,"turns":5.0},{"damage":0.0,"enemies":"Transient","floor":45.0,"turns":5.0},{"damage":0.0,"enemies":"4 Shapes","floor":47.0,"turns":3.0},{"damage":13.0,"enemies":"Writhing Mass","floor":48.0,"turns":6.0},{"damage":0,"enemies":"Donu and Deca","floor":50,"turns":8}],"seed_played":"6875948176205930190","potions_obtained":[{"floor":2.0,"key":"Fire Potion"},{"floor":16.0,"key":"Strength Potion"},{"floor":18.0,"key":"Fire Potion"},{"floor":31.0,"key":"AttackPotion"},{"floor":33.0,"key":"PowerPotion"},{"floor":38.0,"key":"Reflective Coating"},{"floor":44.0,"key":"LifebloodPotion"}],"is_trial":false,"path_per_floor":["M","M","?","$","M","R","M","R","T","?","R","?","E","M","R","B",null,"M","?","M","$","?","R","$","M","T","$","T","$","M","E","R","B",null,"M","?","$","M","?","R","T","?","T","M","M","?","M","M","R","B",null],"character_chosen":"THE_SERVANT","items_purchased":["ShatteredReality","Rewind","RealityMarble","Potential"],"campfire_rested":5,"item_purchase_floors":[4,4,21,24],"current_hp_per_floor":[65,53,53,53,47,47,47,47,47,47,65,54,27,31,50,50,65,65,65,65,65,39,58,58,60,60,60,60,60,64,65,65,65,70,45,45,45,55,55,70,70,70,70,39,47,47,49,40,61,67],"gold":175,"neow_bonus":"ONE_RANDOM_RARE_CARD","is_daily":false,"chose_seed":false,"campfire_upgraded":3,"win_rate":0.0,"timestamp":1613907431,"path_taken":["M","M","?","$","M","R","M","R","T","?","R","?","E","M","R","BOSS","M","?","M","$","?","R","?","M","T","?","?","$","M","E","R","BOSS","M","?","$","M","?","R","?","?","T","?","M","?","?","M","R","BOSS"],"items_purchased_type":["Card","Card","Card","Card"],"build_version":"2020-12-22","purchased_purges":3,"victory":true,"max_hp_per_floor":[65,65,65,65,65,65,65,65,65,65,65,65,65,65,65,65,65,65,65,65,65,65,65,65,65,65,65,65,65,65,65,65,65,70,70,70,70,70,70,70,70,70,70,70,70,70,70,70,70,70],"card_choices":[{"not_picked":["FastForward","Snipe"],"picked":"Rearm","floor":1.0},{"not_picked":["Collapse","Manipulate"],"picked":"Replace","floor":2.0},{"not_picked":["Unruled","ReturningBlade","Desolation"],"picked":"SKIP","floor":5.0},{"not_picked":["Duplication","Starlight","Defy"],"picked":"SKIP","floor":7.0},{"not_picked":["DancingSilver","Spin","StarChef"],"picked":"SKIP","floor":13.0},{"not_picked":["InstantArmor","SurpressingFire"],"picked":"Potential","floor":14.0},{"not_picked":["Dilation","SilverMatrix"],"picked":"KillingDoll","floor":16.0},{"not_picked":["Starlight+1","Shuttle+1"],"picked":"Alleviate","floor":18.0},{"not_picked":["Starlight","Defy"],"picked":"Comet","floor":20.0},{"not_picked":["Alleviate","Solidify"],"picked":"Revamp","floor":22.0},{"not_picked":["Defy","GearUp","Ricochet"],"picked":"SKIP","floor":25.0},{"not_picked":["Shuttle","Orbit"],"picked":"InstantArmor","floor":30.0},{"not_picked":["Sabotage","Revamp"],"picked":"SurpressingFire","floor":31.0},{"not_picked":["Desolation+1","Potential"],"picked":"SurpressingFire","floor":35.0},{"not_picked":["Alleviate","Hightail","Spin"],"picked":"SKIP","floor":35.0},{"not_picked":["Gouge","Manipulate+1","Rearm+1"],"picked":"SKIP","floor":38.0},{"not_picked":["Barrier+1","Desolation+1","DoubleEdge+1"],"picked":"SKIP","floor":38.0},{"not_picked":["TheWorld","Ricochet"],"picked":"TimeWarp+1","floor":44.0},{"not_picked":["Unruled+1","ShatteredReality+1","Rewind+1"],"picked":"SKIP","floor":44.0},{"not_picked":["Barrier+1","Desolation+1"],"picked":"SilverBlades+1","floor":45.0},{"not_picked":["Defy","DancingSilver","InstantArmor"],"picked":"SKIP","floor":45.0},{"not_picked":["Revamp","Unruled","Snipe+1"],"picked":"SKIP","floor":47.0},{"not_picked":["Rearm+1","BestPractice","Ricochet"],"picked":"SKIP","floor":47.0},{"not_picked":["BottledTime+1","Spin","Hightail+1"],"picked":"SKIP","floor":48.0},{"not_picked":["Starlight","Revamp","Replace+1"],"picked":"SKIP","floor":48.0}],"player_experience":402260,"relics_obtained":[{"floor":9.0,"key":"Snack Pack"},{"floor":13.0,"key":"Divine Protection"},{"floor":26.0,"key":"Lizard Tail"},{"floor":28.0,"key":"Meat on the Bone"},{"floor":31.0,"key":"Prayer Wheel"},{"floor":41.0,"key":"InkBottle"},{"floor":43.0,"key":"Golden Egg"}],"event_choices":[{"damage_healed":0.0,"max_hp_gain":0.0,"max_hp_loss":0.0,"gold_gain":0.0,"cards_transformed":["Strike_S"],"event_name":"Living Wall","player_choice":"Change","floor":10.0,"gold_loss":0.0,"damage_taken":0.0,"cards_obtained":["Ricochet"]},{"damage_healed":0.0,"max_hp_gain":0.0,"max_hp_loss":0.0,"gold_gain":75.0,"event_name":"World of Goop","player_choice":"Gather Gold","floor":12.0,"gold_loss":0.0,"damage_taken":11.0},{"damage_healed":0.0,"max_hp_gain":0.0,"max_hp_loss":0.0,"gold_gain":0.0,"event_name":"OrinTheCat","player_choice":"Ignored","floor":36.0,"gold_loss":0.0,"damage_taken":0.0},{"damage_healed":0.0,"max_hp_gain":0.0,"max_hp_loss":0.0,"gold_gain":0.0,"event_name":"Accursed Blacksmith","player_choice":"Forge","floor":42.0,"gold_loss":0.0,"damage_taken":0.0,"cards_upgraded":["SurpressingFire"]},{"damage_healed":0.0,"max_hp_gain":0.0,"max_hp_loss":0.0,"gold_gain":0.0,"cards_transformed":["Looming Evil"],"event_name":"Transmorgrifier","player_choice":"Transformed","floor":46.0,"gold_loss":0.0,"damage_taken":0.0,"cards_obtained":["Replay:Hysterical Blindness"]}],"is_beta":false,"boss_relics":[{"not_picked":["ChewingGum","Honey Jar"],"picked":"Cursed Key"},{"not_picked":["Coffee Dripper","Ring of Chaos"],"picked":"Tiny House"}],"items_purged_floors":[21,24,37],"is_endless":false,"potions_floor_spawned":[2,13,16,18,31,33,38,44,48],"ascension_level":0}}