{"host":"117k4jqr844m944g","time":1613896204,"event":{"mods":["BaseMod","Downfall","Minty Spire (QoL Compilation)","StSLib","UnlockEverythingMod"],"gold_per_floor":[99,99,99,24,24,44,70,80,115,140,156,174,74,98,122,222,222,222,242,270,163,163,204,204,204,404,304,323,340,340,358,385,490,490,490,503,515,233,233,255,255,288,288,303,203,241,223,245,263,263,263,300,78,78,78,78,78,78],"floor_reached":56,"language":"ZHS","playtime":3435,"items_purged":["hexamod:Strike","hexamod:Strike","hexamod:Sear","hexamod:NightmareStrike"],"score":831,"play_id":"34aab110-fc0e-4948-87a5-bd264d9d42b3","local_time":"20210221163004","is_ascension_mode":false,"campfire_choices":[{"data":"hexamod:Float","floor":1.0,"key":"SMITH"},{"data":"hexamod:Rewind","floor":13.0,"key":"SMITH"},{"data":"hexamod:ParanormalForm","floor":18.0,"key":"SMITH"},{"data":"hexamod:UnleashSpirits","floor":27.0,"key":"SMITH"},{"floor":35.0,"key":"RECALL"},{"data":"hexamod:NecessarySacrifice","floor":45.0,"key":"SMITH"},{"data":"hexamod:ForkedFlame","floor":54.0,"key":"SMITH"}],"circlet_count":0,"master_deck":["hexamod:Float+1","hexamod:NecessarySacrifice","hexamod:UnleashSpirits+1","hexamod:FourthSeal","hexamod:Rewind+1","hexamod:SecondSeal","hexamod:Hexaguard","hexamod:ParanormalForm+1","CurseOfTheBell","hexamod:NightmareGuise+1","hexamod:FirstSeal","Ghostly","Ghostly","Ghostly","hexamod:Rewind+1","hexamod:SkipABeat+1","hexamod:NecessarySacrifice+1","hexamod:TimeOfNeed","hexamod:FlamesFromBeyond","hexamod:ThirdSeal","hexamod:UnleashSpirits","hexamod:RetreatToShadows+1","hexamod:EmpoweredFlame+1","hexamod:UnleashSpirits","hexamod:Hexaguard+1","hexamod:ForkedFlame+1","hexamod:GhostOfSpireFuture"],"relics":["hexamod:SpiritBrand","downfall:HeartsMalice","Ginger","Bronze Scales","downfall:HeartBlessingBlue","Calling Bell","Strawberry","Singing Bowl","Dead Branch","Potion Belt","Letter Opener","downfall:HeartBlessingGreen","Sozu","TheAbacus","The Courier","Centennial Puzzle","downfall:HeartBlessingRed","Orichalcum","hexamod:MatchstickCase","Happy Flower","Mummified Hand"],"acts_visited":["Exordium","TheCity","TheBeyond","TheEnding"],"potions_floor_usage":[56,56],"damage_taken":[{"damage":0.0,"enemies":"Small Slimes","floor":2.0,"turns":1.0},{"damage":0.0,"enemies":"Jaw Worm","floor":3.0,"turns":1.0},{"damage":0.0,"enemies":"downfall:FleeingMerchant","floor":4.0,"turns":1.0},{"damage":1.0,"enemies":"2 Louse","floor":6.0,"turns":2.0},{"damage":7.0,"enemies":"downfall:LooterAlt","floor":8.0,"turns":4.0},{"damage":28.0,"enemies":"Lagavulin","floor":9.0,"turns":8.0},{"damage":2.0,"enemies":"2 Fungi Beasts","floor":11.0,"turns":3.0},{"damage":7.0,"enemies":"Blue Slaver","floor":12.0,"turns":3.0},{"damage":0.0,"enemies":"downfall:LooterAlt","floor":14.0,"turns":3.0},{"damage":14.0,"enemies":"Red Slaver","floor":15.0,"turns":4.0},{"damage":22.0,"enemies":"DF_ARCHETYPE_STREAMLINE","floor":16.0,"turns":9.0},{"damage":0.0,"enemies":"Chosen","floor":19.0,"turns":4.0},{"damage":5.0,"enemies":"downfall:LooterAlt2","floor":20.0,"turns":3.0},{"damage":5.0,"enemies":"downfall:FleeingMerchant","floor":21.0,"turns":4.0},{"damage":26.0,"enemies":"Book of Stabbing","floor":23.0,"turns":6.0},{"damage":2.0,"enemies":"Book of Stabbing","floor":26.0,"turns":5.0},{"damage":2.0,"enemies":"Snecko","floor":28.0,"turns":4.0},{"damage":0.0,"enemies":"Centurion and Healer","floor":29.0,"turns":4.0},{"damage":0.0,"enemies":"Snake Plant","floor":31.0,"turns":2.0},{"damage":11.0,"enemies":"Chosen and Byrds","floor":32.0,"turns":5.0},{"damage":7.0,"enemies":"WA_ARCHETYPE_CALM","floor":33.0,"turns":5.0},{"damage":0.0,"enemies":"3 Shapes","floor":36.0,"turns":3.0},{"damage":0.0,"enemies":"3 Darklings","floor":37.0,"turns":3.0},{"damage":0.0,"enemies":"downfall:FleeingMerchant","floor":38.0,"turns":4.0},{"damage":1.0,"enemies":"Sphere and 2 Shapes","floor":40.0,"turns":4.0},{"damage":0.0,"enemies":"Reptomancer","floor":42.0,"turns":4.0},{"damage":1.0,"enemies":"Spire Growth","floor":44.0,"turns":3.0},{"damage":3.0,"enemies":"Giant Head","floor":46.0,"turns":5.0},{"damage":1.0,"enemies":"downfall:FleeingMerchant","floor":47.0,"turns":4.0},{"damage":1.0,"enemies":"Jaw Worm Horde","floor":48.0,"turns":3.0},{"damage":9.0,"enemies":"Writhing Mass","floor":49.0,"turns":3.0},{"damage":6.0,"enemies":"SI_POISON_ARCHETYPE","floor":50.0,"turns":6.0},{"damage":90.0,"enemies":"downfall:CharBossMerchant","floor":52.0,"turns":8.0},{"damage":12.0,"enemies":"downfall:NeowBoss","floor":55.0,"turns":9.0},{"damage":28,"enemies":"downfall:NeowBossFinal","floor":56,"turns":5}],"seed_played":"-6518971598086958742","potions_obtained":[{"floor":6.0,"key":"EntropicBrew"},{"floor":8.0,"key":"Fire Potion"},{"floor":8.0,"key":"Strength Potion"},{"floor":9.0,"key":"DistilledChaos"},{"floor":11.0,"key":"EntropicBrew"},{"floor":12.0,"key":"FairyPotion"},{"floor":16.0,"key":"SteroidPotion"},{"floor":16.0,"key":"DistilledChaos"},{"floor":19.0,"key":"champ:CounterPotion"},{"floor":20.0,"key":"Explosive Potion"},{"floor":20.0,"key":"SteroidPotion"},{"floor":21.0,"key":"bronze:BurnAndBuffPotion"},{"floor":23.0,"key":"EntropicBrew"},{"floor":23.0,"key":"FairyPotion"},{"floor":28.0,"key":"SneckoOil"},{"floor":31.0,"key":"Swift Potion"},{"floor":32.0,"key":"GamblersBrew"}],"is_trial":false,"path_per_floor":["R","M","M","$","?","M","T","M","E","T","M","M","R","M","M","B",null,"R","M","M","$","?","E","T","?","?","R","M","M","?","M","M","B",null,"R","M","M","$","?","M","T","E","?","M","R","E","$","M","M","B",null,"E","$","R","B","B"],"character_chosen":"THE_SPIRIT","items_purchased":["TheAbacus","hexamod:MatchstickCase","hexamod:UnleashSpirits","Mummified Hand","hexamod:GhostOfSpireFuture"],"campfire_rested":0,"item_purchase_floors":[38,47,47,53,53],"current_hp_per_floor":[70,70,70,70,70,69,69,62,34,34,32,25,35,35,21,23,87,87,89,84,79,44,25,25,25,30,30,30,37,30,32,28,28,53,53,53,55,57,57,60,60,65,65,67,67,66,71,74,74,68,77,32,32,32,27,0,0,0],"gold":78,"neow_bonus":"THREE_ENEMY_KILL","is_daily":false,"chose_seed":false,"campfire_upgraded":6,"win_rate":0.0,"timestamp":1613896204,"path_taken":["R","M","M","$","?","M","T","M","E","?","M","M","R","M","M","BOSS","R","M","M","$","?","E","T","?","?","R","M","M","?","M","M","BOSS","R","M","M","$","?","M","T","E","?","M","R","E","$","M","M","BOSS","E","$","R","BOSS","BOSS"],"items_purchased_type":["Relic","Relic","Card","Relic","Card"],"build_version":"2020-12-22","purchased_purges":4,"victory":false,"max_hp_per_floor":[70,70,70,70,70,70,70,70,70,70,70,70,80,80,80,80,87,87,89,89,89,44,44,44,44,44,44,46,46,51,53,53,53,53,53,53,55,57,57,61,61,65,65,67,67,69,71,75,77,77,77,79,79,79,79,79,79,79],"card_choices":[{"not_picked":["hexamod:InspiringFlames","hexamod:SwordOfDarkness"],"picked":"hexamod:GhostLash","floor":2.0},{"not_picked":["hexamod:ThermalTransfer","hexamod:ShieldOfDarkness"],"picked":"hexamod:NecessarySacrifice","floor":3.0},{"not_picked":["hexamod:RetreatToShadows","hexamod:FastForward"],"picked":"hexamod:UnleashSpirits","floor":4.0},{"not_picked":["hexamod:PowerFromBeyond","hexamod:PhantomFireball"],"picked":"hexamod:FourthSeal","floor":6.0},{"not_picked":["hexamod:SoulSteal","hexamod:NightmareStrike","hexamod:SkipABeat"],"picked":"SKIP","floor":8.0},{"not_picked":["hexamod:HeatMetal","hexamod:BacktrackSmack"],"picked":"hexamod:NightmareStrike","floor":9.0},{"not_picked":["hexamod:FastForward","hexamod:Again"],"picked":"hexamod:Rewind","floor":11.0},{"not_picked":["hexamod:GhostOfSpirePast","hexamod:InspiringFlames"],"picked":"hexamod:SecondSeal","floor":12.0},{"not_picked":["hexamod:SuperheatedStrike","hexamod:VolcanoVisage"],"picked":"hexamod:Hexaguard","floor":14.0},{"not_picked":["hexamod:Rewind","hexamod:GhostLash","hexamod:BurningTouch"],"picked":"SKIP","floor":15.0},{"not_picked":["hexamod:TimeOfNeed","hexamod:VolcanoVisage"],"picked":"hexamod:ParanormalForm","floor":16.0},{"not_picked":["hexamod:ChargedBarrage+1","hexamod:FastForward","hexamod:HeatMetal"],"picked":"Singing Bowl","floor":19.0},{"not_picked":["hexamod:Firestarter","hexamod:WildfireWeapon"],"picked":"hexamod:NightmareGuise+1","floor":20.0},{"not_picked":["hexamod:HeatShield","hexamod:HauntingEcho"],"picked":"hexamod:FirstSeal","floor":21.0},{"not_picked":["hexamod:Incineration+1","hexamod:ThermalTransfer+1"],"picked":"hexamod:Rewind+1","floor":23.0},{"not_picked":["hexamod:HeatMetal","hexamod:Firestarter","hexamod:DynamicBlow+1"],"picked":"Singing Bowl","floor":28.0},{"not_picked":["hexamod:HauntingEcho","hexamod:Firestarter+1"],"picked":"hexamod:SkipABeat+1","floor":29.0},{"not_picked":["hexamod:FastForward","hexamod:ThermalTransfer","hexamod:SpectersWail"],"picked":"Singing Bowl","floor":31.0},{"not_picked":["hexamod:TimeWarp","hexamod:FastForward"],"picked":"hexamod:NecessarySacrifice","floor":32.0},{"not_picked":["hexamod:WildfireWeapon","hexamod:GhostOfSpirePresent"],"picked":"hexamod:TimeOfNeed","floor":33.0},{"not_picked":["hexamod:GhostOfSpirePast","hexamod:StepThrough"],"picked":"hexamod:FlamesFromBeyond","floor":36.0},{"not_picked":["hexamod:Haunt","hexamod:GhostShield","hexamod:GhostOfSpirePast+1"],"picked":"Singing Bowl","floor":37.0},{"not_picked":["hexamod:GhostOfSpirePast","hexamod:PhantomCloak+1","hexamod:FlamesFromBeyond+1"],"picked":"Singing Bowl","floor":38.0},{"not_picked":["hexamod:SuperheatedStrike+1","hexamod:NightmareGuise+1","hexamod:BurningTouch"],"picked":"Singing Bowl","floor":40.0},{"not_picked":["hexamod:DynamicBlow","hexamod:Again+1","hexamod:ChargedBarrage+1"],"picked":"Singing Bowl","floor":40.0},{"not_picked":["hexamod:SkipABeat+1","hexamod:ThermalTransfer+1","hexamod:SuperheatedStrike"],"picked":"Singing Bowl","floor":42.0},{"not_picked":["hexamod:ChargedBarrage","hexamod:FastForward","hexamod:HeatMetal"],"picked":"Singing Bowl","floor":42.0},{"not_picked":["hexamod:GhostShield+1","hexamod:SpectersWail+1"],"picked":"hexamod:UnleashSpirits","floor":44.0},{"not_picked":["hexamod:HauntingEcho","hexamod:BacktrackSmack","hexamod:FastForward"],"picked":"Singing Bowl","floor":44.0},{"not_picked":["hexamod:GhostShield","hexamod:StepThrough+1"],"picked":"hexamod:RetreatToShadows+1","floor":46.0},{"not_picked":["hexamod:ChargedBarrage","hexamod:SpectralSpark","hexamod:VolcanoVisage"],"picked":"Singing Bowl","floor":46.0},{"not_picked":["hexamod:Rewind+1","hexamod:Hexaguard"],"picked":"hexamod:EmpoweredFlame+1","floor":47.0},{"not_picked":["hexamod:NightmareStrike","hexamod:SecondSeal","hexamod:ThermalTransfer+1"],"picked":"Singing Bowl","floor":47.0},{"not_picked":["hexamod:GhostLash+1","hexamod:HeatCrush+1","hexamod:GhostShield"],"picked":"Singing Bowl","floor":48.0},{"not_picked":["hexamod:ShieldOfDarkness+1","hexamod:CatchUp+1","hexamod:NightmareGuise+1"],"picked":"Singing Bowl","floor":48.0},{"not_picked":["hexamod:SpectralSpark","hexamod:AdvancingGuard"],"picked":"hexamod:Hexaguard+1","floor":49.0},{"not_picked":["hexamod:BacktrackSmack+1","hexamod:FastForward","hexamod:SpectralSpark"],"picked":"Singing Bowl","floor":49.0},{"not_picked":["hexamod:FastForward","hexamod:SpectersWail"],"picked":"hexamod:ForkedFlame","floor":52.0},{"not_picked":["hexamod:RainOfEmbers","hexamod:HauntingEcho+1","hexamod:Incineration+1"],"picked":"Singing Bowl","floor":52.0}],"player_experience":102433,"relics_obtained":[{"floor":9.0,"key":"Ginger"},{"floor":10.0,"key":"Bronze Scales"},{"floor":17.0,"key":"Strawberry"},{"floor":17.0,"key":"Singing Bowl"},{"floor":17.0,"key":"Dead Branch"},{"floor":23.0,"key":"Potion Belt"},{"floor":24.0,"key":"Letter Opener"},{"floor":41.0,"key":"The Courier"},{"floor":42.0,"key":"Centennial Puzzle"},{"floor":46.0,"key":"Orichalcum"},{"floor":52.0,"key":"Happy Flower"}],"event_choices":[{"cards_removed":["hexamod:Strike"],"damage_healed":0.0,"max_hp_gain":0.0,"max_hp_loss":0.0,"gold_gain":0.0,"event_name":"The Cleric","player_choice":"Card Removal","floor":5.0,"gold_loss":0.0,"damage_taken":0.0}],"is_beta":false,"boss_relics":[{"not_picked":["Philosopher\u0027s Stone","Black Star"],"picked":"Calling Bell"},{"not_picked":["Tiny House","Velvet Choker"],"picked":"Sozu"}],"items_purged_floors":[4,21,38,47],"is_endless":false,"potions_floor_spawned":[6,8,9,11,14,15,16,20,23,29,31,32,33,36,44,46,48,49],"killed_by":"downfall:NeowBossFinal","ascension_level":0}}