{"host":"8ztb9kwpjc2zof9s","time":1613881289,"event":{"mods":["BaseMod","Block Reminder","Curses Come First","Minty Spire (QoL Compilation)","Relic Stats","StSLib"],"gold_per_floor":[115,129,141,160,160,190,190,216,265,265,281,295,321,26,26,26,26],"floor_reached":16,"language":"ENG","playtime":2012,"items_purged":[],"score":201,"play_id":"96bb05a2-3d3e-4957-8611-a20cb83c128a","local_time":"20210220202129","is_ascension_mode":true,"campfire_choices":[{"floor":7,"key":"REST"},{"data":"Flying Knee","floor":10,"key":"SMITH"},{"floor":15,"key":"REST"}],"circlet_count":0,"master_deck":["AscendersBane","Strike_G","Strike_G","Strike_G","Strike_G","Defend_G","Defend_G","Defend_G","Defend_G","Defend_G","Survivor","Neutralize","Flying Knee+1","Deadly Poison","Backflip","Cloak And Dagger","Tactician","Prepared","Blur","Blade Dance","Burst"],"relics":["Ring of the Snake","NeowsBlessing","Ice Cream","Darkstone Periapt","Smiling Mask","Tiny Chest","The Specimen"],"acts_visited":["Exordium"],"potions_floor_usage":[6,13,16],"damage_taken":[{"damage":0,"enemies":"Jaw Worm","floor":1,"turns":1},{"damage":0,"enemies":"Small Slimes","floor":2,"turns":1},{"damage":0,"enemies":"Cultist","floor":3,"turns":1},{"damage":3,"enemies":"3 Louse","floor":4,"turns":6},{"damage":36,"enemies":"Gremlin Nob","floor":6,"turns":5},{"damage":12,"enemies":"Lagavulin","floor":8,"turns":10},{"damage":0,"enemies":"Blue Slaver","floor":11,"turns":5},{"damage":0,"enemies":"2 Fungi Beasts","floor":12,"turns":5},{"damage":17,"enemies":"3 Sentries","floor":13,"turns":10},{"damage":38,"enemies":"Slime Boss","floor":16,"turns":9}],"seed_played":"6773068764647289063","potions_obtained":[{"floor":3,"key":"CultistPotion"},{"floor":8,"key":"Explosive Potion"},{"floor":13,"key":"BlessingOfTheForge"}],"is_trial":false,"path_per_floor":["M","M","M","M","?","E","R","E","T","R","M","M","E","$","R","B"],"character_chosen":"THE_SILENT","items_purchased":["The Specimen"],"campfire_rested":2,"item_purchase_floors":[14],"current_hp_per_floor":[63,63,63,60,60,24,45,33,33,33,33,33,16,16,37,0,0],"gold":26,"neow_bonus":"THREE_ENEMY_KILL","is_daily":false,"chose_seed":false,"campfire_upgraded":1,"win_rate":0.0,"timestamp":1613881289,"path_taken":["M","M","M","M","?","E","R","E","T","R","M","M","E","$","R","BOSS"],"items_purchased_type":["Relic"],"build_version":"2020-12-22","purchased_purges":0,"victory":false,"max_hp_per_floor":[70,70,70,70,70,70,70,70,70,70,70,70,70,70,70,70,70],"relic_stats":{"Darkstone Periapt":0,"counters":[10,53],"Tiny Chest":0,"Smiling Mask":0,"obtain_stats":[{"Ice Cream":6,"Darkstone Periapt":8,"NeowsBlessing":0,"The Specimen":14,"Tiny Chest":13,"Smiling Mask":9,"Ring of the Snake":0},{"Ice Cream":5,"Darkstone Periapt":6,"NeowsBlessing":0,"The Specimen":9,"Tiny Chest":9,"Smiling Mask":6,"Ring of the Snake":0},{"Ice Cream":14,"Darkstone Periapt":24,"NeowsBlessing":0,"The Specimen":44,"Tiny Chest":44,"Smiling Mask":24,"Ring of the Snake":0}],"Ring of the Snake":[20]},"card_choices":[{"not_picked":["Bane","Endless Agony"],"picked":"Flying Knee","floor":1},{"not_picked":["Dagger Throw","Deflect"],"picked":"Deadly Poison","floor":2},{"not_picked":["Bane","Flying Knee"],"picked":"Backflip","floor":3},{"not_picked":["Backflip","Acrobatics"],"picked":"Cloak And Dagger","floor":4},{"not_picked":["Poisoned Stab","Flying Knee"],"picked":"Tactician","floor":6},{"not_picked":["PiercingWail","Crippling Poison"],"picked":"Prepared","floor":8},{"not_picked":["Night Terror","Expertise"],"picked":"Blur","floor":11},{"not_picked":["Cloak And Dagger","Deflect"],"picked":"Blade Dance","floor":12},{"not_picked":["Catalyst","Well Laid Plans"],"picked":"Burst","floor":13}],"player_experience":361777,"relics_obtained":[{"floor":6,"key":"Ice Cream"},{"floor":8,"key":"Darkstone Periapt"},{"floor":9,"key":"Smiling Mask"},{"floor":13,"key":"Tiny Chest"}],"event_choices":[{"cards_removed":["Strike_G"],"damage_healed":0,"gold_gain":0,"player_choice":"Forget","damage_taken":0,"max_hp_gain":0,"max_hp_loss":0,"event_name":"Living Wall","floor":5,"gold_loss":0}],"is_beta":false,"boss_relics":[],"items_purged_floors":[],"is_endless":false,"potions_floor_spawned":[3,8,13],"killed_by":"Slime Boss","ascension_level":13}}