{"host":"prxrhpgaxnj4om9r","time":1613882460,"event":{"mods":["AchievementEnabler","BaseMod","Colored Map","DeckTracker","Minty Spire (QoL Compilation)"],"gold_per_floor":[109,109,109,133,208,208,226,242,242,263,296,311,330,355,355,484,484,509,509,532,532,551,551,198,198,223,223,223,223,223,8,8,109,109,123,139,139,139,113,113,126,126,180,280,280,309,309,325,325,325,325],"floor_reached":50,"language":"KOR","playtime":1861,"items_purged":[],"score":520,"play_id":"8a6e219f-c179-4f62-afd4-4f85d99e9be2","local_time":"20210221134100","is_ascension_mode":false,"campfire_choices":[{"floor":6,"key":"REST"},{"floor":15,"key":"REST"},{"floor":23,"key":"REST"},{"floor":27,"key":"REST"},{"data":"White Noise","floor":32,"key":"SMITH"},{"floor":40,"key":"RECALL"},{"floor":45,"key":"REST"},{"data":"Sunder","floor":49,"key":"SMITH"}],"circlet_count":0,"master_deck":["Strike_B","Strike_B","Strike_B","Defend_B","Defend_B","Defend_B","Zap+1","Dualcast","Cold Snap","Go for the Eyes","White Noise+1","Barrage","Auto Shields","Doom and Gloom","Consume","Genetic Algorithm","Streamline","Hologram","Buffer+1","CurseOfTheBell","Stack","Necronomicurse","Sunder+1","Blizzard","Beam Cell+1","RitualDagger","Defragment+1","Bullet Time","Turbo+1","Madness","Madness","Ball Lightning","Prepared+1","JustLucky","Doubt","BootSequence+1"],"relics":["Cracked Core","Bloody Idol","Frozen Egg 2","Gambling Chip","Calling Bell","Bag of Preparation","Sundial","WingedGreaves","Necronomicon","Matryoshka","Juzu Bracelet","DataDisk","Eternal Feather","PrismaticShard","Inserter","Regal Pillow","Boot","PreservedInsect"],"acts_visited":["Exordium","TheCity","TheBeyond"],"potions_floor_usage":[11,11,14,16,16,20,33,33,36,50],"damage_taken":[{"damage":9,"enemies":"Jaw Worm","floor":1,"turns":3},{"damage":0,"enemies":"Cultist","floor":4,"turns":3},{"damage":0,"enemies":"2 Louse","floor":7,"turns":3},{"damage":14,"enemies":"Large Slime","floor":8,"turns":3},{"damage":11,"enemies":"Looter","floor":10,"turns":3},{"damage":20,"enemies":"3 Sentries","floor":11,"turns":7},{"damage":0,"enemies":"Exordium Thugs","floor":12,"turns":4},{"damage":6,"enemies":"Exordium Wildlife","floor":13,"turns":4},{"damage":4,"enemies":"Gremlin Gang","floor":14,"turns":3},{"damage":14,"enemies":"Hexaghost","floor":16,"turns":8},{"damage":35,"enemies":"2 Thieves","floor":18,"turns":3},{"damage":0,"enemies":"Spheric Guardian","floor":20,"turns":2},{"damage":23,"enemies":"Snake Plant","floor":22,"turns":4},{"damage":8,"enemies":"Champ","floor":33,"turns":10},{"damage":0,"enemies":"Orb Walker","floor":35,"turns":3},{"damage":44,"enemies":"3 Darklings","floor":36,"turns":4},{"damage":19,"enemies":"Maw","floor":41,"turns":8},{"damage":115,"enemies":"Nemesis","floor":46,"turns":7},{"damage":31,"enemies":"Transient","floor":48,"turns":5},{"damage":78,"enemies":"Donu and Deca","floor":50,"turns":7}],"seed_played":"8583621256580649765","potions_obtained":[{"floor":4,"key":"Swift Potion"},{"floor":7,"key":"CultistPotion"},{"floor":10,"key":"Energy Potion"},{"floor":13,"key":"Energy Potion"},{"floor":14,"key":"LiquidMemories"},{"floor":16,"key":"Dexterity Potion"},{"floor":18,"key":"Energy Potion"},{"floor":22,"key":"SkillPotion"},{"floor":33,"key":"GamblersBrew"},{"floor":48,"key":"Ancient Potion"}],"is_trial":false,"path_per_floor":["M","?","T","M","?","R","M","M","T","M","E","M","M","M","R","B",null,"M","?","M","?","M","R","$","?","T","R","?","?","?","$","R","B",null,"M","M","?","?","$","R","M","?","T","?","R","E","?","M","R","B"],"character_chosen":"DEFECT","items_purchased":["Matryoshka","FairyPotion","Defragment+1","PrismaticShard","Ball Lightning"],"campfire_rested":5,"item_purchase_floors":[24,24,31,31,39],"current_hp_per_floor":[66,48,48,48,37,59,59,45,45,34,14,14,8,4,26,12,75,40,24,24,24,1,23,23,23,23,45,39,39,39,39,54,51,75,75,36,36,27,27,45,31,31,36,41,75,27,75,49,70,0,0],"gold":325,"neow_bonus":"TRANSFORM_CARD","is_daily":false,"chose_seed":false,"campfire_upgraded":2,"win_rate":0.0,"timestamp":1613882460,"path_taken":["M","?","?","?","?","R","M","M","T","M","E","M","M","M","R","BOSS","M","?","M","?","?","R","$","?","T","R","?","?","?","?","R","BOSS","M","M","?","?","$","R","M","?","T","?","R","E","?","M","R","BOSS"],"items_purchased_type":["Relic","Potion","Card","Relic","Card"],"build_version":"2020-12-22","purchased_purges":0,"victory":false,"max_hp_per_floor":[75,75,75,75,75,75,75,75,75,75,75,75,75,75,75,75,75,75,75,75,75,75,75,75,75,75,75,75,75,75,75,75,75,75,75,75,75,75,75,75,75,75,75,75,75,75,75,75,75,75,75],"card_choices":[{"not_picked":["Beam Cell","Rebound"],"picked":"Go for the Eyes","floor":1},{"not_picked":["Chill","Coolheaded"],"picked":"White Noise","floor":4},{"not_picked":["Loop","Cold Snap"],"picked":"Barrage","floor":7},{"not_picked":["Rebound","Tempest"],"picked":"Auto Shields","floor":8},{"not_picked":["Sweeping Beam","Scrape"],"picked":"Doom and Gloom","floor":10},{"not_picked":["Chill","Beam Cell"],"picked":"Consume","floor":11},{"not_picked":["Go for the Eyes","Melter"],"picked":"Genetic Algorithm","floor":12},{"not_picked":["Coolheaded","Compile Driver"],"picked":"Streamline","floor":13},{"not_picked":["Go for the Eyes","Beam Cell"],"picked":"Hologram","floor":14},{"not_picked":["Rainbow","Multi-Cast"],"picked":"Buffer+1","floor":16},{"not_picked":["Steam","Cold Snap+1"],"picked":"Stack","floor":18},{"not_picked":["Hologram","Compile Driver"],"picked":"Sunder","floor":20},{"not_picked":["Cold Snap","All For One"],"picked":"Beam Cell+1","floor":22},{"not_picked":["Chrysalis","Scrawl"],"picked":"Bullet Time","floor":33},{"not_picked":["Enlightenment","Armaments+1"],"picked":"Turbo+1","floor":35},{"not_picked":["Havoc","Purity+1","Flying Knee"],"picked":"SKIP","floor":36},{"not_picked":["FlurryOfBlows+1","Heatsinks+1"],"picked":"Prepared+1","floor":41},{"not_picked":["Evaluate","Twin Strike+1"],"picked":"JustLucky","floor":46},{"not_picked":["Venomology","Wild Strike+1"],"picked":"BootSequence+1","floor":48}],"player_experience":567523,"relics_obtained":[{"floor":9,"key":"Frozen Egg 2"},{"floor":11,"key":"Gambling Chip"},{"floor":17,"key":"Bag of Preparation"},{"floor":17,"key":"Sundial"},{"floor":17,"key":"WingedGreaves"},{"floor":19,"key":"Necronomicon"},{"floor":26,"key":"Juzu Bracelet"},{"floor":26,"key":"DataDisk"},{"floor":43,"key":"Regal Pillow"},{"floor":43,"key":"Boot"},{"floor":46,"key":"PreservedInsect"}],"event_choices":[{"damage_healed":0,"gold_gain":0,"player_choice":"Take Damage","damage_taken":18,"relics_obtained":["Golden Idol"],"max_hp_gain":0,"max_hp_loss":0,"event_name":"Golden Idol","floor":2,"gold_loss":0},{"damage_healed":0,"gold_gain":75,"player_choice":"Gather Gold","damage_taken":11,"max_hp_gain":0,"max_hp_loss":0,"event_name":"World of Goop","floor":5,"gold_loss":0},{"damage_healed":0,"gold_gain":0,"player_choice":"Obtained Book","damage_taken":16,"max_hp_gain":0,"max_hp_loss":0,"event_name":"Cursed Tome","floor":19,"gold_loss":0},{"damage_healed":0,"gold_gain":0,"cards_transformed":["Strike_B"],"player_choice":"Transformed","damage_taken":0,"max_hp_gain":0,"max_hp_loss":0,"event_name":"Transmorgrifier","floor":21,"gold_loss":0,"cards_obtained":["Blizzard"]},{"damage_healed":0,"gold_gain":0,"player_choice":"Upgraded","damage_taken":0,"max_hp_gain":0,"max_hp_loss":0,"event_name":"Upgrade Shrine","floor":25,"gold_loss":0,"cards_upgraded":["Zap"]},{"damage_healed":0,"gold_gain":0,"player_choice":"Joined the Cult","damage_taken":6,"max_hp_gain":0,"max_hp_loss":0,"event_name":"Nest","floor":28,"gold_loss":0,"cards_obtained":["RitualDagger"]},{"damage_healed":0,"gold_gain":0,"player_choice":"Gave Idol","damage_taken":0,"relics_obtained":["Bloody Idol"],"max_hp_gain":0,"max_hp_loss":0,"event_name":"Forgotten Altar","floor":29,"relics_lost":["Golden Idol"],"gold_loss":0},{"damage_healed":0,"gold_gain":0,"player_choice":"Opened","damage_taken":0,"relics_obtained":["Eternal Feather"],"max_hp_gain":0,"max_hp_loss":0,"event_name":"The Mausoleum","floor":30,"gold_loss":0},{"damage_healed":0,"gold_gain":0,"player_choice":"0 cards matched","damage_taken":0,"max_hp_gain":0,"max_hp_loss":0,"event_name":"Match and Keep!","floor":37,"gold_loss":0,"cards_obtained":[]},{"damage_healed":0,"gold_gain":0,"player_choice":"Embrace Madness","damage_taken":9,"max_hp_gain":0,"max_hp_loss":0,"event_name":"Winding Halls","floor":38,"gold_loss":0,"cards_obtained":["Madness","Madness"]},{"damage_healed":0,"gold_gain":0,"player_choice":"Ignored","damage_taken":0,"max_hp_gain":0,"max_hp_loss":0,"event_name":"Tomb of Lord Red Mask","floor":42,"gold_loss":0},{"damage_healed":0,"gold_gain":100,"player_choice":"Pray","damage_taken":0,"max_hp_gain":0,"max_hp_loss":0,"event_name":"Golden Shrine","floor":44,"gold_loss":0},{"damage_healed":48,"gold_gain":0,"player_choice":"Heal","damage_taken":0,"max_hp_gain":0,"max_hp_loss":0,"event_name":"MindBloom","floor":47,"gold_loss":0,"cards_obtained":["Doubt"]}],"is_beta":false,"boss_relics":[{"not_picked":["Runic Dome","Black Star"],"picked":"Calling Bell"},{"not_picked":["Tiny House","Nuclear Battery"],"picked":"Inserter"}],"items_purged_floors":[],"is_endless":false,"potions_floor_spawned":[4,7,10,13,14,16,18,22,33,48],"killed_by":"Donu and Deca","ascension_level":0}}