{"host":"zzgvnd5w85j1s2e6","time":1613926041,"event":{"mods":["Act Like it!","BaseMod","Hallownest","Minty Spire (QoL Compilation)","Replay The Spire","StSLib","The Bug Knight"],"gold_per_floor":[114,114,114,133,208,208,227,265,265,440,163,182,220,239,239,364,364,383,383,398,413,413,443,443,473,548,578,428,443,458,473,473,573,573,588,603,603,423,423,453,453,483,483,483,498,513,543,14,14,14],"floor_reached":51,"language":"ZHS","playtime":6468,"items_purged":["Doubt"],"score":1030,"play_id":"78bbad2a-7faf-406c-994f-feea412166af","local_time":"20210222004721","daily_mods":["SealedDeck","Green Cards","Elite Swarm"],"is_ascension_mode":false,"campfire_choices":[{"data":"WindmillStrike","floor":6.0,"key":"SMITH"},{"data":"Malaise","floor":15.0,"key":"SMITH"},{"data":"Bullet Time","floor":24.0,"key":"SMITH"},{"data":"MasterReality","floor":32,"key":"SMITH"},{"data":"Terror","floor":41,"key":"SMITH"},{"data":"Omniscience","floor":44,"key":"SMITH"},{"data":"Crescendo","floor":49,"key":"SMITH"}],"circlet_count":0,"master_deck":["Flying Knee+1","Dagger Throw+1","Underhanded Strike","Dagger Throw","Dodge and Roll","BattleHymn+1","Blade Dance","Backflip","Protect","Replay:AtTheReady","WindmillStrike+1","Terror+1","Burst+1","Crescendo+1","Eviscerate","Malaise+1","Unload","Sanctity+1","EmptyBody+1","Bullet Time+1","DeusExMachina","MasterReality+1","Wireheading+1","FlyingSleeves+1","Tools of the Trade+1","Indignation","FollowUp+1","Replay:AllIn","Omniscience+1","Blade Dance+1","Die Die Die+1","ReplayTheSpireMod:Scrap Shanks+1","Bullet Time+1"],"relics":["HolyWater","Bloody Idol","Durian","Eternal Feather","Guide Book","Blue Doll","SlaversCollar","Dead Branch","Whetstone","HornCleat","Replay:Wax Seal","Centennial Puzzle","Omamori","Chameleon Ring","ReplayFunnel","Golden Egg","White Beast Statue","Incense Burner","DollysMirror"],"acts_visited":["Exordium","TheCity","TheBeyond"],"potions_floor_usage":[33,35,50],"damage_taken":[{"damage":0.0,"enemies":"Small Slimes","floor":1.0,"turns":2.0},{"damage":0.0,"enemies":"2 Louse","floor":4.0,"turns":2.0},{"damage":0.0,"enemies":"Cultist","floor":7.0,"turns":2.0},{"damage":0.0,"enemies":"HollowMod:MossKnight","floor":8.0,"turns":2.0},{"damage":0.0,"enemies":"3 Louse","floor":12.0,"turns":1.0},{"damage":5.0,"enemies":"Replay:BlueRogue","floor":13.0,"turns":3.0},{"damage":10.0,"enemies":"Looter","floor":14.0,"turns":2.0},{"damage":8.0,"enemies":"Fading Forest","floor":16.0,"turns":9.0},{"damage":13.0,"enemies":"3 Byrds","floor":18.0,"turns":4.0},{"damage":0.0,"enemies":"Centurion and Healer","floor":20.0,"turns":3.0},{"damage":0.0,"enemies":"Shelled Parasite and Fungi","floor":21.0,"turns":4.0},{"damage":4.0,"enemies":"Book of Stabbing","floor":23.0,"turns":4.0},{"damage":0.0,"enemies":"Replay:Snechameleon","floor":25.0,"turns":3.0},{"damage":13.0,"enemies":"Book of Stabbing","floor":27.0,"turns":3.0},{"damage":0.0,"enemies":"Cultist and Chosen","floor":29.0,"turns":4.0},{"damage":6.0,"enemies":"Snake Plant","floor":30.0,"turns":2.0},{"damage":0.0,"enemies":"Sentry and Sphere","floor":31.0,"turns":5.0},{"damage":0,"enemies":"Collector","floor":33,"turns":4},{"damage":9,"enemies":"3 Shapes","floor":35,"turns":2},{"damage":17,"enemies":"3 Darklings","floor":36,"turns":2},{"damage":0,"enemies":"HollowMod:StalkingDevout","floor":40,"turns":2},{"damage":0,"enemies":"Giant Head","floor":42,"turns":3},{"damage":0,"enemies":"Transient","floor":45,"turns":5},{"damage":1,"enemies":"Sphere and 2 Shapes","floor":46,"turns":3},{"damage":0,"enemies":"R_Hoarder","floor":47,"turns":3},{"damage":82,"enemies":"Awakened One","floor":50,"turns":6}],"seed_played":"-7397021786818157212","potions_obtained":[{"floor":8.0,"key":"Adrenaline Potion"},{"floor":12.0,"key":"Weak Potion"},{"floor":18.0,"key":"Elixir"},{"floor":21.0,"key":"Block Potion"},{"floor":25.0,"key":"Energy Potion"},{"floor":30.0,"key":"FairyPotion"},{"floor":33,"key":"Fruit Juice"},{"floor":35,"key":"Death Potion"},{"floor":45,"key":"LifebloodPotion"}],"is_trial":false,"path_per_floor":["M","?","?","M","?","R","M","E","T","?","$","M","E","M","R","B",null,"M","?","M","M","$","E","R","E","T","E","$","M","M","M","R","B",null,"M","M","?","$","?","E","R","E","T","R","M","M","E","$","R","B",null],"character_chosen":"WATCHER","items_purchased":["Guide Book","Crescendo","Centennial Puzzle","FollowUp+1","Omamori","Incense Burner","ReplayTheSpireMod:Scrap Shanks","DollysMirror"],"campfire_rested":0,"item_purchase_floors":[11,11,28,38,38,48,48,48],"current_hp_per_floor":[72,54,59,59,48,48,48,53,53,53,53,53,48,38,47,49,82,69,69,74,79,79,80,82,82,82,74,74,79,78,82,82,82,82,83,71,71,71,71,76,87,87,87,87,87,87,87,87,87,5],"gold":14,"neow_bonus":"","is_daily":true,"chose_seed":false,"campfire_upgraded":7,"win_rate":0.0,"timestamp":1613926041,"path_taken":["M","?","?","M","?","R","M","E","T","?","$","M","E","M","R","BOSS","M","?","M","M","$","E","R","E","T","E","$","M","M","M","R","BOSS","M","M","?","$","?","E","R","E","T","R","?","M","E","$","R","BOSS"],"items_purchased_type":["Relic","Card","Relic","Card","Relic","Relic","Card","Relic"],"build_version":"2020-12-22","purchased_purges":1,"victory":true,"max_hp_per_floor":[72,72,77,77,77,77,77,82,82,82,82,82,82,82,82,82,82,82,82,82,82,82,82,82,82,82,82,82,82,82,82,82,82,82,87,87,87,87,87,87,87,87,87,87,87,87,87,87,87,87],"card_choices":[{"not_picked":["ReplayTheSpireMod:Shiv Toss","PathToVictory","Backflip"],"picked":"SKIP","floor":1.0},{"not_picked":["Consecrate","Outmaneuver"],"picked":"WindmillStrike","floor":4.0},{"not_picked":["ThirdEye","Prostrate"],"picked":"Terror","floor":7.0},{"not_picked":["Envenom","Establishment"],"picked":"Burst","floor":8.0},{"not_picked":["Blade Dance","Evaluate"],"picked":"Eviscerate","floor":12.0},{"not_picked":["Storm of Steel","ReplayTheSpireMod:Necrosis"],"picked":"Malaise","floor":13.0},{"not_picked":["Prepared","Replay:ManipulateFuture","Collect"],"picked":"SKIP","floor":14.0},{"not_picked":["A Thousand Cuts","Malaise"],"picked":"Unload","floor":16.0},{"not_picked":["Prostrate+1","Replay:Poison Smokescreen+1"],"picked":"Sanctity+1","floor":18.0},{"not_picked":["Cloak And Dagger","JustLucky","Terror"],"picked":"SKIP","floor":20.0},{"not_picked":["Perseverance","Prostrate"],"picked":"EmptyBody+1","floor":21.0},{"not_picked":["Establishment","Scrawl"],"picked":"Bullet Time","floor":23.0},{"not_picked":["Unload","Blasphemy"],"picked":"DeusExMachina","floor":25.0},{"not_picked":["Judgement","Grand Finale"],"picked":"MasterReality","floor":27.0},{"not_picked":["MentalFortress","Worship+1"],"picked":"Wireheading+1","floor":29.0},{"not_picked":["Slice","Accuracy"],"picked":"FlyingSleeves+1","floor":30.0},{"not_picked":["Bouncing Flask+1","Adaptation","JustLucky"],"picked":"SKIP","floor":31.0},{"not_picked":["Poison Darts","A Thousand Cuts"],"picked":"Tools of the Trade","floor":33},{"not_picked":["Evaluate+1","TalkToTheHand+1"],"picked":"Indignation","floor":35},{"not_picked":["Backflip","ReplayTheSpireMod:Exploit Weakness","Flying Knee+1"],"picked":"SKIP","floor":36},{"not_picked":["A Thousand Cuts","MasterReality"],"picked":"Replay:AllIn","floor":40},{"not_picked":["Wraith Form v2","Grand Finale"],"picked":"Omniscience","floor":42},{"not_picked":["Poisoned Stab+1","Underhanded Strike"],"picked":"Blade Dance+1","floor":45},{"not_picked":["Outmaneuver","PiercingWail","Prepared+1"],"picked":"SKIP","floor":46},{"not_picked":["Malaise","Omniscience"],"picked":"Die Die Die","floor":47}],"player_experience":445197,"relics_obtained":[{"floor":8.0,"key":"Durian"},{"floor":9.0,"key":"Eternal Feather"},{"floor":13.0,"key":"Blue Doll"},{"floor":23.0,"key":"Dead Branch"},{"floor":25.0,"key":"Whetstone"},{"floor":26.0,"key":"HornCleat"},{"floor":27.0,"key":"Replay:Wax Seal"},{"floor":40,"key":"Chameleon Ring"},{"floor":42,"key":"ReplayFunnel"},{"floor":43,"key":"Golden Egg"},{"floor":47,"key":"White Beast Statue"}],"event_choices":[{"damage_healed":0.0,"max_hp_gain":0.0,"max_hp_loss":0.0,"gold_gain":0.0,"event_name":"Golden Idol","player_choice":"Take Damage","floor":2.0,"gold_loss":0.0,"damage_taken":18.0,"relics_obtained":["Golden Idol"]},{"damage_healed":0.0,"max_hp_gain":5.0,"max_hp_loss":0.0,"gold_gain":0.0,"event_name":"Big Fish","player_choice":"Donut","floor":3.0,"gold_loss":0.0,"damage_taken":0.0},{"damage_healed":0.0,"max_hp_gain":0.0,"max_hp_loss":0.0,"gold_gain":75.0,"event_name":"World of Goop","player_choice":"Gather Gold","floor":5.0,"gold_loss":0.0,"damage_taken":11.0},{"damage_healed":0.0,"max_hp_gain":0.0,"max_hp_loss":0.0,"gold_gain":175.0,"event_name":"Liars Game","player_choice":"AGREE","floor":10.0,"gold_loss":0.0,"damage_taken":0.0,"cards_obtained":["Doubt"]},{"damage_healed":0.0,"max_hp_gain":0.0,"max_hp_loss":0.0,"gold_gain":0.0,"event_name":"Forgotten Altar","player_choice":"Gave Idol","floor":19.0,"relics_lost":["Golden Idol"],"gold_loss":0.0,"damage_taken":0.0,"relics_obtained":["Bloody Idol"]},{"damage_healed":0,"gold_gain":0,"player_choice":"Upgraded","damage_taken":0,"max_hp_gain":0,"max_hp_loss":0,"event_name":"Upgrade Shrine","floor":39,"gold_loss":0,"cards_upgraded":["Tools of the Trade"]}],"is_beta":false,"boss_relics":[{"not_picked":["Sozu","Empty Cage"],"picked":"SlaversCollar"},{"not_picked":["Runic Pyramid","Fusion Hammer"],"picked":"HolyWater"}],"items_purged_floors":[11],"is_endless":false,"potions_floor_spawned":[8,12,18,21,25,30,33,35,45,47],"ascension_level":0}}