{"host":"2uq4yl5bzsf2ox6r","time":1613943638,"event":{"mods":["AchievementEnabler","BaseMod","Colored Map","Highlight Path","Minty Spire (QoL Compilation)","Relic Stats","StSLib"],"gold_per_floor":[110,110,110,126,145,173,173,203,228,228,285,285,285,314,314,415,415,431,530,530,544,557,587,587,620,620,635,56,93,93,93,93,202,202,219,441,450,14,14,57,81,0,27,27,67,17,51,74,74,74],"floor_reached":51,"language":"ENG","playtime":3224,"items_purged":["Zap"],"score":1169,"play_id":"e032e942-7609-4eec-aaac-0bb623eb8573","local_time":"20210221164038","is_ascension_mode":true,"campfire_choices":[{"data":"Leap","floor":7.0,"key":"SMITH"},{"data":"Beam Cell","floor":12.0,"key":"SMITH"},{"data":"Coolheaded","floor":15.0,"key":"SMITH"},{"data":"Buffer","floor":30,"key":"SMITH"},{"data":"Seek","floor":32,"key":"SMITH"},{"data":"Dualcast","floor":44,"key":"SMITH"},{"floor":49,"key":"REST"}],"circlet_count":0,"master_deck":["Strike_B+1","Strike_B+1","Strike_B+1","Strike_B+1","Defend_B+1","Defend_B+1","Defend_B+1","Defend_B+1","Dualcast+1","Melter+1","Leap+1","Core Surge","Coolheaded+1","Beam Cell+1","Sweeping Beam","Buffer+1","Hologram+1","Sunder+1","Seek+1","Doom and Gloom+1","Streamline+1","Fission","Dark Shackles","Undo+1","Turbo+1","Rainbow+1","Scrape+1","Consume+1","Consume+1"],"relics":["Cracked Core","Vajra","Bag of Marbles","Juzu Bracelet","Pear","Omamori","The Courier","Meat on the Bone","Nuclear Battery","MutagenicStrength","Molten Egg 2","Bag of Preparation","Bronze Scales","Question Card","CeramicFish","Bottled Lightning","Red Mask","Unceasing Top","SlaversCollar","Strange Spoon","Bottled Tornado","Ancient Tea Set","Toxic Egg 2","Blood Vial","Letter Opener","Singing Bowl"],"acts_visited":["Exordium","TheCity","TheBeyond"],"potions_floor_usage":[23,25,33,50,50,50],"damage_taken":[{"damage":5.0,"enemies":"Cultist","floor":1.0,"turns":4.0},{"damage":0.0,"enemies":"Jaw Worm","floor":4.0,"turns":3.0},{"damage":0.0,"enemies":"Small Slimes","floor":5.0,"turns":2.0},{"damage":16.0,"enemies":"3 Sentries","floor":6.0,"turns":8.0},{"damage":6.0,"enemies":"Gremlin Nob","floor":8.0,"turns":3.0},{"damage":8.0,"enemies":"Gremlin Nob","floor":11.0,"turns":3.0},{"damage":10.0,"enemies":"3 Sentries","floor":14.0,"turns":6.0},{"damage":26.0,"enemies":"Hexaghost","floor":16.0,"turns":10.0},{"damage":9.0,"enemies":"2 Thieves","floor":18.0,"turns":3.0},{"damage":0.0,"enemies":"Chosen","floor":21.0,"turns":3.0},{"damage":0.0,"enemies":"3 Cultists","floor":22.0,"turns":4.0},{"damage":12,"enemies":"Slavers","floor":23,"turns":3},{"damage":0,"enemies":"Gremlin Leader","floor":25,"turns":4},{"damage":0,"enemies":"Snecko","floor":27,"turns":3},{"damage":0,"enemies":"Masked Bandits","floor":29,"turns":2},{"damage":28,"enemies":"Champ","floor":33,"turns":8},{"damage":0,"enemies":"Orb Walker","floor":35,"turns":2},{"damage":0,"enemies":"Nemesis","floor":40,"turns":3},{"damage":4,"enemies":"3 Shapes","floor":41,"turns":2},{"damage":26,"enemies":"Reptomancer","floor":45,"turns":6},{"damage":0,"enemies":"Giant Head","floor":47,"turns":5},{"damage":0,"enemies":"Jaw Worm Horde","floor":48,"turns":1},{"damage":24,"enemies":"Donu and Deca","floor":50,"turns":8}],"seed_played":"4443829770822973273","potions_obtained":[{"floor":1.0,"key":"Swift Potion"},{"floor":5.0,"key":"SkillPotion"},{"floor":6.0,"key":"Explosive Potion"},{"floor":22.0,"key":"SteroidPotion"},{"floor":23,"key":"AttackPotion"},{"floor":27,"key":"Energy Potion"},{"floor":47,"key":"Swift Potion"},{"floor":48,"key":"BlessingOfTheForge"}],"is_trial":false,"path_per_floor":["M","?","?","M","M","E","R","E","T","T","?","R","?","E","R","B",null,"M","?","?","M","M","E","?","E","T","M","$","?","R","?","R","B",null,"M","?","?","$","?","E","M","$","T","R","E","$","E","M","R","B",null],"character_chosen":"DEFECT","items_purchased":["Question Card","CeramicFish","Bottled Lightning","Strange Spoon","Bottled Tornado","Ancient Tea Set","EssenceOfDarkness","Scrape+1"],"campfire_rested":1,"item_purchase_floors":[28,28,28,38,38,38,42,46],"current_hp_per_floor":[77,77,61,61,61,45,45,39,39,49,41,41,41,31,31,17,73,64,64,64,64,64,52,52,52,52,52,52,52,52,52,52,36,78,78,78,78,78,92,92,88,88,88,88,64,64,66,68,92,68],"gold":74,"neow_bonus":"TEN_PERCENT_HP_BONUS","is_daily":false,"chose_seed":false,"campfire_upgraded":6,"win_rate":0.0,"timestamp":1613943638,"path_taken":["M","?","?","M","M","E","R","E","T","?","?","R","?","E","R","BOSS","M","?","?","M","M","E","?","E","T","M","$","?","R","?","R","BOSS","M","?","?","?","?","E","M","$","T","R","E","$","E","M","R","BOSS"],"items_purchased_type":["Relic","Relic","Relic","Relic","Relic","Relic","Potion","Card"],"build_version":"2020-12-22","purchased_purges":1,"victory":true,"max_hp_per_floor":[82,82,82,82,82,82,82,82,82,92,92,92,92,92,92,92,92,92,92,92,92,92,92,92,92,92,92,92,92,92,92,92,92,92,92,92,92,92,92,92,92,92,92,92,92,92,92,92,92,92],"relic_stats":{"Singing Bowl":0,"counters":[23,96],"CeramicFish":81,"Juzu Bracelet":3,"Bag of Preparation":[20],"Letter Opener":[65],"Question Card":9,"Blood Vial":6,"Strange Spoon":[10],"Bronze Scales":[69],"obtain_stats":[{"Singing Bowl":47,"CeramicFish":28,"Vajra":6,"Juzu Bracelet":9,"Bag of Preparation":25,"Bottled Tornado":38,"Ancient Tea Set":38,"Blood Vial":43,"Red Mask":29,"Toxic Egg 2":40,"Cracked Core":0,"Pear":10,"The Courier":13,"Omamori":11,"Letter Opener":45,"Question Card":28,"Nuclear Battery":17,"SlaversCollar":34,"Strange Spoon":38,"MutagenicStrength":20,"Bronze Scales":26,"Molten Egg 2":23,"Bag of Marbles":8,"Bottled Lightning":28,"Unceasing Top":31,"Meat on the Bone":14},{"Singing Bowl":21,"CeramicFish":14,"Vajra":4,"Juzu Bracelet":5,"Bag of Preparation":13,"Bottled Tornado":17,"Ancient Tea Set":17,"Blood Vial":19,"Red Mask":15,"Toxic Egg 2":18,"Cracked Core":0,"Pear":5,"The Courier":6,"Omamori":6,"Letter Opener":20,"Question Card":14,"Nuclear Battery":8,"SlaversCollar":16,"Strange Spoon":17,"MutagenicStrength":9,"Bronze Scales":13,"Molten Egg 2":12,"Bag of Marbles":5,"Bottled Lightning":14,"Unceasing Top":15,"Meat on the Bone":7},{"Singing Bowl":87,"CeramicFish":59,"Vajra":17,"Juzu Bracelet":20,"Bag of Preparation":56,"Bottled Tornado":71,"Ancient Tea Set":71,"Blood Vial":76,"Red Mask":61,"Toxic Egg 2":74,"Cracked Core":0,"Pear":20,"The Courier":23,"Omamori":23,"Letter Opener":82,"Question Card":59,"Nuclear Battery":39,"SlaversCollar":69,"Strange Spoon":71,"MutagenicStrength":42,"Bronze Scales":56,"Molten Egg 2":52,"Bag of Marbles":20,"Bottled Lightning":59,"Unceasing Top":61,"Meat on the Bone":29}],"Unceasing Top":[7],"Meat on the Bone":24},"card_choices":[{"not_picked":["Rip and Tear","BootSequence"],"picked":"Melter","floor":1.0},{"not_picked":["Beam Cell","Lockon"],"picked":"Leap","floor":4.0},{"not_picked":["Compile Driver","Hologram"],"picked":"Machine Learning","floor":5.0},{"not_picked":["Scrape","Rebound"],"picked":"Core Surge","floor":6.0},{"not_picked":["Rebound","Ball Lightning"],"picked":"Coolheaded","floor":8.0},{"not_picked":["Ball Lightning","Turbo"],"picked":"Beam Cell","floor":11.0},{"not_picked":["Ball Lightning","Gash"],"picked":"Sweeping Beam","floor":14.0},{"not_picked":["Fission","Thunder Strike"],"picked":"Buffer","floor":16.0},{"not_picked":["Barrage","Melter","Darkness"],"picked":"SKIP","floor":18.0},{"not_picked":["FTL","Redo+1"],"picked":"Hologram+1","floor":21.0},{"not_picked":["Melter","Ball Lightning"],"picked":"Sunder+1","floor":22.0},{"not_picked":["Turbo+1","Ball Lightning+1"],"picked":"Seek","floor":23},{"not_picked":["Barrage+1","Lockon+1"],"picked":"Doom and Gloom+1","floor":25},{"not_picked":["Streamline+1","Rebound+1","Doom and Gloom+1"],"picked":"SKIP","floor":27},{"not_picked":["Coolheaded","Cold Snap+1","Gash+1"],"picked":"Streamline+1","floor":29},{"not_picked":["Thunder Strike+1","Multi-Cast","Core Surge+1"],"picked":"Fission","floor":33},{"not_picked":["Melter+1","Stack+1","Cold Snap+1","Leap"],"picked":"SKIP","floor":35},{"not_picked":["Chrysalis","Master of Strategy","Finesse"],"picked":"Dark Shackles","floor":37},{"not_picked":["Cold Snap+1","Steam+1","Go for the Eyes+1"],"picked":"Undo+1","floor":40},{"not_picked":["Sweeping Beam+1","Steam+1","Coolheaded+1"],"picked":"Turbo+1","floor":41},{"not_picked":["Heatsinks","Aggregate+1","Turbo+1"],"picked":"Rainbow+1","floor":45},{"not_picked":["Cold Snap+1","Conserve Battery+1","Self Repair"],"picked":"Consume+1","floor":47},{"not_picked":["Rip and Tear+1","Hologram+1","Self Repair"],"picked":"Consume+1","floor":48}],"player_experience":167947,"relics_obtained":[{"floor":6.0,"key":"Vajra"},{"floor":8.0,"key":"Bag of Marbles"},{"floor":9.0,"key":"Juzu Bracelet"},{"floor":10.0,"key":"Pear"},{"floor":11.0,"key":"Omamori"},{"floor":14.0,"key":"Meat on the Bone"},{"floor":23,"key":"Molten Egg 2"},{"floor":25,"key":"Bag of Preparation"},{"floor":26,"key":"Bronze Scales"},{"floor":29,"key":"Red Mask"},{"floor":40,"key":"Toxic Egg 2"},{"floor":43,"key":"Blood Vial"},{"floor":45,"key":"Letter Opener"},{"floor":47,"key":"Singing Bowl"}],"event_choices":[{"damage_healed":0.0,"max_hp_gain":0.0,"max_hp_loss":0.0,"gold_gain":0.0,"event_name":"Living Wall","player_choice":"Grow","floor":2.0,"gold_loss":0.0,"damage_taken":0.0,"cards_upgraded":["Melter"]},{"damage_healed":0.0,"max_hp_gain":0.0,"max_hp_loss":0.0,"gold_gain":0.0,"event_name":"Shining Light","player_choice":"Entered Light","floor":3.0,"gold_loss":0.0,"damage_taken":16.0,"cards_upgraded":["Defend_B","Strike_B"]},{"damage_healed":0.0,"max_hp_gain":0.0,"max_hp_loss":0.0,"gold_gain":0.0,"event_name":"Dead Adventurer","player_choice":"Searched \u00271\u0027 times","floor":11.0,"gold_loss":0.0,"damage_taken":0.0},{"cards_removed":["Machine Learning"],"damage_healed":0.0,"max_hp_gain":0.0,"max_hp_loss":0.0,"gold_gain":0.0,"event_name":"WeMeetAgain","player_choice":"Gave Card","floor":13.0,"gold_loss":0.0,"damage_taken":0.0,"relics_obtained":["The Courier"]},{"damage_healed":0.0,"max_hp_gain":0.0,"max_hp_loss":0.0,"gold_gain":99.0,"event_name":"Nest","player_choice":"Stole From Cult","floor":19.0,"gold_loss":0.0,"damage_taken":0.0},{"damage_healed":0.0,"max_hp_gain":0.0,"max_hp_loss":0.0,"gold_gain":0.0,"event_name":"Drug Dealer","player_choice":"Inject Mutagens","floor":20.0,"gold_loss":0.0,"damage_taken":0.0,"relics_obtained":["MutagenicStrength"]},{"damage_healed":0,"gold_gain":0,"player_choice":"Simplicity","damage_taken":0,"max_hp_gain":0,"max_hp_loss":0,"event_name":"Back to Basics","floor":24,"gold_loss":0,"cards_upgraded":["Strike_B","Strike_B","Strike_B","Defend_B","Defend_B","Defend_B"]},{"damage_healed":0,"gold_gain":0,"player_choice":"Fought Bandits","damage_taken":0,"max_hp_gain":0,"max_hp_loss":0,"event_name":"Masked Bandits","floor":29,"gold_loss":0},{"damage_healed":0,"gold_gain":0,"player_choice":"Stole Relic","damage_taken":0,"relics_obtained":["Unceasing Top"],"max_hp_gain":0,"max_hp_loss":0,"event_name":"Addict","floor":31,"gold_loss":0,"cards_obtained":["Shame"]},{"damage_healed":0,"gold_gain":222,"player_choice":"Wore Mask","damage_taken":0,"max_hp_gain":0,"max_hp_loss":0,"event_name":"Tomb of Lord Red Mask","floor":36,"gold_loss":0},{"damage_healed":0,"gold_gain":0,"player_choice":"Memory 1","damage_taken":0,"max_hp_gain":0,"max_hp_loss":0,"event_name":"SensoryStone","floor":37,"gold_loss":0},{"damage_healed":23,"gold_gain":0,"player_choice":"Writhe","damage_taken":0,"max_hp_gain":0,"max_hp_loss":0,"event_name":"Winding Halls","floor":39,"gold_loss":0,"cards_obtained":["Writhe"]}],"is_beta":false,"boss_relics":[{"not_picked":["SacredBark","Runic Dome"],"picked":"Nuclear Battery"},{"not_picked":["Astrolabe","Pandora\u0027s Box"],"picked":"SlaversCollar"}],"items_purged_floors":[28],"is_endless":false,"potions_floor_spawned":[1,5,6,22,23,27,47,48],"ascension_level":5}}