{"host":"eaiphzh066bwqdh7","time":1613919455,"event":{"mods":["AchievementEnabler","Aspiration","BaseMod","Bestiary","Better Note","Better Third Choice","Colored Powertips","Curses Come First","GifTheSpireLib","Halation","Highlight Path","Hubris","Infinite Spire","Minty Spire (QoL Compilation)","Quick Restart","Reliquary","Replay The Spire","StSLib","Stuff the Spire"],"gold_per_floor":[114,189,200,200,56,56,84,84,138,150,150,45,71,81,81,179,179,189,189,189,202,202,202,202,202],"floor_reached":24,"language":"ENG","playtime":659,"items_purged":[],"score":242,"play_id":"05eb7fbb-7c73-44dc-9efb-16bb831eddf4","local_time":"20210221095735","is_ascension_mode":true,"campfire_choices":[{"floor":6,"key":"REST"},{"floor":8,"key":"REST"},{"data":"PathToVictory","floor":11,"key":"SMITH"},{"floor":15,"key":"REST"},{"floor":23,"key":"REST"}],"circlet_count":0,"master_deck":["Strike_P","Strike_P","Strike_P","Strike_P","Defend_P+1","Defend_P","Defend_P","Eruption+1","Vigilance","InnerPeace","PathToVictory+1","MasterReality","Protect","PathToVictory","Study","Protect","TalkToTheHand+1","Clumsy","PathToVictory","StuffTheSpire:DeathNote"],"relics":["PureWater","Bag of Marbles","reliquary:Stiletto","Thread and Needle","Singing Bowl"],"acts_visited":["Exordium","TheCity"],"potions_floor_usage":[7,13,14,21],"damage_taken":[{"damage":1,"enemies":"Cultist","floor":1,"turns":3},{"damage":0,"enemies":"2 Louse","floor":3,"turns":1},{"damage":24,"enemies":"Lagavulin","floor":7,"turns":5},{"damage":4,"enemies":"Jaw Worm","floor":10,"turns":3},{"damage":10,"enemies":"Gremlin Nob","floor":13,"turns":3},{"damage":4,"enemies":"Blue Slaver","floor":14,"turns":3},{"damage":47,"enemies":"Hexaghost","floor":16,"turns":10},{"damage":12,"enemies":"Spheric Guardian","floor":18,"turns":5},{"damage":23,"enemies":"2 Thieves","floor":21,"turns":6},{"damage":42,"enemies":"Centurion and Healer","floor":24,"turns":6}],"seed_played":"-5752128405852914770","potions_obtained":[{"floor":1,"key":"Fire Potion"},{"floor":3,"key":"Adrenaline Potion"},{"floor":13,"key":"LiquidMemories"},{"floor":16,"key":"Flashbang"},{"floor":21,"key":"Dexterity Potion"}],"is_trial":false,"path_per_floor":["M","?","M","?","$","R","E","R","T","M","R","$","E","M","R","B",null,"M","?","?","M","?","R","M"],"character_chosen":"WATCHER","items_purchased":["Bag of Marbles","PathToVictory","Study"],"campfire_rested":4,"item_purchase_floors":[5,12,12],"current_hp_per_floor":[71,60,60,46,46,67,43,64,64,60,60,60,50,46,67,20,72,60,60,60,37,17,38,0,0],"gold":202,"neow_bonus":"TRANSFORM_CARD","is_daily":false,"chose_seed":false,"campfire_upgraded":1,"win_rate":0.0,"timestamp":1613919455,"path_taken":["M","?","M","?","$","R","E","R","T","M","R","$","E","M","R","BOSS","M","?","?","M","?","R","M"],"items_purchased_type":["Relic","Card","Card"],"build_version":"2020-12-22","purchased_purges":0,"victory":false,"max_hp_per_floor":[72,72,72,72,72,72,72,72,72,72,72,72,72,72,72,72,72,72,72,72,72,72,72,72,72],"card_choices":[{"not_picked":["BowlingBash","Replay:Cycle","ClearTheMind"],"picked":"SKIP","floor":1},{"not_picked":["FlyingSleeves","Replay:Cycle"],"picked":"PathToVictory","floor":3},{"not_picked":["Wireheading","Replay:Anticipation"],"picked":"MasterReality","floor":7},{"not_picked":["ThirdEye","Replay:AtTheReady"],"picked":"Protect","floor":10},{"not_picked":["SignatureMove","JustLucky","BowlingBash"],"picked":"SKIP","floor":13},{"not_picked":["FlurryOfBlows","JustLucky"],"picked":"Protect","floor":14},{"not_picked":["Replay:Hum","Consecrate"],"picked":"TalkToTheHand+1","floor":18},{"not_picked":["EmptyBody","Replay:Battleflow"],"picked":"PathToVictory","floor":21}],"player_experience":341015,"relics_obtained":[{"floor":9,"key":"reliquary:Stiletto"},{"floor":13,"key":"Thread and Needle"}],"event_choices":[{"damage_healed":0,"gold_gain":75,"player_choice":"Gold","damage_taken":11,"max_hp_gain":0,"max_hp_loss":0,"event_name":"betterThird:BetterGoop","floor":2,"gold_loss":0},{"damage_healed":60,"gold_gain":0,"player_choice":"Upgrade","damage_taken":14,"max_hp_gain":0,"max_hp_loss":72,"event_name":"betterThird:BetterShining","floor":4,"gold_loss":0,"cards_upgraded":["Defend_P","Eruption"]},{"damage_healed":0,"gold_gain":0,"player_choice":"Ignored","damage_taken":0,"max_hp_gain":0,"max_hp_loss":0,"event_name":"Vampires","floor":19,"gold_loss":0}],"is_beta":false,"boss_relics":[{"not_picked":["reliquary:Craggleroot","ReplayTheSpireMod:SealedPack","aspiration:RunicSpoon"]}],"items_purged_floors":[],"is_endless":false,"potions_floor_spawned":[1,3,13,16,21],"killed_by":"Centurion and Healer","ascension_level":4}}