{"host":"8ic9nxmy47xzlkcl","time":1613935096,"event":{"mods":["BaseMod","Colored Map","Jorbs\u0027s Wanderer Trilogy","Minty Spire (QoL Compilation)","StSLib","The Cursed","The Hierophant","The Jungle"],"gold_per_floor":[109,124,135,135,151,151,181,181,181,191,208,228,21,21,21,122,122,137,153,164,164,178,178,178],"floor_reached":23,"language":"ENG","playtime":1121,"items_purged":[],"score":207,"play_id":"8baf14bc-2c68-418a-83d0-5715809a8b38","local_time":"20210221201816","is_ascension_mode":true,"campfire_choices":[{"data":"TheCursedMod:CircleOfFlame","floor":6,"key":"SMITH"},{"floor":8,"key":"REST"},{"floor":15,"key":"REST"}],"circlet_count":0,"master_deck":["TheCursedMod:Strike_TheCursed+1","TheCursedMod:Strike_TheCursed","TheCursedMod:Strike_TheCursed","TheCursedMod:Defend_TheCursed","TheCursedMod:Defend_TheCursed","TheCursedMod:Defend_TheCursed","TheCursedMod:Defend_TheCursed","TheCursedMod:CursedWand","TheCursedMod:CleanUpWorkshop+1","TheCursedMod:Dregs","TheCursedMod:Hemoplague+1","TheCursedMod:CircleOfFlame+1","TheCursedMod:TacticalStrike","TheCursedMod:SaltUponWound","TheCursedMod:Stigma","TheCursedMod:CircleOfCorruption","TheCursedMod:SurpriseAttack","TheCursedMod:Torture","TheCursedMod:StunningStrike","TheCursedMod:CircleOfAbyss","TheCursedMod:Hemoplague+1","TheCursedMod:VitalStrike"],"relics":["TheCursedMod:BlackMagic101","Shuriken","Question Card","Regal Pillow","Sozu"],"acts_visited":["Exordium","TheCity"],"potions_floor_usage":[5,11],"damage_taken":[{"damage":5,"enemies":"Small Slimes","floor":1,"turns":5},{"damage":2,"enemies":"2 Louse","floor":2,"turns":4},{"damage":12,"enemies":"Jaw Worm","floor":3,"turns":4},{"damage":8,"enemies":"Red Slaver","floor":5,"turns":3},{"damage":29,"enemies":"3 Sentries","floor":7,"turns":11},{"damage":9,"enemies":"2 Fungi Beasts","floor":10,"turns":3},{"damage":2,"enemies":"Lots of Slimes","floor":11,"turns":3},{"damage":5,"enemies":"Looter","floor":12,"turns":3},{"damage":29,"enemies":"Hexaghost","floor":16,"turns":7},{"damage":2,"enemies":"Shell Parasite","floor":18,"turns":5},{"damage":0,"enemies":"3 Byrds","floor":19,"turns":5},{"damage":22,"enemies":"Centurion and Healer","floor":20,"turns":7},{"damage":24,"enemies":"Sentry and Sphere","floor":22,"turns":5},{"damage":28,"enemies":"Gremlin Leader","floor":23,"turns":3}],"seed_played":"7270206108555518130","potions_obtained":[{"floor":3,"key":"BlessingOfTheForge"},{"floor":7,"key":"Ancient Potion"},{"floor":10,"key":"AttackPotion"},{"floor":16,"key":"SpeedPotion"}],"is_trial":false,"path_per_floor":["M","M","M","?","M","R","E","R","T","M","M","M","$","?","R","B",null,"M","M","M","?","M","E"],"character_chosen":"THE_CURSED","items_purchased":["TheCursedMod:Torture","TheCursedMod:StunningStrike"],"campfire_rested":2,"item_purchase_floors":[13,13],"current_hp_per_floor":[70,68,56,41,33,33,4,26,26,17,15,10,10,10,47,18,75,73,73,51,51,27,0,0],"gold":178,"neow_bonus":"TRANSFORM_CARD","is_daily":false,"chose_seed":false,"campfire_upgraded":1,"win_rate":0.0,"timestamp":1613935096,"path_taken":["M","M","M","?","M","R","E","R","T","M","M","M","$","?","R","BOSS","M","M","M","?","M","E"],"items_purchased_type":["Card","Card"],"build_version":"2020-12-22","purchased_purges":0,"victory":false,"max_hp_per_floor":[75,75,75,75,75,75,75,75,75,75,75,75,75,75,75,75,75,75,75,75,75,75,75,75],"card_choices":[{"not_picked":["TheCursedMod:SpitefulStrike","TheCursedMod:CursedMace"],"picked":"TheCursedMod:CircleOfFlame","floor":1},{"not_picked":["TheCursedMod:WearCloak","TheCursedMod:SpitefulStrike"],"picked":"TheCursedMod:TacticalStrike","floor":2},{"not_picked":["TheCursedMod:FleshFromBone","TheCursedMod:SpitefulPlan","TheCursedMod:DoubleShield"],"picked":"SKIP","floor":3},{"not_picked":["TheCursedMod:BloodBarrier","TheCursedMod:CursedMace","TheCursedMod:CursedSpellbook"],"picked":"SKIP","floor":5},{"not_picked":["TheCursedMod:CursedAmulet","TheCursedMod:SmokeScreen"],"picked":"TheCursedMod:SaltUponWound","floor":7},{"not_picked":["TheCursedMod:SmokeScreen","TheCursedMod:Stretching","TheCursedMod:SoulReap"],"picked":"TheCursedMod:Stigma","floor":10},{"not_picked":["TheCursedMod:Wield","TheCursedMod:AshesToAshes","TheCursedMod:Evocation"],"picked":"TheCursedMod:CircleOfCorruption","floor":11},{"not_picked":["TheCursedMod:StingEye","TheCursedMod:TacticalStrike","TheCursedMod:DoubleShield"],"picked":"TheCursedMod:SurpriseAttack","floor":12},{"not_picked":["TheCursedMod:ForbiddenAlchemy","TheCursedMod:ManaCirculation","TheCursedMod:ShockAndAwe"],"picked":"TheCursedMod:CircleOfAbyss","floor":16},{"not_picked":["TheCursedMod:WearCloak","TheCursedMod:CircleOfWindfury","TheCursedMod:CursedAmulet","TheCursedMod:LuckyCharm"],"picked":"SKIP","floor":18},{"not_picked":["TheCursedMod:FleshFromBone+1","TheCursedMod:Torture+1","TheCursedMod:CircleOfFlame+1"],"picked":"TheCursedMod:Hemoplague+1","floor":19},{"not_picked":["TheCursedMod:SpitefulStrike","TheCursedMod:ManaBullet","TheCursedMod:AbyssShockwave"],"picked":"TheCursedMod:VitalStrike","floor":20},{"not_picked":["TheCursedMod:RapidMovement","TheCursedMod:CursedShiv","TheCursedMod:HellfireBreathing","TheCursedMod:CursedSpellbook"],"picked":"SKIP","floor":22}],"player_experience":184737,"relics_obtained":[{"floor":7,"key":"Shuriken"},{"floor":9,"key":"Question Card"}],"event_choices":[{"damage_healed":0,"gold_gain":0,"player_choice":"Entered Light","damage_taken":15,"max_hp_gain":0,"max_hp_loss":0,"event_name":"Shining Light","floor":4,"gold_loss":0,"cards_upgraded":["TheCursedMod:CleanUpWorkshop","TheCursedMod:Strike_TheCursed"]},{"damage_healed":0,"gold_gain":0,"player_choice":"Searched \u00272\u0027 times","damage_taken":0,"relics_obtained":["Regal Pillow"],"max_hp_gain":0,"max_hp_loss":0,"event_name":"Dead Adventurer","floor":14,"gold_loss":0},{"damage_healed":0,"gold_gain":0,"player_choice":"Forge","damage_taken":0,"max_hp_gain":0,"max_hp_loss":0,"event_name":"Accursed Blacksmith","floor":21,"gold_loss":0,"cards_upgraded":["TheCursedMod:Hemoplague"]}],"is_beta":false,"boss_relics":[{"not_picked":["Pandora\u0027s Box","Busted Crown"],"picked":"Sozu"}],"items_purged_floors":[],"is_endless":false,"potions_floor_spawned":[3,7,10,16,19,20,22],"killed_by":"Gremlin Leader","ascension_level":1}}