{"host":"fa35vd3kig5td25x","time":1613899393,"event":{"mods":["BaseMod","Colored Powertips","Minty Spire (QoL Compilation)","Relic Stats","Slay the Relics Exporter"],"gold_per_floor":[111,124,124,141,161,190,200,213,286,319,339,339,339,339,339,339,339],"floor_reached":16,"language":"ENG","playtime":421,"items_purged":[],"score":228,"play_id":"d3a9afdb-cfe4-4a71-9d67-17fb945726d1","local_time":"20210221102313","is_ascension_mode":true,"campfire_choices":[{"floor":12.0,"key":"REST"},{"data":"Feel No Pain","floor":15.0,"key":"SMITH"}],"circlet_count":0,"master_deck":["AscendersBane","Strike_R","Strike_R","Strike_R","Strike_R","Strike_R","Defend_R","Defend_R","Defend_R","Defend_R","Bash","Clothesline","Twin Strike","Blood for Blood","Armaments","Bloodletting","Feel No Pain+1","Burning Pact"],"relics":["Burning Blood","WarpedTongs","Anchor","Matryoshka","Magic Flower"],"acts_visited":[],"potions_floor_usage":[],"damage_taken":[{"damage":7.0,"enemies":"Small Slimes","floor":1.0,"turns":3.0},{"damage":9.0,"enemies":"Cultist","floor":2.0,"turns":4.0},{"damage":6.0,"enemies":"2 Louse","floor":4.0,"turns":2.0},{"damage":11.0,"enemies":"Blue Slaver","floor":5.0,"turns":4.0},{"damage":30.0,"enemies":"3 Sentries","floor":6.0,"turns":9.0},{"damage":11.0,"enemies":"Gremlin Gang","floor":7.0,"turns":4.0},{"damage":4.0,"enemies":"3 Louse","floor":8.0,"turns":4.0},{"damage":35.0,"enemies":"Lagavulin","floor":10.0,"turns":9.0},{"damage":6.0,"enemies":"Looter","floor":11.0,"turns":3.0},{"damage":0,"enemies":"The Guardian","floor":16,"turns":1}],"seed_played":"2783957689847518592","potions_obtained":[{"floor":2.0,"key":"EntropicBrew"},{"floor":5.0,"key":"Energy Potion"},{"floor":10.0,"key":"SteroidPotion"}],"is_trial":false,"path_per_floor":["M","M","?","M","M","E","M","M","T","E","M","R","?","?","R","B"],"character_chosen":"IRONCLAD","items_purchased":[],"campfire_rested":1,"item_purchase_floors":[],"current_hp_per_floor":[74,71,71,71,66,42,37,39,39,10,13,37,30,30,30,30,30],"gold":339,"neow_bonus":"TEN_PERCENT_HP_BONUS","is_daily":false,"chose_seed":false,"campfire_upgraded":1,"win_rate":0.0,"timestamp":1613899393,"path_taken":["M","M","?","M","?","E","M","M","T","E","M","R","?","?","R","BOSS"],"items_purchased_type":[],"build_version":"2020-12-22","purchased_purges":0,"victory":false,"max_hp_per_floor":[82,82,82,82,82,82,82,82,82,82,82,82,82,82,82,82,82],"relic_stats":{"counters":[1,1],"Magic Flower":[0],"obtain_stats":[{"Anchor":0,"Matryoshka":0,"Magic Flower":0,"Burning Blood":0,"WarpedTongs":0},{"Anchor":0,"Matryoshka":0,"Magic Flower":0,"Burning Blood":0,"WarpedTongs":0},{"Anchor":0,"Matryoshka":0,"Magic Flower":0,"Burning Blood":0,"WarpedTongs":0}],"Burning Blood":0,"WarpedTongs":[1]},"card_choices":[{"not_picked":["Flex","Ghostly Armor"],"picked":"Clothesline","floor":1.0},{"not_picked":["Pummel","True Grit"],"picked":"Twin Strike","floor":2.0},{"not_picked":["Juggernaut","Clash"],"picked":"Blood for Blood","floor":4.0},{"not_picked":["Sword Boomerang","Flame Barrier"],"picked":"Armaments","floor":5.0},{"not_picked":["Dual Wield","Second Wind"],"picked":"Bloodletting","floor":6.0},{"not_picked":["Seeing Red","Flex","Fire Breathing"],"picked":"SKIP","floor":7.0},{"not_picked":["Armaments","Dropkick"],"picked":"Feel No Pain","floor":8.0},{"not_picked":["Shockwave","Entrench"],"picked":"Burning Pact","floor":10.0},{"not_picked":["Twin Strike","Double Tap","Sword Boomerang"],"picked":"SKIP","floor":11.0}],"player_experience":3234678,"relics_obtained":[{"floor":6.0,"key":"Anchor"},{"floor":9.0,"key":"Matryoshka"},{"floor":10.0,"key":"Magic Flower"}],"event_choices":[{"damage_healed":0.0,"max_hp_gain":0.0,"max_hp_loss":0.0,"gold_gain":0.0,"event_name":"Accursed Blacksmith","player_choice":"Rummage","floor":3.0,"gold_loss":0.0,"damage_taken":0.0,"relics_obtained":["WarpedTongs"],"cards_obtained":["Pain"]},{"cards_removed":["Pain"],"damage_healed":0.0,"max_hp_gain":0.0,"max_hp_loss":0.0,"gold_gain":0.0,"event_name":"Golden Wing","player_choice":"Card Removal","floor":13.0,"gold_loss":0.0,"damage_taken":7.0},{"damage_healed":0.0,"max_hp_gain":0.0,"max_hp_loss":0.0,"gold_gain":0.0,"event_name":"Liars Game","player_choice":"Ignored","floor":14.0,"gold_loss":0.0,"damage_taken":0.0}],"is_beta":false,"boss_relics":[],"items_purged_floors":[],"is_endless":false,"potions_floor_spawned":[2,5,10],"killed_by":"The Guardian","ascension_level":20}}