{"host":"l017gercouzhorma","time":1613887193,"event":{"mods":["AchievementEnabler","Aspiration","BaseMod","Challenge The Spire","Conspire","Downfall","Halation","Hermit","Hubris","Infinite Spire","Jorbs\u0027s Wanderer Trilogy","Mad Scientist","Marisa????????","Mimic Mod","Minty Spire (QoL Compilation)","Random Character Button","Rare Cards Sparkle","Relic Stats","Replay The Spire","Shade Mod","StSLib","The Cursed","The Disciple","The Hierophant","The Jungle","The Runesmith","The Servant 0.9.4"],"gold_per_floor":[111,131,61,61,81,122,122,149,220,220,395,445,471,190,190,190,190],"floor_reached":16,"language":"ENG","playtime":3180,"items_purged":[],"score":116,"play_id":"d81a7dc7-4b1a-4f54-a51b-f5c5e7c8460e","local_time":"20210220225953","is_ascension_mode":true,"campfire_choices":[{"data":"OortCloud","floor":7.0,"key":"SMITH"},{"floor":10.0,"key":"REST"},{"floor":15,"key":"REST"}],"circlet_count":0,"master_deck":["Strike_MRS","Strike_MRS","Strike_MRS","Strike_MRS","Defend_MRS","Defend_MRS","Defend_MRS","Defend_MRS","MasterSpark","UpSweep","FinalSpark+1","FairyDestructionRay","NonDirectionalLaser","OortCloud+1","WitchOfGreed","SporeBomb","RefractionSpark","Doubt","DarkSpark","ShootingEcho","SuperNova","PropBag","EarthLightRay"],"relics":["MiniHakkero","Bag of Marbles","aspiration:FetidBarrel","hubris:OldNail","Sundial"],"acts_visited":["Exordium"],"potions_floor_usage":[13,16,16],"damage_taken":[{"damage":2.0,"enemies":"2 Louse","floor":1.0,"turns":3.0},{"damage":10.0,"enemies":"conspire:RoseBush","floor":2.0,"turns":2.0},{"damage":11.0,"enemies":"Jaw Worm","floor":5.0,"turns":3.0},{"damage":16.0,"enemies":"3 Sentries","floor":6.0,"turns":5.0},{"damage":11.0,"enemies":"Looter","floor":8.0,"turns":3.0},{"damage":13.0,"enemies":"Replay:BlueRogue","floor":12.0,"turns":5.0},{"damage":21,"enemies":"Exordium Thugs","floor":13,"turns":3},{"damage":24,"enemies":"The Guardian","floor":16,"turns":4}],"seed_played":"-5558639310353179662","potions_obtained":[{"floor":2.0,"key":"Elixir"},{"floor":6.0,"key":"Strength Potion"},{"floor":8.0,"key":"Elixir"},{"floor":12,"key":"PowerPotion"},{"floor":12,"key":"ShroomBrew"},{"floor":13,"key":"Energy Potion"},{"floor":13,"key":"PowerPotion"}],"is_trial":false,"path_per_floor":["M","M","$","?","M","E","R","M","T","R","?","E","M","$","R","B"],"character_chosen":"MARISA","items_purchased":["OortCloud","SuperNova","PropBag","EarthLightRay"],"campfire_rested":2,"item_purchase_floors":[3,14,14,14],"current_hp_per_floor":[73,63,63,63,52,36,36,25,25,47,47,34,13,13,35,15,15],"gold":190,"neow_bonus":"ONE_RANDOM_RARE_CARD","is_daily":false,"chose_seed":false,"campfire_upgraded":1,"win_rate":0.0,"timestamp":1613887193,"path_taken":["M","M","$","?","M","E","R","M","T","R","?","E","M","$","R","BOSS"],"items_purchased_type":["Card","Card","Card","Card"],"build_version":"2020-12-22","purchased_purges":0,"victory":false,"max_hp_per_floor":[75,75,75,75,75,75,75,75,75,75,75,75,75,75,75,75,75],"relic_stats":{"counters":[8,28],"Sundial":[0],"obtain_stats":[{"aspiration:FetidBarrel":9,"Sundial":16,"Bag of Marbles":6,"MiniHakkero":0,"hubris:OldNail":12},{"aspiration:FetidBarrel":5,"Sundial":8,"Bag of Marbles":4,"MiniHakkero":0,"hubris:OldNail":6},{"aspiration:FetidBarrel":16,"Sundial":26,"Bag of Marbles":13,"MiniHakkero":0,"hubris:OldNail":21}]},"card_choices":[{"not_picked":["DC","ChargingUp"],"picked":"FairyDestructionRay","floor":1.0},{"not_picked":["IllusionStar","MilkyWay"],"picked":"NonDirectionalLaser","floor":2.0},{"not_picked":["GalacticHalo","PowerUp"],"picked":"WitchOfGreed","floor":5.0},{"not_picked":["IllusionStar","UnstableBomb"],"picked":"SporeBomb","floor":6.0},{"not_picked":["ShootingEcho","GravityBeat"],"picked":"RefractionSpark","floor":8.0},{"not_picked":["MysteriousBeam","DeepEcoloBomb"],"picked":"DarkSpark","floor":12},{"not_picked":["DeepEcoloBomb","DarkMatter"],"picked":"ShootingEcho","floor":13}],"player_experience":850849,"relics_obtained":[{"floor":6.0,"key":"Bag of Marbles"},{"floor":9.0,"key":"aspiration:FetidBarrel"},{"floor":12,"key":"hubris:OldNail"}],"event_choices":[{"damage_healed":0.0,"max_hp_gain":0.0,"max_hp_loss":0.0,"gold_gain":0.0,"event_name":"Living Wall","player_choice":"Grow","floor":4.0,"gold_loss":0.0,"damage_taken":0.0,"cards_upgraded":["FinalSpark"]},{"damage_healed":0.0,"max_hp_gain":0.0,"max_hp_loss":0.0,"gold_gain":175.0,"event_name":"Liars Game","player_choice":"AGREE","floor":11.0,"gold_loss":0.0,"damage_taken":0.0,"cards_obtained":["Doubt"]}],"is_beta":false,"boss_relics":[],"items_purged_floors":[],"is_endless":false,"potions_floor_spawned":[2,12,13],"killed_by":"The Guardian","ascension_level":1}}