{"host":"0mk07bycsqo1qk03","time":1613926284,"event":{"mods":["BaseMod","Downfall","Hermit","Hubris","Minty Spire (QoL Compilation)","Reliquary","Replay The Spire","StSLib"],"gold_per_floor":[117,133,133,148,164,164,175,250,250,269,370,370,47,60,60,161,161,201,201,220,73,86,115,115,115,115,115,126,126,126,66,143,193,193,212,212,212,212,226,226,255,255,282,293,327,73,106,106,106,106],"floor_reached":51,"language":"ENG","playtime":2401,"items_purged":["Shame"],"score":1115,"play_id":"2e10152e-ffec-4c74-be1f-2928ff180017","local_time":"20210221175124","is_ascension_mode":true,"campfire_choices":[{"data":"hermit:GoldenBullet","floor":6.0,"key":"SMITH"},{"data":"ReplayTheSpireMod:Brewmster","floor":15.0,"key":"SMITH"},{"floor":24,"key":"REST"},{"data":"hermit:Midnight","floor":27,"key":"SMITH"},{"data":"hermit:FatalDesire","floor":29,"key":"SMITH"},{"data":"hermit:FlashPowder","floor":40,"key":"SMITH"},{"data":"hermit:ShadowCloak","floor":42,"key":"SMITH"},{"floor":49,"key":"REST"}],"circlet_count":0,"master_deck":["AscendersBane","hermit:Strike_Hermit","hermit:Strike_Hermit","hermit:Strike_Hermit","hermit:Strike_Hermit","hermit:Defend_Hermit","hermit:Defend_Hermit","hermit:Defend_Hermit","hermit:Defend_Hermit","hermit:Snapshot+1","hermit:Covet","hermit:Gestalt","hermit:FinalCanter","hermit:GoldenBullet+1","hermit:FlashPowder","hermit:Vantage","hermit:TrackingShot","ReplayTheSpireMod:Splinters","hermit:Combo","hermit:FlashPowder","ReplayTheSpireMod:Brewmster+1","hermit:Snipe","hermit:FatalDesire+1","hermit:Deadeye","hermit:ShadowCloak","hermit:Midnight+1","hermit:BigShot+1","hermit:Gestalt","hermit:ShadowCloak+1","hermit:Magnum","hermit:FlashPowder+1","hermit:LowProfile+1","hermit:Malice+1","hermit:Virtue+1","ReplayTheSpireMod:Necrogeddon","hermit:Dive+1"],"relics":["hermit:Momento","hubris:Towel","Iron Hammer","Happy Flower","Chemical X","hubris:HollowSoul","Eternal Feather","reliquary:ExpiredCoupon","The Courier","Bag of Preparation","hubris:Icosahedron","reliquary:RedCape","Ring of Searing","ReplayTheSpireMod:Ring of Exchange","reliquary:PartyBalloon","Nunchaku","Ancient Tea Set","reliquary:PorcupineQuills","hubris:Zylophone"],"acts_visited":["Exordium","TheCity","TheBeyond"],"potions_floor_usage":[18,22,22,23,23,33,33,33,33,33,35,39,41,41,44,45,45,45,47,50,50,50,50,50,50,50,50],"damage_taken":[{"damage":1.0,"enemies":"Cultist","floor":1.0,"turns":3.0},{"damage":4.0,"enemies":"Small Slimes","floor":2.0,"turns":5.0},{"damage":3.0,"enemies":"2 Louse","floor":4.0,"turns":2.0},{"damage":8.0,"enemies":"Looter","floor":5.0,"turns":4.0},{"damage":0.0,"enemies":"2 Fungi Beasts","floor":7.0,"turns":3.0},{"damage":1.0,"enemies":"Red Slaver","floor":10.0,"turns":4.0},{"damage":2.0,"enemies":"3 Louse","floor":14.0,"turns":13.0},{"damage":10.0,"enemies":"Hexaghost","floor":16.0,"turns":10.0},{"damage":0,"enemies":"3 Byrds","floor":18,"turns":7},{"damage":13,"enemies":"Shell Parasite","floor":20,"turns":6},{"damage":14,"enemies":"Snake Plant","floor":22,"turns":4},{"damage":33,"enemies":"Book of Stabbing","floor":23,"turns":7},{"damage":9,"enemies":"Centurion and Healer","floor":28,"turns":7},{"damage":58,"enemies":"Automaton","floor":33,"turns":14},{"damage":1,"enemies":"Orb Walker","floor":35,"turns":3},{"damage":32,"enemies":"3 Shapes","floor":39,"turns":4},{"damage":1,"enemies":"Nemesis","floor":41,"turns":7},{"damage":13,"enemies":"Writhing Mass","floor":44,"turns":6},{"damage":11,"enemies":"Giant Head","floor":45,"turns":5},{"damage":35,"enemies":"Reptomancer","floor":47,"turns":7},{"damage":36,"enemies":"hubris:GrandSnecko","floor":50,"turns":8}],"seed_played":"-3197175047752182392","potions_obtained":[{"floor":2.0,"key":"Weak Potion"},{"floor":5.0,"key":"bronze:BurnAndBuffPotion"},{"floor":22,"key":"FearPotion"},{"floor":39,"key":"Venom Potion"},{"floor":45,"key":"Elixir"}],"is_trial":false,"path_per_floor":["M","M","?","M","M","R","M","?","T","M","?","?","$","M","R","B",null,"M","T","M","$","M","E","R","?","T","R","M","R","?","$","R","B",null,"M","?","?","?","M","R","E","R","T","M","E","$","E","$","R","B",null],"character_chosen":"HERMIT","items_purchased":["ReplayTheSpireMod:Brewmster","Chemical X","hermit:ShadowCloak","hermit:Midnight","ReplayTheSpireMod:Necrogeddon","reliquary:PorcupineQuills"],"campfire_rested":2,"item_purchase_floors":[13,13,21,21,46,46],"current_hp_per_floor":[67,63,63,60,52,52,52,41,41,40,40,40,40,38,38,28,63,63,63,50,50,36,3,40,40,40,55,46,64,64,64,75,26,63,62,62,62,62,30,48,47,65,65,52,41,41,6,6,49,13],"gold":106,"neow_bonus":"UPGRADE_CARD","is_daily":false,"chose_seed":false,"campfire_upgraded":6,"win_rate":0.0,"timestamp":1613926284,"path_taken":["M","?","?","M","M","R","M","?","T","M","?","?","$","M","R","BOSS","M","?","M","$","M","E","R","?","T","R","M","R","?","$","R","BOSS","M","?","?","?","M","R","E","R","T","M","E","$","E","$","R","BOSS"],"items_purchased_type":["Card","Relic","Card","Card","Card","Relic"],"build_version":"2020-12-22","purchased_purges":1,"victory":true,"max_hp_per_floor":[75,75,75,75,75,75,75,75,75,75,75,75,75,75,75,75,75,75,75,75,75,75,75,75,75,75,75,75,75,75,75,75,75,75,75,75,75,75,75,75,75,75,75,75,75,75,75,75,75,75],"card_choices":[{"not_picked":["hermit:TrackingShot","hermit:CalledShot"],"picked":"hermit:Gestalt","floor":1.0},{"not_picked":["hermit:SprayPray","hermit:Snipe"],"picked":"hermit:FinalCanter","floor":2.0},{"not_picked":["hermit:Combo","hermit:Determination"],"picked":"hermit:GoldenBullet","floor":4.0},{"not_picked":["hermit:LowProfile","hermit:Horror"],"picked":"hermit:FlashPowder","floor":5.0},{"not_picked":["hermit:BodyArmor","hermit:Manifest"],"picked":"hermit:Vantage","floor":7.0},{"not_picked":["hermit:Snipe","hermit:EyeOfTheStorm"],"picked":"hermit:TrackingShot","floor":10.0},{"not_picked":["hermit:TakeCover","hermit:Malice"],"picked":"hermit:Combo","floor":11.0},{"not_picked":["hermit:Midnight","hermit:ShadowCloak"],"picked":"hermit:FlashPowder","floor":11.0},{"not_picked":["hermit:Quickdraw","hermit:Misfire"],"picked":"hermit:Snipe","floor":14.0},{"not_picked":["hermit:RoundhouseKick","hermit:Roughhouse"],"picked":"hermit:FatalDesire","floor":16.0},{"not_picked":["hermit:Shortfuse+1","hermit:HoleUp","hermit:BodyArmor+1"],"picked":"SKIP","floor":18},{"not_picked":["hermit:HoleUp","hermit:Misfire"],"picked":"hermit:Deadeye","floor":20},{"not_picked":["hermit:Vantage","hermit:Misfire"],"picked":"hermit:BigShot+1","floor":22},{"not_picked":["hermit:ItchyTrigger","hermit:Misfire+1"],"picked":"hermit:Gestalt","floor":23},{"not_picked":["hermit:Glare+1","hermit:Coalescence"],"picked":"hermit:ShadowCloak","floor":28},{"not_picked":["hermit:EternalForm","hermit:Dissolve"],"picked":"hermit:Magnum","floor":33},{"not_picked":["hermit:Vantage+1","hermit:TakeCover+1","hermit:Headshot+1"],"picked":"SKIP","floor":35},{"not_picked":["hermit:Feint","hermit:HoleUp","hermit:Desperado"],"picked":"SKIP","floor":39},{"not_picked":["hermit:Ricochet+1","hermit:NoHoldsBarred"],"picked":"hermit:LowProfile+1","floor":41},{"not_picked":["hermit:Enervate+1","hermit:Misfire"],"picked":"hermit:Malice+1","floor":44},{"not_picked":["hermit:WideOpen+1","hermit:CursedWeapon"],"picked":"hermit:Virtue+1","floor":45},{"not_picked":["hermit:LowProfile+1","hermit:Headshot"],"picked":"hermit:Dive+1","floor":47}],"player_experience":1048078,"relics_obtained":[{"floor":9.0,"key":"Iron Hammer"},{"floor":11.0,"key":"Happy Flower"},{"floor":19,"key":"Eternal Feather"},{"floor":23,"key":"reliquary:ExpiredCoupon"},{"floor":26,"key":"Bag of Preparation"},{"floor":37,"key":"Ring of Searing"},{"floor":37,"key":"ReplayTheSpireMod:Ring of Exchange"},{"floor":41,"key":"reliquary:PartyBalloon"},{"floor":43,"key":"Nunchaku"},{"floor":45,"key":"Ancient Tea Set"},{"floor":47,"key":"hubris:Zylophone"}],"event_choices":[{"damage_healed":0.0,"max_hp_gain":0.0,"max_hp_loss":0.0,"gold_gain":75.0,"event_name":"World of Goop","player_choice":"Gather Gold","floor":8.0,"gold_loss":0.0,"damage_taken":11.0},{"damage_healed":0.0,"max_hp_gain":0.0,"max_hp_loss":0.0,"gold_gain":0.0,"event_name":"The Woman in Blue","player_choice":"Bought 0 Potions","floor":12.0,"gold_loss":0.0,"damage_taken":0.0},{"damage_healed":0,"gold_gain":0,"player_choice":"Stole Relic","damage_taken":0,"relics_obtained":["The Courier"],"max_hp_gain":0,"max_hp_loss":0,"event_name":"Addict","floor":25,"gold_loss":0,"cards_obtained":["Shame"]},{"cards_removed":["Hallucinations"],"damage_healed":0,"gold_gain":0,"player_choice":"Purged","damage_taken":0,"max_hp_gain":0,"max_hp_loss":0,"event_name":"Purifier","floor":38,"gold_loss":0}],"is_beta":false,"boss_relics":[{"not_picked":["reliquary:Ember","hubris:BlackHole"],"picked":"hubris:HollowSoul"},{"not_picked":["hubris:RunicObelisk","SlaversCollar"],"picked":"reliquary:RedCape"}],"items_purged_floors":[31],"is_endless":false,"potions_floor_spawned":[2,5,14,20,22,39,45],"ascension_level":10}}