{"host":"sy26bfguqtls01um","time":1613917011,"event":{"mods":["BaseMod","DeckTracker","Hermit","Minty Spire (QoL Compilation)","Random Character Button","StSLib","SuperFastMode","The Hierophant","The Necromancer","The Servant 0.9.4","The Wild Card"],"gold_per_floor":[112,29,104,104,119,119,146,146,173,204,204,224,224,234,234,234,234],"floor_reached":16,"language":"KOR","playtime":797,"items_purged":[],"score":216,"play_id":"74766dca-4ef5-4ecb-bea2-a961ec41a6aa","local_time":"20210221231651","is_ascension_mode":true,"campfire_choices":[{"floor":6,"key":"REST"},{"data":"FlawlessForm","floor":8,"key":"SMITH"},{"floor":11,"key":"REST"},{"data":"Potential","floor":13,"key":"SMITH"},{"data":"Potential","floor":15,"key":"SMITH"}],"circlet_count":0,"master_deck":["AscendersBane","Strike_S","Strike_S","Strike_S","Strike_S","Defend_S","Defend_S","Defend_S","Defend_S","KidneyShot","Exchange","FlawlessForm+1","TimeWarp","SilverBlades","Potential+1","BottledTime","Potential+1","Rearm"],"relics":["Uniform","Orichalcum","Akabeko","MealTicket","Strawberry"],"acts_visited":["Exordium"],"potions_floor_usage":[10,14,16],"damage_taken":[{"damage":4,"enemies":"Small Slimes","floor":1,"turns":6},{"damage":2,"enemies":"2 Louse","floor":5,"turns":3},{"damage":10,"enemies":"Gremlin Nob","floor":7,"turns":7},{"damage":18,"enemies":"3 Sentries","floor":10,"turns":11},{"damage":0,"enemies":"Cultist","floor":12,"turns":3},{"damage":0,"enemies":"Looter","floor":14,"turns":4},{"damage":39,"enemies":"The Guardian","floor":16,"turns":9}],"seed_played":"7081970337152126230","potions_obtained":[{"floor":1,"key":"LiquidBronze"},{"floor":7,"key":"AttackPotion"},{"floor":12,"key":"Fruit Juice"},{"floor":14,"key":"ColorlessPotion"}],"is_trial":false,"path_per_floor":["M","$","?","?","M","R","E","R","T","E","R","M","R","M","R","B"],"character_chosen":"THE_SERVANT","items_purchased":["SilverBlades"],"campfire_rested":2,"item_purchase_floors":[2],"current_hp_per_floor":[50,50,39,21,19,35,25,25,25,14,32,32,32,37,37,0,0],"gold":234,"neow_bonus":"THREE_RARE_CARDS","is_daily":false,"chose_seed":false,"campfire_upgraded":3,"win_rate":0.0,"timestamp":1613917011,"path_taken":["M","$","?","?","M","R","E","R","T","E","R","M","R","M","R","BOSS"],"items_purchased_type":["Card"],"build_version":"2020-12-22","purchased_purges":0,"victory":false,"max_hp_per_floor":[54,54,54,54,54,54,54,54,54,61,61,61,61,66,66,66,66],"card_choices":[{"not_picked":["Initiator","TheWorld"],"picked":"FlawlessForm","floor":0},{"not_picked":["ShiftingGears","Gouge"],"picked":"TimeWarp","floor":1},{"not_picked":["Spin","Starlight"],"picked":"Potential","floor":5},{"not_picked":["Replace","Foresight","Advance"],"picked":"SKIP","floor":7},{"not_picked":["TimeWarp","Barrier"],"picked":"BottledTime","floor":10},{"not_picked":["Gouge","DoubleEdge"],"picked":"Potential","floor":12},{"not_picked":["Replace","Revamp"],"picked":"Rearm","floor":14}],"player_experience":1907051,"relics_obtained":[{"floor":7,"key":"Akabeko"},{"floor":9,"key":"MealTicket"},{"floor":10,"key":"Strawberry"}],"event_choices":[{"damage_healed":0,"gold_gain":75,"player_choice":"Gather Gold","damage_taken":11,"max_hp_gain":0,"max_hp_loss":0,"event_name":"World of Goop","floor":3,"gold_loss":0},{"damage_healed":0,"gold_gain":0,"player_choice":"Success","damage_taken":18,"relics_obtained":["Orichalcum"],"max_hp_gain":0,"max_hp_loss":0,"event_name":"Scrap Ooze","floor":4,"gold_loss":0}],"is_beta":false,"boss_relics":[],"items_purged_floors":[],"is_endless":false,"potions_floor_spawned":[1,7,12,14],"killed_by":"The Guardian","ascension_level":20}}