{"host":"9czo1ewqehy3yunx","time":1613869826,"event":{"mods":["AchievementEnabler","Act Like it!","BaseMod","CapriCore","Colored Powertips","DeckTracker","GifTheSpireLib","GungeonMod","Hermit","Keyboard Shortcuts","Koishi","Lobotomy","Marisa£¨Ùöéë¡¡Øª×âÞÞ£©","Minty Spire (QoL Compilation)","Permanent Neow","Quick Restart","StSLib","SuperFastMode","Td1madao Mod","The Bug Knight","The Cursed","The Hierophant","The Immortal","The Jungle","The Poker Player","The Runesmith"],"gold_per_floor":[273,293,293,313,313,313,333,42,88,116,128,153,165,195,207,319,331,361,114,168,72,72,72,72,72],"floor_reached":24,"language":"KOR","playtime":967,"items_purged":["Regret","Parasite"],"score":188,"play_id":"124746ac-76ba-4d02-8a98-12c9d0711f62","local_time":"20210221101026","is_ascension_mode":false,"campfire_choices":[{"data":"DemoMod:ManualReload","floor":6,"key":"SMITH"},{"data":"DemoMod:ShadowBullets","floor":11,"key":"SMITH"},{"floor":15,"key":"REST"},{"data":"DemoMod:BlankBullets","floor":23,"key":"SMITH"}],"circlet_count":0,"master_deck":["DemoMod:Strike_Huntress","DemoMod:Strike_Huntress","DemoMod:Strike_Huntress","DemoMod:Defend_Huntress","DemoMod:Defend_Huntress","DemoMod:Defend_Huntress","DemoMod:Defend_Huntress","DemoMod:Roll","DemoMod:ManualReload+1","DemoMod:RustySidearm","DemoMod:CrossBow","DemoMod:ChanceBullets+1","DemoMod:AbyssalTentacle","DemoMod:BoxingGlove","DemoMod:ZorGun","DemoMod:HuntsMan","DemoMod:ShadowBullets+1","DemoMod:BoxingGlove","DemoMod:BalloonGun","DemoMod:BoxingGlove","DemoMod:GunslingerForm","DemoMod:TeaPot","DemoMod:BlankBullets+1","DemoMod:JK47+1","DemoMod:ChanceBullets","DemoMod:JK47"],"relics":["DemoMod:Dog","Ancient Tea Set","DemoMod:GnawedKey","MawBank","Philosopher\u0027s Stone","DemoMod:Ammonomicon"],"acts_visited":["Exordium","TheCity"],"potions_floor_usage":[12,16,16,24,24,24],"damage_taken":[{"damage":0,"enemies":"2 Louse","floor":1,"turns":2},{"damage":0,"enemies":"Small Slimes","floor":2,"turns":3},{"damage":13,"enemies":"Jaw Worm","floor":4,"turns":4},{"damage":6,"enemies":"Looter","floor":7,"turns":3},{"damage":33,"enemies":"Exordium Thugs","floor":10,"turns":7},{"damage":9,"enemies":"2 Fungi Beasts","floor":12,"turns":3},{"damage":14,"enemies":"Lots of Slimes","floor":14,"turns":3},{"damage":17,"enemies":"Hexaghost","floor":16,"turns":8},{"damage":15,"enemies":"Chosen","floor":18,"turns":6},{"damage":26,"enemies":"Snecko","floor":20,"turns":4},{"damage":33,"enemies":"Centurion and Healer","floor":24,"turns":2}],"seed_played":"-3047027499196970708","potions_obtained":[{"floor":1,"key":"LiquidBronze"},{"floor":7,"key":"Swift Potion"},{"floor":10,"key":"Fire Potion"},{"floor":14,"key":"FearPotion"},{"floor":18,"key":"BlessingOfTheForge"},{"floor":20,"key":"Swift Potion"}],"is_trial":false,"path_per_floor":["M","M","?","M","?","R","M","$","T","M","R","M","?","M","R","B",null,"M","$","M","$","?","R","M"],"character_chosen":"HUNTRESS","items_purchased":["DemoMod:GnawedKey","DemoMod:HuntsMan","DemoMod:ShadowBullets","DemoMod:BlankBullets","DemoMod:ChanceBullets","DemoMod:JK47"],"campfire_rested":1,"item_purchase_floors":[8,8,8,19,21,21],"current_hp_per_floor":[70,70,70,57,57,57,51,51,51,18,18,9,26,12,33,16,70,55,55,29,29,29,29,0,0],"gold":72,"neow_bonus":"","is_daily":false,"chose_seed":false,"campfire_upgraded":3,"win_rate":0.0,"timestamp":1613869826,"path_taken":["M","M","?","M","?","R","M","$","T","M","R","M","?","M","R","BOSS","M","$","M","$","?","R","M"],"items_purchased_type":["Relic","Card","Card","Card","Card","Card"],"build_version":"2020-12-22","purchased_purges":2,"victory":false,"max_hp_per_floor":[70,70,70,70,70,70,70,70,70,70,70,70,70,70,70,70,70,70,67,67,67,67,67,67,67],"card_choices":[{"not_picked":["DemoMod:BattleInHaste","DemoMod:MachoBrace"],"picked":"DemoMod:ChanceBullets","floor":1},{"not_picked":["DemoMod:SpreadAmmo","DemoMod:Camera"],"picked":"DemoMod:AbyssalTentacle","floor":2},{"not_picked":["DemoMod:BattleInHaste","DemoMod:JK47"],"picked":"DemoMod:BoxingGlove","floor":4},{"not_picked":["DemoMod:HardPowerCard","DemoMod:Ejector"],"picked":"DemoMod:ZorGun","floor":7},{"not_picked":["DemoMod:AWP","DemoMod:SAA"],"picked":"DemoMod:BoxingGlove","floor":10},{"not_picked":["DemoMod:FeignSurrender","DemoMod:Unmoved"],"picked":"DemoMod:BalloonGun","floor":12},{"not_picked":["DemoMod:FastSwitch","DemoMod:StickyCrossBow"],"picked":"DemoMod:BoxingGlove","floor":14},{"not_picked":["DemoMod:Desperate","DemoMod:DarkMarker"],"picked":"DemoMod:GunslingerForm","floor":16},{"not_picked":["DemoMod:Ejector","DemoMod:CombinedRifle+1"],"picked":"DemoMod:TeaPot","floor":18},{"not_picked":["DemoMod:HardPowerCard","DemoMod:SpreadAmmo"],"picked":"DemoMod:JK47+1","floor":20}],"player_experience":250321,"relics_obtained":[{"floor":9,"key":"MawBank"}],"event_choices":[{"damage_healed":0,"gold_gain":0,"player_choice":"Grow","damage_taken":0,"max_hp_gain":0,"max_hp_loss":0,"event_name":"Living Wall","floor":3,"gold_loss":0,"cards_upgraded":["DemoMod:ChanceBullets"]},{"damage_healed":0,"gold_gain":0,"player_choice":"Box","damage_taken":0,"relics_obtained":["Ancient Tea Set"],"max_hp_gain":0,"max_hp_loss":0,"event_name":"Big Fish","floor":5,"gold_loss":0,"cards_obtained":["Regret"]},{"damage_healed":17,"gold_gain":0,"player_choice":"Healed and dodged fight","damage_taken":0,"max_hp_gain":0,"max_hp_loss":0,"event_name":"Mushrooms","floor":13,"gold_loss":0,"cards_obtained":["Parasite"]}],"is_beta":false,"boss_relics":[{"not_picked":["Velvet Choker","Runesmith:UraniumAnvil"],"picked":"Philosopher\u0027s Stone"}],"items_purged_floors":[8,19],"is_endless":false,"potions_floor_spawned":[1,7,10,14,18,20],"killed_by":"Centurion and Healer","ascension_level":0}}