{"host":"htvce8wym9d6pe5b","time":1613918313,"event":{"mods":["Act Like it!","BaseMod","Colored Map","Conspire","Downfall","Hermit","Highlight Path","Hubris","Infinite Spire","Jorbs\u0027s Wanderer Trilogy","Minty Spire (QoL Compilation)","Replay The Spire","StSLib","The Bug Knight","The Cursed","The Disciple","The Hierophant","The Runesmith"],"gold_per_floor":[115,312,7,25,45,45,62,79,79,89,89,89],"floor_reached":11,"language":"ENG","playtime":618,"items_purged":[],"score":67,"play_id":"c3c863af-dd22-4fcc-8458-433125192644","local_time":"20210221083833","is_ascension_mode":false,"campfire_choices":[{"floor":6,"key":"REST"}],"circlet_count":0,"master_deck":["Runesmith:Strike_RS","Runesmith:Strike_RS","Runesmith:Strike_RS","Runesmith:Strike_RS","Runesmith:Defend_RS","Runesmith:Defend_RS","Runesmith:Defend_RS","Runesmith:Defend_RS","Runesmith:CraftFirestone","Runesmith:Fortify","Runesmith:ChiselStab","Runesmith:HammerThrow","Runesmith:GrandSlam","Runesmith:GoWithTheFlow","Runesmith:LithiumIon","Runesmith:EnergizedChisel","Runesmith:GoWithTheFlow","Runesmith:CraftMedicinae","Runesmith:BackupBattery","Runesmith:CraftMagma"],"relics":["Runesmith:BrokenRuby","NeowsBlessing","hubris:FunFungus"],"acts_visited":["Exordium"],"potions_floor_usage":[],"damage_taken":[{"damage":0,"enemies":"Cultist","floor":1,"turns":1},{"damage":0,"enemies":"2 Louse","floor":4,"turns":1},{"damage":0,"enemies":"Small Slimes","floor":5,"turns":1},{"damage":13,"enemies":"Exordium Wildlife","floor":7,"turns":4},{"damage":14,"enemies":"Blue Slaver","floor":8,"turns":3},{"damage":20,"enemies":"Exordium Thugs","floor":10,"turns":5},{"damage":25,"enemies":"Lagavulin","floor":11,"turns":5}],"seed_played":"-6324846838872817763","potions_obtained":[{"floor":4,"key":"LifebloodPotion"},{"floor":5,"key":"FearPotion"},{"floor":8,"key":"Death Potion"}],"is_trial":false,"path_per_floor":["M","?","$","M","M","R","M","M","T","M","E"],"character_chosen":"RUNESMITH_CLASS","items_purchased":["Runesmith:GrandSlam","Runesmith:GoWithTheFlow","Runesmith:LithiumIon"],"campfire_rested":1,"item_purchase_floors":[3,3,3],"current_hp_per_floor":[70,53,53,53,53,70,57,43,43,24,0,0],"gold":89,"neow_bonus":"THREE_ENEMY_KILL","is_daily":false,"chose_seed":false,"campfire_upgraded":0,"win_rate":0.0,"timestamp":1613918313,"path_taken":["M","?","$","?","M","R","M","M","T","M","E"],"items_purchased_type":["Card","Card","Card"],"build_version":"2020-12-22","purchased_purges":0,"victory":false,"max_hp_per_floor":[70,70,70,70,70,70,70,70,70,70,70,70],"card_choices":[{"not_picked":["Runesmith:UnstableHammer","Runesmith:HammerAndChisel"],"picked":"Runesmith:ChiselStab","floor":1},{"not_picked":["Runesmith:CraftProtectio","Runesmith:Attraction"],"picked":"Runesmith:HammerThrow","floor":2},{"not_picked":["Runesmith:Grindstone","Runesmith:ChiselStab"],"picked":"Runesmith:EnergizedChisel","floor":4},{"not_picked":["Runesmith:Grindstone","Runesmith:EnergizedChisel"],"picked":"Runesmith:GoWithTheFlow","floor":5},{"not_picked":["Runesmith:UnstableHammer","Runesmith:OneForEveryone"],"picked":"Runesmith:CraftMedicinae","floor":7},{"not_picked":["Runesmith:HammerThrow","Runesmith:Accelerate"],"picked":"Runesmith:BackupBattery","floor":8},{"not_picked":["Runesmith:HammerAndChisel","Runesmith:StaticCage"],"picked":"Runesmith:CraftMagma","floor":10}],"player_experience":22537,"relics_obtained":[{"floor":9,"key":"hubris:FunFungus"}],"event_choices":[],"is_beta":false,"boss_relics":[],"items_purged_floors":[],"is_endless":false,"potions_floor_spawned":[4,5,8],"killed_by":"Lagavulin","ascension_level":0}}