{"host":"8jwrv7sn1174lfer","time":1613899180,"event":{"mods":["BaseMod","Colored Map","Colored Powertips","Highlight Path","Minty Spire (QoL Compilation)","StSLib"],"gold_per_floor":[116,191,266,276,10,10,38,52,52,82,82,95,95,107,107,181,181,201,126,126,126,138,138,138,169,169,203,203,56,56,67,67,142,142,160,179,179,179,197,212,26,26,75,92,110,110,136,26,26,26],"floor_reached":51,"language":"ENG","playtime":3770,"items_purged":["Injury","Strike_R","Strike_R+1"],"score":1347,"play_id":"c1223745-9506-4665-863f-f386e8fe1b73","local_time":"20210221041940","is_ascension_mode":true,"campfire_choices":[{"data":"Immolate","floor":6,"key":"SMITH"},{"data":"True Grit","floor":11,"key":"SMITH"},{"data":"Bash","floor":15,"key":"SMITH"},{"data":"Limit Break","floor":24,"key":"SMITH"},{"data":"Shockwave","floor":32,"key":"SMITH"},{"data":"Ghostly","floor":46,"key":"SMITH"},{"data":"Second Wind","floor":49,"key":"SMITH"}],"circlet_count":0,"master_deck":["AscendersBane","Strike_R+1","Defend_R+1","Defend_R+1","Defend_R+1","Defend_R+1","Bash+1","Immolate+1","True Grit+1","Rampage","Inflame","Clothesline+1","Headbutt+1","Hemokinesis+1","Metallicize","Ghostly Armor","Limit Break+1","Headbutt+1","Necronomicurse","Pommel Strike+1","Warcry","Ghostly+1","Ghostly","Ghostly","Ghostly","Ghostly","Evolve","Shockwave+1","Bludgeon+1","Whirlwind+1","Flash of Steel+1","Flex+1","Second Wind+1","Ghostly Armor","Disarm","Mind Blast+1"],"relics":["Burning Blood","Membership Card","Molten Egg 2","HornCleat","Incense Burner","Mark of Pain","Question Card","Necronomicon","Centennial Puzzle","Ornamental Fan","Art of War","Omamori","Runic Pyramid","Bag of Marbles","Lantern","MealTicket","Turnip"],"acts_visited":["Exordium","TheCity","TheBeyond"],"potions_floor_usage":[4,12,14,16,27,50,50],"damage_taken":[{"damage":7,"enemies":"Jaw Worm","floor":1,"turns":3},{"damage":0,"enemies":"Cultist","floor":4,"turns":2},{"damage":15,"enemies":"3 Sentries","floor":7,"turns":5},{"damage":0,"enemies":"2 Louse","floor":8,"turns":1},{"damage":18,"enemies":"Gremlin Nob","floor":10,"turns":4},{"damage":2,"enemies":"Blue Slaver","floor":12,"turns":1},{"damage":0,"enemies":"Exordium Thugs","floor":14,"turns":4},{"damage":33,"enemies":"Slime Boss","floor":16,"turns":9},{"damage":2,"enemies":"Chosen","floor":18,"turns":3},{"damage":1,"enemies":"2 Thieves","floor":22,"turns":3},{"damage":0,"enemies":"Slavers","floor":25,"turns":1},{"damage":1,"enemies":"Gremlin Leader","floor":27,"turns":3},{"damage":2,"enemies":"Snecko","floor":31,"turns":3},{"damage":20,"enemies":"Automaton","floor":33,"turns":9},{"damage":7,"enemies":"3 Shapes","floor":35,"turns":2},{"damage":0,"enemies":"Orb Walker","floor":36,"turns":1},{"damage":2,"enemies":"Maw","floor":39,"turns":6},{"damage":1,"enemies":"Transient","floor":40,"turns":5},{"damage":0,"enemies":"Writhing Mass","floor":44,"turns":6},{"damage":10,"enemies":"4 Shapes","floor":45,"turns":2},{"damage":0,"enemies":"Reptomancer","floor":47,"turns":5},{"damage":15,"enemies":"Awakened One","floor":50,"turns":11}],"seed_played":"-4023997088620707851","potions_obtained":[{"floor":1,"key":"Energy Potion"},{"floor":8,"key":"SteroidPotion"},{"floor":12,"key":"BlessingOfTheForge"},{"floor":16,"key":"ElixirPotion"},{"floor":18,"key":"Strength Potion"},{"floor":22,"key":"PowerPotion"},{"floor":36,"key":"DistilledChaos"}],"is_trial":false,"path_per_floor":["M","?","?","M","$","R","E","M","T","E","R","M","?","M","R","B",null,"M","?","T","?","M","?","R","E","T","E","?","$","?","M","R","B",null,"M","M","?","?","M","M","$","?","T","M","M","R","E","$","R","B",null],"character_chosen":"IRONCLAD","items_purchased":["Membership Card","Rampage","Inflame","SteroidPotion","Evolve","Omamori","Second Wind","Bag of Marbles","Lantern","Mind Blast+1"],"campfire_rested":0,"item_purchase_floors":[5,5,5,5,29,29,41,41,41,48],"current_hp_per_floor":[67,56,49,55,55,55,46,52,52,40,40,44,44,50,50,23,62,66,66,66,50,55,41,41,47,47,52,40,40,40,40,40,26,37,36,40,40,40,40,40,40,40,40,40,36,36,40,40,40,31],"gold":26,"neow_bonus":"THREE_RARE_CARDS","is_daily":false,"chose_seed":false,"campfire_upgraded":7,"win_rate":0.0,"timestamp":1613899180,"path_taken":["M","?","?","?","$","R","E","M","T","E","R","M","?","M","R","BOSS","M","?","?","?","M","?","R","E","T","E","?","$","?","M","R","BOSS","M","M","?","?","M","M","$","?","T","?","M","R","E","?","R","BOSS"],"items_purchased_type":["Relic","Card","Card","Potion","Card","Relic","Card","Relic","Relic","Card"],"build_version":"2020-12-22","purchased_purges":3,"victory":true,"max_hp_per_floor":[75,75,75,75,75,75,75,75,75,75,75,75,75,75,75,75,75,75,75,75,75,75,80,80,80,80,80,40,40,40,40,40,40,40,40,40,40,40,40,40,40,40,40,40,40,40,40,40,40,40],"card_choices":[{"not_picked":["Impervious","Demon Form"],"picked":"Immolate","floor":0},{"not_picked":["Rage","Flex"],"picked":"True Grit","floor":1},{"not_picked":["Heavy Blade","Flex","Armaments"],"picked":"SKIP","floor":4},{"not_picked":["Offering","Dropkick+1"],"picked":"Clothesline+1","floor":7},{"not_picked":["Hemokinesis+1","Twin Strike+1"],"picked":"Headbutt+1","floor":8},{"not_picked":["Body Slam+1","Barricade"],"picked":"Hemokinesis+1","floor":10},{"not_picked":["Clothesline+1","Sword Boomerang+1"],"picked":"Metallicize","floor":12},{"not_picked":["Thunderclap+1","Feel No Pain"],"picked":"Ghostly Armor","floor":14},{"not_picked":["Demon Form","Bludgeon+1"],"picked":"Limit Break","floor":16},{"not_picked":["Armaments","Perfected Strike+1"],"picked":"Headbutt+1","floor":18},{"not_picked":["Cleave+1","Pummel+1","Body Slam+1"],"picked":"Pommel Strike+1","floor":22},{"not_picked":["Sword Boomerang+1","Thunderclap+1","Battle Trance"],"picked":"Warcry","floor":25},{"not_picked":["Inflame","Headbutt+1","Sever Soul+1","Flame Barrier"],"picked":"SKIP","floor":27},{"not_picked":["Wild Strike+1","Entrench","Pommel Strike+1"],"picked":"Shockwave","floor":31},{"not_picked":["Barricade","Offering","Reaper+1"],"picked":"Bludgeon+1","floor":33},{"not_picked":["Dark Embrace+1","Inflame","Anger+1","Armaments"],"picked":"SKIP","floor":35},{"not_picked":["Twin Strike+1","Cleave+1","Intimidate"],"picked":"Whirlwind+1","floor":36},{"not_picked":["Secret Technique","The Bomb","Blind"],"picked":"Flash of Steel+1","floor":37},{"not_picked":["Perfected Strike+1","Fire Breathing","Sword Boomerang+1"],"picked":"Flex+1","floor":39},{"not_picked":["Hemokinesis+1","Iron Wave+1","Sword Boomerang+1","Pommel Strike+1"],"picked":"SKIP","floor":40},{"not_picked":["Spot Weakness+1","Whirlwind+1","Cleave+1"],"picked":"Disarm","floor":44},{"not_picked":["Shockwave+1","Feel No Pain+1","Iron Wave+1","Perfected Strike+1"],"picked":"SKIP","floor":45},{"not_picked":["Evolve","Power Through+1","Heavy Blade+1","Battle Trance"],"picked":"SKIP","floor":47}],"player_experience":642786,"relics_obtained":[{"floor":7,"key":"Molten Egg 2"},{"floor":9,"key":"HornCleat"},{"floor":10,"key":"Incense Burner"},{"floor":20,"key":"Question Card"},{"floor":21,"key":"Necronomicon"},{"floor":25,"key":"Centennial Puzzle"},{"floor":26,"key":"Ornamental Fan"},{"floor":27,"key":"Art of War"},{"floor":43,"key":"MealTicket"},{"floor":47,"key":"Turnip"}],"event_choices":[{"damage_healed":0,"gold_gain":75,"player_choice":"Gather Gold","damage_taken":11,"max_hp_gain":0,"max_hp_loss":0,"event_name":"World of Goop","floor":2,"gold_loss":0},{"damage_healed":0,"gold_gain":75,"player_choice":"Touch","damage_taken":7,"max_hp_gain":0,"max_hp_loss":0,"event_name":"FaceTrader","floor":3,"gold_loss":0},{"damage_healed":0,"gold_gain":0,"player_choice":"Ignored","damage_taken":0,"max_hp_gain":0,"max_hp_loss":0,"event_name":"Liars Game","floor":13,"gold_loss":0},{"cards_removed":["Strike_R"],"damage_healed":0,"gold_gain":0,"player_choice":"Gave Gold","damage_taken":0,"max_hp_gain":0,"max_hp_loss":0,"event_name":"Beggar","floor":19,"gold_loss":75},{"damage_healed":0,"gold_gain":0,"player_choice":"Obtained Book","damage_taken":16,"max_hp_gain":0,"max_hp_loss":0,"event_name":"Cursed Tome","floor":21,"gold_loss":0},{"damage_healed":0,"gold_gain":0,"player_choice":"Shed Blood","damage_taken":19,"max_hp_gain":5,"max_hp_loss":0,"event_name":"Forgotten Altar","floor":23,"gold_loss":0},{"damage_healed":0,"gold_gain":0,"player_choice":"Became a Ghost","damage_taken":0,"max_hp_gain":0,"max_hp_loss":40,"event_name":"Ghosts","floor":28,"gold_loss":0,"cards_obtained":["Ghostly","Ghostly","Ghostly","Ghostly","Ghostly"]},{"damage_healed":0,"gold_gain":0,"player_choice":"Simplicity","damage_taken":0,"max_hp_gain":0,"max_hp_loss":0,"event_name":"Back to Basics","floor":30,"gold_loss":0,"cards_upgraded":["Strike_R","Strike_R","Strike_R","Defend_R","Defend_R","Defend_R","Defend_R"]},{"damage_healed":0,"gold_gain":0,"player_choice":"Memory 1","damage_taken":0,"max_hp_gain":0,"max_hp_loss":0,"event_name":"SensoryStone","floor":37,"gold_loss":0},{"damage_healed":0,"gold_gain":0,"player_choice":"Ignored","damage_taken":0,"max_hp_gain":0,"max_hp_loss":0,"event_name":"Tomb of Lord Red Mask","floor":38,"gold_loss":0},{"damage_healed":0,"gold_gain":0,"cards_transformed":["Strike_R"],"player_choice":"Transformed","damage_taken":0,"max_hp_gain":0,"max_hp_loss":0,"event_name":"Transmorgrifier","floor":42,"gold_loss":0,"cards_obtained":["Ghostly Armor"]}],"is_beta":false,"boss_relics":[{"not_picked":["Philosopher\u0027s Stone","Black Star"],"picked":"Mark of Pain"},{"not_picked":["Runic Cube","Black Blood"],"picked":"Runic Pyramid"}],"items_purged_floors":[5,29,48],"is_endless":false,"potions_floor_spawned":[1,8,12,16,18,22,25,36,45,47],"ascension_level":14}}