{"host":"42xf941fomyavgzy","time":1613874319,"event":{"mods":["Act Like it!","Astrologer","BaseMod","Colored Map","DeckTracker","Minty Spire (QoL Compilation)","Shop Mod","StSLib","SuperFastMode","The Cursed"],"gold_per_floor":[115,4,21,21,96,96,121,131,131,131,162,180,214,227,227,331,331,349,349,349],"floor_reached":19,"language":"JPN","playtime":1236,"items_purged":["Strike_R"],"score":271,"play_id":"21cffa1c-9fd1-4a4d-9fc7-28edfc4d87cd","local_time":"20210221112519","is_ascension_mode":true,"campfire_choices":[{"data":"Bash","floor":6,"key":"SMITH"},{"floor":10,"key":"REST"},{"floor":15,"key":"REST"}],"circlet_count":0,"master_deck":["Strike_R","Strike_R","Defend_R","Defend_R","Defend_R","Defend_R","Bash+1","Shrug It Off","Sever Soul","Wild Strike","Ghostly Armor","Evolve","Shrug It Off+1","Heavy Blade","Seeing Red+1","Feed","Reaper","Thunderclap"],"relics":["Burning Blood","Ginger","Toxic Egg 2","CaptainsWheel","Centennial Puzzle","SlaversCollar"],"acts_visited":["Exordium","TheCity"],"potions_floor_usage":[11,16,19],"damage_taken":[{"damage":5,"enemies":"Jaw Worm","floor":1,"turns":5},{"damage":4,"enemies":"Small Slimes","floor":3,"turns":3},{"damage":50,"enemies":"Lagavulin","floor":7,"turns":6},{"damage":0,"enemies":"2 Louse","floor":8,"turns":2},{"damage":12,"enemies":"3 Sentries","floor":11,"turns":9},{"damage":3,"enemies":"Exordium Wildlife","floor":12,"turns":5},{"damage":39,"enemies":"Gremlin Nob","floor":13,"turns":6},{"damage":0,"enemies":"2 Fungi Beasts","floor":14,"turns":3},{"damage":16,"enemies":"Slime Boss","floor":16,"turns":14},{"damage":30,"enemies":"Spheric Guardian","floor":18,"turns":8},{"damage":46,"enemies":"Shell Parasite","floor":19,"turns":14}],"seed_played":"2710598829355120389","potions_obtained":[{"floor":3,"key":"Explosive Potion"},{"floor":14,"key":"HeartOfIron"},{"floor":16,"key":"PowerPotion"}],"is_trial":false,"path_per_floor":["M","$","M","?","?","R","E","M","T","R","E","M","E","M","R","B",null,"M","M"],"character_chosen":"IRONCLAD","items_purchased":["Sever Soul"],"campfire_rested":2,"item_purchase_floors":[2],"current_hp_per_floor":[73,73,75,68,57,57,13,19,19,43,37,40,7,13,37,30,70,46,0,0],"gold":349,"neow_bonus":"REMOVE_CARD","is_daily":false,"chose_seed":false,"campfire_upgraded":1,"win_rate":0.0,"timestamp":1613874319,"path_taken":["M","$","M","?","?","R","E","M","T","R","E","M","E","M","R","BOSS","M","M"],"items_purchased_type":["Card"],"build_version":"2020-12-22","purchased_purges":1,"victory":false,"max_hp_per_floor":[80,80,80,80,80,80,80,80,80,80,80,80,80,80,80,83,83,83,83,83],"card_choices":[{"not_picked":["Twin Strike","Flex"],"picked":"Shrug It Off","floor":1},{"not_picked":["Twin Strike","Heavy Blade"],"picked":"Wild Strike","floor":3},{"not_picked":["Body Slam","Exhume"],"picked":"Ghostly Armor","floor":7},{"not_picked":["Clothesline","Armaments"],"picked":"Evolve","floor":8},{"not_picked":["Perfected Strike","Barricade"],"picked":"Shrug It Off+1","floor":11},{"not_picked":["Pommel Strike","Blood for Blood"],"picked":"Heavy Blade","floor":12},{"not_picked":["Perfected Strike","Hemokinesis"],"picked":"Seeing Red+1","floor":13},{"not_picked":["Heavy Blade","Headbutt"],"picked":"Feed","floor":14},{"not_picked":["Offering+1","Brutality"],"picked":"Reaper","floor":16},{"not_picked":["Heavy Blade+1","Clash"],"picked":"Thunderclap","floor":18}],"player_experience":501288,"relics_obtained":[{"floor":7,"key":"Ginger"},{"floor":9,"key":"Toxic Egg 2"},{"floor":11,"key":"CaptainsWheel"},{"floor":13,"key":"Centennial Puzzle"}],"event_choices":[{"cards_removed":["Strike_R"],"damage_healed":0,"gold_gain":0,"player_choice":"Card Removal","damage_taken":7,"max_hp_gain":0,"max_hp_loss":0,"event_name":"Golden Wing","floor":4,"gold_loss":0},{"damage_healed":0,"gold_gain":75,"player_choice":"Gather Gold","damage_taken":11,"max_hp_gain":0,"max_hp_loss":0,"event_name":"World of Goop","floor":5,"gold_loss":0}],"is_beta":false,"boss_relics":[{"not_picked":["Runic Cube","Busted Crown"],"picked":"SlaversCollar"}],"items_purged_floors":[2],"is_endless":false,"potions_floor_spawned":[3,14,16],"killed_by":"Shell Parasite","ascension_level":9}}