{"host":"t9zjxed0utvsfjwc","time":1613890604,"event":{"mods":["2.2 Compatiblity","Act Like it!","Aspiration","BaseMod","Better Altar","Better Match","Better Note","Better Sensory Stone","Better Skull","Better Third Choice","Block Reminder","Colored Map","Colored Powertips","Conspire","Defuse TimeMaze Blight","Energized Spire","GifTheSpireLib","Hermit","Highlight Path","Hubris","Infinite Spire","Marked Mod","Minty Spire (QoL Compilation)","Quick Restart","Rare Cards Sparkle","Relic Sorter","Relic Stats","Reliquary","Replay The Spire","Ruina","StSLib","Stuff the Spire","The Blue Laboratory","The Jungle","The Marked","Unceasing Turn Reminder","Wandering Minibosses","everything is the same but u backflip on backflip"],"gold_per_floor":[113,43,43,43,61,88,88,88,134,81,81,81,115,134,134,235,235,251,251,251,124,70,70,70,99,99,113,127,127,143,143,143,244,294,308,308,322,322,335,368,316,350,350,201,219,230,243,256,256,256],"floor_reached":51,"language":"ENG","playtime":1956,"items_purged":["Strike_B","Strike_B","Strike_B","Strike_B","Defend_B","Defend_B","Defend_B","hubris:Lust"],"score":870,"play_id":"64d9df30-1fe7-4a02-8423-ab792b822294","local_time":"20210221065644","is_ascension_mode":true,"campfire_choices":[{"data":"StuffTheSpire:Rend","floor":8,"key":"SMITH"},{"floor":15,"key":"REST"},{"floor":23,"key":"REST"},{"floor":29,"key":"REST"},{"floor":32,"key":"DIG"},{"floor":49,"key":"REST"}],"circlet_count":0,"master_deck":["Defend_B+1","FTL+1","Streamline+1","StuffTheSpire:Rend+1","Gash+1","Vigilance+1","Eruption+1","Go for the Eyes+1","FTL+1","StuffTheSpire:LaunchingStrike+1","Leap+1","Gash+1","Go for the Eyes+1","Melter","Melter+1"],"relics":["Cracked Core","NeowsBlessing","FaceOfCleric","Gremlin Food","Guide Book","Akabeko","energizedSpire:CursedPentagram","Bloody Idol","Blood Vial","Mango","OrangePellets","Pet Ghost","PreservedInsect","hubris:Potato","Tiny House","Whetstone","StuffTheSpire:CocoNut","ReplayTheSpireMod:Lightbulb","conspire:DecoderRing","Replay:Baseball","wanderingMiniBosses:OtherGremlinHorn"],"acts_visited":["Exordium","TheCity","TheBeyond"],"potions_floor_usage":[13,14,16,33,33,35,42,42,50,50],"damage_taken":[{"damage":0,"enemies":"2 Louse","floor":1,"turns":1},{"damage":0,"enemies":"Cultist","floor":5,"turns":1},{"damage":0,"enemies":"3 Sentries","floor":6,"turns":1},{"damage":13,"enemies":"Lagavulin","floor":13,"turns":5},{"damage":0,"enemies":"Jaw Worm","floor":14,"turns":2},{"damage":23,"enemies":"Hexaghost","floor":16,"turns":8},{"damage":6,"enemies":"Shell Parasite","floor":18,"turns":2},{"damage":27,"enemies":"conspire:SneckoGhost","floor":25,"turns":3},{"damage":0,"enemies":"Chosen","floor":27,"turns":2},{"damage":0,"enemies":"Snake Plant","floor":28,"turns":2},{"damage":0,"enemies":"Cultist and Chosen","floor":30,"turns":3},{"damage":37,"enemies":"Collector","floor":33,"turns":4},{"damage":16,"enemies":"Orb Walker","floor":35,"turns":2},{"damage":1,"enemies":"3 Shapes","floor":37,"turns":2},{"damage":16,"enemies":"Jaw Worm Horde","floor":39,"turns":2},{"damage":23,"enemies":"Nemesis","floor":40,"turns":6},{"damage":18,"enemies":"R_Hoarder","floor":42,"turns":5},{"damage":28,"enemies":"Transient","floor":45,"turns":7},{"damage":0,"enemies":"Sphere and 2 Shapes","floor":46,"turns":3},{"damage":0,"enemies":"Spire Growth","floor":47,"turns":2},{"damage":0,"enemies":"3 Darklings","floor":48,"turns":3},{"damage":37,"enemies":"Awakened One","floor":50,"turns":6}],"seed_played":"4775221771130204707","potions_obtained":[{"floor":5,"key":"blueLaboratory:SavagePotion"},{"floor":13,"key":"blueLaboratory:HorrorPotion"},{"floor":14,"key":"SpeedPotion"},{"floor":25,"key":"blueLaboratory:BottledHope"},{"floor":28,"key":"blueLaboratory:CoolantVial"},{"floor":33,"key":"BlessingOfTheForge"},{"floor":34,"key":"blueLaboratory:SavagePotion"},{"floor":35,"key":"Strength Potion"},{"floor":37,"key":"Milkshake"},{"floor":45,"key":"blueLaboratory:BiasPotion"},{"floor":47,"key":"FearPotion"}],"is_trial":false,"path_per_floor":["M","$","?","$","M","E","?","R","T","$","?","$","E","M","R","B",null,"M","?","?","$","?","R","AVR","E","T","M","M","R","M","$","R_BF","B",null,"M","AVR","M","?","M","E","$","E","T","$","M","M","M","M","R","B",null],"character_chosen":"DEFECT","items_purchased":["FTL","Gash","Guide Book","Go for the Eyes","Melter","Replay:Baseball"],"campfire_rested":4,"item_purchase_floors":[2,10,12,21,41,44],"current_hp_per_floor":[75,75,75,75,76,77,70,70,70,70,70,15,3,4,27,5,80,75,75,13,13,27,55,55,36,36,44,52,81,89,89,89,60,105,95,95,102,102,94,86,86,76,76,76,56,64,72,80,116,82],"gold":256,"neow_bonus":"THREE_ENEMY_KILL","is_daily":false,"chose_seed":false,"campfire_upgraded":1,"win_rate":0.0,"timestamp":1613890604,"path_taken":["M","$","?","$","?","E","?","R","T","$","?","?","E","M","R","BOSS","M","?","?","$","?","R","AVR","E","T","?","M","R","M","?","R_BF","BOSS","M","AVR","M","?","?","E","$","E","T","$","M","?","M","M","R","BOSS"],"items_purchased_type":["Card","Card","Relic","Card","Card","Relic"],"build_version":"2020-12-22","purchased_purges":8,"victory":true,"max_hp_per_floor":[75,75,75,75,76,77,77,77,77,77,77,77,78,79,79,80,80,81,81,81,81,95,95,95,96,96,97,98,98,99,99,99,100,105,106,106,107,107,108,116,116,117,117,117,118,119,120,121,121,122],"relic_stats":{"Blood Vial":28,"OrangePellets":[0],"FaceOfCleric":21,"counters":[22,72],"Bloody Idol":75,"PreservedInsect":122,"Whetstone":["FTL","Go for the Eyes"],"obtain_stats":[{"Gremlin Food":9,"Tiny House":34,"NeowsBlessing":0,"Guide Book":12,"Mango":22,"PreservedInsect":26,"Whetstone":36,"wanderingMiniBosses:OtherGremlinHorn":45,"Akabeko":13,"Pet Ghost":25,"Blood Vial":20,"OrangePellets":24,"Replay:Baseball":44,"energizedSpire:CursedPentagram":17,"FaceOfCleric":3,"Bloody Idol":20,"conspire:DecoderRing":43,"StuffTheSpire:CocoNut":40,"Cracked Core":0,"ReplayTheSpireMod:Lightbulb":42,"hubris:Potato":32},{"Gremlin Food":3,"Tiny House":12,"NeowsBlessing":0,"Guide Book":3,"Mango":7,"PreservedInsect":8,"Whetstone":13,"wanderingMiniBosses:OtherGremlinHorn":18,"Akabeko":4,"Pet Ghost":8,"Blood Vial":7,"OrangePellets":7,"Replay:Baseball":17,"energizedSpire:CursedPentagram":6,"FaceOfCleric":1,"Bloody Idol":7,"conspire:DecoderRing":17,"StuffTheSpire:CocoNut":16,"Cracked Core":0,"ReplayTheSpireMod:Lightbulb":17,"hubris:Potato":11},{"Gremlin Food":3,"Tiny House":34,"NeowsBlessing":0,"Guide Book":3,"Mango":20,"PreservedInsect":23,"Whetstone":36,"wanderingMiniBosses:OtherGremlinHorn":58,"Akabeko":8,"Pet Ghost":23,"Blood Vial":20,"OrangePellets":20,"Replay:Baseball":51,"energizedSpire:CursedPentagram":18,"FaceOfCleric":1,"Bloody Idol":20,"conspire:DecoderRing":51,"StuffTheSpire:CocoNut":46,"Cracked Core":0,"ReplayTheSpireMod:Lightbulb":51,"hubris:Potato":30}]},"card_choices":[{"not_picked":["Cold Snap","FIFO Queue"],"picked":"Capacitor","floor":1},{"not_picked":["Sweeping Beam","Chill"],"picked":"Streamline","floor":5},{"not_picked":["Darkness","Machine Learning"],"picked":"StuffTheSpire:Rend","floor":6},{"not_picked":["Barrage","Mirror Shield","Steam Power"],"picked":"SKIP","floor":13},{"not_picked":["Ball Lightning","Auto Shields","Chill"],"picked":"SKIP","floor":14},{"not_picked":["Hologram","Redo","BasicCrystalCard"],"picked":"SKIP","floor":18},{"not_picked":["Fusion+1","ReplayTheSpireMod:Omega Cannon"],"picked":"FTL","floor":25},{"not_picked":["StuffTheSpire:Plugnplay","Rebound","Streamline+1"],"picked":"SKIP","floor":27},{"not_picked":["Rebound","Steam","Double Energy"],"picked":"SKIP","floor":28},{"not_picked":["StuffTheSpire:Synthwave+1","Stack+1"],"picked":"StuffTheSpire:LaunchingStrike","floor":30},{"not_picked":["Barrage","Crystallizer"],"picked":"Leap+1","floor":34},{"not_picked":["Rebound","Hologram+1"],"picked":"Gash+1","floor":35},{"not_picked":["ReplayTheSpireMod:GoodbyeWorld+1","StuffTheSpire:SnapShoot+1"],"picked":"Go for the Eyes+1","floor":37},{"not_picked":["aspiration:Polymerization+1","Barrage+1","Hello World"],"picked":"SKIP","floor":39},{"not_picked":["Genetic Algorithm","Barrage+1","Rebound"],"picked":"SKIP","floor":40},{"not_picked":["StuffTheSpire:NuclearReactor","ReplaySort","ReplayTheSpireMod:Dual Polarity+1"],"picked":"SKIP","floor":42},{"not_picked":["Steam Power+1","Stack+1","Chill+1"],"picked":"SKIP","floor":45},{"not_picked":["Cold Snap","Undo+1","Coolheaded"],"picked":"SKIP","floor":46},{"not_picked":["Steam Power","Barrage+1","StuffTheSpire:ShieldGenerator"],"picked":"SKIP","floor":47},{"not_picked":["Conserve Battery+1","Sweeping Beam","Barrage"],"picked":"SKIP","floor":48}],"player_experience":499959,"relics_obtained":[{"floor":9,"key":"Gremlin Food"},{"floor":13,"key":"Akabeko"},{"floor":25,"key":"Pet Ghost"},{"floor":26,"key":"PreservedInsect"},{"floor":32,"key":"hubris:Potato"},{"floor":40,"key":"StuffTheSpire:CocoNut"},{"floor":42,"key":"ReplayTheSpireMod:Lightbulb"},{"floor":43,"key":"conspire:DecoderRing"},{"floor":45,"key":"wanderingMiniBosses:OtherGremlinHorn"}],"event_choices":[{"damage_healed":0,"gold_gain":0,"player_choice":"Trade","damage_taken":0,"relics_obtained":["FaceOfCleric"],"max_hp_gain":0,"max_hp_loss":0,"event_name":"FaceTrader","floor":3,"gold_loss":0},{"cards_removed":["Capacitor"],"damage_healed":0,"gold_gain":0,"player_choice":"Card Removal","damage_taken":7,"max_hp_gain":0,"max_hp_loss":0,"event_name":"Golden Wing","floor":7,"gold_loss":0},{"damage_healed":0,"gold_gain":0,"player_choice":" Idol Vial ","damage_taken":62,"relics_obtained":["Bloody Idol","Blood Vial"],"max_hp_gain":75,"max_hp_loss":13,"event_name":"betterAltar:BetterAltar","floor":20,"potions_obtained":[],"relics_lost":[],"gold_loss":0},{"damage_healed":0,"gold_gain":0,"player_choice":"Paid Gold","damage_taken":0,"relics_obtained":["Mango"],"max_hp_gain":0,"max_hp_loss":0,"event_name":"WeMeetAgain","floor":22,"gold_loss":54},{"damage_healed":0,"gold_gain":0,"player_choice":"Upgraded","damage_taken":0,"max_hp_gain":0,"max_hp_loss":0,"event_name":"Upgrade Shrine","floor":38,"gold_loss":0,"cards_upgraded":["Vigilance"]}],"is_beta":false,"boss_relics":[{"not_picked":["StuffTheSpire:RunicHypercube","hubris:TerracottaHorce"],"picked":"energizedSpire:CursedPentagram"},{"not_picked":["energizedSpire:RedRose","energizedSpire:SpiderWeb"],"picked":"Tiny House"}],"items_purged_floors":[12,12,12,12,12,21,24,36],"is_endless":false,"potions_floor_spawned":[5,13,14,25,28,33,35,37,45,47],"ascension_level":1}}