{"host":"d0btaf6p0msba79e","time":1613907776,"event":{"mods":["BaseMod","BetterRewards","Minty Spire (QoL Compilation)"],"gold_per_floor":[119,135,135,135,62,91,110,110,158,171,6,36,52,87,87,188,188,204,220,220,287,337,371,371,84,84,98,168,68,80,130,130,130,130],"floor_reached":33,"language":"ENG","playtime":2067,"items_purged":["Writhe","Strike_P"],"score":359,"play_id":"c2507cd0-772c-41cb-aabb-069073abe0c8","local_time":"20210221224256","is_ascension_mode":true,"campfire_choices":[{"floor":8.0,"key":"REST"},{"floor":15.0,"key":"REST"},{"floor":24.0,"key":"REST"},{"floor":32.0,"key":"REST"}],"circlet_count":0,"master_deck":["Strike_P+1","Defend_P","Defend_P","Defend_P","Eruption+1","Vigilance","Wireheading","CutThroughFate","WheelKick","CutThroughFate+1","Perseverance","Apotheosis","FlurryOfBlows","MasterReality","SashWhip","Establishment"],"relics":["PureWater","Akabeko","MealTicket","Whetstone","Empty Cage","SsserpentHead","Darkstone Periapt","Unceasing Top","Toxic Egg 2","Bottled Flame","Nloth\u0027s Gift"],"acts_visited":["Exordium","TheCity"],"potions_floor_usage":[33],"damage_taken":[{"damage":7.0,"enemies":"Cultist","floor":1.0,"turns":6.0},{"damage":6.0,"enemies":"Jaw Worm","floor":2.0,"turns":4.0},{"damage":29.0,"enemies":"3 Sentries","floor":6.0,"turns":7.0},{"damage":0.0,"enemies":"Small Slimes","floor":7.0,"turns":2.0},{"damage":0.0,"enemies":"Gremlin Gang","floor":10.0,"turns":5.0},{"damage":12.0,"enemies":"Lagavulin","floor":12.0,"turns":4.0},{"damage":0.0,"enemies":"Large Slime","floor":13.0,"turns":3.0},{"damage":38.0,"enemies":"Gremlin Nob","floor":14.0,"turns":6.0},{"damage":1.0,"enemies":"The Guardian","floor":16.0,"turns":12.0},{"damage":4.0,"enemies":"Chosen","floor":18.0,"turns":4.0},{"damage":12.0,"enemies":"Spheric Guardian","floor":19.0,"turns":5.0},{"damage":0.0,"enemies":"Snecko","floor":21.0,"turns":2.0},{"damage":45.0,"enemies":"Gremlin Leader","floor":23.0,"turns":5.0},{"damage":7.0,"enemies":"Centurion and Healer","floor":27.0,"turns":6.0},{"damage":19.0,"enemies":"Chosen and Byrds","floor":28.0,"turns":7.0},{"damage":11.0,"enemies":"Cultist and Chosen","floor":30.0,"turns":7.0},{"damage":63,"enemies":"Collector","floor":33,"turns":5}],"seed_played":"-1192675394424915214","potions_obtained":[{"floor":1.0,"key":"Dexterity Potion"},{"floor":6.0,"key":"EntropicBrew"},{"floor":14.0,"key":"EssenceOfSteel"},{"floor":21.0,"key":"Ambrosia"},{"floor":23.0,"key":"ColorlessPotion"}],"is_trial":false,"path_per_floor":["M","M","?","?","$","E","M","R","T","M","$","E","M","E","R","B",null,"M","M","?","M","?","E","R","$","T","M","M","$","M","?","R","B"],"character_chosen":"WATCHER","items_purchased":["WheelKick","Apotheosis","Toxic Egg 2"],"campfire_rested":4,"item_purchase_floors":[5,11,25],"current_hp_per_floor":[72,66,66,59,59,30,30,53,53,53,53,41,41,3,26,25,66,62,50,50,50,56,11,36,51,51,44,25,40,29,29,54,0,0],"gold":130,"neow_bonus":"TEN_PERCENT_HP_BONUS","is_daily":false,"chose_seed":false,"campfire_upgraded":0,"win_rate":0.0,"timestamp":1613907776,"path_taken":["M","?","?","?","$","E","M","R","T","M","$","E","M","E","R","BOSS","M","M","?","?","?","E","R","?","T","M","?","$","M","?","R","BOSS"],"items_purchased_type":["Card","Card","Relic"],"build_version":"2020-12-22","purchased_purges":2,"victory":false,"max_hp_per_floor":[79,79,79,79,79,79,79,79,79,79,79,79,79,79,79,79,79,79,79,79,79,85,85,85,85,85,85,85,85,85,85,85,85,85],"card_choices":[{"not_picked":["Evaluate","PathToVictory"],"picked":"Wireheading","floor":1.0},{"not_picked":["JustLucky","FlyingSleeves"],"picked":"CutThroughFate","floor":2.0},{"not_picked":["FlyingSleeves","CrushJoints"],"picked":"CutThroughFate","floor":6.0},{"not_picked":["Consecrate","DeceiveReality","ClearTheMind"],"picked":"SKIP","floor":7.0},{"not_picked":["CutThroughFate","Halt"],"picked":"Perseverance","floor":10.0},{"not_picked":["Consecrate","LessonLearned"],"picked":"FlurryOfBlows","floor":12.0},{"not_picked":["InnerPeace","DeceiveReality","ThirdEye"],"picked":"SKIP","floor":13.0},{"not_picked":["Conclude","BowlingBash","Prostrate"],"picked":"SKIP","floor":14.0},{"not_picked":["Brilliance","Omniscience"],"picked":"MasterReality","floor":16.0},{"not_picked":["JustLucky+1","BowlingBash","ClearTheMind+1"],"picked":"SKIP","floor":18.0},{"not_picked":["Halt","BowlingBash","LikeWater"],"picked":"SKIP","floor":19.0},{"not_picked":["PathToVictory+1","WreathOfFlame"],"picked":"SashWhip","floor":21.0},{"not_picked":["CutThroughFate","WheelKick+1"],"picked":"Establishment","floor":23.0},{"not_picked":["ForeignInfluence+1","Worship+1","Consecrate"],"picked":"SKIP","floor":27.0},{"not_picked":["SashWhip+1","CrushJoints+1","Halt+1"],"picked":"SKIP","floor":28.0},{"not_picked":["WindmillStrike","FollowUp","Halt+1"],"picked":"SKIP","floor":30.0}],"player_experience":1085478,"relics_obtained":[{"floor":6.0,"key":"Akabeko"},{"floor":9.0,"key":"Nunchaku"},{"floor":12.0,"key":"MealTicket"},{"floor":14.0,"key":"Whetstone"},{"floor":23.0,"key":"Unceasing Top"},{"floor":26.0,"key":"Bottled Flame"}],"event_choices":[{"damage_healed":0.0,"max_hp_gain":0.0,"max_hp_loss":0.0,"gold_gain":0.0,"event_name":"Living Wall","player_choice":"Grow","floor":3.0,"gold_loss":0.0,"damage_taken":0.0,"cards_upgraded":["Eruption"]},{"cards_removed":["Strike_P"],"damage_healed":0.0,"max_hp_gain":0.0,"max_hp_loss":0.0,"gold_gain":0.0,"event_name":"Golden Wing","player_choice":"Card Removal","floor":4.0,"gold_loss":0.0,"damage_taken":7.0},{"damage_healed":0.0,"max_hp_gain":0.0,"max_hp_loss":0.0,"gold_gain":0.0,"event_name":"FaceTrader","player_choice":"Trade","floor":20.0,"gold_loss":0.0,"damage_taken":0.0,"relics_obtained":["SsserpentHead"]},{"damage_healed":0.0,"max_hp_gain":0.0,"max_hp_loss":0.0,"gold_gain":0.0,"event_name":"The Mausoleum","player_choice":"Opened","floor":22.0,"gold_loss":0.0,"damage_taken":0.0,"relics_obtained":["Darkstone Periapt"],"cards_obtained":["Writhe"]},{"damage_healed":0.0,"max_hp_gain":0.0,"max_hp_loss":0.0,"gold_gain":0.0,"event_name":"N\u0027loth","player_choice":"Traded Relic","floor":31.0,"relics_lost":["Nunchaku"],"gold_loss":0.0,"damage_taken":0.0,"relics_obtained":["Nloth\u0027s Gift"]}],"is_beta":false,"boss_relics":[{"not_picked":["Tiny House","SacredBark"],"picked":"Empty Cage"}],"items_purged_floors":[25,29],"is_endless":false,"potions_floor_spawned":[1,6,14,21,23],"killed_by":"Collector","ascension_level":5}}