{"host":"ugys05tpep779cl6","time":1613925843,"event":{"mods":["AchievementEnabler","Aspiration","BaseMod","Beaked The Cultist","CatGirl Mod","Colored Powertips","HololiveMod","Lobotomy","Minty Spire (QoL Compilation)","Quick Restart","Replay The Spire","Spicy Shops","StSLib","The Druid"],"gold_per_floor":[118,133,29,29,46,74,74,106,106,133,133,133,146,71,71,171,171,184,204,28,48,48,48,82,95,95,122,122,141,141,169,169,268,268,283,295,313,313,313],"floor_reached":38,"language":"ENG","playtime":1948,"items_purged":["Strike_R","Strike_R"],"score":552,"play_id":"ba620f86-a7a3-43b7-a23b-4c99d470b2e8","local_time":"20210221174403","is_ascension_mode":true,"campfire_choices":[{"data":"Body Slam","floor":7.0,"key":"SMITH"},{"data":"Defend_R","floor":11.0,"key":"SMITH"},{"floor":15.0,"key":"RECALL"},{"data":"ReplayReversal","floor":28.0,"key":"SMITH"},{"data":"Limit Break","floor":30.0,"key":"SMITH"},{"data":"Metallicize","floor":32.0,"key":"SMITH"}],"circlet_count":1,"master_deck":["Strike_R","Strike_R","Strike_R","Defend_R","Defend_R","Defend_R","Defend_R+1","Bash","Metallicize+1","Metallicize+1","Body Slam+1","Rage","Limit Break+1","Iron Wave+1","ReplayReversal+1","Uppercut+1"],"relics":["Burning Blood","aspiration:DSix","Molten Egg 2","Durian","Kunai","SlaversCollar","aspiration:RitualStick","Bottled Lightning","Ginger","Mango","Circlet"],"acts_visited":["Exordium","TheCity","TheBeyond"],"potions_floor_usage":[38],"damage_taken":[{"damage":8.0,"enemies":"Small Slimes","floor":1.0,"turns":7.0},{"damage":6.0,"enemies":"Cultist","floor":2.0,"turns":3.0},{"damage":1.0,"enemies":"Jaw Worm","floor":5.0,"turns":4.0},{"damage":15.0,"enemies":"Gremlin Nob","floor":6.0,"turns":5.0},{"damage":22.0,"enemies":"Lagavulin","floor":8.0,"turns":9.0},{"damage":5.0,"enemies":"Gremlin Nob","floor":10.0,"turns":6.0},{"damage":7.0,"enemies":"Gremlin Gang","floor":13.0,"turns":7.0},{"damage":59.0,"enemies":"Hexaghost","floor":16.0,"turns":17.0},{"damage":31.0,"enemies":"3 Byrds","floor":18.0,"turns":7.0},{"damage":5.0,"enemies":"Chosen","floor":19.0,"turns":6.0},{"damage":9.0,"enemies":"Snake Plant","floor":21.0,"turns":4.0},{"damage":21.0,"enemies":"Slavers","floor":24.0,"turns":6.0},{"damage":0.0,"enemies":"Centurion and Healer","floor":25.0,"turns":13.0},{"damage":13.0,"enemies":"Gremlin Leader","floor":27.0,"turns":8.0},{"damage":10.0,"enemies":"Shelled Parasite and Fungi","floor":29.0,"turns":7.0},{"damage":0.0,"enemies":"Replay:Snechameleon","floor":31.0,"turns":6.0},{"damage":17.0,"enemies":"Automaton","floor":33.0,"turns":12.0},{"damage":47.0,"enemies":"3 Darklings","floor":35.0,"turns":8.0},{"damage":18.0,"enemies":"3 Shapes","floor":36.0,"turns":6.0},{"damage":11.0,"enemies":"Writhing Mass","floor":37.0,"turns":7.0},{"damage":41,"enemies":"Transient","floor":38,"turns":2}],"seed_played":"4684783837429422150","potions_obtained":[{"floor":4.0,"key":"Regen Potion"},{"floor":4.0,"key":"Toxic Potion"},{"floor":4.0,"key":"Adrenaline Potion"},{"floor":10.0,"key":"Toxic Potion"},{"floor":19.0,"key":"DistilledChaos"},{"floor":25.0,"key":"BlessingOfTheForge"},{"floor":27.0,"key":"BloodPotion"},{"floor":31.0,"key":"AttackPotion"},{"floor":37.0,"key":"EssenceOfSteel"}],"is_trial":false,"path_per_floor":["M","M","$","?","M","E","R","E","T","E","R","?","M","$","R","B",null,"M","M","$","M","?","T","E","M","T","E","R","M","R","E","R","B",null,"M","M","M","M"],"character_chosen":"IRONCLAD","items_purchased":["Metallicize","ReplayReversal"],"campfire_rested":0,"item_purchase_floors":[3,20],"current_hp_per_floor":[78,78,78,78,80,71,71,60,60,61,61,61,60,60,60,22,85,60,61,61,58,41,41,26,32,32,25,25,21,21,41,41,45,99,58,46,41,0,0],"gold":313,"neow_bonus":"DSIX","is_daily":false,"chose_seed":false,"campfire_upgraded":5,"win_rate":0.0,"timestamp":1613925843,"path_taken":["M","M","$","?","?","E","R","E","T","E","R","?","M","$","R","BOSS","M","M","$","M","?","?","E","M","T","E","R","M","R","E","R","BOSS","M","M","?","M"],"items_purchased_type":["Card","Card"],"build_version":"2020-12-22","purchased_purges":2,"victory":false,"max_hp_per_floor":[80,80,80,80,80,80,80,85,85,85,85,85,85,85,85,85,85,85,85,85,85,85,85,85,85,85,85,85,85,85,99,99,99,99,99,99,99,99,99],"card_choices":[{"not_picked":["Havoc","Intimidate","Flex"],"picked":"SKIP","floor":1.0},{"not_picked":["Dropkick","Heavy Blade","Flex"],"picked":"SKIP","floor":2.0},{"not_picked":["Headbutt","Uppercut"],"picked":"Body Slam","floor":5.0},{"not_picked":["True Grit","Heavy Blade+1","Wild Strike+1"],"picked":"SKIP","floor":6.0},{"not_picked":["Clothesline+1","Pummel+1","Cleave+1"],"picked":"SKIP","floor":8.0},{"not_picked":["Clash+1","Havoc"],"picked":"Rage","floor":10.0},{"not_picked":["Perfected Strike+1","Shockwave","Clothesline+1"],"picked":"SKIP","floor":13.0},{"not_picked":["Replay:Many Hands","Double Tap"],"picked":"Limit Break","floor":16.0},{"not_picked":["Whirlwind+1","Flex"],"picked":"Iron Wave+1","floor":18.0},{"not_picked":["Thunderclap+1","Twin Strike+1","Flex"],"picked":"SKIP","floor":19.0},{"not_picked":["Power Through","Infernal Blade","Bloodletting+1"],"picked":"SKIP","floor":21.0},{"not_picked":["Anger+1","Replay:Undeath\u0027s Touch+1","Berserk"],"picked":"SKIP","floor":24.0},{"not_picked":["Warcry","ReplayTheSpireMod:Strike From Hell+1","Iron Wave+1"],"picked":"SKIP","floor":25.0},{"not_picked":["Rage","Heavy Blade+1","Shockwave"],"picked":"SKIP","floor":27.0},{"not_picked":["Dark Embrace","Body Slam+1","Twin Strike+1"],"picked":"SKIP","floor":29.0},{"not_picked":["Perfected Strike+1","Reckless Charge+1","Warcry+1"],"picked":"SKIP","floor":31.0},{"not_picked":["Bloodletting+1","Fire Breathing","Battle Trance"],"picked":"SKIP","floor":35.0},{"not_picked":["Havoc+1","Rupture+1","ReplayTheSpireMod:Strike From Hell+1"],"picked":"SKIP","floor":36.0},{"not_picked":["Headbutt+1","Rupture+1"],"picked":"Uppercut+1","floor":37.0}],"player_experience":761318,"relics_obtained":[{"floor":6.0,"key":"Molten Egg 2"},{"floor":8.0,"key":"Durian"},{"floor":10.0,"key":"Kunai"},{"floor":24.0,"key":"Dead Branch"},{"floor":26.0,"key":"Bottled Lightning"},{"floor":27.0,"key":"Ginger"},{"floor":31.0,"key":"Mango"}],"event_choices":[{"damage_healed":0.0,"max_hp_gain":0.0,"max_hp_loss":0.0,"gold_gain":0.0,"event_name":"Lab","player_choice":"Got Potions","floor":4.0,"gold_loss":0.0,"damage_taken":0.0},{"damage_healed":0.0,"max_hp_gain":0.0,"max_hp_loss":0.0,"gold_gain":0.0,"event_name":"Accursed Blacksmith","player_choice":"Forge","floor":12.0,"gold_loss":0.0,"damage_taken":0.0,"cards_upgraded":["Metallicize"]}],"is_beta":false,"boss_relics":[{"not_picked":["Replay:Wanted Poster","Cursed Key"],"picked":"SlaversCollar"},{"not_picked":["Pandora\u0027s Box","aspiration:RunicSpoon","aspiration:SecretTechniqueScroll"]}],"items_purged_floors":[14,20],"is_endless":false,"potions_floor_spawned":[10,19,25,27,31,35,37],"killed_by":"Transient","ascension_level":2}}