{"host":"76qcaerkv4ktjkdu","time":1613895146,"event":{"mods":["ATMod(°¢èªMod)","BaseMod","Downfall","Minty Spire (QoL Compilation)","MostiFishMod","Reliquary","StSLib","¡¾ÒÅÎï¿¨ÅÆ¡¿REMEMod"],"gold_per_floor":[0,20,33,133,153,153,153,164,177,8,0,26,26,62,89,199,199,99,123,123,123,147,55,81,93,153,191,239,51,81,118,146,254,266,278,304,416,95,127,139,177,221,248,270,14,33,62,73,89,89,89,120,10,10,10,10],"floor_reached":57,"language":"ZHS","playtime":3601,"items_purged":["hexamod:Defend","hexamod:Strike","Normality"],"score":1617,"play_id":"cc6a9735-5972-4417-a3a7-a816a513b44e","local_time":"20210221161226","is_ascension_mode":false,"campfire_choices":[{"data":"TalkToTheHand","floor":1.0,"key":"SMITH"},{"floor":18.0,"key":"RECALL"},{"data":"AT_FamilyPortrait","floor":29.0,"key":"SMITH"},{"data":"hexamod:UnlimitedPower","floor":35,"key":"SMITH"},{"data":"hexamod:PowerFromBeyond","floor":54,"key":"SMITH"}],"circlet_count":0,"master_deck":["hexamod:Strike+1","hexamod:Strike+1","hexamod:Defend+1","hexamod:Defend+1","hexamod:Sear+1","hexamod:Float+1","AT_FamilyPortrait+1","TalkToTheHand+1","hexamod:Hexaguard+1","hexamod:ChargedBarrage+1","hexamod:Hexaguard+1","hexamod:Incineration+1","hexamod:EtherealExpedition+1","hexamod:SoulSteal+1","hexamod:ApocalypticArmor+1","hexamod:GhostflameBarrier+1","hexamod:HeatCrush+1","hexamod:ShieldOfDarkness+1","hexamod:SwordOfDarkness+1","hexamod:ShieldOfDarkness+1","hexamod:BurningTouch+1","expansioncontent:DashGenerateEvil+1","hexamod:UnlimitedPower+1","hexamod:SixthSeal","hexamod:FlamesFromBeyond+1","hexamod:ShieldOfDarkness+1","hexamod:SearingWound+1","downfall:Haunted","downfall:Haunted","Pain","hexamod:FifthSeal","downfall:Malfunctioning","AT_FamilyPortrait+1","hexamod:HeatShield+1","Madness+1","hexamod:DynamicBlow+1","hexamod:UnleashSpirits+1","hexamod:ChargedBarrage+1","hexamod:BurningTouch+1","hexamod:PowerFromBeyond+1"],"relics":["hexamod:SpiritBrand","AT_ATBox","DaveBox","REME_ComplimentaryCards","Mango","BirthdayGift-Icosahedron","Blue Candle","reliquary:Vitrine","RhineCircuit","downfall:HeartBlessingBlue","Membership Card","AT_RedNoBalance","MawBank","Gremlin Horn","downfall:HeartBlessingGreen","downfall:HeartBlessingRed","hexamod:TheBrokenSeal","Coffee Dripper","Du-Vu Doll","HollowDreamFlower","Orichalcum","Regal Pillow","AT_SilvercatRing","Bottled Tornado","ClockworkSouvenir"],"acts_visited":["Exordium","TheCity","TheBeyond","TheEnding"],"potions_floor_usage":[44,45],"damage_taken":[{"damage":0.0,"enemies":"Cultist","floor":2.0,"turns":2.0},{"damage":0.0,"enemies":"Jaw Worm","floor":3.0,"turns":2.0},{"damage":0.0,"enemies":"Small Slimes","floor":5.0,"turns":1.0},{"damage":0.0,"enemies":"3 Louse","floor":8.0,"turns":2.0},{"damage":0.0,"enemies":"Large Slime","floor":9.0,"turns":3.0},{"damage":0.0,"enemies":"downfall:FleeingMerchant","floor":10.0,"turns":4.0},{"damage":0.0,"enemies":"Blue Slaver","floor":12.0,"turns":2.0},{"damage":0.0,"enemies":"Gremlin Nob","floor":14.0,"turns":3.0},{"damage":0.0,"enemies":"2 Fungi Beasts","floor":15.0,"turns":1.0},{"damage":0.0,"enemies":"WA_ARCHETYPE_RETAIN","floor":16.0,"turns":4.0},{"damage":1.0,"enemies":"Shell Parasite","floor":19.0,"turns":3.0},{"damage":0.0,"enemies":"downfall:LooterAlt2","floor":22.0,"turns":2.0},{"damage":0.0,"enemies":"downfall:FleeingMerchant","floor":23.0,"turns":4.0},{"damage":0.0,"enemies":"3 Cultists","floor":26.0,"turns":3.0},{"damage":0.0,"enemies":"Sentry and Sphere","floor":27.0,"turns":2.0},{"damage":7.0,"enemies":"Slavers","floor":28.0,"turns":3.0},{"damage":12.0,"enemies":"Snake Plant","floor":30.0,"turns":2.0},{"damage":14.0,"enemies":"Centurion and Healer","floor":31.0,"turns":3.0},{"damage":0.0,"enemies":"Chosen and Byrds","floor":32.0,"turns":1.0},{"damage":0.0,"enemies":"IC_MUSHROOM_ARCHETYPE","floor":33.0,"turns":5.0},{"damage":0,"enemies":"3 Darklings","floor":36,"turns":2},{"damage":0,"enemies":"3 Shapes","floor":39,"turns":2},{"damage":4,"enemies":"Giant Head","floor":42,"turns":5},{"damage":2,"enemies":"Jaw Worm Horde","floor":43,"turns":2},{"damage":4,"enemies":"Sphere and 2 Shapes","floor":44,"turns":3},{"damage":0,"enemies":"4 Shapes","floor":46,"turns":1},{"damage":0,"enemies":"Reptomancer","floor":47,"turns":2},{"damage":13,"enemies":"Writhing Mass","floor":48,"turns":2},{"damage":0,"enemies":"Sphere and 2 Shapes","floor":49,"turns":2},{"damage":36,"enemies":"SI_POISON_ARCHETYPE","floor":50,"turns":5},{"damage":31,"enemies":"downfall:CharBossMerchant","floor":52,"turns":5},{"damage":11,"enemies":"downfall:NeowBoss","floor":55,"turns":10},{"damage":35,"enemies":"downfall:NeowBossFinal","floor":56,"turns":5}],"seed_played":"-7390713841328536129","potions_obtained":[{"floor":3.0,"key":"Fire Potion"},{"floor":9.0,"key":"Fire Potion"},{"floor":12.0,"key":"DuplicationPotion"},{"floor":15.0,"key":"Energy Potion"},{"floor":16.0,"key":"Weak Potion"},{"floor":16.0,"key":"SpeedPotion"},{"floor":19.0,"key":"Fire Potion"},{"floor":19.0,"key":"FairyPotion"},{"floor":23.0,"key":"DistilledChaos"},{"floor":26.0,"key":"Guardian:BlockOnCardUsePotion"},{"floor":26.0,"key":"AttackPotion"},{"floor":28.0,"key":"PowerPotion"},{"floor":36,"key":"Fruit Juice"},{"floor":48,"key":"Swift Potion"}],"is_trial":false,"path_per_floor":["R","M","M","?","M","T","T","M","M","$","?","M","?","E","M","B",null,"R","M","?","?","M","$","T","?","M","M","E","R","M","M","M","B",null,"R","M","?","?","M","T","T","E","M","M","$","M","E","M","M","B",null,"E","$","R","B","B",null],"character_chosen":"THE_SPIRIT","items_purchased":["hexamod:Incineration","Membership Card","AT_SilverBalance","hexamod:BurningTouch","expansioncontent:DashGenerateEvil","REME_GoldPotion","AT_FamilyPortrait","hexamod:HeatShield","Madness","ClockworkSouvenir","hexamod:PowerFromBeyond"],"campfire_rested":0,"item_purchase_floors":[10,23,23,23,23,45,45,45,45,53,53],"current_hp_per_floor":[84,84,84,84,84,84,84,84,84,84,77,78,78,84,84,84,84,94,94,75,75,90,98,98,98,57,57,58,58,61,109,109,109,109,109,109,114,128,128,128,128,125,127,130,130,133,133,121,126,95,133,103,103,103,114,84],"gold":10,"neow_bonus":"ONE_RARE_RELIC","is_daily":false,"chose_seed":false,"campfire_upgraded":4,"win_rate":0.0,"timestamp":1613895146,"path_taken":["R","M","M","?","M","?","T","M","?","?","?","M","?","E","M","BOSS","R","M","?","?","M","$","T","?","M","?","E","R","M","M","M","BOSS","R","M","?","?","M","?","T","E","M","?","$","M","E","M","M","BOSS","E","$","R","BOSS","BOSS"],"items_purchased_type":["Card","Relic","Relic","Card","Card","Potion","Card","Card","Card","Relic","Card"],"build_version":"2020-12-22","purchased_purges":3,"victory":true,"max_hp_per_floor":[84,84,84,84,84,84,84,84,84,84,84,84,84,84,84,84,84,94,94,99,99,99,99,99,99,99,99,99,99,99,109,109,109,109,109,109,114,128,128,128,128,128,128,133,133,133,133,133,133,133,133,133,133,133,133,133],"card_choices":[{"not_picked":["hexamod:GhostLash","hexamod:FlamesFromBeyond"],"picked":"hexamod:Hexaguard","floor":2.0},{"not_picked":["hexamod:GhostShield","hexamod:ThermalTransfer"],"picked":"hexamod:SwordOfDarkness","floor":3.0},{"not_picked":["hexamod:SpectersWail","hexamod:PhantomFireball"],"picked":"hexamod:ChargedBarrage","floor":5.0},{"not_picked":["hexamod:HeatMetal","hexamod:FlamesFromBeyond","hexamod:GhostLash"],"picked":"SKIP","floor":8.0},{"not_picked":["hexamod:CatchUp","hexamod:ApocalypseNow"],"picked":"hexamod:Hexaguard","floor":9.0},{"not_picked":["hexamod:DynamicBlow","hexamod:FastForward"],"picked":"hexamod:RainOfEmbers","floor":10.0},{"not_picked":["hexamod:Incineration","hexamod:Firestarter","hexamod:AdvancingGuard"],"picked":"SKIP","floor":12.0},{"not_picked":["hexamod:GhostOfSpirePresent","hexamod:NightmareGuise"],"picked":"hexamod:EtherealExpedition","floor":14.0},{"not_picked":["hexamod:GhostShield","hexamod:Hexaguard"],"picked":"hexamod:SoulSteal","floor":14.0},{"not_picked":["hexamod:InspiringFlames","hexamod:NightmareStrike","hexamod:NecessarySacrifice"],"picked":"SKIP","floor":14.0},{"not_picked":["hexamod:NightmareGuise","hexamod:SpectersWail"],"picked":"hexamod:FourthSeal","floor":15.0},{"not_picked":["hexamod:ParanormalForm","hexamod:GhostOfSpirePresent"],"picked":"hexamod:ApocalypticArmor","floor":16.0},{"not_picked":["hexamod:ParanormalForm","hexamod:VolcanoVisage"],"picked":"hexamod:SixthSeal","floor":16.0},{"not_picked":["hexamod:Firestarter","hexamod:PhantomCloak"],"picked":"hexamod:GhostflameBarrier+1","floor":19.0},{"not_picked":["hexamod:CatchUp","hexamod:PhantomFireball+1"],"picked":"hexamod:HeatCrush+1","floor":19.0},{"not_picked":["hexamod:DynamicBlow","hexamod:NightmareGuise"],"picked":"hexamod:ShieldOfDarkness","floor":19.0},{"not_picked":["hexamod:FastForward+1","hexamod:StepThrough"],"picked":"hexamod:SwordOfDarkness+1","floor":22.0},{"not_picked":["hexamod:Again","hexamod:HeatCrush+1"],"picked":"hexamod:ShieldOfDarkness+1","floor":23.0},{"not_picked":["hexamod:Hexaguard","hexamod:GhostOfSpireFuture","hexamod:HauntingEcho"],"picked":"SKIP","floor":23.0},{"not_picked":["hexamod:Hexaguard+1","hexamod:Again"],"picked":"hexamod:UnlimitedPower","floor":26.0},{"not_picked":["hexamod:InspiringFlames","hexamod:HeatCrush+1","hexamod:Hexaguard"],"picked":"SKIP","floor":26.0},{"not_picked":["hexamod:GhostOfSpireFuture","hexamod:GhostLash","hexamod:BurningTouch"],"picked":"SKIP","floor":27.0},{"not_picked":["hexamod:SpectralSpark","hexamod:NightmareStrike+1"],"picked":"hexamod:FifthSeal","floor":28.0},{"not_picked":["hexamod:NightmareStrike","hexamod:AdvancingGuard"],"picked":"hexamod:SixthSeal","floor":28.0},{"not_picked":["hexamod:NightmareGuise","hexamod:InspiringFlames","hexamod:SuperheatedStrike+1"],"picked":"SKIP","floor":28.0},{"not_picked":["hexamod:NightmareGuise","hexamod:InspiringFlames","hexamod:SuperheatedStrike+1"],"picked":"SKIP","floor":28.0},{"not_picked":["hexamod:FourthSeal","hexamod:NightmareStrike"],"picked":"hexamod:FlamesFromBeyond","floor":30.0},{"not_picked":["hexamod:SwordOfDarkness","hexamod:SpectersWail"],"picked":"hexamod:ShieldOfDarkness+1","floor":31.0},{"not_picked":["hexamod:SpectralSpark","hexamod:StepThrough+1","hexamod:SuperheatedStrike"],"picked":"SKIP","floor":32.0},{"not_picked":["hexamod:GhostflameInferno","hexamod:Toasty"],"picked":"hexamod:SearingWound","floor":33.0},{"not_picked":["hexamod:Again+1","hexamod:GhostShield+1","hexamod:NightmareGuise+1"],"picked":"SKIP","floor":36},{"not_picked":["hexamod:NightmareStrike","hexamod:GhostLash+1","hexamod:Rewind"],"picked":"SKIP","floor":39},{"not_picked":["hexamod:FourthSeal","hexamod:ForkedFlame","hexamod:StepThrough"],"picked":"SKIP","floor":42},{"not_picked":["hexamod:FlamesFromBeyond","hexamod:HauntingEcho","hexamod:SwordOfDarkness"],"picked":"SKIP","floor":43},{"not_picked":["hexamod:PowerFromBeyond+1","hexamod:SwordOfDarkness","hexamod:RetreatToShadows+1"],"picked":"SKIP","floor":44},{"not_picked":["hexamod:GhostLash","hexamod:BacktrackSmack"],"picked":"hexamod:DynamicBlow","floor":46},{"not_picked":["hexamod:GhostLash","hexamod:RecurringNightmare"],"picked":"hexamod:UnleashSpirits","floor":47},{"not_picked":["hexamod:SpectralSpark+1","hexamod:RecurringNightmare"],"picked":"hexamod:ChargedBarrage","floor":48},{"not_picked":["hexamod:ShieldOfDarkness+1","hexamod:SwordOfDarkness","hexamod:HeatShield"],"picked":"SKIP","floor":49},{"not_picked":["hexamod:FlamesFromBeyond+1","hexamod:NightmareGuise"],"picked":"hexamod:BurningTouch+1","floor":52}],"player_experience":140382,"relics_obtained":[{"floor":6.0,"key":"Blue Candle"},{"floor":14.0,"key":"reliquary:Vitrine"},{"floor":24.0,"key":"MawBank"},{"floor":28.0,"key":"Gremlin Horn"},{"floor":40,"key":"HollowDreamFlower"},{"floor":41,"key":"Orichalcum"},{"floor":42,"key":"Regal Pillow"},{"floor":47,"key":"AT_SilvercatRing"},{"floor":52,"key":"Bottled Tornado"}],"event_choices":[{"cards_removed":["hexamod:Strike"],"damage_healed":0.0,"max_hp_gain":0.0,"max_hp_loss":0.0,"gold_gain":0.0,"event_name":"The Cleric","player_choice":"Card Removal","floor":13.0,"gold_loss":0.0,"damage_taken":0.0}],"is_beta":false,"boss_relics":[{"not_picked":["reliquary:KinkedSpring","JellyFishMachine"],"picked":"RhineCircuit"},{"not_picked":["Black Star","REME_DemonsWealth"],"picked":"Coffee Dripper"}],"items_purged_floors":[10,23,45],"is_endless":false,"potions_floor_spawned":[3,9,12,15,16,19,26,28,36,43,48],"ascension_level":0}}