{"host":"bkfh0em4323elict","time":1613876041,"event":{"mods":["Act Like it!","BaseMod","Downfall","Minty Spire (QoL Compilation)","Ruina","StSLib","UnlockEverythingMod","[IsaacMod]ÒÔÈö¼âËþ"],"gold_per_floor":[119,134,134,7009,6942,6942,6969,7045,7057,7089,7125,7137,7166,7211,7223,7330,7342,7397,7409,7421,7440,7479,7539,7565,7565],"floor_reached":24,"language":"ZHS","playtime":809,"items_purged":["Strike_R"],"score":494,"play_id":"43b9ee50-94c1-4704-8366-bb48de444d6e","local_time":"20210221105401","is_ascension_mode":true,"campfire_choices":[{"data":"Apotheosis","floor":6.0,"key":"SMITH"},{"data":"Dual Wield","floor":12.0,"key":"SMITH"},{"data":"Bash","floor":15.0,"key":"SMITH"}],"circlet_count":0,"master_deck":["AscendersBane","Strike_R","Strike_R+1","Defend_R","Defend_R","Defend_R","Defend_R","Bash+1","BloodyBrimstone+1","Rage","Dual Wield+1","Apotheosis+1","Clash","Evolve","Dark Shackles","Crescendo","Whirlwind"],"relics":["Burning Blood","HushsDoor","Whetstone","DoctorsRemote","StoneCalendar","SalivaCoin","PrismaticShard","MawBank","Tiny Chest","champ:DuelingGlove","Boot","Red Skull","expansioncontent:StudyCardRelic","AnarchistCookbook","Slimebound:StickyStick"],"acts_visited":["Exordium","TheCity"],"potions_floor_usage":[23,23],"damage_taken":[{"damage":6.0,"enemies":"Cultist","floor":1.0,"turns":4.0},{"damage":4.0,"enemies":"2 Louse","floor":2.0,"turns":3.0},{"damage":0.0,"enemies":"3 Sentries","floor":7.0,"turns":2.0},{"damage":0.0,"enemies":"Gremlin Nob","floor":8.0,"turns":3.0},{"damage":2.0,"enemies":"Jaw Worm","floor":10.0,"turns":2.0},{"damage":11.0,"enemies":"Looter","floor":13.0,"turns":3.0},{"damage":8.0,"enemies":"Gremlin Nob","floor":14.0,"turns":3.0},{"damage":9.0,"enemies":"Hexaghost","floor":16.0,"turns":9.0},{"damage":36,"enemies":"2 Thieves","floor":18,"turns":5},{"damage":7,"enemies":"Spheric Guardian","floor":22,"turns":4},{"damage":21,"enemies":"Book of Stabbing","floor":23,"turns":4},{"damage":13,"enemies":"Centurion and Healer","floor":24,"turns":1}],"seed_played":"7734622161277830184","potions_obtained":[{"floor":1.0,"key":"PowerPotion"},{"floor":7.0,"key":"CultistPotion"},{"floor":16.0,"key":"Ancient Potion"},{"floor":22,"key":"Explosive Potion"},{"floor":23,"key":"PowerPotion"}],"is_trial":false,"path_per_floor":["M","M","?","$","?","R","E","?","T","M","T","R","M","E","R","B",null,"M","?","T","?","M","E","M"],"character_chosen":"IRONCLAD","items_purchased":["StoneCalendar","SalivaCoin","PrismaticShard","Apotheosis","Clash","Evolve"],"campfire_rested":0,"item_purchase_floors":[4,4,4,4,4,4],"current_hp_per_floor":[68,70,70,70,70,70,72,69,69,69,69,69,64,62,62,59,62,32,32,32,15,14,9,0,0],"gold":7565,"neow_bonus":"RANDOM_COMMON_RELIC","is_daily":false,"chose_seed":false,"campfire_upgraded":3,"win_rate":0.0,"timestamp":1613876041,"path_taken":["M","?","?","$","?","R","E","?","T","M","?","R","?","E","R","BOSS","M","?","?","?","M","E","M"],"items_purchased_type":["Relic","Relic","Relic","Card","Card","Card"],"build_version":"2020-12-22","purchased_purges":1,"victory":false,"max_hp_per_floor":[75,75,75,75,75,75,72,69,69,69,69,69,69,66,66,63,63,63,63,63,68,68,68,68,68],"card_choices":[{"not_picked":[],"picked":"BloodyBrimstone","floor":0.0},{"not_picked":["Armaments","Havoc"],"picked":"Rage","floor":1.0},{"not_picked":["Pommel Strike","Headbutt"],"picked":"Dual Wield","floor":2.0},{"not_picked":["Slimebound:ServeAndProtect","Slimebound:RallyTheTroops","bronze:Overheat"],"picked":"SKIP","floor":7.0},{"not_picked":["hexamod:SpectersWail","Armaments","Twin Strike"],"picked":"SKIP","floor":10.0},{"not_picked":["bronze:BitShift","Guardian:Gem_Lightblue","bronze:Optimize"],"picked":"SKIP","floor":13.0},{"not_picked":["sneckomod:Unknown1Cost","sneckomod:QuickMove"],"picked":"Dark Shackles","floor":14.0},{"not_picked":["Slimebound:LeechEnergy+1","sneckomod:DiceBlock","champ:RisingSlash+1"],"picked":"SKIP","floor":18},{"not_picked":["Compile Driver","Flame Barrier"],"picked":"Crescendo","floor":22},{"not_picked":["Blizzard","Tactician"],"picked":"Whirlwind","floor":23}],"player_experience":25495,"relics_obtained":[{"floor":7.0,"key":"MawBank"},{"floor":8.0,"key":"Tiny Chest"},{"floor":9.0,"key":"champ:DuelingGlove"},{"floor":11.0,"key":"Boot"},{"floor":14.0,"key":"Red Skull"},{"floor":20,"key":"AnarchistCookbook"},{"floor":23,"key":"Slimebound:StickyStick"}],"event_choices":[{"cards_removed":["Strike_R"],"damage_healed":0.0,"max_hp_gain":0.0,"max_hp_loss":0.0,"gold_gain":0.0,"event_name":"Living Wall","player_choice":"Forget","floor":3.0,"gold_loss":0.0,"damage_taken":0.0},{"damage_healed":0.0,"max_hp_gain":0.0,"max_hp_loss":0.0,"gold_gain":0.0,"event_name":"World of Goop","player_choice":"Left Gold","floor":5.0,"gold_loss":67.0,"damage_taken":0.0},{"damage_healed":0.0,"max_hp_gain":0.0,"max_hp_loss":0.0,"gold_gain":30.0,"event_name":"Dead Adventurer","player_choice":"Searched \u00272\u0027 times","floor":8.0,"gold_loss":0.0,"damage_taken":0.0},{"cards_removed":["Strike_R"],"damage_healed":0,"gold_gain":0,"player_choice":"Elegance","damage_taken":0,"max_hp_gain":0,"max_hp_loss":0,"event_name":"Back to Basics","floor":19,"gold_loss":0},{"damage_healed":0,"gold_gain":0,"player_choice":"Shed Blood","damage_taken":22,"max_hp_gain":5,"max_hp_loss":0,"event_name":"Forgotten Altar","floor":21,"gold_loss":0}],"is_beta":false,"boss_relics":[{"not_picked":["Ectoplasm","ChampionBelt"],"picked":"expansioncontent:StudyCardRelic"},{"not_picked":[]}],"items_purged_floors":[4],"is_endless":false,"potions_floor_spawned":[1,7,13,16,22,23],"killed_by":"Centurion and Healer","ascension_level":20}}