{"host":"p1xsuo25udtrkbq2","time":1613949008,"event":{"mods":["BaseMod","Colored Map","Googly Eyes","Highlight Path","Minty Spire (QoL Compilation)","Quick Restart","Rare Cards Sparkle","StSLib","everything is the same but u backflip on backflip"],"gold_per_floor":[116,134,17,28,28,28,59,73,73,73,105,121,121,121,121,198,198,214,114,114],"floor_reached":19,"language":"ENG","playtime":823,"items_purged":["Strike_G"],"score":354,"play_id":"2116cf81-50e4-4f44-bd70-977933425a52","local_time":"20210221181008","is_ascension_mode":true,"campfire_choices":[{"floor":6,"key":"REST"},{"data":"Bouncing Flask","floor":10,"key":"SMITH"},{"floor":15,"key":"REST"}],"circlet_count":0,"master_deck":["AscendersBane","Strike_G","Strike_G","Strike_G","Defend_G","Defend_G","Defend_G","Defend_G","Defend_G","Survivor","Neutralize","Bouncing Flask+1","Flying Knee","Infinite Blades","Deadly Poison","Leg Sweep+1","Bouncing Flask","Backflip","Slice","Wraith Form v2","PiercingWail"],"relics":["Ring of the Snake","Shovel","Unceasing Top","Du-Vu Doll","Snecko Eye"],"acts_visited":["Exordium","TheCity"],"potions_floor_usage":[11,12,16],"damage_taken":[{"damage":16,"enemies":"Cultist","floor":1,"turns":5},{"damage":0,"enemies":"Jaw Worm","floor":2,"turns":5},{"damage":4,"enemies":"Small Slimes","floor":4,"turns":3},{"damage":12,"enemies":"Lagavulin","floor":7,"turns":6},{"damage":6,"enemies":"Looter","floor":8,"turns":4},{"damage":8,"enemies":"Gremlin Nob","floor":11,"turns":3},{"damage":8,"enemies":"Gremlin Gang","floor":12,"turns":7},{"damage":26,"enemies":"Slime Boss","floor":16,"turns":11},{"damage":25,"enemies":"Shell Parasite","floor":18,"turns":4},{"damage":58,"enemies":"2 Thieves","floor":19,"turns":3}],"seed_played":"413682377015780973","potions_obtained":[{"floor":0,"key":"Fire Potion"},{"floor":0,"key":"FairyPotion"},{"floor":11,"key":"SkillPotion"},{"floor":12,"key":"Swift Potion"},{"floor":16,"key":"AttackPotion"}],"is_trial":false,"path_per_floor":["M","M","$","M","$","R","E","M","T","R","E","M","?","?","R","B",null,"M","M"],"character_chosen":"THE_SILENT","items_purchased":["Infinite Blades"],"campfire_rested":2,"item_purchase_floors":[3],"current_hp_per_floor":[43,43,43,39,39,58,46,40,40,40,32,24,17,17,36,10,52,27,0,0],"gold":114,"neow_bonus":"THREE_SMALL_POTIONS","is_daily":false,"chose_seed":true,"campfire_upgraded":1,"win_rate":0.0,"timestamp":1613949008,"path_taken":["M","M","$","?","?","R","E","M","T","R","E","M","?","?","R","BOSS","M","M"],"items_purchased_type":["Card"],"build_version":"2020-12-22","purchased_purges":1,"victory":false,"max_hp_per_floor":[66,66,66,66,66,66,66,66,66,66,66,66,66,66,66,66,66,66,66,66],"card_choices":[{"not_picked":["Backflip","PiercingWail"],"picked":"Bouncing Flask","floor":1},{"not_picked":["Sucker Punch","Quick Slash"],"picked":"Flying Knee","floor":2},{"not_picked":["Prepared","Dodge and Roll"],"picked":"Deadly Poison","floor":4},{"not_picked":["Deadly Poison","After Image"],"picked":"Leg Sweep","floor":7},{"not_picked":["Sucker Punch","Deflect"],"picked":"Bouncing Flask","floor":8},{"not_picked":["Underhanded Strike","Deflect"],"picked":"Backflip","floor":11},{"not_picked":["Bouncing Flask","Blade Dance"],"picked":"Slice","floor":12},{"not_picked":["After Image","Tools of the Trade"],"picked":"Wraith Form v2","floor":16},{"not_picked":["Dodge and Roll","Backflip"],"picked":"PiercingWail","floor":18}],"player_experience":1141991,"relics_obtained":[{"floor":7,"key":"Shovel"},{"floor":9,"key":"Unceasing Top"},{"floor":11,"key":"Du-Vu Doll"}],"event_choices":[{"cards_removed":["Strike_G"],"damage_healed":0,"gold_gain":0,"player_choice":"Card Removal","damage_taken":7,"max_hp_gain":0,"max_hp_loss":0,"event_name":"Golden Wing","floor":13,"gold_loss":0},{"damage_healed":0,"gold_gain":0,"player_choice":"Grow","damage_taken":0,"max_hp_gain":0,"max_hp_loss":0,"event_name":"Living Wall","floor":14,"gold_loss":0,"cards_upgraded":["Leg Sweep"]}],"is_beta":false,"boss_relics":[{"not_picked":["Ring of the Serpent","Velvet Choker"],"picked":"Snecko Eye"}],"items_purged_floors":[3],"is_endless":false,"potions_floor_spawned":[2,4,11,12,16,18],"killed_by":"2 Thieves","ascension_level":20}}