{"host":"mnpd8gh7cwxsn5kh","time":1613926016,"event":{"mods":["BaseMod","Bestiary","Block Reminder","Colored Map","Colored Powertips","Highlight Path","Minty Spire (QoL Compilation)","Relic Sorter","Relic Stats"],"gold_per_floor":[116,116,128,139,50,76,76,105,105,122,122,122,122],"floor_reached":12,"language":"ENG","playtime":503,"items_purged":[],"score":176,"play_id":"c5eacda5-a891-4019-acea-d752c49862c9","local_time":"20210221174656","is_ascension_mode":true,"campfire_choices":[{"data":"Zap","floor":7.0,"key":"SMITH"}],"circlet_count":0,"master_deck":["AscendersBane","Strike_B","Strike_B","Strike_B","Strike_B","Defend_B","Defend_B","Defend_B","Defend_B","Zap+1","Dualcast","Conserve Battery","Genetic Algorithm","Dramatic Entrance","BootSequence","Reinforced Body","Hologram+1","Cold Snap"],"relics":["Cracked Core","Akabeko","InkBottle","Matryoshka","Regal Pillow","Toxic Egg 2"],"acts_visited":["Exordium"],"potions_floor_usage":[],"damage_taken":[{"damage":0.0,"enemies":"Small Slimes","floor":1.0,"turns":3.0},{"damage":0.0,"enemies":"Cultist","floor":3.0,"turns":3.0},{"damage":0.0,"enemies":"2 Louse","floor":4.0,"turns":2.0},{"damage":33.0,"enemies":"Gremlin Nob","floor":6.0,"turns":4.0},{"damage":10.0,"enemies":"Lagavulin","floor":8.0,"turns":7.0},{"damage":0.0,"enemies":"Looter","floor":10.0,"turns":3.0},{"damage":66,"enemies":"Gremlin Nob","floor":12,"turns":4}],"seed_played":"8656978714130480028","potions_obtained":[{"floor":3.0,"key":"AttackPotion"},{"floor":4.0,"key":"Regen Potion"},{"floor":6.0,"key":"FearPotion"}],"is_trial":false,"path_per_floor":["M","?","M","M","$","E","R","E","T","M","?","E"],"character_chosen":"DEFECT","items_purchased":["Dramatic Entrance"],"campfire_rested":0,"item_purchase_floors":[5],"current_hp_per_floor":[64,64,64,64,64,31,31,36,36,36,36,0,0],"gold":122,"neow_bonus":"RANDOM_COMMON_RELIC","is_daily":false,"chose_seed":false,"campfire_upgraded":1,"win_rate":0.0,"timestamp":1613926016,"path_taken":["M","?","M","M","$","E","R","E","T","M","?","E"],"items_purchased_type":["Card"],"build_version":"2020-12-22","purchased_purges":0,"victory":false,"max_hp_per_floor":[71,71,71,71,71,71,71,71,71,71,71,71,71],"relic_stats":{"Regal Pillow":0,"counters":[7,26],"obtain_stats":[{"Regal Pillow":9,"Matryoshka":8,"Toxic Egg 2":9,"Cracked Core":0,"Akabeko":0,"InkBottle":6},{"Regal Pillow":5,"Matryoshka":5,"Toxic Egg 2":5,"Cracked Core":0,"Akabeko":0,"InkBottle":4},{"Regal Pillow":19,"Matryoshka":19,"Toxic Egg 2":19,"Cracked Core":0,"Akabeko":0,"InkBottle":12}],"InkBottle":[4]},"card_choices":[{"not_picked":["Stack","Chaos"],"picked":"Conserve Battery","floor":1.0},{"not_picked":["Scrape","Turbo"],"picked":"Genetic Algorithm","floor":3.0},{"not_picked":["Barrage","White Noise","Double Energy"],"picked":"SKIP","floor":4.0},{"not_picked":["Reprogram","Redo"],"picked":"BootSequence","floor":6.0},{"not_picked":["Coolheaded","Conserve Battery"],"picked":"Reinforced Body","floor":8.0},{"not_picked":["Fusion+1","Barrage"],"picked":"Hologram+1","floor":10.0}],"player_experience":657451,"relics_obtained":[{"floor":6.0,"key":"InkBottle"},{"floor":8.0,"key":"Matryoshka"},{"floor":9.0,"key":"Regal Pillow"},{"floor":9.0,"key":"Toxic Egg 2"}],"event_choices":[{"damage_healed":0.0,"max_hp_gain":0.0,"max_hp_loss":0.0,"gold_gain":0.0,"event_name":"The Cleric","player_choice":"Leave","floor":2.0,"gold_loss":0.0,"damage_taken":0.0},{"damage_healed":0.0,"max_hp_gain":0.0,"max_hp_loss":0.0,"gold_gain":0.0,"event_name":"Match and Keep!","player_choice":"1 cards matched","floor":11.0,"gold_loss":0.0,"damage_taken":0.0,"cards_obtained":["Cold Snap"]}],"is_beta":false,"boss_relics":[],"items_purged_floors":[],"is_endless":false,"potions_floor_spawned":[3,4,6],"killed_by":"Gremlin Nob","ascension_level":20}}