{"host":"91blwi3hgehj6ch9","time":1613949128,"event":{"mods":["2.2 Compatiblity","AchievementEnabler","BaseMod","Colored Map","DeckTracker","Keyboard Shortcuts","Minty Spire (QoL Compilation)","Permanent Neow","Relic Stats","StSLib","SuperFastMode","everything is the same but u backflip on backflip"],"gold_per_floor":[109,34,45,63,63,89,140,160,160,160,173,196,216,236,236,310,310,328,342,342,355,367,367,401,401,401,401,141,172,172,211,211,288,288,300,327,33,33,0,0,20,53,53,53,69,99,99,111,111,111,111,111],"floor_reached":51,"language":"KOR","playtime":2995,"items_purged":["Defend_G","Strike_G","Dagger Spray"],"score":1744,"play_id":"8d6ebc5f-5f36-4f63-9cc2-df1260cf2533","local_time":"20210222081208","is_ascension_mode":true,"campfire_choices":[{"data":"Predator","floor":10.0,"key":"SMITH"},{"data":"Prepared","floor":15.0,"key":"SMITH"},{"floor":23.0,"key":"REST"},{"data":"Reflex","floor":27.0,"key":"SMITH"},{"data":"Acrobatics","floor":32.0,"key":"SMITH"},{"data":"Eviscerate","floor":40.0,"key":"SMITH"},{"data":"Adrenaline","floor":47,"key":"SMITH"},{"floor":49,"key":"RECALL"}],"circlet_count":0,"master_deck":["AscendersBane","Defend_G","Defend_G","Survivor","Neutralize","Cloak And Dagger","Predator+1","Reflex+1","Prepared+1","Eviscerate+1","Footwork","PiercingWail","Die Die Die","Underhanded Strike","Acrobatics+1","Acrobatics+1","Escape Plan","Eviscerate","Corpse Explosion+1","Dodge and Roll","Grand Finale","Terror+1","Adrenaline+1","Deflect+1"],"relics":["Ring of the Snake","Meat on the Bone","White Beast Statue","Odd Mushroom","HoveringKite","InkBottle","Mummified Hand","Toolbox","Blood Vial","Empty Cage","Vajra","War Paint","Red Mask","Nunchaku","Potion Belt"],"acts_visited":["Exordium","TheCity","TheBeyond"],"potions_floor_usage":[],"damage_taken":[{"damage":2.0,"enemies":"2 Louse","floor":1.0,"turns":4.0},{"damage":5.0,"enemies":"Small Slimes","floor":3.0,"turns":4.0},{"damage":1.0,"enemies":"Jaw Worm","floor":4.0,"turns":4.0},{"damage":32.0,"enemies":"Gremlin Nob","floor":6.0,"turns":4.0},{"damage":0.0,"enemies":"Looter","floor":8.0,"turns":3.0},{"damage":6.0,"enemies":"3 Louse","floor":11.0,"turns":3.0},{"damage":2.0,"enemies":"The Mushroom Lair","floor":12.0,"turns":4.0},{"damage":0.0,"enemies":"2 Fungi Beasts","floor":13.0,"turns":2.0},{"damage":0.0,"enemies":"Red Slaver","floor":14.0,"turns":4.0},{"damage":15.0,"enemies":"The Guardian","floor":16.0,"turns":14.0},{"damage":30.0,"enemies":"Shell Parasite","floor":18.0,"turns":7.0},{"damage":36.0,"enemies":"3 Byrds","floor":19.0,"turns":6.0},{"damage":6.0,"enemies":"Centurion and Healer","floor":21.0,"turns":8.0},{"damage":9.0,"enemies":"3 Cultists","floor":22.0,"turns":5.0},{"damage":0.0,"enemies":"Gremlin Leader","floor":24.0,"turns":3.0},{"damage":0.0,"enemies":"Slavers","floor":29.0,"turns":3.0},{"damage":0.0,"enemies":"Snake Plant","floor":31.0,"turns":4.0},{"damage":0.0,"enemies":"Collector","floor":33.0,"turns":7.0},{"damage":0.0,"enemies":"3 Darklings","floor":35.0,"turns":1.0},{"damage":0.0,"enemies":"3 Shapes","floor":41.0,"turns":1.0},{"damage":0.0,"enemies":"Reptomancer","floor":42.0,"turns":3.0},{"damage":7,"enemies":"Writhing Mass","floor":45,"turns":3},{"damage":0,"enemies":"Giant Head","floor":46,"turns":4},{"damage":0,"enemies":"Transient","floor":48,"turns":6},{"damage":2,"enemies":"Awakened One","floor":50,"turns":5},{"damage":75,"enemies":"Time Eater","floor":51,"turns":6}],"seed_played":"6418898224014926904","potions_obtained":[{"floor":4.0,"key":"Energy Potion"},{"floor":8.0,"key":"SkillPotion"},{"floor":11.0,"key":"SteroidPotion"},{"floor":13.0,"key":"Poison Potion"},{"floor":16.0,"key":"Poison Potion"},{"floor":22.0,"key":"SneckoOil"},{"floor":24.0,"key":"Swift Potion"},{"floor":29.0,"key":"DistilledChaos"},{"floor":33.0,"key":"SmokeBomb"},{"floor":35.0,"key":"BlessingOfTheForge"},{"floor":46,"key":"PowerPotion"},{"floor":48,"key":"EssenceOfSteel"}],"is_trial":false,"path_per_floor":["M","$","M","M","?","E","?","M","T","R","M","?","M","M","R","B",null,"M","M","?","M","M","R","E","?","T","R","$","E","?","M","R","B",null,"M","T","$","?","?","R","M","E","T","$","M","E","R","M","R","B","B"],"character_chosen":"THE_SILENT","items_purchased":["Toolbox","War Paint"],"campfire_rested":1,"item_purchase_floors":[28,37],"current_hp_per_floor":[42,42,37,36,36,4,4,16,16,16,22,32,44,44,44,41,60,42,18,18,24,27,46,46,46,46,46,46,46,76,76,76,76,76,76,76,76,76,76,76,76,76,76,76,69,71,71,73,73,73,0,0],"gold":111,"neow_bonus":"REMOVE_TWO","is_daily":false,"chose_seed":false,"campfire_upgraded":6,"win_rate":0.0,"timestamp":1613949128,"path_taken":["M","$","M","M","?","E","?","M","T","R","?","?","M","M","R","BOSS","M","M","?","M","M","R","E","?","T","R","$","E","?","M","R","BOSS","M","?","$","?","?","R","?","E","T","$","M","E","R","M","R","BOSS","BOSS"],"items_purchased_type":["Relic","Relic"],"build_version":"2020-12-22","purchased_purges":3,"victory":false,"max_hp_per_floor":[66,66,66,66,66,66,66,66,66,66,66,66,66,66,66,66,66,66,66,66,66,66,66,66,66,66,66,66,66,76,76,76,76,76,76,76,76,76,76,76,76,76,76,76,76,76,76,76,76,76,76,76],"relic_stats":{"Blood Vial":8,"Nunchaku":[9],"counters":[26,118],"Mummified Hand":[15],"HoveringKite":[53],"War Paint":["Acrobatics","Corpse Explosion"],"obtain_stats":[{"Potion Belt":46,"HoveringKite":17,"Vajra":36,"Odd Mushroom":12,"War Paint":37,"Empty Cage":34,"White Beast Statue":9,"Blood Vial":29,"Nunchaku":42,"Mummified Hand":26,"Toolbox":28,"Red Mask":39,"InkBottle":24,"Ring of the Snake":0,"Meat on the Bone":6},{"Potion Belt":23,"HoveringKite":10,"Vajra":19,"Odd Mushroom":7,"War Paint":19,"Empty Cage":18,"White Beast Statue":5,"Blood Vial":16,"Nunchaku":21,"Mummified Hand":15,"Toolbox":15,"Red Mask":19,"InkBottle":15,"Ring of the Snake":0,"Meat on the Bone":4},{"Potion Belt":101,"HoveringKite":46,"Vajra":90,"Odd Mushroom":26,"War Paint":90,"Empty Cage":89,"White Beast Statue":19,"Blood Vial":78,"Nunchaku":94,"Mummified Hand":75,"Toolbox":75,"Red Mask":90,"InkBottle":75,"Ring of the Snake":0,"Meat on the Bone":16}],"InkBottle":[35],"Ring of the Snake":[52],"Meat on the Bone":108},"card_choices":[{"not_picked":["Outmaneuver","PiercingWail"],"picked":"Cloak And Dagger","floor":1.0},{"not_picked":["Cloak And Dagger","Sucker Punch"],"picked":"Dagger Spray","floor":3.0},{"not_picked":["Deflect","Concentrate"],"picked":"Predator","floor":4.0},{"not_picked":["Prepared","Blade Dance"],"picked":"Reflex","floor":6.0},{"not_picked":["Caltrops","All Out Attack"],"picked":"Prepared","floor":8.0},{"not_picked":["Wraith Form v2","Riddle With Holes","Poisoned Stab"],"picked":"SKIP","floor":11.0},{"not_picked":["Skewer","Prepared"],"picked":"Eviscerate","floor":12.0},{"not_picked":["Bane","Deflect"],"picked":"Footwork","floor":13.0},{"not_picked":["Footwork","Bane"],"picked":"PiercingWail","floor":14.0},{"not_picked":["Unload","Wraith Form v2"],"picked":"Die Die Die","floor":16.0},{"not_picked":["Slice+1","Deflect","Outmaneuver"],"picked":"SKIP","floor":18.0},{"not_picked":["All Out Attack","Endless Agony+1","Eviscerate"],"picked":"SKIP","floor":19.0},{"not_picked":["Concentrate","Bane+1"],"picked":"Acrobatics","floor":21.0},{"not_picked":["Backflip","Accuracy"],"picked":"Acrobatics","floor":22.0},{"not_picked":["Prepared","Footwork"],"picked":"Escape Plan","floor":24.0},{"not_picked":["Terror+1","Flechettes"],"picked":"Eviscerate","floor":29.0},{"not_picked":["Footwork+1","Leg Sweep","Blade Dance"],"picked":"SKIP","floor":31.0},{"not_picked":["Glass Knife","Storm of Steel"],"picked":"Corpse Explosion","floor":33.0},{"not_picked":["Caltrops","Dash","Prepared"],"picked":"SKIP","floor":35.0},{"not_picked":["Footwork","Acrobatics"],"picked":"Dodge and Roll","floor":41.0},{"not_picked":["Accuracy","Outmaneuver"],"picked":"Grand Finale","floor":42.0},{"not_picked":["Bane","Dodge and Roll"],"picked":"Terror+1","floor":45},{"not_picked":["Deadly Poison","PiercingWail"],"picked":"Adrenaline","floor":46},{"not_picked":["Deadly Poison+1","Backflip"],"picked":"Deflect+1","floor":48}],"player_experience":295663,"relics_obtained":[{"floor":6.0,"key":"Meat on the Bone"},{"floor":9.0,"key":"White Beast Statue"},{"floor":12.0,"key":"Odd Mushroom"},{"floor":24.0,"key":"InkBottle"},{"floor":26.0,"key":"Mummified Hand"},{"floor":29.0,"key":"Blood Vial"},{"floor":36.0,"key":"Vajra"},{"floor":42.0,"key":"Nunchaku"},{"floor":46,"key":"Potion Belt"}],"event_choices":[{"damage_healed":0.0,"max_hp_gain":0.0,"max_hp_loss":0.0,"gold_gain":0.0,"event_name":"Liars Game","player_choice":"Ignored","floor":5.0,"gold_loss":0.0,"damage_taken":0.0},{"damage_healed":0.0,"max_hp_gain":0.0,"max_hp_loss":0.0,"gold_gain":51.0,"event_name":"Golden Wing","player_choice":"Gained Gold","floor":7.0,"gold_loss":0.0,"damage_taken":0.0},{"damage_healed":0.0,"max_hp_gain":0.0,"max_hp_loss":0.0,"gold_gain":0.0,"event_name":"Mushrooms","player_choice":"Fought Mushrooms","floor":12.0,"gold_loss":0.0,"damage_taken":0.0},{"damage_healed":0.0,"max_hp_gain":0.0,"max_hp_loss":0.0,"gold_gain":0.0,"cards_transformed":["Strike_G","Strike_G"],"event_name":"Drug Dealer","player_choice":"Became Test Subject","floor":20.0,"gold_loss":0.0,"damage_taken":0.0,"cards_obtained":["Night Terror","Underhanded Strike"]},{"damage_healed":0.0,"max_hp_gain":0.0,"max_hp_loss":0.0,"gold_gain":0.0,"event_name":"Cursed Tome","player_choice":"Ignored","floor":25.0,"gold_loss":0.0,"damage_taken":0.0},{"cards_removed":["Night Terror"],"damage_healed":20.0,"max_hp_gain":10.0,"max_hp_loss":0.0,"gold_gain":0.0,"event_name":"Bonfire Elementals","player_choice":"Offered Rare","floor":30.0,"gold_loss":0.0,"damage_taken":0.0},{"damage_healed":0.0,"max_hp_gain":0.0,"max_hp_loss":0.0,"gold_gain":0.0,"event_name":"SensoryStone","player_choice":"Memory 1","floor":38.0,"gold_loss":0.0,"damage_taken":0.0},{"damage_healed":0.0,"max_hp_gain":0.0,"max_hp_loss":0.0,"gold_gain":0.0,"event_name":"Tomb of Lord Red Mask","player_choice":"Paid","floor":39.0,"gold_loss":33.0,"damage_taken":0.0,"relics_obtained":["Red Mask"]}],"is_beta":false,"boss_relics":[{"not_picked":["Calling Bell","Runic Dome"],"picked":"HoveringKite"},{"not_picked":["Velvet Choker","Fusion Hammer"],"picked":"Empty Cage"}],"items_purged_floors":[2,28,37],"is_endless":false,"potions_floor_spawned":[4,8,11,12,13,14,16,18,19,21,22,24,29,31,33,35,41,42,45,46,48],"killed_by":"Time Eater","ascension_level":20}}