{"host":"bvp2uifzy1c463d9","time":1613881964,"event":{"mods":["AchievementEnabler","BaseMod","Better Note","Block Reminder","Bossed Relics","Colored Map","Colored Powertips","Highlight Path","Minty Spire (QoL Compilation)","Relic Sorter","Relic Stats","Replay The Spire","StSLib","The Blue Laboratory"],"gold_per_floor":[110,110,129,74,92,127,139,139,139,139,139,139,139,171,136,155,155,256,256,268,268,142,158,158,158,193,193,193,203,12,45,60,74,74,172,172,184,199,24,50,50,50,79,92,92,203,203,203,274,274,274,404,404,404,47,150,210],"floor_reached":58,"language":"ENG","playtime":2048,"items_purged":["Strike_B","Strike_B","Self Repair"],"score":1576,"play_id":"116300de-93b2-499f-8c6c-59a40ce9d208","local_time":"20210220223244","is_ascension_mode":true,"campfire_choices":[{"data":"Scrape","floor":10,"key":"SMITH"},{"data":"Scrape","floor":12,"key":"SMITH"},{"data":"Reprogram","floor":17,"key":"SMITH"},{"data":"Hologram","floor":25,"key":"SMITH"},{"data":"Beam Cell","floor":27,"key":"SMITH"},{"data":"Fusion","floor":34,"key":"SMITH"},{"data":"Leap","floor":42,"key":"SMITH"},{"data":"Leap","floor":47,"key":"SMITH"},{"floor":51,"key":"RECALL"},{"data":"Defend_B","floor":54,"key":"SMITH"}],"circlet_count":0,"master_deck":["Defend_B+1","Defend_B","Defend_B","Reprogram+1","Gash","Scrape+1","Scrape+1","Gash","Steam","Beam Cell+1","Steam","Leap+1","Reboot","Hologram+1","Rebound","Leap+1","Fusion+1","Master of Strategy","Beam Cell+1","FTL+1","Skim+1","Gash+1","BootSequence","Madness","Reboot"],"relics":["Cracked Core","NeowsBlessing","Letter Opener","Replay:WaspNest","Blue Candle","Replay:Drink Me","Onion Ring","Lantern","Molten Egg 2","Astrolabe","Akabeko","Replay:Bandana","Symbiotic Virus","Replay:Baseball","Bag of Preparation","ReplayFunnel"],"acts_visited":["Exordium","TheCity","TheBeyond","TheEnding"],"potions_floor_usage":[14,57,57,57],"damage_taken":[{"damage":0,"enemies":"2 Louse","floor":1,"turns":1},{"damage":0,"enemies":"Cultist","floor":3,"turns":1},{"damage":0,"enemies":"Jaw Worm","floor":5,"turns":1},{"damage":30,"enemies":"3 Sentries","floor":6,"turns":7},{"damage":4,"enemies":"2 Fungi Beasts","floor":7,"turns":3},{"damage":16,"enemies":"Gremlin Nob","floor":14,"turns":3},{"damage":0,"enemies":"Looter","floor":16,"turns":2},{"damage":27,"enemies":"The Guardian","floor":18,"turns":8},{"damage":0,"enemies":"Chosen","floor":20,"turns":3},{"damage":2,"enemies":"2 Thieves","floor":23,"turns":2},{"damage":0,"enemies":"Gremlin Leader","floor":26,"turns":5},{"damage":0,"enemies":"Centurion and Healer","floor":29,"turns":3},{"damage":0,"enemies":"Slavers","floor":31,"turns":3},{"damage":0,"enemies":"Snecko","floor":32,"turns":3},{"damage":0,"enemies":"3 Cultists","floor":33,"turns":4},{"damage":16,"enemies":"Champ","floor":35,"turns":7},{"damage":0,"enemies":"3 Darklings","floor":37,"turns":4},{"damage":0,"enemies":"Orb Walker","floor":38,"turns":2},{"damage":3,"enemies":"R_Hoarder","floor":43,"turns":5},{"damage":0,"enemies":"Spire Growth","floor":44,"turns":2},{"damage":0,"enemies":"Giant Head","floor":46,"turns":5},{"damage":0,"enemies":"3 Darklings","floor":49,"turns":2},{"damage":0,"enemies":"Donu and Deca","floor":52,"turns":4},{"damage":0,"enemies":"Shield and Spear","floor":56,"turns":4},{"damage":45,"enemies":"The Heart","floor":57,"turns":5}],"seed_played":"3250257843520102124","potions_obtained":[{"floor":1,"key":"Dexterity Potion"},{"floor":7,"key":"blueLaboratory:CoolantVial"},{"floor":16,"key":"blueLaboratory:FrostheartPotion"},{"floor":29,"key":"ColorlessPotion"},{"floor":56,"key":"blueLaboratory:FruitPunch"}],"is_trial":false,"path_per_floor":["M","?","M","$","M","E","M","PTL","PTL","R","T","R","?","E","?","M","R","B",null,"M","?","$","M","?","R","E","R","T","M","$","E","M","M","R","B",null,"M","M","$","T","$","R","E","M","T","E","R","?","M","?","R","B",null,"R","$","E","B",null],"character_chosen":"DEFECT","items_purchased":["Scrape","Rebound","Master of Strategy","FTL+1","Madness","Bag of Preparation"],"campfire_rested":0,"item_purchase_floors":[4,22,30,39,55,55],"current_hp_per_floor":[75,75,75,75,75,45,41,41,41,41,41,41,34,18,36,36,36,9,57,57,57,57,55,55,55,55,55,55,55,55,55,55,55,55,39,57,57,57,57,57,57,57,54,54,54,57,57,57,57,57,57,57,57,57,57,57,14],"gold":210,"neow_bonus":"THREE_ENEMY_KILL","is_daily":false,"chose_seed":false,"campfire_upgraded":9,"win_rate":0.0,"timestamp":1613881964,"path_taken":["M","?","M","$","?","E","M","PTL","PTL","R","T","R","?","E","?","M","R","BOSS","M","?","$","M","?","R","E","R","T","M","?","E","?","M","R","BOSS","M","M","$","?","$","R","E","M","T","E","R","?","?","?","R","BOSS","R","$","E","BOSS"],"items_purchased_type":["Card","Card","Card","Card","Card","Relic"],"build_version":"2020-12-22","purchased_purges":3,"victory":true,"max_hp_per_floor":[75,75,75,75,75,75,75,75,75,75,75,75,75,75,75,75,75,75,57,57,57,57,57,57,57,57,57,57,57,57,57,57,57,57,57,57,57,57,57,57,57,57,57,57,57,57,57,57,57,57,57,57,57,57,57,57,59],"relic_stats":{"counters":[25,89],"Blue Candle":[0],"Astrolabe":[],"Bag of Preparation":[4],"Letter Opener":[304],"obtain_stats":[{"ReplayFunnel":56,"Lantern":28,"NeowsBlessing":0,"Blue Candle":14,"Astrolabe":36,"Replay:WaspNest":11,"Bag of Preparation":55,"Letter Opener":6,"Akabeko":43,"Replay:Bandana":45,"Replay:Baseball":48,"Onion Ring":26,"Molten Egg 2":31,"Cracked Core":0,"Replay:Drink Me":19,"Symbiotic Virus":46},{"ReplayFunnel":24,"Lantern":11,"NeowsBlessing":0,"Blue Candle":6,"Astrolabe":16,"Replay:WaspNest":5,"Bag of Preparation":23,"Letter Opener":4,"Akabeko":19,"Replay:Bandana":20,"Replay:Baseball":21,"Onion Ring":11,"Molten Egg 2":13,"Cracked Core":0,"Replay:Drink Me":8,"Symbiotic Virus":21},{"ReplayFunnel":84,"Lantern":36,"NeowsBlessing":0,"Blue Candle":16,"Astrolabe":56,"Replay:WaspNest":13,"Bag of Preparation":80,"Letter Opener":10,"Akabeko":67,"Replay:Bandana":69,"Replay:Baseball":74,"Onion Ring":36,"Molten Egg 2":42,"Cracked Core":0,"Replay:Drink Me":26,"Symbiotic Virus":74}]},"card_choices":[{"not_picked":["Stack","Go for the Eyes"],"picked":"Reprogram","floor":1},{"not_picked":["Stack","Rebound"],"picked":"Gash","floor":3},{"not_picked":["Conserve Battery","ReplayTheSpireMod:System Scan"],"picked":"Gash","floor":5},{"not_picked":["Capacitor","Double Energy"],"picked":"Steam","floor":6},{"not_picked":["Doom and Gloom","Glacier"],"picked":"Beam Cell","floor":7},{"not_picked":["ReplaySort","Cold Snap"],"picked":"Steam","floor":14},{"not_picked":["Compile Driver","Reinforced Body"],"picked":"Leap","floor":16},{"not_picked":["Multi-Cast","Rainbow"],"picked":"Reboot","floor":18},{"not_picked":["Rip and Tear","ReplayTheSpireMod:Calculation Training"],"picked":"Hologram","floor":20},{"not_picked":["Hologram+1","Cold Snap"],"picked":"Leap","floor":23},{"not_picked":["Lockon","Chaos","Multi-Cast"],"picked":"SKIP","floor":26},{"not_picked":["Cold Snap","Go for the Eyes"],"picked":"Fusion","floor":29},{"not_picked":["ReplayTheSpireMod:Repulse","Auto Shields","Undo"],"picked":"SKIP","floor":31},{"not_picked":["Double Energy","Gash+1"],"picked":"Self Repair","floor":32},{"not_picked":["Fusion","Genetic Algorithm+1","Compile Driver+1"],"picked":"SKIP","floor":33},{"not_picked":["ReplaySort","Self Repair+1","Redo+1"],"picked":"SKIP","floor":37},{"not_picked":["Reinforced Body+1","Crystallizer"],"picked":"Beam Cell+1","floor":38},{"not_picked":["Scrape+1","Compile Driver+1","Hologram+1"],"picked":"SKIP","floor":43},{"not_picked":["Stack","BasicCrystalCard"],"picked":"Skim+1","floor":44},{"not_picked":["Static Discharge","Undo"],"picked":"Gash+1","floor":46},{"not_picked":["Sweeping Beam+1","BasicCrystalCard"],"picked":"BootSequence","floor":49},{"not_picked":["Consume","Barrage+1"],"picked":"Reboot","floor":56}],"player_experience":268668,"relics_obtained":[{"floor":6,"key":"Letter Opener"},{"floor":11,"key":"Replay:WaspNest"},{"floor":14,"key":"Blue Candle"},{"floor":26,"key":"Onion Ring"},{"floor":28,"key":"Lantern"},{"floor":31,"key":"Molten Egg 2"},{"floor":43,"key":"Akabeko"},{"floor":45,"key":"Replay:Bandana"},{"floor":46,"key":"Symbiotic Virus"},{"floor":56,"key":"ReplayFunnel"}],"event_choices":[{"damage_healed":0,"gold_gain":0,"player_choice":"Bought 0 Potions","damage_taken":0,"max_hp_gain":0,"max_hp_loss":0,"event_name":"The Woman in Blue","floor":2,"gold_loss":0},{"cards_removed":["Strike_B"],"damage_healed":0,"gold_gain":0,"player_choice":"Card Removal","damage_taken":7,"max_hp_gain":0,"max_hp_loss":0,"event_name":"Golden Wing","floor":13,"gold_loss":0},{"damage_healed":18,"gold_gain":0,"player_choice":"Healed","damage_taken":0,"max_hp_gain":0,"max_hp_loss":0,"event_name":"The Cleric","floor":15,"gold_loss":35},{"damage_healed":0,"gold_gain":0,"player_choice":"Ignored","damage_taken":0,"max_hp_gain":0,"max_hp_loss":0,"event_name":"The Mausoleum","floor":21,"gold_loss":0},{"damage_healed":0,"gold_gain":0,"player_choice":"Gave Potion","damage_taken":0,"relics_obtained":["Replay:Baseball"],"max_hp_gain":0,"max_hp_loss":0,"event_name":"WeMeetAgain","floor":48,"gold_loss":0},{"cards_removed":["Defend_B"],"damage_healed":0,"gold_gain":0,"player_choice":"Purged","damage_taken":0,"max_hp_gain":0,"max_hp_loss":0,"event_name":"Purifier","floor":50,"gold_loss":0}],"is_beta":false,"boss_relics":[{"not_picked":["Replay:Ancient Bell","Velvet Choker"],"picked":"Replay:Drink Me"},{"not_picked":["Calling Bell","SlaversCollar"],"picked":"Astrolabe"}],"items_purged_floors":[22,39,55],"is_endless":false,"potions_floor_spawned":[1,7,16,29,31,32,33,43,56],"ascension_level":3}}