{"host":"1ycuxm9gov0tl9zf","time":1613869119,"event":{"mods":["AchievementEnabler","Act Like it!","BaseMod","Colored Powertips","Downfall","Gensokyo","GifTheSpireLib","Hallownest","Marisa£®ÏF”Í°°ƒß¿Ì…≥£©","Minty Spire (QoL Compilation)","Quick Restart","Remilia£®¿Ÿ√◊¿Ú—«£©","Replay The Spire","Shop Mod","StSLib","The Administrix","The Animator","The Bug Knight"],"gold_per_floor":[115,131,131,31,51,77,77,112,112,112,126,140,166,186,186,286,286,304,304,315,315],"floor_reached":20,"language":"ZHS","playtime":1759,"items_purged":[],"score":221,"play_id":"d92902b3-4136-416a-b4d0-8d3dffde2974","local_time":"20210221085839","is_ascension_mode":false,"campfire_choices":[{"floor":15,"key":"REST"}],"circlet_count":0,"master_deck":["Strike_G","Strike_G","Strike_G","Strike_G","Strike_G","Defend_G","Defend_G","Defend_G","Defend_G","Defend_G","Survivor","Neutralize+1","Underhanded Strike","Caltrops+1","Poisoned Stab","Prepared","Replay:Bag of Tricks","Poisoned Stab","ReplayTheSpireMod:Scrap Shanks","Accuracy","Underhanded Strike","Dagger Throw","A Thousand Cuts","Prepared"],"relics":["Ring of the Serpent","Paper Crane","Potion Belt","HornCleat","Blood Vial"],"acts_visited":["Exordium","TheCity"],"potions_floor_usage":[13,13,13,13,18],"damage_taken":[{"damage":0,"enemies":"Small Slimes","floor":1,"turns":4},{"damage":0,"enemies":"Jaw Worm","floor":2,"turns":3},{"damage":4,"enemies":"2 Louse","floor":5,"turns":2},{"damage":54,"enemies":"Lagavulin","floor":6,"turns":11},{"damage":18,"enemies":"HollowMod:MossKnight","floor":8,"turns":8},{"damage":0,"enemies":"Exordium Wildlife","floor":11,"turns":4},{"damage":0,"enemies":"Red Slaver","floor":12,"turns":3},{"damage":0,"enemies":"3 Sentries","floor":13,"turns":6},{"damage":0,"enemies":"Blue Slaver","floor":14,"turns":3},{"damage":11,"enemies":"Hexaghost","floor":16,"turns":7},{"damage":5,"enemies":"Chosen","floor":18,"turns":4},{"damage":37,"enemies":"Snake Plant","floor":20,"turns":6}],"seed_played":"-1007922404794853077","potions_obtained":[{"floor":2,"key":"LiquidBronze"},{"floor":8,"key":"Fire Potion"},{"floor":11,"key":"GamblersBrew"},{"floor":12,"key":"BlessingOfTheForge"},{"floor":16,"key":"Fire Potion"},{"floor":18,"key":"LifebloodPotion"}],"is_trial":false,"path_per_floor":["M","M","?","$","M","E","?","E","T","?","M","M","E","M","R","B",null,"M","?","M"],"character_chosen":"THE_SILENT","items_purchased":["Caltrops+1","Poisoned Stab"],"campfire_rested":1,"item_purchase_floors":[4,4],"current_hp_per_floor":[77,77,77,77,73,19,19,1,1,1,1,1,1,3,26,17,77,72,77,40,40],"gold":315,"neow_bonus":"TEN_PERCENT_HP_BONUS","is_daily":false,"chose_seed":false,"campfire_upgraded":0,"win_rate":0.0,"timestamp":1613869119,"path_taken":["M","M","?","$","M","E","?","E","T","?","?","M","E","M","R","BOSS","M","?","?"],"items_purchased_type":["Card","Card"],"build_version":"2020-12-22","purchased_purges":0,"victory":false,"max_hp_per_floor":[77,77,77,77,77,77,77,77,77,77,77,77,77,77,77,77,77,77,77,77,77],"card_choices":[{"not_picked":["Outmaneuver","Prepared"],"picked":"Underhanded Strike","floor":1},{"not_picked":["PiercingWail","Toxin Wave"],"picked":"Concentrate","floor":2},{"not_picked":["Riddle With Holes","ReplayTheSpireMod:Tripwire"],"picked":"Prepared","floor":5},{"not_picked":["Poisoned Stab","Bane"],"picked":"Replay:Bag of Tricks","floor":6},{"not_picked":["PiercingWail","Backflip"],"picked":"Poisoned Stab","floor":8},{"not_picked":["Dagger Spray","Accuracy"],"picked":"ReplayTheSpireMod:Scrap Shanks","floor":11},{"not_picked":["Terror","Bane"],"picked":"Accuracy","floor":12},{"not_picked":["Escape Plan","ReplayTheSpireMod:Exploit Weakness"],"picked":"Underhanded Strike","floor":13},{"not_picked":["ReplayTheSpireMod:Shiv Toss","Crippling Poison"],"picked":"Dagger Throw","floor":14},{"not_picked":["Storm of Steel","Poison Darts"],"picked":"A Thousand Cuts","floor":16},{"not_picked":["Distraction","Tactician"],"picked":"Setup","floor":18},{"not_picked":["Quick Slash","ReplayTheSpireMod:Speed Training"],"picked":"Prepared","floor":20}],"player_experience":124736,"relics_obtained":[{"floor":6,"key":"Paper Crane"},{"floor":8,"key":"Potion Belt"},{"floor":9,"key":"HornCleat"},{"floor":13,"key":"Blood Vial"}],"event_choices":[{"cards_removed":["Concentrate"],"damage_healed":0,"gold_gain":0,"player_choice":"Forget","damage_taken":0,"max_hp_gain":0,"max_hp_loss":0,"event_name":"Living Wall","floor":10,"gold_loss":0},{"cards_removed":["Setup"],"damage_healed":5,"gold_gain":0,"player_choice":"Offered Uncommon","damage_taken":0,"max_hp_gain":0,"max_hp_loss":0,"event_name":"Bonfire Elementals","floor":19,"gold_loss":0}],"is_beta":false,"boss_relics":[{"not_picked":["Snecko Eye","Honey Jar"],"picked":"Ring of the Serpent"}],"items_purged_floors":[],"is_endless":false,"potions_floor_spawned":[2,8,11,12,16,18],"killed_by":"Snake Plant","ascension_level":0}}