{"host":"5bsc0nab6whpyrbj","time":1613949780,"event":{"mods":["BaseMod","Highlight Path","Minty Spire (QoL Compilation)"],"gold_per_floor":[118,118,129,144,162,162,177,177,200,218,233,308,308,308],"floor_reached":13,"language":"ENG","playtime":280,"items_purged":[],"score":79,"play_id":"4cd9ba74-7cbe-4216-b9c1-b1c90d742565","local_time":"20210221182300","is_ascension_mode":false,"campfire_choices":[{"floor":6.0,"key":"REST"}],"circlet_count":0,"master_deck":["Strike_B","Strike_B","Strike_B","Strike_B","Defend_B","Defend_B","Defend_B","Defend_B","Zap","Dualcast","Storm","Backstab+1","Barrage"],"relics":["Cracked Core","Strawberry","Omamori","Boot"],"acts_visited":["Exordium"],"potions_floor_usage":[13,13],"damage_taken":[{"damage":6.0,"enemies":"Cultist","floor":1.0,"turns":3.0},{"damage":0.0,"enemies":"2 Louse","floor":3.0,"turns":1.0},{"damage":11.0,"enemies":"Jaw Worm","floor":4.0,"turns":2.0},{"damage":21.0,"enemies":"Exordium Wildlife","floor":5.0,"turns":4.0},{"damage":3.0,"enemies":"Red Slaver","floor":7.0,"turns":3.0},{"damage":10,"enemies":"Exordium Thugs","floor":10,"turns":4},{"damage":20,"enemies":"Lots of Slimes","floor":11,"turns":3},{"damage":31,"enemies":"Lagavulin","floor":13,"turns":3}],"seed_played":"9218756806727565640","potions_obtained":[{"floor":3.0,"key":"SteroidPotion"},{"floor":4.0,"key":"Fire Potion"},{"floor":5.0,"key":"Strength Potion"}],"is_trial":false,"path_per_floor":["M","T","M","M","M","R","M","?","T","M","M","?","E"],"character_chosen":"DEFECT","items_purchased":[],"campfire_rested":1,"item_purchase_floors":[],"current_hp_per_floor":[76,76,76,65,44,68,65,65,65,55,35,24,0,0],"gold":308,"neow_bonus":"RANDOM_COMMON_RELIC","is_daily":false,"chose_seed":false,"campfire_upgraded":0,"win_rate":0.0,"timestamp":1613949780,"path_taken":["M","?","M","?","M","R","M","?","T","?","M","?","E"],"items_purchased_type":[],"build_version":"2020-12-22","purchased_purges":0,"victory":false,"max_hp_per_floor":[82,82,82,82,82,82,82,82,82,82,82,82,82,82],"card_choices":[{"not_picked":["Stack","Beam Cell","Turbo"],"picked":"SKIP","floor":1.0},{"not_picked":["Gash","Stack"],"picked":"Heatsinks","floor":3.0},{"not_picked":["Aggregate","Steam"],"picked":"Storm","floor":4.0},{"not_picked":["Go for the Eyes","Chill","Beam Cell"],"picked":"SKIP","floor":5.0},{"not_picked":["Beam Cell","Double Energy","Gash"],"picked":"SKIP","floor":7.0},{"not_picked":["Sunder","Gash","Sweeping Beam"],"picked":"SKIP","floor":10},{"not_picked":["Streamline","Reprogram"],"picked":"Barrage","floor":11}],"player_experience":89728,"relics_obtained":[{"floor":2.0,"key":"Omamori"},{"floor":9,"key":"Boot"}],"event_choices":[{"cards_removed":["Heatsinks"],"damage_healed":0,"gold_gain":0,"player_choice":"Took Card","damage_taken":0,"max_hp_gain":0,"max_hp_loss":0,"event_name":"NoteForYourself","floor":8,"gold_loss":0,"cards_obtained":["Backstab"]},{"damage_healed":0,"gold_gain":75,"player_choice":"Gather Gold","damage_taken":11,"max_hp_gain":0,"max_hp_loss":0,"event_name":"World of Goop","floor":12,"gold_loss":0}],"is_beta":false,"boss_relics":[],"items_purged_floors":[],"is_endless":false,"potions_floor_spawned":[3,4,5],"killed_by":"Lagavulin","ascension_level":0}}