{"host":"n08mv44ohivl39d9","time":1613874948,"event":{"mods":["BaseMod","Bestiary","Highlight Path","Minty Spire (QoL Compilation)","Relic Stats"],"gold_per_floor":[11,11,26,40,51,51,63,63,115,134,160,160,160,195,195,271,271,288,6,21,21,34,34,65,88,100,143,175,237,249,273,285,375,387,414,162,162,112,126,158,158,158,158,158,184,184,237,255,255,255,255,255,255,3,33,33,33],"floor_reached":56,"language":"ENG","playtime":10040,"items_purged":["Strike_G","Strike_G"],"score":1935,"play_id":"13039ffb-2f97-4301-9b80-4b51a1cc99fe","local_time":"20210220203548","is_ascension_mode":true,"campfire_choices":[{"data":"Poisoned Stab","floor":6,"key":"SMITH"},{"data":"Quick Slash","floor":8,"key":"SMITH"},{"data":"Envenom","floor":12,"key":"SMITH"},{"data":"Cloak And Dagger","floor":15,"key":"SMITH"},{"floor":23,"key":"REST"},{"floor":32,"key":"REST"},{"floor":42,"key":"RECALL"},{"floor":44,"key":"REST"},{"floor":49,"key":"REST"},{"floor":53,"key":"REST"}],"circlet_count":0,"master_deck":["AscendersBane","Strike_G","Strike_G","Defend_G","Defend_G","Defend_G","Defend_G","Survivor","Neutralize","Leg Sweep+1","Quick Slash+1","Poisoned Stab+1","Burst","Dagger Throw","Cloak And Dagger+1","Envenom+1","Venomology","PiercingWail+1","Catalyst+1","Noxious Fumes","Flying Knee+1","Outmaneuver+1","Noxious Fumes","Dodge and Roll+1","Bane+1","Venomology","Acrobatics","After Image","Sadistic Nature","Dark Shackles","Master of Strategy","Bouncing Flask","Blade Dance+1","Leg Sweep","Catalyst","After Image"],"relics":["Ring of the Serpent","Bronze Scales","InkBottle","Toy Ornithopter","Calipers","Fusion Hammer","Chemical X","MawBank","Happy Flower","Juzu Bracelet","Gambling Chip","Vajra","Bag of Preparation","CaptainsWheel","Lantern","Oddly Smooth Stone"],"acts_visited":["Exordium","TheCity","TheBeyond","TheEnding"],"potions_floor_usage":[11,14,16,18,20,22,24,24,25,27,28,31,31,33,33,33,35,35,35,39,39,39,40,40,40,45,47,47,47,48,50,50,51,51,51,55,55,56,56,56,56,56],"damage_taken":[{"damage":0,"enemies":"2 Louse","floor":1,"turns":5},{"damage":0,"enemies":"Cultist","floor":3,"turns":5},{"damage":1,"enemies":"Small Slimes","floor":4,"turns":4},{"damage":0,"enemies":"Blue Slaver","floor":5,"turns":6},{"damage":0,"enemies":"2 Fungi Beasts","floor":7,"turns":6},{"damage":16,"enemies":"Exordium Wildlife","floor":10,"turns":5},{"damage":21,"enemies":"Gremlin Nob","floor":11,"turns":4},{"damage":4,"enemies":"3 Sentries","floor":14,"turns":9},{"damage":23,"enemies":"Slime Boss","floor":16,"turns":9},{"damage":6,"enemies":"Shell Parasite","floor":18,"turns":4},{"damage":8,"enemies":"2 Thieves","floor":20,"turns":4},{"damage":2,"enemies":"Snecko","floor":22,"turns":5},{"damage":20,"enemies":"Book of Stabbing","floor":24,"turns":5},{"damage":16,"enemies":"Shelled Parasite and Fungi","floor":25,"turns":5},{"damage":35,"enemies":"Slavers","floor":27,"turns":6},{"damage":7,"enemies":"Chosen and Byrds","floor":28,"turns":6},{"damage":12,"enemies":"Snecko","floor":31,"turns":5},{"damage":29,"enemies":"Collector","floor":33,"turns":10},{"damage":2,"enemies":"3 Darklings","floor":35,"turns":6},{"damage":0,"enemies":"3 Shapes","floor":39,"turns":4},{"damage":31,"enemies":"Giant Head","floor":40,"turns":6},{"damage":37,"enemies":"Reptomancer","floor":45,"turns":5},{"damage":29,"enemies":"2 Orb Walkers","floor":47,"turns":5},{"damage":0,"enemies":"Sphere and 2 Shapes","floor":48,"turns":5},{"damage":17,"enemies":"Time Eater","floor":50,"turns":6},{"damage":55,"enemies":"Awakened One","floor":51,"turns":18},{"damage":51,"enemies":"Shield and Spear","floor":55,"turns":7},{"damage":64,"enemies":"The Heart","floor":56,"turns":5}],"seed_played":"6164115561628821677","potions_obtained":[{"floor":3,"key":"Swift Potion"},{"floor":4,"key":"Energy Potion"},{"floor":11,"key":"GhostInAJar"},{"floor":14,"key":"CunningPotion"},{"floor":16,"key":"AttackPotion"},{"floor":27,"key":"Fire Potion"},{"floor":33,"key":"Block Potion"},{"floor":35,"key":"AttackPotion"},{"floor":45,"key":"Ancient Potion"},{"floor":47,"key":"LiquidMemories"},{"floor":55,"key":"Fire Potion"}],"is_trial":false,"path_per_floor":["M","?","M","M","M","R","M","R","T","M","E","R","?","E","R","B",null,"M","$","M","?","M","R","E","M","T","E","M","?","$","M","R","B",null,"M","$","?","?","M","E","T","R","T","R","E","?","?","M","R","B","B",null,"R","$","E","B"],"character_chosen":"THE_SILENT","items_purchased":["Chemical X","Catalyst","After Image","Lantern","CunningPotion"],"campfire_rested":5,"item_purchase_floors":[19,19,36,54,54],"current_hp_per_floor":[59,59,59,58,58,58,58,58,58,42,21,21,21,22,22,4,51,50,50,47,47,50,66,51,40,40,10,8,8,8,6,25,11,52,65,65,55,55,66,45,45,45,45,64,32,32,18,23,41,34,12,50,63,63,22,0,0],"gold":33,"neow_bonus":"REMOVE_TWO","is_daily":false,"chose_seed":false,"campfire_upgraded":4,"win_rate":0.0,"timestamp":1613874948,"path_taken":["M","?","M","?","M","R","M","R","T","M","E","R","?","E","R","BOSS","M","$","M","?","M","R","E","M","T","E","M","?","?","M","R","BOSS","M","$","?","?","?","E","?","R","T","R","E","?","?","M","R","BOSS","BOSS","R","$","E","BOSS"],"items_purchased_type":["Relic","Card","Card","Relic","Potion"],"build_version":"2020-12-22","purchased_purges":2,"victory":false,"max_hp_per_floor":[66,66,66,66,66,66,66,66,66,66,66,66,66,66,66,66,66,66,66,66,66,66,66,66,66,66,66,66,66,66,66,66,66,66,66,66,66,66,66,66,66,66,66,66,66,63,63,63,63,63,63,63,63,63,63,63,63],"relic_stats":{"Happy Flower":[29],"counters":[28,170],"Bronze Scales":[513],"Gambling Chip":[32],"Juzu Bracelet":0,"Bag of Preparation":[12],"Chemical X":[2],"MawBank":144,"obtain_stats":[{"Lantern":54,"Calipers":14,"Happy Flower":27,"Vajra":43,"Oddly Smooth Stone":55,"Juzu Bracelet":40,"Bag of Preparation":45,"MawBank":24,"CaptainsWheel":47,"Bronze Scales":9,"Gambling Chip":41,"Fusion Hammer":17,"Chemical X":19,"InkBottle":11,"Toy Ornithopter":13,"Ring of the Serpent":34,"Ring of the Snake":0},{"Lantern":26,"Calipers":8,"Happy Flower":15,"Vajra":21,"Oddly Smooth Stone":27,"Juzu Bracelet":21,"Bag of Preparation":22,"MawBank":13,"CaptainsWheel":23,"Bronze Scales":5,"Gambling Chip":21,"Fusion Hammer":9,"Chemical X":10,"InkBottle":7,"Toy Ornithopter":7,"Ring of the Serpent":18,"Ring of the Snake":0},{"Lantern":158,"Calipers":44,"Happy Flower":82,"Vajra":119,"Oddly Smooth Stone":165,"Juzu Bracelet":119,"Bag of Preparation":124,"MawBank":71,"CaptainsWheel":129,"Bronze Scales":26,"Gambling Chip":119,"Fusion Hammer":53,"Chemical X":57,"InkBottle":35,"Toy Ornithopter":35,"Ring of the Serpent":103,"Ring of the Snake":0}],"InkBottle":[70],"Toy Ornithopter":191},"card_choices":[{"not_picked":["Prepared","Outmaneuver"],"picked":"Leg Sweep","floor":1},{"not_picked":["Riddle With Holes","Choke"],"picked":"Quick Slash","floor":3},{"not_picked":["Backflip","PiercingWail"],"picked":"Poisoned Stab","floor":4},{"not_picked":["Underhanded Strike","Deadly Poison"],"picked":"Burst","floor":5},{"not_picked":["Slice","Deflect"],"picked":"Dagger Throw","floor":7},{"not_picked":["Outmaneuver","Backflip"],"picked":"Cloak And Dagger","floor":10},{"not_picked":["Acrobatics","Prepared"],"picked":"Envenom","floor":11},{"not_picked":["Concentrate","Choke","Slice"],"picked":"SKIP","floor":14},{"not_picked":["Grand Finale","Burst"],"picked":"Venomology","floor":16},{"not_picked":["Deadly Poison","Flechettes"],"picked":"PiercingWail+1","floor":18},{"not_picked":["Flying Knee","Tactician"],"picked":"Noxious Fumes","floor":20},{"not_picked":["Sucker Punch+1","Backstab"],"picked":"Flying Knee+1","floor":22},{"not_picked":["Prepared","Dagger Throw","Quick Slash"],"picked":"SKIP","floor":24},{"not_picked":["Quick Slash","Underhanded Strike"],"picked":"Outmaneuver+1","floor":25},{"not_picked":["Sucker Punch","Accuracy+1"],"picked":"Noxious Fumes","floor":27},{"not_picked":["PiercingWail","Adrenaline"],"picked":"Dodge and Roll+1","floor":28},{"not_picked":["Sucker Punch","Prepared"],"picked":"Bane+1","floor":31},{"not_picked":["Bullet Time","Tools of the Trade"],"picked":"Venomology","floor":33},{"not_picked":["Dagger Throw","Flying Knee"],"picked":"Acrobatics","floor":35},{"not_picked":["Dark Shackles","Mayhem"],"picked":"Sadistic Nature","floor":37},{"not_picked":["HandOfGreed","Deep Breath"],"picked":"Dark Shackles","floor":37},{"not_picked":["Madness","Blind"],"picked":"Master of Strategy","floor":37},{"not_picked":["Catalyst","Dash"],"picked":"Bouncing Flask","floor":39},{"not_picked":["Finisher","Backflip"],"picked":"Blade Dance+1","floor":40},{"not_picked":["Storm of Steel","Blade Dance","Expertise"],"picked":"SKIP","floor":45},{"not_picked":["Flying Knee+1","Choke"],"picked":"Leg Sweep","floor":47},{"not_picked":["Concentrate","Flying Knee+1"],"picked":"Catalyst","floor":48},{"not_picked":["Skewer","Expertise+1"],"picked":"After Image","floor":55}],"player_experience":1490310,"relics_obtained":[{"floor":9,"key":"Bronze Scales"},{"floor":11,"key":"InkBottle"},{"floor":14,"key":"Calipers"},{"floor":24,"key":"MawBank"},{"floor":27,"key":"Happy Flower"},{"floor":40,"key":"Juzu Bracelet"},{"floor":41,"key":"Gambling Chip"},{"floor":43,"key":"Vajra"},{"floor":45,"key":"Bag of Preparation"},{"floor":47,"key":"CaptainsWheel"},{"floor":55,"key":"Oddly Smooth Stone"}],"event_choices":[{"damage_healed":0,"gold_gain":0,"player_choice":"Upgraded","damage_taken":0,"max_hp_gain":0,"max_hp_loss":0,"event_name":"Upgrade Shrine","floor":2,"gold_loss":0,"cards_upgraded":["Leg Sweep"]},{"damage_healed":0,"gold_gain":0,"player_choice":"Searched \u00271\u0027 times","damage_taken":0,"relics_obtained":["Toy Ornithopter"],"max_hp_gain":0,"max_hp_loss":0,"event_name":"Dead Adventurer","floor":13,"gold_loss":0},{"damage_healed":0,"gold_gain":0,"player_choice":"Ignored","damage_taken":0,"max_hp_gain":0,"max_hp_loss":0,"event_name":"Ghosts","floor":21,"gold_loss":0},{"damage_healed":0,"gold_gain":50,"player_choice":"Stole From Cult","damage_taken":0,"max_hp_gain":0,"max_hp_loss":0,"event_name":"Nest","floor":29,"gold_loss":0},{"damage_healed":0,"gold_gain":0,"player_choice":"Memory 3","damage_taken":10,"max_hp_gain":0,"max_hp_loss":0,"event_name":"SensoryStone","floor":37,"gold_loss":0},{"damage_healed":0,"gold_gain":0,"player_choice":"Upgrade","damage_taken":0,"max_hp_gain":0,"max_hp_loss":0,"event_name":"Designer","floor":38,"gold_loss":50,"cards_upgraded":["Catalyst"]},{"damage_healed":0,"gold_gain":0,"player_choice":"Max HP","damage_taken":0,"max_hp_gain":0,"max_hp_loss":3,"event_name":"Winding Halls","floor":46,"gold_loss":0},{"damage_healed":0,"gold_gain":0,"player_choice":"Fight","damage_taken":0,"max_hp_gain":0,"max_hp_loss":0,"event_name":"Mysterious Sphere","floor":47,"gold_loss":0}],"is_beta":false,"boss_relics":[{"not_picked":["Ectoplasm","HoveringKite"],"picked":"Fusion Hammer"},{"not_picked":["Velvet Choker","WristBlade"],"picked":"Ring of the Serpent"}],"items_purged_floors":[19,36],"is_endless":false,"potions_floor_spawned":[3,4,11,14,16,22,27,33,35,45,47,48,55],"killed_by":"The Heart","ascension_level":20}}