{"host":"7j96kgp47d19w6vo","time":1613921187,"event":{"mods":["BaseMod","BetterRewards","Custom Start","Friendly Minions","Gold Saver","Minty Spire (QoL Compilation)","Remove Card Discount Mod","StSLib","UnlockEverythingMod"],"gold_per_floor":[1543,1493,1493,663,676,711,711,791,791,810,810,829,282,240,240,344,344,357,375,375,387,387,387],"floor_reached":22,"language":"JPN","playtime":1782,"items_purged":["Regret"],"score":184,"play_id":"49639cc4-a295-40bc-b921-c6405e68f9c4","local_time":"20210222002627","is_ascension_mode":false,"campfire_choices":[{"data":"Scrawl","floor":7,"key":"SMITH"},{"data":"FollowUp","floor":11,"key":"SMITH"},{"floor":15,"key":"REST"}],"circlet_count":0,"master_deck":["Strike_P","Strike_P","Strike_P","Strike_P","Defend_P","Defend_P","Defend_P","Defend_P","Eruption","Vigilance","Scrawl+1","InnerPeace","ReachHeaven","Finesse","Evaluate","CrushJoints","The Bomb","FollowUp+1","FearNoEvil","FlurryOfBlows","SandsOfTime","Nirvana","Prostrate","DevaForm","CurseOfTheBell","BattleHymn","Study","Evaluate"],"relics":["PureWater","Toy Ornithopter","Damaru","Question Card","Akabeko","Sundial","Happy Flower","Lantern","TheAbacus","Calling Bell","Smiling Mask","StrikeDummy","Torii"],"acts_visited":["Exordium","TheCity"],"potions_floor_usage":[6],"damage_taken":[{"damage":2,"enemies":"Small Slimes","floor":1,"turns":2},{"damage":8,"enemies":"Jaw Worm","floor":5,"turns":4},{"damage":55,"enemies":"Gremlin Nob","floor":6,"turns":6},{"damage":0,"enemies":"2 Louse","floor":10,"turns":2},{"damage":10,"enemies":"Large Slime","floor":12,"turns":3},{"damage":15,"enemies":"The Guardian","floor":16,"turns":11},{"damage":11,"enemies":"Spheric Guardian","floor":18,"turns":4},{"damage":19,"enemies":"Shell Parasite","floor":19,"turns":5},{"damage":33,"enemies":"Shelled Parasite and Fungi","floor":21,"turns":5},{"damage":9,"enemies":"Snecko","floor":22,"turns":2}],"seed_played":"1286363087768624600","potions_obtained":[{"floor":1,"key":"Weak Potion"},{"floor":5,"key":"DuplicationPotion"},{"floor":6,"key":"Ancient Potion"},{"floor":18,"key":"DistilledChaos"}],"is_trial":false,"path_per_floor":["M","?","?","$","M","E","R","?","T","M","R","M","$","?","R","B",null,"M","M","?","M","M"],"character_chosen":"WATCHER","items_purchased":["ReachHeaven","Damaru","Question Card","Finesse","Evaluate","CrushJoints","The Bomb","Happy Flower","Lantern","TheAbacus","Nirvana","Prostrate"],"campfire_rested":1,"item_purchase_floors":[4,4,4,4,4,4,4,13,13,13,13,13],"current_hp_per_floor":[70,70,70,70,62,12,12,12,12,12,12,2,2,2,23,8,72,61,42,42,9,0,0],"gold":387,"neow_bonus":"THREE_RARE_CARDS","is_daily":false,"chose_seed":false,"campfire_upgraded":2,"win_rate":0.0,"timestamp":1613921187,"path_taken":["M","?","?","$","M","E","R","?","T","M","R","M","$","?","R","BOSS","M","M","?","M","M"],"items_purchased_type":["Card","Relic","Relic","Card","Card","Card","Card","Relic","Relic","Relic","Card","Card"],"build_version":"2020-12-22","purchased_purges":1,"victory":false,"max_hp_per_floor":[72,72,72,72,72,72,72,72,72,72,72,72,72,72,72,72,72,72,72,72,72,72,72],"card_choices":[{"not_picked":["Blasphemy","Brilliance"],"picked":"Scrawl","floor":0},{"not_picked":["Indignation","Protect"],"picked":"InnerPeace","floor":1},{"not_picked":["Crescendo","CutThroughFate","Prostrate"],"picked":"FollowUp","floor":5},{"not_picked":["ReachHeaven","Vengeance","PathToVictory"],"picked":"FearNoEvil","floor":6},{"not_picked":["Weave","Collect","EmptyBody"],"picked":"FlurryOfBlows","floor":10},{"not_picked":["FollowUp","SignatureMove","Pray"],"picked":"SandsOfTime","floor":12},{"not_picked":["Wish","Alpha","Omniscience"],"picked":"DevaForm","floor":16},{"not_picked":["Prostrate","ForeignInfluence","Crescendo+1"],"picked":"BattleHymn","floor":18},{"not_picked":["SashWhip","Worship","EmptyFist"],"picked":"Study","floor":19},{"not_picked":["WindmillStrike","FlyingSleeves","Meditate+1"],"picked":"Evaluate","floor":21}],"player_experience":876805,"relics_obtained":[{"floor":6,"key":"Akabeko"},{"floor":9,"key":"Sundial"},{"floor":17,"key":"Smiling Mask"},{"floor":17,"key":"StrikeDummy"},{"floor":17,"key":"Torii"}],"event_choices":[{"cards_removed":["Regret"],"damage_healed":0,"gold_gain":0,"player_choice":"Card Removal","damage_taken":0,"max_hp_gain":0,"max_hp_loss":0,"event_name":"The Cleric","floor":2,"gold_loss":50},{"damage_healed":0,"gold_gain":0,"player_choice":"Box","damage_taken":0,"relics_obtained":["Toy Ornithopter"],"max_hp_gain":0,"max_hp_loss":0,"event_name":"Big Fish","floor":3,"gold_loss":0,"cards_obtained":["Regret"]},{"damage_healed":0,"gold_gain":80,"player_choice":"Gained Gold","damage_taken":0,"max_hp_gain":0,"max_hp_loss":0,"event_name":"Golden Wing","floor":8,"gold_loss":0},{"damage_healed":0,"gold_gain":0,"player_choice":"Left Gold","damage_taken":0,"max_hp_gain":0,"max_hp_loss":0,"event_name":"World of Goop","floor":14,"gold_loss":42},{"damage_healed":0,"gold_gain":0,"player_choice":"Ignored","damage_taken":0,"max_hp_gain":0,"max_hp_loss":0,"event_name":"Ghosts","floor":20,"gold_loss":0}],"is_beta":false,"boss_relics":[{"not_picked":["Astrolabe","Velvet Choker"],"picked":"Calling Bell"}],"items_purged_floors":[4],"is_endless":false,"potions_floor_spawned":[1,5,6,18,21],"killed_by":"Snecko","ascension_level":0}}