{"host":"o3b7ow6d1xe49css","time":1613900369,"event":{"mods":["Act Like it!","Aspiration","BaseMod","Bestiary","Better Altar","Better Match","Better Note","Better Sensory Stone","Better Skull","Better Third Choice","Colored Powertips","Conspire","Energized Spire","Force Act Four","GifTheSpireLib","Halation","Hermit","Hubris","Infinite Spire","Lobotomy","Minty Spire (QoL Compilation)","Quick Restart","Rare Cards Sparkle","Relic Filter Mod","Reliquary","Replay The Spire","Spicy Shops","Spikes Relics","StSLib","Stuff the Spire","The Blue Laboratory","The Hierophant","The Jungle","Wandering Minibosses"],"gold_per_floor":[119,134,152,172,172,199,199,199,199,228,228,260,289,321,321,417,417,432,432,432],"floor_reached":19,"language":"ENG","playtime":658,"items_purged":["Strike_R"],"score":381,"play_id":"8b086420-611d-401f-aa16-5de5f29fc5f6","local_time":"20210221003929","daily_mods":["Heirloom","Flight"],"is_ascension_mode":true,"campfire_choices":[{"data":"infinitespire:SevenWalls","floor":8,"key":"SMITH"},{"data":"Replay:Undeath\u0027s Touch","floor":11,"key":"SMITH"},{"data":"Metallicize","floor":15,"key":"SMITH"}],"circlet_count":0,"master_deck":["Strike_R","Strike_R","Strike_R","Defend_R","Defend_R","Defend_R","Defend_R","Bash","Replay:Undeath\u0027s Touch+1","Anger","Scorched","infinitespire:SevenWalls+1","Metallicize+1","Dropkick","Cleave","hubris:StunningStrike"],"relics":["Burning Blood","Ring of Chaos","Shovel","CogitoBucket","SnailShell","King of Hearts","halation:AfternoonTea","hubris:64BitClover","Lantern","energizedSpire:OgreHead","ResearcherNote","Orichalcum"],"acts_visited":["Exordium","Exordium"],"potions_floor_usage":[6,6,16],"damage_taken":[{"damage":6,"enemies":"Cultist","floor":1,"turns":3},{"damage":1,"enemies":"2 Louse","floor":2,"turns":2},{"damage":2,"enemies":"Jaw Worm","floor":3,"turns":2},{"damage":3,"enemies":"Blue Slaver","floor":4,"turns":3},{"damage":10,"enemies":"Lagavulin","floor":6,"turns":5},{"damage":0,"enemies":"3 Sentries","floor":10,"turns":4},{"damage":0,"enemies":"Lagavulin","floor":12,"turns":4},{"damage":0,"enemies":"Gremlin Nob","floor":13,"turns":4},{"damage":0,"enemies":"Lagavulin","floor":14,"turns":4},{"damage":11,"enemies":"Slime Boss","floor":16,"turns":8},{"damage":14,"enemies":"theJungle:GiantWrat","floor":18,"turns":5}],"seed_played":"-734519723261931127","potions_obtained":[{"floor":1,"key":"blueLaboratory:HorrorPotion"},{"floor":4,"key":"BlessingOfTheForge"},{"floor":10,"key":"SteroidPotion"},{"floor":12,"key":"Weak Potion"},{"floor":14,"key":"Cursed Concoction"}],"is_trial":true,"path_per_floor":["M","M","M","M","?","E","?","R","T","E","R","E","E","E","R","B",null,"M","AVR"],"character_chosen":"IRONCLAD","items_purchased":[],"campfire_rested":0,"item_purchase_floors":[],"current_hp_per_floor":[80,80,80,80,59,55,55,55,55,61,61,67,73,79,79,74,79,80,80,80],"gold":432,"neow_bonus":"","is_daily":false,"chose_seed":false,"campfire_upgraded":3,"win_rate":0.0,"timestamp":1613900369,"path_taken":["M","M","M","?","?","E","?","R","T","E","R","E","E","E","R","BOSS","M","AVR"],"items_purchased_type":[],"build_version":"2020-12-22","purchased_purges":1,"victory":false,"max_hp_per_floor":[80,80,80,80,80,80,80,80,80,80,80,80,80,80,80,80,80,80,80,80],"card_choices":[{"not_picked":["Heavy Blade","Shrug It Off"],"picked":"Replay:Undeath\u0027s Touch","floor":1},{"not_picked":["Wellcheers","OSAHOGD","SnowQueen"],"picked":"Singing Bowl","floor":1},{"not_picked":["Eclipse","Armaments"],"picked":"Anger","floor":2},{"not_picked":["Murderer","MHz","FieryBird"],"picked":"Singing Bowl","floor":2},{"not_picked":["Murderer","NakedNest"],"picked":"Scorched","floor":2},{"not_picked":["SpiderBud","ShyLook","WallGazer"],"picked":"Singing Bowl","floor":3},{"not_picked":["Life Link","Dual Wield","Headbutt"],"picked":"SKIP","floor":3},{"not_picked":["FairyFestival","SpiderBud","WallGazer"],"picked":"Singing Bowl","floor":4},{"not_picked":["Flex","Run Through","Bludgeon"],"picked":"SKIP","floor":4},{"not_picked":["infinitespire:UltimateForm","ReplayTheSpireMod:Black Plague"],"picked":"infinitespire:SevenWalls","floor":5},{"not_picked":["LaLuna","OSAHOGD","NakedNest"],"picked":"Singing Bowl","floor":6},{"not_picked":["Anger","Intimidate","Limit Break"],"picked":"SKIP","floor":6},{"not_picked":["StuffTheSpire:Incineration","Iron Wave"],"picked":"Metallicize","floor":10},{"not_picked":["CherryBlossoms","BigBird","PunishingBird"],"picked":"Singing Bowl","floor":10},{"not_picked":["CENSORED","Yin","BigBird"],"picked":"Singing Bowl","floor":12},{"not_picked":["Havoc","Pommel Strike","Flex"],"picked":"SKIP","floor":12},{"not_picked":["Seeing Red","Heavy Blade"],"picked":"Dropkick","floor":13},{"not_picked":["Wild Strike","Reckless Charge"],"picked":"Cleave","floor":14},{"not_picked":["Porccubus","Wellcheers","Murderer"],"picked":"Singing Bowl","floor":14},{"not_picked":["CrumblingArmor","BeautyBeast","HeroicMonk"],"picked":"Singing Bowl","floor":18},{"not_picked":["Clothesline","Shrug It Off+1"],"picked":"hubris:StunningStrike","floor":18}],"player_experience":1443436,"relics_obtained":[{"floor":6,"key":"SnailShell"},{"floor":10,"key":"King of Hearts"},{"floor":12,"key":"halation:AfternoonTea"},{"floor":13,"key":"hubris:64BitClover"},{"floor":14,"key":"Lantern"}],"event_choices":[{"cards_removed":["Strike_R"],"damage_healed":0,"gold_gain":0,"player_choice":"Offered Basic","damage_taken":0,"max_hp_gain":0,"max_hp_loss":0,"event_name":"Bonfire Elementals","floor":7,"gold_loss":0}],"is_beta":false,"boss_relics":[{"not_picked":["energizedSpire:HugeHouse","hubris:BlackHole"],"picked":"energizedSpire:OgreHead"}],"items_purged_floors":[19],"is_endless":false,"potions_floor_spawned":[1,4,10,12,14],"ascension_level":5}}