{"host":"iv24d026eac8pm4e","time":1613897502,"event":{"mods":["BaseMod","Minty Spire (QoL Compilation)"],"gold_per_floor":[119,119,194,194,23,23,52,52,52,72,92,109,129,149,149,149,149],"floor_reached":16,"language":"ENG","playtime":372,"items_purged":[],"score":254,"play_id":"2881d6e4-8170-4f22-84f2-6991e85d4e64","local_time":"20210221005142","is_ascension_mode":true,"campfire_choices":[{"data":"Flechettes","floor":6.0,"key":"SMITH"},{"floor":8.0,"key":"REST"},{"data":"Skewer","floor":15,"key":"SMITH"}],"circlet_count":0,"master_deck":["AscendersBane","Strike_G","Strike_G","Strike_G","Strike_G","Defend_G","Defend_G","Defend_G+1","Defend_G","Defend_G","Survivor+1","Neutralize","Flechettes+1","Concentrate","Predator","Skewer+1","Underhanded Strike","Dash","Doppelganger","Deflect"],"relics":["Ring of the Snake","NeowsBlessing","Regal Pillow","Potion Belt","Letter Opener"],"acts_visited":["Exordium"],"potions_floor_usage":[16],"damage_taken":[{"damage":0.0,"enemies":"Jaw Worm","floor":1.0,"turns":1.0},{"damage":0.0,"enemies":"Lagavulin","floor":7.0,"turns":1.0},{"damage":0,"enemies":"Small Slimes","floor":10,"turns":1},{"damage":0,"enemies":"2 Louse","floor":11,"turns":2},{"damage":1,"enemies":"Large Slime","floor":12,"turns":6},{"damage":4,"enemies":"Red Slaver","floor":13,"turns":4},{"damage":0,"enemies":"Looter","floor":14,"turns":3},{"damage":19,"enemies":"Slime Boss","floor":16,"turns":7}],"seed_played":"4595294977488921123","potions_obtained":[{"floor":1.0,"key":"PowerPotion"},{"floor":10,"key":"Regen Potion"},{"floor":13,"key":"GamblersBrew"}],"is_trial":false,"path_per_floor":["M","?","?","?","$","R","E","R","T","M","M","M","M","M","R","B"],"character_chosen":"THE_SILENT","items_purchased":["Regal Pillow"],"campfire_rested":1,"item_purchase_floors":[5],"current_hp_per_floor":[59,39,28,28,28,28,28,62,62,62,62,61,57,57,57,38,38],"gold":149,"neow_bonus":"THREE_ENEMY_KILL","is_daily":false,"chose_seed":false,"campfire_upgraded":2,"win_rate":0.0,"timestamp":1613897502,"path_taken":["M","?","?","?","$","R","E","R","T","M","M","M","M","M","R","BOSS"],"items_purchased_type":["Relic"],"build_version":"2020-12-22","purchased_purges":0,"victory":false,"max_hp_per_floor":[66,66,66,66,66,66,66,66,66,66,66,66,66,66,66,66,66],"card_choices":[{"not_picked":["Well Laid Plans","Prepared"],"picked":"Flechettes","floor":1.0},{"not_picked":["PiercingWail","Distraction"],"picked":"Predator","floor":7.0},{"not_picked":["Outmaneuver","Flying Knee"],"picked":"Skewer","floor":10},{"not_picked":["Deadly Poison","Slice"],"picked":"Underhanded Strike","floor":11},{"not_picked":["Catalyst","Crippling Poison"],"picked":"Dash","floor":12},{"not_picked":["Finisher","Prepared"],"picked":"Doppelganger","floor":13},{"not_picked":["Acrobatics","Flying Knee"],"picked":"Deflect","floor":14}],"player_experience":2543598,"relics_obtained":[{"floor":7.0,"key":"Potion Belt"},{"floor":9.0,"key":"Letter Opener"}],"event_choices":[{"damage_healed":0.0,"max_hp_gain":0.0,"max_hp_loss":0.0,"gold_gain":0.0,"event_name":"Shining Light","player_choice":"Entered Light","floor":2.0,"gold_loss":0.0,"damage_taken":20.0,"cards_upgraded":["Defend_G","Survivor"]},{"damage_healed":0.0,"max_hp_gain":0.0,"max_hp_loss":0.0,"gold_gain":75.0,"event_name":"World of Goop","player_choice":"Gather Gold","floor":3.0,"gold_loss":0.0,"damage_taken":11.0},{"damage_healed":0.0,"max_hp_gain":0.0,"max_hp_loss":0.0,"gold_gain":0.0,"cards_transformed":["Strike_G"],"event_name":"Living Wall","player_choice":"Change","floor":4.0,"gold_loss":0.0,"damage_taken":0.0,"cards_obtained":["Concentrate"]}],"is_beta":false,"boss_relics":[],"items_purged_floors":[],"is_endless":false,"potions_floor_spawned":[1,10,13],"killed_by":"Slime Boss","ascension_level":20}}