{"host":"p4v0hquynnreu717","time":1613936994,"event":{"mods":["BaseMod","DeckTracker","Googly Eyes","Marisa£¨ìFÓê¡¡Ä§ÀíÉ³£©","Minty Spire (QoL Compilation)","MostiFishMod","Quick Restart","RumiaBox-Â¶Ã×æ«µÄÉñÃØºÐ×Ó","StSLib","SuperFastMode","[IsaacMod]ÒÔÈö¼âËþ","¡¾ÒÅÎï¿¨ÅÆ¡¿REMEMod"],"gold_per_floor":[119,44,44,44,62,102,47,97,121,228,153,153,192,235,235,235,235],"floor_reached":16,"language":"ZHS","playtime":753,"items_purged":["WitchOfGreed"],"score":248,"play_id":"8f2058ea-0472-46dc-b74a-193110f8b02f","local_time":"20210222034954","daily_mods":["SealedDeck","Heirloom","Flight"],"is_ascension_mode":true,"campfire_choices":[{"floor":12,"key":"REST"},{"data":"Perseverance","floor":15,"key":"SMITH"}],"circlet_count":0,"master_deck":["AscendersBane","Exhume","MentalFortress","MostiFishMod:Adaptation","EmptyBody","Crescendo","Acceleration","Perseverance+1","ShootingEcho","Crescendo","Adaptation","EscapeVelocity","SuperPerseids","Robbery","Singularity"],"relics":["PureWater","DaveBox","HushsDoor","REME_ComplimentaryCards","Leech","Nloth\u0027s Gift","PunchingBag","SynthV:TestCard","Golden Idol","BookOfRevelations","BelialBook","Tiny Chest","REME_HandOfSuture","Odd Mushroom"],"acts_visited":["Exordium"],"potions_floor_usage":[],"damage_taken":[{"damage":12.0,"enemies":"Small Slimes","floor":1.0,"turns":3.0},{"damage":8.0,"enemies":"2 Louse","floor":5.0,"turns":3.0},{"damage":35.0,"enemies":"3 Sentries","floor":6.0,"turns":7.0},{"damage":8.0,"enemies":"Lagavulin","floor":8.0,"turns":5.0},{"damage":16,"enemies":"3 Sentries","floor":10,"turns":7},{"damage":1,"enemies":"Gremlin Nob","floor":13,"turns":3},{"damage":24,"enemies":"The Mushroom Lair","floor":14,"turns":3},{"damage":0,"enemies":"Hexaghost","floor":16,"turns":5}],"seed_played":"-558606911011950096","potions_obtained":[{"floor":13,"key":"SteroidPotion"}],"is_trial":true,"path_per_floor":["M","?","?","?","M","E","$","E","T","E","$","R","E","?","R","B"],"character_chosen":"WATCHER","items_purchased":["WitchOfGreed"],"campfire_rested":1,"item_purchase_floors":[7],"current_hp_per_floor":[52,52,52,57,51,22,22,19,19,9,9,29,30,8,8,12,12],"gold":235,"neow_bonus":"","is_daily":false,"chose_seed":false,"campfire_upgraded":1,"win_rate":0.0,"timestamp":1613936994,"path_taken":["M","?","?","?","?","E","?","E","T","E","$","R","E","?","R","BOSS"],"items_purchased_type":["Card"],"build_version":"2020-12-22","purchased_purges":1,"victory":false,"max_hp_per_floor":[68,68,62,67,67,67,67,67,67,67,67,67,67,67,67,67,67],"card_choices":[{"not_picked":["Prostrate","GravityBeat","WitchLeyline"],"picked":"SKIP","floor":1.0},{"not_picked":["AsteroidBelt","PathToVictory","MostiFishMod:Nomercy","Indignation"],"picked":"EscapeVelocity","floor":5.0},{"not_picked":["SashWhip","MostiFishMod:Adaptation","MaximisePower","DC"],"picked":"SuperPerseids","floor":6.0},{"not_picked":["DarkMatter","Study","ForeignInfluence","OpenUniverse"],"picked":"Robbery","floor":8.0},{"not_picked":["CollectingQuirk","OpenUniverse","EmptyMind","WitchLeyline"],"picked":"Singularity","floor":10},{"not_picked":["ReachHeaven","EnergyRecoil","Swivel","AsteroidBelt","SporeBomb"],"picked":"SKIP","floor":13}],"player_experience":1169416,"relics_obtained":[{"floor":1.0,"key":"SynthV:TestCard"},{"floor":6.0,"key":"BookOfRevelations"},{"floor":8.0,"key":"BelialBook"},{"floor":10,"key":"Tiny Chest"},{"floor":13,"key":"REME_HandOfSuture"},{"floor":14,"key":"Odd Mushroom"}],"event_choices":[{"cards_removed":["ChargingUp"],"damage_healed":0.0,"max_hp_gain":0.0,"max_hp_loss":0.0,"gold_gain":0.0,"event_name":"The Cleric","player_choice":"Card Removal","floor":2.0,"gold_loss":75.0,"damage_taken":0.0},{"damage_healed":0.0,"max_hp_gain":0.0,"max_hp_loss":6.0,"gold_gain":0.0,"event_name":"Golden Idol","player_choice":"Lose Max HP","floor":3.0,"gold_loss":0.0,"damage_taken":0.0,"relics_obtained":["Golden Idol"]},{"damage_healed":0.0,"max_hp_gain":5.0,"max_hp_loss":0.0,"gold_gain":0.0,"event_name":"Big Fish","player_choice":"Donut","floor":4.0,"gold_loss":0.0,"damage_taken":0.0},{"damage_healed":0,"gold_gain":0,"player_choice":"Fought Mushrooms","damage_taken":0,"max_hp_gain":0,"max_hp_loss":0,"event_name":"Mushrooms","floor":14,"gold_loss":0}],"is_beta":false,"boss_relics":[],"items_purged_floors":[11],"is_endless":false,"potions_floor_spawned":[1,13],"killed_by":"Hexaghost","ascension_level":20}}