{"host":"hhzbni8mpocfnlw0","time":1613936879,"event":{"mods":["Aspiration","BaseMod","BetterRewards","Colored Map","Conspire","Custom Start","Downfall","Friendly Minions","Highlight Path","Hubris","Infinite Spire","Minty Spire (QoL Compilation)","Replay The Spire","StSLib","The Wild Card"],"gold_per_floor":[110,110,74,92,106,132,132,149,220,239,253,253,253,317,317,419,469,488,499,499,499],"floor_reached":20,"language":"ENG","playtime":1140,"items_purged":[],"score":176,"play_id":"5c02b895-7ab4-455f-9da8-10b93e29a29a","local_time":"20210221204759","is_ascension_mode":false,"campfire_choices":[{"floor":7,"key":"REST"},{"floor":12,"key":"REST"}],"circlet_count":0,"master_deck":["Strike_P+1","Strike_P","Strike_P","Strike_P","Defend_P","Defend_P","Defend_P","Defend_P","Eruption","FlurryOfBlows","WreathOfFlame","CrushJoints","CrushJoints","Evaluate","MentalFortress","Vengeance","SandsOfTime","Tantrum","Parasite","ReplayTheSpireMod:Splinters","hubris:DuctTapeCard","Replay:ManipulateFuture","DevaForm","Protect","Crescendo+1","SignatureMove"],"relics":["PureWater","NeowsBlessing","Simple Rune","hubris:DeckOfHolding","hubris:DuctTape","Tiny House"],"acts_visited":["Exordium","TheCity"],"potions_floor_usage":[6,16,16,19,20],"damage_taken":[{"damage":0,"enemies":"2 Louse","floor":1,"turns":1},{"damage":0,"enemies":"Cultist","floor":4,"turns":1},{"damage":0,"enemies":"infinitespire:Voidling","floor":5,"turns":1},{"damage":68,"enemies":"Gremlin Nob","floor":6,"turns":6},{"damage":0,"enemies":"2 Fungi Beasts","floor":8,"turns":2},{"damage":2,"enemies":"Large Slime","floor":10,"turns":4},{"damage":2,"enemies":"3 Louse","floor":11,"turns":3},{"damage":4,"enemies":"Slime Boss","floor":16,"turns":6},{"damage":5,"enemies":"Chosen","floor":18,"turns":4},{"damage":62,"enemies":"2 Thieves","floor":19,"turns":3},{"damage":11,"enemies":"Centurion and Healer","floor":20,"turns":3}],"seed_played":"-2265747968254415483","potions_obtained":[{"floor":1,"key":"sneckomod:MuddlingPotion"},{"floor":4,"key":"Venom Potion"},{"floor":8,"key":"Strength Potion"},{"floor":11,"key":"Energy Potion"},{"floor":17,"key":"Dexterity Potion"},{"floor":19,"key":"SpeedPotion"}],"is_trial":false,"path_per_floor":["M","?","$","M","M","E","R","M","T","M","M","R","?","?","R_BF","B",null,"M","M","M"],"character_chosen":"WATCHER","items_purchased":["CrushJoints"],"campfire_rested":2,"item_purchase_floors":[3],"current_hp_per_floor":[72,72,72,72,72,4,25,25,25,23,21,42,60,60,60,56,77,72,10,0,0],"gold":499,"neow_bonus":"THREE_ENEMY_KILL","is_daily":false,"chose_seed":false,"campfire_upgraded":0,"win_rate":0.0,"timestamp":1613936879,"path_taken":["M","?","$","?","?","E","R","M","T","M","M","R","?","?","R_BF","BOSS","M","M","M"],"items_purchased_type":["Card"],"build_version":"2020-12-22","purchased_purges":0,"victory":false,"max_hp_per_floor":[72,72,72,72,72,72,72,72,72,72,72,72,72,72,72,72,77,77,77,77,77],"card_choices":[{"not_picked":["JustLucky","Prostrate"],"picked":"FlurryOfBlows","floor":1},{"not_picked":["Replay:BluntJabs","CutThroughFate"],"picked":"Evaluate","floor":4},{"not_picked":["Conclude","WaveOfTheHand"],"picked":"MentalFortress","floor":5},{"not_picked":["FlurryOfBlows","Replay:Anticipation"],"picked":"Vengeance","floor":6},{"not_picked":["CrushJoints","Weave"],"picked":"Prostrate","floor":8},{"not_picked":["ThirdEye","FollowUp"],"picked":"SandsOfTime","floor":10},{"not_picked":["Prostrate","PathToVictory"],"picked":"Tantrum","floor":11},{"not_picked":["Wallop","BattleHymn"],"picked":"Replay:ManipulateFuture","floor":14},{"not_picked":["MasterReality","ConjureBlade"],"picked":"DevaForm","floor":16},{"not_picked":["PathToVictory","Meditate"],"picked":"Protect","floor":17},{"not_picked":["PathToVictory","LikeWater+1"],"picked":"Crescendo+1","floor":18},{"not_picked":["Evaluate","PathToVictory"],"picked":"SignatureMove","floor":19}],"player_experience":214397,"relics_obtained":[{"floor":6,"key":"Simple Rune"},{"floor":9,"key":"hubris:DeckOfHolding"},{"floor":14,"key":"hubris:DuctTape"}],"event_choices":[{"damage_healed":0,"gold_gain":0,"player_choice":"1 cards matched","damage_taken":0,"max_hp_gain":0,"max_hp_loss":0,"event_name":"Match and Keep!","floor":2,"gold_loss":0,"cards_obtained":["WreathOfFlame"]},{"damage_healed":18,"gold_gain":0,"player_choice":"Healed and dodged fight","damage_taken":0,"max_hp_gain":0,"max_hp_loss":0,"event_name":"Mushrooms","floor":13,"gold_loss":0,"cards_obtained":["Parasite"]},{"damage_healed":0,"gold_gain":0,"player_choice":"Bought 0 Potions","damage_taken":0,"max_hp_gain":0,"max_hp_loss":0,"event_name":"The Woman in Blue","floor":15,"gold_loss":0}],"is_beta":false,"boss_relics":[{"not_picked":["Empty Cage","Philosopher\u0027s Stone"],"picked":"Tiny House"}],"items_purged_floors":[],"is_endless":false,"potions_floor_spawned":[1,4,8,11,19],"killed_by":"Centurion and Healer","ascension_level":0}}