{"host":"l3lzhw5qete3bz2v","time":1613879198,"event":{"mods":["BaseMod","Colored Map","Colored Powertips","Minty Spire (QoL Compilation)","StSLib","SuperFastMode"],"gold_per_floor":[99,59,59,59,59,59,59,59,59,59,59,59,59,59,59,59,59,59,59,59,59,59,59,59,59,59,59,59,59,59,59,59,59,59,59,59,59,59,59,59,59,59,59,59,59,59,59,59,59,59],"floor_reached":51,"language":"JPN","playtime":3106,"items_purged":[],"score":1048,"play_id":"4b9502a6-5aa4-4643-8883-deae89585250","local_time":"20210221124638","is_ascension_mode":true,"campfire_choices":[{"data":"FlyingSleeves","floor":7.0,"key":"SMITH"},{"data":"Vigilance","floor":11.0,"key":"SMITH"},{"floor":15.0,"key":"REST"},{"data":"Alpha","floor":23.0,"key":"SMITH"},{"floor":25.0,"key":"REST"},{"data":"Omniscience","floor":27.0,"key":"SMITH"},{"data":"Worship","floor":32.0,"key":"SMITH"},{"data":"SpiritShield","floor":40.0,"key":"SMITH"},{"data":"MentalFortress","floor":46,"key":"SMITH"},{"floor":49,"key":"REST"}],"circlet_count":0,"master_deck":["Strike_P+1","Defend_P+1","Defend_P+1","Defend_P+1","Defend_P+1","Eruption","Vigilance+1","ThirdEye","Swivel","Adaptation","FlyingSleeves+1","SignatureMove+1","Alpha+1","EmptyBody+1","MentalFortress+1","Wallop","Indignation","InnerPeace","Omniscience+1","Wireheading+1","Protect","Worship+1","SpiritShield+1","DeceiveReality","EmptyMind+1","Wallop+1","Meditate"],"relics":["Ectoplasm","Happy Flower","CloakClasp","Ancient Tea Set","TeardropLocket","White Beast Statue","Empty Cage","Red Mask","Dream Catcher","Art of War","StrikeDummy","Mango","SacredBark","Blood Vial","Ornamental Fan","Meat on the Bone","Boot","Turnip"],"acts_visited":["Exordium","TheCity","TheBeyond"],"potions_floor_usage":[41,42,50,50,50],"damage_taken":[{"damage":0.0,"enemies":"Jaw Worm","floor":1.0,"turns":5.0},{"damage":0.0,"enemies":"Cultist","floor":3.0,"turns":4.0},{"damage":0.0,"enemies":"2 Louse","floor":5.0,"turns":3.0},{"damage":7.0,"enemies":"3 Sentries","floor":6.0,"turns":9.0},{"damage":12.0,"enemies":"Lagavulin","floor":8.0,"turns":6.0},{"damage":0.0,"enemies":"Lots of Slimes","floor":12.0,"turns":3.0},{"damage":3.0,"enemies":"Gremlin Gang","floor":13.0,"turns":3.0},{"damage":8.0,"enemies":"3 Sentries","floor":14.0,"turns":5.0},{"damage":14.0,"enemies":"The Guardian","floor":16.0,"turns":6.0},{"damage":0.0,"enemies":"Shell Parasite","floor":18.0,"turns":3.0},{"damage":0.0,"enemies":"Spheric Guardian","floor":19.0,"turns":3.0},{"damage":6.0,"enemies":"Cultist and Chosen","floor":20.0,"turns":6.0},{"damage":12.0,"enemies":"Masked Bandits","floor":21.0,"turns":3.0},{"damage":0.0,"enemies":"Snecko","floor":22.0,"turns":4.0},{"damage":20.0,"enemies":"Book of Stabbing","floor":24.0,"turns":5.0},{"damage":0.0,"enemies":"Sentry and Sphere","floor":28.0,"turns":4.0},{"damage":13.0,"enemies":"Gremlin Leader","floor":31.0,"turns":3.0},{"damage":12.0,"enemies":"Collector","floor":33.0,"turns":6.0},{"damage":10.0,"enemies":"Orb Walker","floor":35.0,"turns":3.0},{"damage":0.0,"enemies":"3 Shapes","floor":38.0,"turns":3.0},{"damage":1,"enemies":"Giant Head","floor":41,"turns":7},{"damage":0,"enemies":"Sphere and 2 Shapes","floor":42,"turns":2},{"damage":5,"enemies":"Nemesis","floor":45,"turns":5},{"damage":17,"enemies":"Transient","floor":47,"turns":5},{"damage":7,"enemies":"Giant Head","floor":48,"turns":8},{"damage":3,"enemies":"Time Eater","floor":50,"turns":8}],"seed_played":"1539362765525981730","potions_obtained":[{"floor":2.0,"key":"PowerPotion"},{"floor":2.0,"key":"Strength Potion"},{"floor":2.0,"key":"LiquidMemories"},{"floor":12.0,"key":"SkillPotion"},{"floor":16.0,"key":"PowerPotion"},{"floor":19.0,"key":"Ancient Potion"},{"floor":20.0,"key":"LiquidMemories"},{"floor":21.0,"key":"SpeedPotion"},{"floor":22.0,"key":"Swift Potion"},{"floor":31.0,"key":"Ancient Potion"},{"floor":38.0,"key":"Swift Potion"},{"floor":41,"key":"Regen Potion"},{"floor":42,"key":"Dexterity Potion"}],"is_trial":false,"path_per_floor":["M","?","M","?","M","E","R","E","T","?","R","M","M","E","R","B",null,"M","M","M","?","M","R","E","R","T","R","M","T","?","E","R","B",null,"M","?","?","M","T","R","E","M","T","?","E","R","M","E","R","B",null],"character_chosen":"WATCHER","items_purchased":[],"campfire_rested":3,"item_purchase_floors":[],"current_hp_per_floor":[65,65,65,58,58,51,51,39,39,39,39,39,36,28,49,35,63,63,63,57,45,45,45,25,46,46,46,46,46,46,47,47,35,73,63,63,63,63,63,63,64,82,82,82,77,77,62,57,81,79],"gold":59,"neow_bonus":"BOSS_RELIC","is_daily":false,"chose_seed":false,"campfire_upgraded":7,"win_rate":0.0,"timestamp":1613879198,"path_taken":["M","?","?","?","M","E","R","E","T","?","R","M","M","E","R","BOSS","M","?","?","?","M","R","E","R","T","R","M","?","?","E","R","BOSS","M","?","?","?","?","R","E","?","T","?","E","R","M","E","R","BOSS"],"items_purchased_type":[],"build_version":"2020-12-22","purchased_purges":0,"victory":true,"max_hp_per_floor":[72,72,72,72,72,72,72,72,72,72,72,72,72,72,72,72,72,72,72,72,72,72,72,72,72,72,72,72,72,72,86,86,86,86,86,82,82,82,82,82,82,82,82,82,82,82,82,82,82,82],"card_choices":[{"not_picked":["WindmillStrike","Sanctity"],"picked":"ThirdEye","floor":1.0},{"not_picked":["Prostrate","EmptyBody"],"picked":"Swivel","floor":3.0},{"not_picked":["SashWhip","ClearTheMind"],"picked":"Adaptation","floor":5.0},{"not_picked":["Worship","Adaptation"],"picked":"FlyingSleeves","floor":6.0},{"not_picked":["ClearTheMind","Prostrate"],"picked":"SignatureMove","floor":8.0},{"not_picked":["FlyingSleeves","SashWhip","JustLucky"],"picked":"SKIP","floor":12.0},{"not_picked":["Evaluate","Consecrate","SashWhip"],"picked":"SKIP","floor":13.0},{"not_picked":["Crescendo","WheelKick","BowlingBash"],"picked":"SKIP","floor":14.0},{"not_picked":["Brilliance","DeusExMachina"],"picked":"Alpha","floor":16.0},{"not_picked":["FlyingSleeves","Crescendo"],"picked":"EmptyBody+1","floor":18.0},{"not_picked":["ThirdEye+1","LikeWater"],"picked":"MentalFortress","floor":19.0},{"not_picked":["Crescendo","Consecrate"],"picked":"Wallop","floor":20.0},{"not_picked":["Crescendo","Collect"],"picked":"Indignation","floor":21.0},{"not_picked":["FollowUp+1","SandsOfTime"],"picked":"InnerPeace","floor":22.0},{"not_picked":["Vengeance","Consecrate"],"picked":"Omniscience","floor":24.0},{"not_picked":["FollowUp","PathToVictory"],"picked":"Wireheading+1","floor":25.0},{"not_picked":["FlurryOfBlows","JustLucky"],"picked":"Protect","floor":28.0},{"not_picked":["ForeignInfluence","FlurryOfBlows"],"picked":"Worship","floor":31.0},{"not_picked":["MasterReality","ConjureBlade"],"picked":"SpiritShield","floor":33.0},{"not_picked":["EmptyFist","JustLucky+1","Consecrate"],"picked":"SKIP","floor":35.0},{"not_picked":["Sanctity","BattleHymn+1"],"picked":"EmptyMind+1","floor":38.0},{"not_picked":["Weave","CrushJoints"],"picked":"Wallop+1","floor":41},{"not_picked":["CarveReality","Evaluate","Sanctity"],"picked":"SKIP","floor":42},{"not_picked":["Consecrate+1","Alpha","Pray+1"],"picked":"SKIP","floor":45},{"not_picked":["MentalFortress+1","Consecrate"],"picked":"Meditate","floor":47},{"not_picked":["BowlingBash","BattleHymn+1","Worship"],"picked":"SKIP","floor":48}],"player_experience":133048,"relics_obtained":[{"floor":6.0,"key":"CloakClasp"},{"floor":8.0,"key":"Ancient Tea Set"},{"floor":9.0,"key":"TeardropLocket"},{"floor":14.0,"key":"White Beast Statue"},{"floor":21.0,"key":"Red Mask"},{"floor":24.0,"key":"Dream Catcher"},{"floor":26.0,"key":"Art of War"},{"floor":29.0,"key":"StrikeDummy"},{"floor":31.0,"key":"Mango"},{"floor":39.0,"key":"Blood Vial"},{"floor":41,"key":"Ornamental Fan"},{"floor":43,"key":"Meat on the Bone"},{"floor":45,"key":"Boot"},{"floor":48,"key":"Turnip"}],"event_choices":[{"damage_healed":0.0,"max_hp_gain":0.0,"max_hp_loss":0.0,"gold_gain":0.0,"event_name":"The Woman in Blue","player_choice":"Bought 3 Potions","floor":2.0,"gold_loss":0.0,"damage_taken":0.0},{"damage_healed":0.0,"max_hp_gain":0.0,"max_hp_loss":0.0,"gold_gain":0.0,"event_name":"Scrap Ooze","player_choice":"Success","floor":4.0,"gold_loss":0.0,"damage_taken":7.0,"relics_obtained":["Happy Flower"]},{"damage_healed":0.0,"max_hp_gain":0.0,"max_hp_loss":0.0,"gold_gain":0.0,"event_name":"Upgrade Shrine","player_choice":"Upgraded","floor":10.0,"gold_loss":0.0,"damage_taken":0.0,"cards_upgraded":["SignatureMove"]},{"damage_healed":0.0,"max_hp_gain":0.0,"max_hp_loss":0.0,"gold_gain":0.0,"event_name":"Masked Bandits","player_choice":"Fought Bandits","floor":21.0,"gold_loss":0.0,"damage_taken":0.0},{"damage_healed":0.0,"max_hp_gain":0.0,"max_hp_loss":0.0,"gold_gain":0.0,"event_name":"Back to Basics","player_choice":"Simplicity","floor":30.0,"gold_loss":0.0,"damage_taken":0.0,"cards_upgraded":["Strike_P","Strike_P","Defend_P","Defend_P","Defend_P","Defend_P"]},{"damage_healed":0.0,"max_hp_gain":0.0,"max_hp_loss":4.0,"gold_gain":0.0,"event_name":"Winding Halls","player_choice":"Max HP","floor":36.0,"gold_loss":0.0,"damage_taken":0.0},{"damage_healed":0.0,"max_hp_gain":0.0,"max_hp_loss":0.0,"gold_gain":0.0,"cards_transformed":["Strike_P"],"event_name":"Transmorgrifier","player_choice":"Transformed","floor":37.0,"gold_loss":0.0,"damage_taken":0.0,"cards_obtained":["DeceiveReality"]},{"damage_healed":0,"gold_gain":222,"player_choice":"Wore Mask","damage_taken":0,"max_hp_gain":0,"max_hp_loss":0,"event_name":"Tomb of Lord Red Mask","floor":44,"gold_loss":0}],"is_beta":false,"boss_relics":[{"not_picked":["SlaversCollar","Fusion Hammer"],"picked":"Empty Cage"},{"not_picked":["Pandora\u0027s Box","Astrolabe"],"picked":"SacredBark"}],"items_purged_floors":[],"is_endless":false,"potions_floor_spawned":[3,5,12,16,18,19,20,21,22,24,28,31,33,35,38,41,42,45,47,48],"ascension_level":6}}