{"host":"x205naxbihvu3p76","time":1613918841,"event":{"mods":["AchievementEnabler","BaseMod","Minty Spire (QoL Compilation)","StSLib","SuperFastMode"],"gold_per_floor":[109,109,34,34,34,34,64,64,64,96,120,148,161,80,80,80,80],"floor_reached":16,"language":"KOR","playtime":253,"items_purged":["Strike_R"],"score":320,"play_id":"cd06b74b-93ce-4505-a746-a5a92a321688","local_time":"20210221234721","is_ascension_mode":true,"campfire_choices":[{"floor":6,"key":"REST"},{"floor":8,"key":"REST"},{"data":"Body Slam","floor":15,"key":"SMITH"}],"circlet_count":0,"master_deck":["AscendersBane","Strike_R","Strike_R+1","Strike_R+1","Defend_R","Defend_R","Defend_R","Defend_R","Bash","Perfected Strike","Pommel Strike","Second Wind","Body Slam+1","Shrug It Off","Evolve"],"relics":["Burning Blood","NeowsBlessing","Smiling Mask","MealTicket","Pantograph","Darkstone Periapt","Odd Mushroom","Mango"],"acts_visited":["Exordium"],"potions_floor_usage":[12,16],"damage_taken":[{"damage":0,"enemies":"Jaw Worm","floor":1,"turns":1},{"damage":0,"enemies":"Gremlin Nob","floor":7,"turns":1},{"damage":0,"enemies":"3 Sentries","floor":10,"turns":1},{"damage":32,"enemies":"The Mushroom Lair","floor":11,"turns":5},{"damage":39,"enemies":"Gremlin Nob","floor":12,"turns":5},{"damage":9,"enemies":"Small Slimes","floor":13,"turns":4},{"damage":65,"enemies":"The Guardian","floor":16,"turns":12}],"seed_played":"8645447744531267013","potions_obtained":[{"floor":1,"key":"EssenceOfSteel"},{"floor":11,"key":"SpeedPotion"},{"floor":12,"key":"HeartOfIron"}],"is_trial":false,"path_per_floor":["M","?","$","?","?","R","E","R","T","E","?","E","M","$","R","B"],"character_chosen":"IRONCLAD","items_purchased":["Evolve"],"campfire_rested":2,"item_purchase_floors":[14],"current_hp_per_floor":[74,51,51,51,16,38,44,66,66,72,46,27,24,39,39,0,0],"gold":80,"neow_bonus":"THREE_ENEMY_KILL","is_daily":false,"chose_seed":false,"campfire_upgraded":1,"win_rate":0.0,"timestamp":1613918841,"path_taken":["M","?","$","?","?","R","E","R","T","E","?","E","M","$","R","BOSS"],"items_purchased_type":["Card"],"build_version":"2020-12-22","purchased_purges":1,"victory":false,"max_hp_per_floor":[75,75,75,75,75,75,75,75,75,75,75,89,89,89,89,89,89],"card_choices":[{"not_picked":["Metallicize","Warcry","Flex"],"picked":"SKIP","floor":1},{"not_picked":["Wild Strike","Heavy Blade"],"picked":"Pommel Strike","floor":7},{"not_picked":["Havoc","Inflame"],"picked":"Second Wind","floor":10},{"not_picked":["Sword Boomerang","Metallicize"],"picked":"Body Slam","floor":11},{"not_picked":["Body Slam","Sword Boomerang"],"picked":"Shrug It Off","floor":12},{"not_picked":["Clothesline","Anger","Pommel Strike"],"picked":"SKIP","floor":13}],"player_experience":1036879,"relics_obtained":[{"floor":7,"key":"MealTicket"},{"floor":9,"key":"Pantograph"},{"floor":10,"key":"Darkstone Periapt"},{"floor":11,"key":"Odd Mushroom"},{"floor":12,"key":"Mango"}],"event_choices":[{"damage_healed":0,"gold_gain":0,"player_choice":"Entered Light","damage_taken":23,"max_hp_gain":0,"max_hp_loss":0,"event_name":"Shining Light","floor":2,"gold_loss":0,"cards_upgraded":["Strike_R","Strike_R"]},{"damage_healed":0,"gold_gain":0,"cards_transformed":["Strike_R"],"player_choice":"Change","damage_taken":0,"max_hp_gain":0,"max_hp_loss":0,"event_name":"Living Wall","floor":4,"gold_loss":0,"cards_obtained":["Perfected Strike"]},{"damage_healed":0,"gold_gain":0,"player_choice":"Success","damage_taken":35,"relics_obtained":["Smiling Mask"],"max_hp_gain":0,"max_hp_loss":0,"event_name":"Scrap Ooze","floor":5,"gold_loss":0},{"damage_healed":0,"gold_gain":0,"player_choice":"Fought Mushrooms","damage_taken":0,"max_hp_gain":0,"max_hp_loss":0,"event_name":"Mushrooms","floor":11,"gold_loss":0}],"is_beta":false,"boss_relics":[],"items_purged_floors":[3],"is_endless":false,"potions_floor_spawned":[1,11,12,13],"killed_by":"The Guardian","ascension_level":19}}