{"host":"sim2kxx81cjsn49b","time":1613897723,"event":{"mods":["BaseMod","Energized Spire","Minty Spire (QoL Compilation)","Spicy Shops","StSLib","TestMod","【遗物卡牌】REMEMod"],"gold_per_floor":[119,44,44,44,444,469,469,484,484,517,517,552,452,467,467,541,541,553,553,553,47,63,63,94,94,94,94,121,139,150,168,168,239,239,252,252,252,252,252,252,13,13,13,24,24,41,67,67,67,67,67,67,67,67,92,92],"floor_reached":57,"language":"ZHS","playtime":1475,"items_purged":["Strike_R","Strike_R","Searing Blow"],"score":3189,"play_id":"a5886eba-028f-4c33-83c4-46082fcf64fb","local_time":"20210221165523","is_ascension_mode":true,"campfire_choices":[{"data":"Immolate","floor":7.0,"key":"SMITH"},{"data":"Feel No Pain","floor":15.0,"key":"SMITH"},{"data":"Whirlwind","floor":23.0,"key":"SMITH"},{"data":"Battle Trance","floor":32.0,"key":"SMITH"},{"floor":40,"key":"RECALL"},{"data":"Limit Break","floor":42,"key":"SMITH"},{"data":"Burning Pact","floor":45,"key":"SMITH"},{"data":"REME_Scribble","floor":49,"key":"SMITH"},{"data":"Shrug It Off","floor":53,"key":"SMITH"}],"circlet_count":0,"master_deck":["AscendersBane","Immolate+1","Shrug It Off+1","Battle Trance+1","Feel No Pain+1","REME_Scribble+1","Intimidate","Whirlwind+1","REME_FearOfPain+1","Power Through","Feel No Pain+1","Limit Break+1","Shrug It Off","Feed+1","Doubt","Burning Pact+1","Body Slam+1"],"relics":["Burning Blood","testmod-TestBox","testmod-Brilliant","testmod-Nyarlathotep","testmod-TurbochargingSystem","Lantern","Bronze Scales","Akabeko","Runic Pyramid","TheAbacus","ClockworkSouvenir","Vajra","REME_HourglassOfDeath","Frozen Egg 2","Unceasing Top","energizedSpire:DeadBattery","REME_LimitBreaker","Nunchaku","Centennial Puzzle"],"acts_visited":["Exordium","TheCity","TheBeyond","TheEnding"],"potions_floor_usage":[55,55],"damage_taken":[{"damage":0.0,"enemies":"Small Slimes","floor":1.0,"turns":1.0},{"damage":5.0,"enemies":"3 Sentries","floor":6.0,"turns":2.0},{"damage":0.0,"enemies":"2 Louse","floor":8.0,"turns":1.0},{"damage":0.0,"enemies":"Gremlin Nob","floor":10.0,"turns":2.0},{"damage":0.0,"enemies":"3 Sentries","floor":12.0,"turns":1.0},{"damage":0.0,"enemies":"Jaw Worm","floor":14.0,"turns":1.0},{"damage":0.0,"enemies":"Slime Boss","floor":16.0,"turns":3.0},{"damage":0.0,"enemies":"Spheric Guardian","floor":18.0,"turns":3.0},{"damage":23.0,"enemies":"Shell Parasite","floor":22.0,"turns":2.0},{"damage":0.0,"enemies":"Slavers","floor":24.0,"turns":1.0},{"damage":2.0,"enemies":"Gremlin Leader","floor":28.0,"turns":3.0},{"damage":2.0,"enemies":"Cultist and Chosen","floor":29.0,"turns":2.0},{"damage":2.0,"enemies":"Snecko","floor":30.0,"turns":2.0},{"damage":2.0,"enemies":"Sentry and Sphere","floor":31.0,"turns":1.0},{"damage":17.0,"enemies":"Champ","floor":33.0,"turns":11.0},{"damage":2,"enemies":"3 Shapes","floor":35,"turns":2},{"damage":2,"enemies":"Orb Walker","floor":44,"turns":3},{"damage":2,"enemies":"Spire Growth","floor":46,"turns":12},{"damage":25,"enemies":"Nemesis","floor":47,"turns":6},{"damage":3,"enemies":"Awakened One","floor":50,"turns":7},{"damage":11,"enemies":"Time Eater","floor":51,"turns":9},{"damage":3,"enemies":"Shield and Spear","floor":55,"turns":3},{"damage":14,"enemies":"The Heart","floor":56,"turns":7}],"seed_played":"5411956540303290940","potions_obtained":[{"floor":12.0,"key":"Fire Potion"},{"floor":14.0,"key":"EssenceOfSteel"},{"floor":18.0,"key":"ElixirPotion"},{"floor":29.0,"key":"DistilledChaos"}],"is_trial":false,"path_per_floor":["M","$","?","?","?","E","R","M","T","E","?","E","$","M","R","B",null,"M","?","?","$","M","R","E","$","T","?","E","M","M","M","R","B",null,"M","?","?","?","?","R","$","R","T","M","R","M","E","?","R","B","B",null,"R","$","E","B",null],"character_chosen":"IRONCLAD","items_purchased":["TheAbacus","ClockworkSouvenir","Vajra","REME_LimitBreaker"],"campfire_rested":0,"item_purchase_floors":[21,21,21,41],"current_hp_per_floor":[56,56,56,49,49,50,50,56,56,62,62,68,68,74,74,75,75,75,75,75,75,60,60,66,66,66,66,72,78,83,85,85,76,84,89,89,89,89,89,89,89,89,89,95,95,101,88,88,88,98,100,112,112,112,118,113],"gold":92,"neow_bonus":"ONE_RARE_RELIC","is_daily":false,"chose_seed":false,"campfire_upgraded":8,"win_rate":0.0,"timestamp":1613897723,"path_taken":["M","$","?","?","?","E","R","M","T","E","?","E","?","M","R","BOSS","M","?","?","?","M","R","E","$","T","?","E","M","M","M","R","BOSS","M","?","?","?","?","R","$","R","T","M","R","?","E","?","R","BOSS","BOSS","R","$","E","BOSS"],"items_purchased_type":["Relic","Relic","Relic","Relic"],"build_version":"2020-12-22","purchased_purges":3,"victory":true,"max_hp_per_floor":[75,75,75,75,75,75,75,75,75,75,75,75,75,75,75,75,75,75,75,75,75,77,77,77,77,77,77,79,81,83,85,85,87,87,89,89,89,89,89,89,89,89,89,95,95,101,107,102,102,109,116,116,116,116,119,122],"card_choices":[{"not_picked":["REME_SingleHolding","Headbutt","Warcry"],"picked":"SKIP","floor":1.0},{"not_picked":["Uppercut","Sword Boomerang","Cleave"],"picked":"SKIP","floor":6.0},{"not_picked":["Sword Boomerang","Cleave","Combust"],"picked":"SKIP","floor":8.0},{"not_picked":["Wild Strike","Rampage","Havoc"],"picked":"SKIP","floor":10.0},{"not_picked":["Shrug It Off","Perfected Strike"],"picked":"Battle Trance","floor":12.0},{"not_picked":["Headbutt","Shrug It Off"],"picked":"Feel No Pain","floor":14.0},{"not_picked":["Headbutt","Clothesline","Clash"],"picked":"SKIP","floor":18.0},{"not_picked":["REME_Scribble","Perfected Strike"],"picked":"REME_FearOfPain+1","floor":22.0},{"not_picked":["Heavy Blade","Anger","Demon Form"],"picked":"SKIP","floor":24.0},{"not_picked":["Metallicize+1","Heavy Blade","Shrug It Off"],"picked":"SKIP","floor":28.0},{"not_picked":["Perfected Strike","REME_Cut+1"],"picked":"Power Through","floor":29.0},{"not_picked":["Iron Wave+1","Anger"],"picked":"Feel No Pain+1","floor":30.0},{"not_picked":["Reckless Charge","Dropkick+1","Headbutt"],"picked":"SKIP","floor":31.0},{"not_picked":["Reaper","Fiend Fire"],"picked":"Limit Break","floor":33.0},{"not_picked":["Headbutt+1","Perfected Strike+1","Sword Boomerang"],"picked":"SKIP","floor":35},{"not_picked":["Anger+1","Clothesline+1"],"picked":"Burning Pact","floor":44},{"not_picked":["Wild Strike","Exhume","True Grit"],"picked":"SKIP","floor":46},{"not_picked":["Power Through+1","Hemokinesis","Headbutt"],"picked":"SKIP","floor":47},{"not_picked":["Anger","Metallicize+1"],"picked":"Body Slam+1","floor":55}],"player_experience":619865,"relics_obtained":[{"floor":6.0,"key":"testmod-TurbochargingSystem"},{"floor":9.0,"key":"Lantern"},{"floor":10.0,"key":"Bronze Scales"},{"floor":12.0,"key":"Akabeko"},{"floor":24.0,"key":"REME_HourglassOfDeath"},{"floor":26.0,"key":"Frozen Egg 2"},{"floor":28.0,"key":"Unceasing Top"},{"floor":47,"key":"Nunchaku"},{"floor":55,"key":"Centennial Puzzle"}],"event_choices":[{"damage_healed":0.0,"max_hp_gain":0.0,"max_hp_loss":0.0,"gold_gain":0.0,"event_name":"Liars Game","player_choice":"Ignored","floor":3.0,"gold_loss":0.0,"damage_taken":0.0},{"cards_removed":["Strike_R"],"damage_healed":0.0,"max_hp_gain":0.0,"max_hp_loss":0.0,"gold_gain":0.0,"event_name":"Golden Wing","player_choice":"Card Removal","floor":4.0,"gold_loss":0.0,"damage_taken":7.0},{"damage_healed":0.0,"max_hp_gain":0.0,"max_hp_loss":0.0,"gold_gain":400.0,"event_name":"恩洛斯的盘子","player_choice":"Sell","floor":5.0,"relics_lost":["REME_ComplimentaryCards"],"gold_loss":0.0,"damage_taken":0.0},{"damage_healed":0.0,"max_hp_gain":0.0,"max_hp_loss":0.0,"gold_gain":0.0,"cards_transformed":["Strike_R"],"event_name":"Living Wall","player_choice":"Change","floor":11.0,"gold_loss":0.0,"damage_taken":0.0,"cards_obtained":["Shrug It Off"]},{"damage_healed":0.0,"max_hp_gain":0.0,"max_hp_loss":0.0,"gold_gain":0.0,"cards_transformed":["Strike_R","Defend_R"],"event_name":"Drug Dealer","player_choice":"Became Test Subject","floor":19.0,"gold_loss":0.0,"damage_taken":0.0,"cards_obtained":["REME_Scribble","Intimidate"]},{"damage_healed":0.0,"max_hp_gain":0.0,"max_hp_loss":0.0,"gold_gain":0.0,"event_name":"The Library","player_choice":"Read","floor":20.0,"gold_loss":0.0,"damage_taken":0.0,"cards_obtained":["Whirlwind"]},{"damage_healed":0.0,"max_hp_gain":0.0,"max_hp_loss":0.0,"gold_gain":0.0,"event_name":"Ghosts","player_choice":"Ignored","floor":27.0,"gold_loss":0.0,"damage_taken":0.0},{"cards_removed":["Bash"],"damage_healed":0,"gold_gain":0,"player_choice":"Removed Attack","damage_taken":0,"max_hp_gain":0,"max_hp_loss":0,"event_name":"Falling","floor":36,"gold_loss":0},{"damage_healed":0,"gold_gain":0,"player_choice":"Swap Relic","damage_taken":0,"relics_obtained":["Pandora\u0027s Box"],"max_hp_gain":0,"max_hp_loss":0,"event_name":"给自己的盒子","floor":37,"relics_lost":["Pandora\u0027s Box"],"gold_loss":0},{"damage_healed":0,"gold_gain":0,"player_choice":"Ignored","damage_taken":0,"max_hp_gain":0,"max_hp_loss":0,"event_name":"Tomb of Lord Red Mask","floor":38,"gold_loss":0},{"damage_healed":0,"gold_gain":0,"player_choice":"Upgraded","damage_taken":0,"max_hp_gain":0,"max_hp_loss":0,"event_name":"Upgrade Shrine","floor":39,"gold_loss":0,"cards_upgraded":["Feed"]},{"damage_healed":0,"gold_gain":0,"player_choice":"Max HP","damage_taken":0,"max_hp_gain":0,"max_hp_loss":5,"event_name":"Winding Halls","floor":48,"gold_loss":0}],"is_beta":false,"boss_relics":[{"not_picked":["Sozu","testmod-DreamHouse"],"picked":"Runic Pyramid"},{"not_picked":["Busted Crown","Calling Bell"],"picked":"energizedSpire:DeadBattery"}],"items_purged_floors":[2,13,41],"is_endless":false,"potions_floor_spawned":[12,14,18,29,30,33,35,46,47],"ascension_level":20}}