{"host":"1nniobf0g4s2td4e","time":1613947966,"event":{"mods":["2.2 Compatiblity","BaseMod","Minty Spire (QoL Compilation)","StSLib","SuperFastMode"],"gold_per_floor":[99,99,99,99,69,69,69,69,69,69,69,69,69,69,69,69,69],"floor_reached":16,"language":"ENG","playtime":409,"items_purged":[],"score":116,"play_id":"91ccce6b-1fcf-465f-a724-e2faca0f9f7f","local_time":"20210221165246","is_ascension_mode":false,"campfire_choices":[{"data":"Infernal Blade","floor":6,"key":"SMITH"},{"data":"Whirlwind","floor":13,"key":"SMITH"},{"floor":15,"key":"REST"}],"circlet_count":0,"master_deck":["Strike_R","Strike_R","Strike_R","Strike_R","Strike_R","Defend_R","Defend_R","Defend_R","Defend_R","Bash","Twin Strike","Infernal Blade+1","Whirlwind+1","Iron Wave","Thunderclap","Warcry","Fire Breathing","Pommel Strike","Seeing Red"],"relics":["Ectoplasm","Pear","Tiny Chest","Gremlin Horn","Darkstone Periapt"],"acts_visited":["Exordium"],"potions_floor_usage":[],"damage_taken":[{"damage":8,"enemies":"Jaw Worm","floor":1,"turns":3},{"damage":6,"enemies":"Cultist","floor":2,"turns":3},{"damage":0,"enemies":"2 Louse","floor":4,"turns":2},{"damage":5,"enemies":"Looter","floor":5,"turns":3},{"damage":1,"enemies":"Large Slime","floor":7,"turns":3},{"damage":17,"enemies":"3 Sentries","floor":8,"turns":5},{"damage":0,"enemies":"3 Louse","floor":10,"turns":1},{"damage":7,"enemies":"Blue Slaver","floor":11,"turns":2},{"damage":31,"enemies":"Lagavulin","floor":12,"turns":7},{"damage":2,"enemies":"2 Fungi Beasts","floor":14,"turns":2},{"damage":7,"enemies":"The Guardian","floor":16,"turns":3}],"seed_played":"-2955852200571970933","potions_obtained":[{"floor":1,"key":"SpeedPotion"},{"floor":4,"key":"Regen Potion"},{"floor":5,"key":"SteroidPotion"},{"floor":12,"key":"PowerPotion"}],"is_trial":false,"path_per_floor":["M","M","?","M","M","R","M","E","T","M","M","E","R","M","R","B"],"character_chosen":"IRONCLAD","items_purchased":[],"campfire_rested":1,"item_purchase_floors":[],"current_hp_per_floor":[72,66,76,76,71,71,70,53,53,53,46,15,15,13,40,33,33],"gold":69,"neow_bonus":"BOSS_RELIC","is_daily":false,"chose_seed":false,"campfire_upgraded":2,"win_rate":0.0,"timestamp":1613947966,"path_taken":["M","M","?","M","?","R","M","E","T","M","M","E","R","M","R","BOSS"],"items_purchased_type":[],"build_version":"2020-12-22","purchased_purges":0,"victory":false,"max_hp_per_floor":[80,80,90,90,90,90,90,90,90,90,90,90,90,90,90,90,90],"card_choices":[{"not_picked":["Evolve","Sentinel"],"picked":"Twin Strike","floor":1},{"not_picked":["Rupture","Wild Strike"],"picked":"Infernal Blade","floor":2},{"not_picked":["Warcry","Clash"],"picked":"Whirlwind","floor":4},{"not_picked":["Burning Pact","Searing Blow"],"picked":"Iron Wave","floor":5},{"not_picked":["Clash","Heavy Blade"],"picked":"Thunderclap","floor":7},{"not_picked":["Bludgeon","Fire Breathing"],"picked":"Warcry","floor":8},{"not_picked":["Twin Strike","Anger"],"picked":"Fire Breathing","floor":10},{"not_picked":["Battle Trance","Warcry"],"picked":"Pommel Strike","floor":11},{"not_picked":["Blood for Blood","Clothesline"],"picked":"Seeing Red","floor":12},{"not_picked":["Sword Boomerang","Wild Strike","Pommel Strike"],"picked":"SKIP","floor":14}],"player_experience":777807,"relics_obtained":[{"floor":3,"key":"Pear"},{"floor":8,"key":"Tiny Chest"},{"floor":9,"key":"Gremlin Horn"},{"floor":12,"key":"Darkstone Periapt"}],"event_choices":[{"damage_healed":0,"gold_gain":0,"player_choice":"Relic","damage_taken":0,"max_hp_gain":0,"max_hp_loss":0,"event_name":"Wheel of Change","floor":3,"gold_loss":0}],"is_beta":false,"boss_relics":[],"items_purged_floors":[],"is_endless":false,"potions_floor_spawned":[1,4,5,12,14],"killed_by":"The Guardian","ascension_level":0}}