{"host":"2lo6hma6kymb0g9i","time":1613888701,"event":{"mods":["BaseMod","Colored Map","DeckTracker","Minty Spire (QoL Compilation)"],"gold_per_floor":[112,72,85,85,110,151,151,189,257,257,257],"floor_reached":10,"language":"JPN","playtime":367,"items_purged":[],"score":152,"play_id":"f27ddd20-4999-4aed-94d7-632a65443fbd","local_time":"20210221152501","is_ascension_mode":true,"campfire_choices":[],"circlet_count":0,"master_deck":["AscendersBane","Strike_G","Strike_G","Strike_G","Strike_G","Defend_G","Defend_G","Defend_G","Defend_G","Defend_G","Survivor","Neutralize","Dagger Spray","Noxious Fumes","Quick Slash","Footwork","Tactician","Heel Hook","Cloak And Dagger"],"relics":["Ring of the Snake","NeowsBlessing","Golden Idol","FossilizedHelix","Art of War","Bottled Tornado"],"acts_visited":["Exordium"],"potions_floor_usage":[],"damage_taken":[{"damage":0.0,"enemies":"Cultist","floor":1.0,"turns":1.0},{"damage":0.0,"enemies":"Small Slimes","floor":3.0,"turns":1.0},{"damage":0.0,"enemies":"2 Louse","floor":5.0,"turns":1.0},{"damage":24.0,"enemies":"Gremlin Nob","floor":6.0,"turns":4.0},{"damage":12.0,"enemies":"Lagavulin","floor":8.0,"turns":9.0},{"damage":21,"enemies":"Gremlin Nob","floor":10,"turns":4}],"seed_played":"6494294176432535088","potions_obtained":[{"floor":1.0,"key":"Strength Potion"},{"floor":5.0,"key":"DistilledChaos"}],"is_trial":false,"path_per_floor":["M","$","M","?","M","E","?","E","T","E"],"character_chosen":"THE_SILENT","items_purchased":["Noxious Fumes"],"campfire_rested":0,"item_purchase_floors":[2],"current_hp_per_floor":[59,59,59,59,59,35,35,23,23,2,2],"gold":257,"neow_bonus":"THREE_ENEMY_KILL","is_daily":false,"chose_seed":false,"campfire_upgraded":0,"win_rate":0.0,"timestamp":1613888701,"path_taken":["M","$","?","?","M","E","?","E","T","E"],"items_purchased_type":["Card"],"build_version":"2020-12-22","purchased_purges":0,"victory":false,"max_hp_per_floor":[66,66,66,60,60,60,60,60,60,60,60],"card_choices":[{"not_picked":["Concentrate","PiercingWail"],"picked":"Dagger Spray","floor":1.0},{"not_picked":["Backflip","Backstab"],"picked":"Quick Slash","floor":3.0},{"not_picked":["Blade Dance","Tactician"],"picked":"Footwork","floor":5.0},{"not_picked":["PiercingWail","Dodge and Roll"],"picked":"Tactician","floor":6.0},{"not_picked":["Crippling Poison","Doppelganger"],"picked":"Cloak And Dagger","floor":8.0}],"player_experience":1236132,"relics_obtained":[{"floor":6.0,"key":"FossilizedHelix"},{"floor":8.0,"key":"Art of War"},{"floor":9.0,"key":"Bottled Tornado"}],"event_choices":[{"damage_healed":0.0,"max_hp_gain":0.0,"max_hp_loss":6.0,"gold_gain":0.0,"event_name":"Golden Idol","player_choice":"Lose Max HP","floor":4.0,"gold_loss":0.0,"damage_taken":0.0,"relics_obtained":["Golden Idol"]},{"damage_healed":0.0,"max_hp_gain":0.0,"max_hp_loss":0.0,"gold_gain":0.0,"cards_transformed":["Strike_G"],"event_name":"Transmorgrifier","player_choice":"Transformed","floor":7.0,"gold_loss":0.0,"damage_taken":0.0,"cards_obtained":["Heel Hook"]}],"is_beta":false,"boss_relics":[],"items_purged_floors":[],"is_endless":false,"potions_floor_spawned":[1,5],"killed_by":"Gremlin Nob","ascension_level":20}}