{"host":"c6m2gd7h1328eiwi","time":1613915350,"event":{"mods":["Act Like it!","Aspiration","BaseMod","Better Skull","BetterRewards","Challenge The Spire","Colored Map","Conspire","Downfall","Elementarium","Energized Spire","GifTheSpireLib","Halation","Hubris","Infinite Spire","Mimic Mod","Minty Spire (QoL Compilation)","Potionbrewer","Quick Restart","Reliquary","Replay The Spire","Ruina","Spikes Relics","Spires And Sneckos","StSLib","The Jungle","Wandering Minibosses"],"gold_per_floor":[110,126,126,136,153,153,183,183,234,245,245,263,281,228,228,333,333,353,46,64,83,101,112,112,112],"floor_reached":24,"language":"ENG","playtime":1466,"items_purged":[],"score":229,"play_id":"f15ba327-8f52-4cb3-a00c-8000d2114a2f","local_time":"20210221064910","is_ascension_mode":false,"campfire_choices":[{"data":"BarbarianYell","floor":6,"key":"SMITH"},{"data":"Sword Boomerang","floor":8,"key":"SMITH"},{"data":"Clash","floor":15,"key":"SMITH"}],"circlet_count":0,"master_deck":["Strike_R","Strike_R","Strike_R","Strike_R","Strike_R","Defend_R","Defend_R","Defend_R","Defend_R","Bash","BarbarianYell+1","Sword Boomerang+1","Anger","Clash","Thunderclap","Replay:Undeath\u0027s Touch","Clash+1","Clash","Cleave+1","Iron Wave","Iron Wave","Berserk","Clothesline","Replay:Undeath\u0027s Touch","ReplayTheSpireMod:Muscle Training+1","Double Tap","Replay:Undeath\u0027s Touch","Replay:Undeath\u0027s Touch"],"relics":["Burning Blood","NeowsBlessing","Garlic","Blue Doll","halation:EternalFortune","Mark of Pain","reliquary:JackalopeAntler"],"acts_visited":["Exordium","TheCity"],"potions_floor_usage":[16,16,22,24,24],"damage_taken":[{"damage":0,"enemies":"2 Louse","floor":1,"turns":1},{"damage":0,"enemies":"Cultist","floor":2,"turns":1},{"damage":0,"enemies":"Small Slimes","floor":4,"turns":1},{"damage":10,"enemies":"3 Louse","floor":5,"turns":3},{"damage":14,"enemies":"3 Sentries","floor":7,"turns":5},{"damage":14,"enemies":"Large Slime","floor":10,"turns":5},{"damage":0,"enemies":"Blue Slaver","floor":12,"turns":3},{"damage":0,"enemies":"3 Louse","floor":13,"turns":2},{"damage":13,"enemies":"Hexaghost","floor":16,"turns":6},{"damage":8,"enemies":"conspire:FuzzyDice","floor":18,"turns":4},{"damage":15,"enemies":"3 Byrds","floor":20,"turns":4},{"damage":8,"enemies":"3 Cultists","floor":21,"turns":5},{"damage":32,"enemies":"Sentry and Sphere","floor":22,"turns":5},{"damage":30,"enemies":"Shelled Parasite and Fungi","floor":23,"turns":6},{"damage":20,"enemies":"Replay:Snechameleon","floor":24,"turns":3}],"seed_played":"450946189813960610","potions_obtained":[{"floor":2,"key":"Weak Potion"},{"floor":7,"key":"hexamod:SoulburnPotion"},{"floor":16,"key":"potionbrewer:StunPotion"},{"floor":21,"key":"BlessingOfTheForge"},{"floor":22,"key":"potionbrewer:BoundlessPotion"},{"floor":23,"key":"Block Potion"}],"is_trial":false,"path_per_floor":["M","M","?","M","M","R","E","R","T","M","?","M","M","$","R","B",null,"M","$","M","M","M","M","E"],"character_chosen":"IRONCLAD","items_purchased":["Cleave+1","Iron Wave","Replay:Undeath\u0027s Touch","reliquary:JackalopeAntler"],"campfire_rested":0,"item_purchase_floors":[14,14,19,19],"current_hp_per_floor":[80,80,80,80,76,76,68,68,68,60,63,69,75,75,75,68,83,81,81,72,70,44,20,0,0],"gold":112,"neow_bonus":"THREE_ENEMY_KILL","is_daily":false,"chose_seed":false,"campfire_upgraded":3,"win_rate":0.0,"timestamp":1613915350,"path_taken":["M","M","?","M","?","R","E","R","T","M","?","M","M","$","R","BOSS","M","$","M","M","M","M","E"],"items_purchased_type":["Card","Card","Card","Relic"],"build_version":"2020-12-22","purchased_purges":0,"victory":false,"max_hp_per_floor":[80,80,80,80,80,80,80,80,80,80,83,83,83,83,83,83,83,83,83,83,83,83,83,83,83],"card_choices":[{"not_picked":["Entrench","ReplayTheSpireMod:LeadingStrike"],"picked":"BarbarianYell","floor":1},{"not_picked":["Power Through","True Grit"],"picked":"Sword Boomerang","floor":2},{"not_picked":["hubris:CleavingFinish","conspire:ExplosiveBarrier"],"picked":"Anger","floor":4},{"not_picked":["Flex","Warcry"],"picked":"Clash","floor":5},{"not_picked":["ReplayTheSpireMod:Stacked","Power Through"],"picked":"Thunderclap","floor":7},{"not_picked":["Armaments","hubris:ReadiedAction"],"picked":"Replay:Undeath\u0027s Touch","floor":10},{"not_picked":["Shrug It Off","Eclipse"],"picked":"Clash","floor":12},{"not_picked":["ReplayTheSpireMod:Strike From Hell","Hemokinesis"],"picked":"Clash","floor":13},{"not_picked":["Eclipse","Corruption"],"picked":"Berserk","floor":16},{"not_picked":["Flex","Sever Soul"],"picked":"Clothesline","floor":18},{"not_picked":["ReplayTheSpireMod:Stacked","Armaments"],"picked":"ReplayTheSpireMod:Muscle Training+1","floor":20},{"not_picked":["Clothesline","Run Through+1"],"picked":"Double Tap","floor":21},{"not_picked":["Uppercut","Perfected Strike"],"picked":"Replay:Undeath\u0027s Touch","floor":22},{"not_picked":["Warcry","Armaments"],"picked":"Replay:Undeath\u0027s Touch","floor":23}],"player_experience":0,"relics_obtained":[{"floor":7,"key":"Garlic"},{"floor":9,"key":"Blue Doll"}],"event_choices":[{"damage_healed":0,"gold_gain":0,"player_choice":"Ignored","damage_taken":0,"max_hp_gain":0,"max_hp_loss":0,"event_name":"Transmorgrifier","floor":3,"gold_loss":0}],"is_beta":false,"boss_relics":[{"not_picked":["energizedSpire:CursedPentagram","conspire:SeveredTorchhead"],"picked":"Mark of Pain"}],"items_purged_floors":[],"is_endless":false,"potions_floor_spawned":[2,7,16,21,22,23],"killed_by":"Replay:Snechameleon","ascension_level":0}}