{"host":"u8gwyxapu65l7nuk","time":1613887356,"event":{"mods":["BaseMod","Custom Start","Minty Spire (QoL Compilation)","Relic Stats","StSLib","Wandering Minibosses"],"gold_per_floor":[109,74,149,168,184,184,210,210,265,111,111,111,121,155,155,254,254,266,266,365,365,280,307,307,307,307],"floor_reached":25,"language":"ENG","playtime":683,"items_purged":[],"score":236,"play_id":"ee029aae-ea7f-4615-b573-9681830c0b7b","local_time":"20210221140236","is_ascension_mode":true,"campfire_choices":[{"data":"Limit Break","floor":6,"key":"SMITH"},{"data":"Limit Break","floor":8,"key":"SMITH"},{"data":"Infernal Blade","floor":15,"key":"SMITH"},{"floor":24,"key":"REST"}],"circlet_count":0,"master_deck":["Limit Break+1","Limit Break+1","Bash","Defend_R","Defend_R","Defend_R","Defend_R","Defend_R","Strike_R","Strike_R","Cleave","Flame Barrier","Ghostly Armor","Iron Wave","Impervious","Infernal Blade+1","Panacea","Iron Wave+1","Feed","Battle Trance+1","Rampage+1","Writhe","Inflame+1"],"relics":["Burning Blood","Vajra","Empty Cage","Ancient Tea Set","Oddly Smooth Stone","ClockworkSouvenir","Juzu Bracelet","SacredBark","Red Skull","Omamori","Whetstone"],"acts_visited":["Exordium","TheCity"],"potions_floor_usage":[18,18,23,25],"damage_taken":[{"damage":11,"enemies":"Jaw Worm","floor":1,"turns":6},{"damage":0,"enemies":"2 Louse","floor":4,"turns":3},{"damage":3,"enemies":"Small Slimes","floor":5,"turns":4},{"damage":46,"enemies":"Gremlin Nob","floor":7,"turns":6},{"damage":21,"enemies":"Exordium Thugs","floor":13,"turns":5},{"damage":1,"enemies":"Lagavulin","floor":14,"turns":7},{"damage":25,"enemies":"The Guardian","floor":16,"turns":12},{"damage":8,"enemies":"Shell Parasite","floor":18,"turns":6},{"damage":54,"enemies":"Gremlin Leader","floor":23,"turns":7},{"damage":62,"enemies":"Book of Stabbing","floor":25,"turns":8}],"seed_played":"3051991760438946587","potions_obtained":[{"floor":1,"key":"EssenceOfSteel"},{"floor":5,"key":"Swift Potion"},{"floor":13,"key":"EssenceOfSteel"},{"floor":18,"key":"PowerPotion"}],"is_trial":true,"path_per_floor":["M","$","?","M","M","R","E","R","T","$","?","?","M","E","R","B",null,"M","?","?","?","?","E","R","E"],"character_chosen":"IRONCLAD","items_purchased":["Flame Barrier","ClockworkSouvenir"],"campfire_rested":1,"item_purchase_floors":[2,10],"current_hp_per_floor":[75,75,64,70,73,73,33,33,33,33,59,59,44,49,49,30,80,81,81,81,81,81,36,61,0,0],"gold":307,"neow_bonus":"","is_daily":false,"chose_seed":false,"campfire_upgraded":3,"win_rate":0.0,"timestamp":1613887356,"path_taken":["M","$","?","M","M","R","E","R","T","$","?","?","?","E","R","BOSS","M","?","?","?","?","E","R","E"],"items_purchased_type":["Card","Relic"],"build_version":"2020-12-22","purchased_purges":0,"victory":false,"max_hp_per_floor":[80,80,80,80,80,80,80,80,80,80,80,80,80,80,80,80,80,83,83,83,83,83,86,86,86,86],"relic_stats":{"counters":[10,64],"Juzu Bracelet":1,"Whetstone":["Iron Wave","Rampage"],"obtain_stats":[{"SacredBark":17,"Vajra":0,"Oddly Smooth Stone":9,"Juzu Bracelet":14,"Omamori":22,"Whetstone":23,"Empty Cage":0,"Ancient Tea Set":7,"Burning Blood":0,"Red Skull":21,"ClockworkSouvenir":10},{"SacredBark":7,"Vajra":0,"Oddly Smooth Stone":4,"Juzu Bracelet":6,"Omamori":8,"Whetstone":9,"Empty Cage":0,"Ancient Tea Set":4,"Burning Blood":0,"Red Skull":8,"ClockworkSouvenir":4},{"SacredBark":43,"Vajra":0,"Oddly Smooth Stone":19,"Juzu Bracelet":31,"Omamori":49,"Whetstone":56,"Empty Cage":0,"Ancient Tea Set":19,"Burning Blood":0,"Red Skull":49,"ClockworkSouvenir":19}],"Burning Blood":54},"card_choices":[{"not_picked":["Combust","Pommel Strike"],"picked":"Cleave","floor":1},{"not_picked":["Havoc","Intimidate"],"picked":"Ghostly Armor","floor":4},{"not_picked":["Pommel Strike","Cleave"],"picked":"Iron Wave","floor":5},{"not_picked":["Thunderclap","Hemokinesis"],"picked":"Impervious","floor":7},{"not_picked":["True Grit","Armaments"],"picked":"Iron Wave","floor":13},{"not_picked":["Body Slam","Rage","Perfected Strike"],"picked":"SKIP","floor":14},{"not_picked":["Fiend Fire","Immolate"],"picked":"Feed","floor":16},{"not_picked":["Metallicize","Infernal Blade+1"],"picked":"Battle Trance+1","floor":18},{"not_picked":["Sentinel","Dark Embrace+1"],"picked":"Inflame+1","floor":23}],"player_experience":299580,"relics_obtained":[{"floor":7,"key":"Ancient Tea Set"},{"floor":9,"key":"Oddly Smooth Stone"},{"floor":14,"key":"Juzu Bracelet"},{"floor":23,"key":"Whetstone"}],"event_choices":[{"damage_healed":0,"gold_gain":75,"player_choice":"Gather Gold","damage_taken":11,"max_hp_gain":0,"max_hp_loss":0,"event_name":"World of Goop","floor":3,"gold_loss":0},{"damage_healed":26,"gold_gain":0,"player_choice":"Banana","damage_taken":0,"max_hp_gain":0,"max_hp_loss":0,"event_name":"Big Fish","floor":11,"gold_loss":0},{"damage_healed":0,"gold_gain":0,"player_choice":"2 cards matched","damage_taken":0,"max_hp_gain":0,"max_hp_loss":0,"event_name":"Match and Keep!","floor":12,"gold_loss":0,"cards_obtained":["Infernal Blade","Panacea"]},{"damage_healed":0,"gold_gain":0,"cards_transformed":["Strike_R"],"player_choice":"Transformed","damage_taken":0,"max_hp_gain":0,"max_hp_loss":0,"event_name":"Transmorgrifier","floor":19,"gold_loss":0,"cards_obtained":["Rampage"]},{"damage_healed":0,"gold_gain":99,"player_choice":"Stole From Cult","damage_taken":0,"max_hp_gain":0,"max_hp_loss":0,"event_name":"Nest","floor":20,"gold_loss":0},{"damage_healed":0,"gold_gain":0,"player_choice":"Opened","damage_taken":0,"relics_obtained":["Red Skull"],"max_hp_gain":0,"max_hp_loss":0,"event_name":"The Mausoleum","floor":21,"gold_loss":0,"cards_obtained":["Writhe"]},{"damage_healed":0,"gold_gain":0,"player_choice":"Obtained Relic","damage_taken":0,"relics_obtained":["Omamori"],"max_hp_gain":0,"max_hp_loss":0,"event_name":"Addict","floor":22,"gold_loss":85}],"is_beta":false,"boss_relics":[{"not_picked":["Busted Crown","Cursed Key"],"picked":"SacredBark"}],"items_purged_floors":[],"is_endless":false,"potions_floor_spawned":[1,5,13,16,18],"killed_by":"Book of Stabbing","ascension_level":1}}