{"host":"l6t8kvs6xu8ynp71","time":1613934816,"event":{"mods":["BaseMod","Curses Come First","Highlight Path","Minty Spire (QoL Compilation)","Permanent Neow","Relic Stats","StSLib"],"gold_per_floor":[118,134,146,146,146,178,178,93,165,181,106,106,137,154,154,154,154],"floor_reached":16,"language":"ENG","playtime":1527,"items_purged":["Strike_G"],"score":220,"play_id":"9b43f0e4-5873-4efc-9298-13fd2cd5e5ae","local_time":"20210221121336","is_ascension_mode":true,"campfire_choices":[{"floor":7,"key":"REST"},{"data":"Wraith Form v2","floor":12,"key":"SMITH"},{"floor":15,"key":"REST"}],"circlet_count":0,"master_deck":["AscendersBane","Strike_G","Strike_G","Strike_G","Strike_G","Defend_G","Defend_G","Defend_G","Defend_G","Defend_G","Survivor","Neutralize","Dagger Spray","Bouncing Flask","Sucker Punch","Blade Dance","Footwork","Wraith Form v2+1","Envenom","Deflect"],"relics":["Ring of the Snake","Peace Pipe","Regal Pillow","Gambling Chip","Bottled Lightning","Strawberry"],"acts_visited":["Exordium"],"potions_floor_usage":[6,13,16],"damage_taken":[{"damage":2,"enemies":"Cultist","floor":1,"turns":5},{"damage":1,"enemies":"2 Louse","floor":2,"turns":3},{"damage":0,"enemies":"Jaw Worm","floor":3,"turns":4},{"damage":24,"enemies":"Gremlin Nob","floor":6,"turns":4},{"damage":11,"enemies":"Large Slime","floor":10,"turns":9},{"damage":28,"enemies":"Lagavulin","floor":13,"turns":5},{"damage":3,"enemies":"Exordium Thugs","floor":14,"turns":6},{"damage":44,"enemies":"Slime Boss","floor":16,"turns":8}],"seed_played":"2969548128982539613","potions_obtained":[{"floor":3,"key":"DistilledChaos"},{"floor":6,"key":"SmokeBomb"},{"floor":10,"key":"SteroidPotion"},{"floor":13,"key":"Weak Potion"}],"is_trial":false,"path_per_floor":["M","M","M","?","?","E","R","$","T","M","$","R","E","M","R","B"],"character_chosen":"THE_SILENT","items_purchased":["Footwork"],"campfire_rested":2,"item_purchase_floors":[8],"current_hp_per_floor":[42,41,41,30,30,6,40,40,40,29,29,29,8,5,41,0,0],"gold":154,"neow_bonus":"ONE_RARE_RELIC","is_daily":false,"chose_seed":false,"campfire_upgraded":1,"win_rate":0.0,"timestamp":1613934816,"path_taken":["M","M","?","?","?","E","R","?","T","M","$","R","E","M","R","BOSS"],"items_purchased_type":["Card"],"build_version":"2020-12-22","purchased_purges":1,"victory":false,"max_hp_per_floor":[66,66,66,66,66,66,66,66,66,66,66,66,73,73,73,73,73],"relic_stats":{"Peace Pipe":0,"Regal Pillow":30,"counters":[8,44],"Gambling Chip":[17],"obtain_stats":[{"Peace Pipe":0,"Regal Pillow":4,"Gambling Chip":6,"Strawberry":13,"Bottled Lightning":9,"Ring of the Snake":0},{"Peace Pipe":0,"Regal Pillow":3,"Gambling Chip":4,"Strawberry":6,"Bottled Lightning":4,"Ring of the Snake":0},{"Peace Pipe":0,"Regal Pillow":12,"Gambling Chip":16,"Strawberry":30,"Bottled Lightning":16,"Ring of the Snake":0}],"Ring of the Snake":[16]},"card_choices":[{"not_picked":["Blur","Quick Slash"],"picked":"Dagger Spray","floor":1},{"not_picked":["Calculated Gamble","Sucker Punch"],"picked":"Bouncing Flask","floor":2},{"not_picked":["PiercingWail","Acrobatics"],"picked":"Sucker Punch","floor":3},{"not_picked":["Blur","PiercingWail"],"picked":"Blade Dance","floor":6},{"not_picked":["PiercingWail","Quick Slash"],"picked":"Wraith Form v2","floor":10},{"not_picked":["Noxious Fumes","Bane"],"picked":"Envenom","floor":13},{"not_picked":["Blade Dance","Quick Slash"],"picked":"Deflect","floor":14}],"player_experience":1502628,"relics_obtained":[{"floor":6,"key":"Gambling Chip"},{"floor":9,"key":"Bottled Lightning"},{"floor":13,"key":"Strawberry"}],"event_choices":[{"damage_healed":0,"gold_gain":0,"player_choice":"Success","damage_taken":11,"relics_obtained":["Regal Pillow"],"max_hp_gain":0,"max_hp_loss":0,"event_name":"Scrap Ooze","floor":4,"gold_loss":0},{"damage_healed":0,"gold_gain":0,"player_choice":"Ignored","damage_taken":0,"max_hp_gain":0,"max_hp_loss":0,"event_name":"Shining Light","floor":5,"gold_loss":0}],"is_beta":false,"boss_relics":[],"items_purged_floors":[11],"is_endless":false,"potions_floor_spawned":[3,6,10,13],"killed_by":"Slime Boss","ascension_level":20}}