{"host":"tmk46lqetm74e6y6","time":1613895490,"event":{"mods":["100% Spire Juice","2.2 Compatiblity","Abigail Mod","AchievementEnabler","Act Like it!","Arknights","BaseMod","Beaked The Cultist","Better Match","BetterRewards","CapriCore","ChefMod","Chen","Decade(â§è¨ñæ)","Friendly Minions","GifTheSpireLib","HololiveMod","KinomotoSakuraMod(ñÿîVñ{?)","KiyohimeÅiê¥?Åj","Koishi","KomeijiMod","Magitek Elite","MarisaÅiñ∂âJÅ@ñÇóùçπÅj","Minty Spire (QoL Compilation)","Onozuka Komachi Mod","Permanent Neow","Prisma Mod","Railgun Mod","Random Character Button","Reliquary","Remilia_Scarlet MoedÅiÂQïƒ‰ª?ÅEéz?óãì¡Åj3.3.5","SOSÅiézîb?îVéqÅj","Small Relic Pack","StSLib","SuperFastMode","The Administrix","The Alterego","The Animator","The Immortal","The Servant 0.9.4","The Wild Card","TheSwordswoman","Trackpad","Wide Potions","Yakumo Yukari mod","YoumuÅiç∞ÈÆódöÎÅj","Yuri Mod"],"gold_per_floor":[110,123,77,87,33,33,43,55,79,79,79,91,91,53,53,156,156,175,189,189,0,0,0,14,14,14,14,39,39,56,66,66,66,66],"floor_reached":33,"language":"ENG","playtime":1428,"items_purged":[],"score":282,"play_id":"04aa84af-604d-42ad-a95e-745cb6f450f6","local_time":"20210221161810","is_ascension_mode":false,"campfire_choices":[{"data":"Iron Wave","floor":6,"key":"SMITH"},{"floor":11,"key":"REST"},{"data":"Perfected Strike","floor":13,"key":"SMITH"},{"data":"Perfected Strike","floor":15,"key":"SMITH"},{"floor":23,"key":"REST"},{"floor":27,"key":"REST"},{"floor":29,"key":"REST"},{"data":"Demon Form","floor":32,"key":"SMITH"}],"circlet_count":0,"master_deck":["Strike_R","Strike_R","Strike_R","Defend_R","Defend_R","Defend_R","Bash","Barricade+1","Disarm+1","Disarm+1","Iron Wave+1","Rampage","Perfected Strike+1","Clothesline","Perfected Strike+1","theWildCard:Arsene","Pommel Strike","Infernal Blade","Demon Form+1","Perfected Strike","Headbutt","Twin Strike","Metallicize+1","Feel No Pain","Perfected Strike+1","Shrug It Off","Intimidate+1"],"relics":["Astrolabe","reliquary:Boomerang","Mythril_Glove","trackpad:Trackpad","Regal Pillow","relicPack:OneForAll","reliquary:Vitrine","WingedGreaves"],"acts_visited":["Exordium","TheCity"],"potions_floor_usage":[18,24,24,33,33],"damage_taken":[{"damage":0,"enemies":"ats:Genji","floor":1,"turns":6},{"damage":5,"enemies":"Jaw Worm","floor":2,"turns":6},{"damage":7,"enemies":"Small Slimes","floor":4,"turns":4},{"damage":7,"enemies":"Exordium Wildlife","floor":7,"turns":4},{"damage":5,"enemies":"Looter","floor":8,"turns":3},{"damage":9,"enemies":"2 Fungi Beasts","floor":12,"turns":2},{"damage":55,"enemies":"Slime Boss","floor":16,"turns":12},{"damage":18,"enemies":"Spheric Guardian","floor":18,"turns":4},{"damage":19,"enemies":"2 Thieves","floor":19,"turns":4},{"damage":31,"enemies":"Shelled Parasite and Fungi","floor":24,"turns":4},{"damage":39,"enemies":"Slavers","floor":28,"turns":5},{"damage":12,"enemies":"Centurion and Healer","floor":30,"turns":4},{"damage":0,"enemies":"Snake Plant","floor":31,"turns":2},{"damage":85,"enemies":"Collector","floor":33,"turns":6}],"seed_played":"-1282060335634388437","potions_obtained":[{"floor":4,"key":"Dexterity Potion"},{"floor":7,"key":"SneckoOil"},{"floor":8,"key":"JyouchiReiPotion"},{"floor":18,"key":"Dexterity Potion"},{"floor":21,"key":"Explosive Potion"},{"floor":31,"key":"SkillPotion"}],"is_trial":false,"path_per_floor":["M","M","$","M","?","R","M","M","T","?","R","M","R","$","R","B",null,"M","M","?","?","?","R","M","?","T","R","E","R","M","M","R","B"],"character_chosen":"IRONCLAD","items_purchased":["Perfected Strike","Infernal Blade"],"campfire_rested":4,"item_purchase_floors":[3,14],"current_hp_per_floor":[80,75,75,68,68,68,61,56,56,56,80,71,71,71,71,16,80,62,43,43,43,43,80,49,49,49,80,41,80,68,68,68,0,0],"gold":66,"neow_bonus":"BOSS_RELIC","is_daily":false,"chose_seed":false,"campfire_upgraded":4,"win_rate":0.0,"timestamp":1613895490,"path_taken":["M","M","$","M","?","R","?","M","T","?","R","M","R","?","R","BOSS","M","M","?","?","?","R","?","?","T","R","E","R","M","M","R","BOSS"],"items_purchased_type":["Card","Card"],"build_version":"2020-12-22","purchased_purges":0,"victory":false,"max_hp_per_floor":[80,80,80,80,80,80,80,80,80,80,80,80,80,80,80,80,80,80,80,80,80,80,80,80,80,80,80,80,80,80,80,80,80,80],"card_choices":[{"not_picked":["Clash","Twin Strike"],"picked":"Iron Wave","floor":1},{"not_picked":["Combust","True Grit"],"picked":"Rampage","floor":2},{"not_picked":["Heavy Blade","Sword Boomerang"],"picked":"Clothesline","floor":4},{"not_picked":["Burning Pact","Sword Boomerang"],"picked":"Perfected Strike","floor":7},{"not_picked":["Searing Blow","Sword Boomerang"],"picked":"Combust","floor":8},{"not_picked":["Iron Wave","Power Through"],"picked":"Pommel Strike","floor":12},{"not_picked":["Barricade","Reaper"],"picked":"Demon Form","floor":16},{"not_picked":["Heavy Blade","Warcry"],"picked":"Perfected Strike","floor":18},{"not_picked":["Infernal Blade+1","Shockwave"],"picked":"Headbutt","floor":19},{"not_picked":["Rupture+1","Dual Wield+1"],"picked":"Twin Strike","floor":21},{"not_picked":["Combust","Entrench"],"picked":"Metallicize+1","floor":21},{"not_picked":["Flex","Barricade"],"picked":"Feel No Pain","floor":24},{"not_picked":["Metallicize","Body Slam"],"picked":"Perfected Strike+1","floor":28},{"not_picked":["Disarm","Heavy Blade+1"],"picked":"Shrug It Off","floor":30},{"not_picked":["Warcry","Iron Wave"],"picked":"Intimidate+1","floor":31}],"player_experience":97941,"relics_obtained":[{"floor":9,"key":"Mythril_Glove"},{"floor":21,"key":"Regal Pillow"},{"floor":26,"key":"reliquary:Vitrine"},{"floor":28,"key":"WingedGreaves"}],"event_choices":[{"damage_healed":0,"gold_gain":0,"player_choice":"Paid Gold","damage_taken":0,"relics_obtained":["reliquary:Boomerang"],"max_hp_gain":0,"max_hp_loss":0,"event_name":"WeMeetAgain","floor":5,"gold_loss":54},{"damage_healed":0,"gold_gain":0,"player_choice":"Ignored","damage_taken":0,"max_hp_gain":0,"max_hp_loss":0,"event_name":"Ghosts","floor":22,"gold_loss":0}],"is_beta":false,"boss_relics":[{"not_picked":["Empty Cage","SlaversCollar"],"picked":"trackpad:Trackpad"}],"items_purged_floors":[],"is_endless":false,"potions_floor_spawned":[4,7,8,18,31],"killed_by":"Collector","ascension_level":0}}