{"host":"aapp7ew3jk5k1bvd","time":1613894116,"event":{"mods":["AchievementEnabler","BaseMod","Colored Map","Custom Start","Keyboard Shortcuts","Minty Spire (QoL Compilation)","Permanent Neow","Quick Restart","StSLib","SuperFastMode"],"gold_per_floor":[118,118,131,142,67,67,85,85,85,102,134,134,53,53,53,130,130,144,144,159,175,175,175,175,175],"floor_reached":24,"language":"KOR","playtime":534,"items_purged":[],"score":353,"play_id":"d3f5bc94-c975-4c1d-b19c-fea8387ec69a","local_time":"20210221165516","is_ascension_mode":true,"campfire_choices":[{"data":"Chaos","floor":6.0,"key":"SMITH"},{"data":"Zap","floor":8.0,"key":"SMITH"},{"data":"Glacier","floor":12.0,"key":"SMITH"},{"floor":15.0,"key":"REST"},{"data":"Echo Form","floor":23.0,"key":"SMITH"}],"circlet_count":0,"master_deck":["AscendersBane","Strike_B","Strike_B","Defend_B","Defend_B","Defend_B","Defend_B","Zap+1","Dualcast","Chaos+1","Gash","Ball Lightning","Cold Snap","Conserve Battery","Glacier+1","Defragment","Go for the Eyes","Seek","Cold Snap","Cold Snap","Echo Form+1"],"relics":["FrozenCore","Darkstone Periapt","Ornamental Fan","Toy Ornithopter"],"acts_visited":["Exordium","TheCity"],"potions_floor_usage":[],"damage_taken":[{"damage":3.0,"enemies":"Jaw Worm","floor":1.0,"turns":4.0},{"damage":1.0,"enemies":"2 Louse","floor":3.0,"turns":2.0},{"damage":0.0,"enemies":"Cultist","floor":4.0,"turns":3.0},{"damage":3.0,"enemies":"Blue Slaver","floor":7.0,"turns":2.0},{"damage":13.0,"enemies":"Lots of Slimes","floor":10.0,"turns":3.0},{"damage":11.0,"enemies":"3 Sentries","floor":11.0,"turns":5.0},{"damage":34.0,"enemies":"Slime Boss","floor":16.0,"turns":13.0},{"damage":4.0,"enemies":"Spheric Guardian","floor":18.0,"turns":6.0},{"damage":5.0,"enemies":"Chosen","floor":20.0,"turns":6.0},{"damage":19.0,"enemies":"3 Cultists","floor":21.0,"turns":8.0},{"damage":0,"enemies":"Centurion and Healer","floor":24,"turns":1}],"seed_played":"-621808613705707209","potions_obtained":[{"floor":1.0,"key":"LiquidBronze"},{"floor":7.0,"key":"LiquidBronze"},{"floor":16.0,"key":"PotionOfCapacity"},{"floor":20.0,"key":"PowerPotion"}],"is_trial":false,"path_per_floor":["M","?","M","M","?","R","M","R","T","M","E","R","$","?","R","B",null,"M","T","M","M","?","R","M"],"character_chosen":"DEFECT","items_purchased":["Defragment"],"campfire_rested":1,"item_purchase_floors":[13],"current_hp_per_floor":[61,66,65,65,65,65,62,62,62,49,38,38,38,38,60,26,64,60,60,55,41,41,41,41,41],"gold":175,"neow_bonus":"THREE_CARDS","is_daily":false,"chose_seed":false,"campfire_upgraded":4,"win_rate":0.0,"timestamp":1613894116,"path_taken":["M","?","M","M","?","R","M","R","T","M","E","R","$","?","R","BOSS","M","?","M","M","?","R","M"],"items_purchased_type":["Card"],"build_version":"2020-12-22","purchased_purges":0,"victory":false,"max_hp_per_floor":[71,76,76,76,76,76,76,76,76,76,76,76,76,76,76,76,76,76,76,76,76,76,76,76,76],"card_choices":[{"not_picked":["Self Repair","Stack"],"picked":"Chaos","floor":0.0},{"not_picked":["Double Energy","Steam"],"picked":"Gash","floor":1.0},{"not_picked":["Consume","Sunder"],"picked":"Ball Lightning","floor":3.0},{"not_picked":["Reinforced Body","Rebound"],"picked":"Cold Snap","floor":4.0},{"not_picked":["Hologram","Sweeping Beam","Rip and Tear"],"picked":"SKIP","floor":7.0},{"not_picked":["Melter","Compile Driver"],"picked":"Conserve Battery","floor":10.0},{"not_picked":["Turbo","Leap"],"picked":"Glacier","floor":11.0},{"not_picked":["All For One","Amplify"],"picked":"Seek","floor":16.0},{"not_picked":["Stack","Conserve Battery"],"picked":"Cold Snap","floor":18.0},{"not_picked":["Redo","Leap+1"],"picked":"Cold Snap","floor":20.0},{"not_picked":["Stack+1","Undo","Auto Shields"],"picked":"SKIP","floor":21.0}],"player_experience":1040181,"relics_obtained":[{"floor":9.0,"key":"Darkstone Periapt"},{"floor":11.0,"key":"Ornamental Fan"},{"floor":19.0,"key":"Toy Ornithopter"}],"event_choices":[{"damage_healed":0.0,"max_hp_gain":5.0,"max_hp_loss":0.0,"gold_gain":0.0,"event_name":"Big Fish","player_choice":"Donut","floor":2.0,"gold_loss":0.0,"damage_taken":0.0},{"cards_removed":["Strike_B"],"damage_healed":0.0,"max_hp_gain":0.0,"max_hp_loss":0.0,"gold_gain":0.0,"event_name":"The Cleric","player_choice":"Card Removal","floor":5.0,"gold_loss":75.0,"damage_taken":0.0},{"damage_healed":0.0,"max_hp_gain":0.0,"max_hp_loss":0.0,"gold_gain":0.0,"event_name":"Match and Keep!","player_choice":"1 cards matched","floor":14.0,"gold_loss":0.0,"damage_taken":0.0,"cards_obtained":["Go for the Eyes"]},{"damage_healed":0.0,"max_hp_gain":0.0,"max_hp_loss":0.0,"gold_gain":0.0,"cards_transformed":["Strike_B"],"event_name":"Transmorgrifier","player_choice":"Transformed","floor":22.0,"gold_loss":0.0,"damage_taken":0.0,"cards_obtained":["Echo Form"]}],"is_beta":false,"boss_relics":[{"not_picked":["Velvet Choker","Runic Dome"],"picked":"FrozenCore"}],"items_purged_floors":[],"is_endless":false,"potions_floor_spawned":[1,7,16,20],"killed_by":"Centurion and Healer","ascension_level":16}}