{"host":"l2dnabsh5e0fsksb","time":1613884886,"event":{"mods":["2.2 Compatiblity","BaseMod","Downfall","Minty Spire (QoL Compilation)","Quick Restart","StSLib"],"gold_per_floor":[99,99,99,99,99,99,99,110,136,165,65,95,95,110,126,222,222,22,41,54,54,54,54],"floor_reached":21,"language":"ENG","playtime":1067,"items_purged":[],"score":287,"play_id":"5a3216df-382b-4b68-8547-9a4cc07adda4","local_time":"20210221155126","is_ascension_mode":true,"campfire_choices":[{"floor":1,"key":"RECALL"},{"floor":11,"key":"REST"},{"floor":13,"key":"REST"},{"data":"hexamod:HexaLevel","floor":18,"key":"SMITH"}],"circlet_count":0,"master_deck":["AscendersBane","hexamod:Strike","hexamod:Strike","hexamod:Strike","hexamod:Strike","hexamod:Defend","hexamod:Defend","hexamod:Defend","hexamod:Defend","hexamod:Sear","hexamod:Float","hexamod:ThermalTransfer","hexamod:HauntingEcho","hexamod:PhantomCloak","hexamod:StepThrough","hexamod:GhostOfSpireFuture","hexamod:Incineration","hexamod:StepThrough","hexamod:ShieldOfDarkness","hexamod:FlamesFromBeyond","hexamod:HexaLevel+1","hexamod:HeatMetal","hexamod:GhostLash+1"],"relics":["hexamod:SpiritBrand","downfall:HeartsMalice","Blue Candle","Smiling Mask","downfall:HeartBlessingBlue","MealTicket","SacredBark","downfall:HeartBlessingGreen","downfall:HeartBlessingRed"],"acts_visited":["Exordium","TheCity"],"potions_floor_usage":[10,10,14,21,21],"damage_taken":[{"damage":0,"enemies":"Jaw Worm","floor":2,"turns":1},{"damage":0,"enemies":"Cultist","floor":4,"turns":1},{"damage":0,"enemies":"Small Slimes","floor":5,"turns":1},{"damage":0,"enemies":"Gremlin Gang","floor":8,"turns":4},{"damage":39,"enemies":"Gremlin Nob","floor":10,"turns":6},{"damage":28,"enemies":"Lagavulin","floor":12,"turns":7},{"damage":8,"enemies":"Exordium Thugs","floor":14,"turns":3},{"damage":16,"enemies":"3 Louse","floor":15,"turns":5},{"damage":18,"enemies":"SI_SHIV_ARCHETYPE","floor":16,"turns":12},{"damage":40,"enemies":"3 Byrds","floor":19,"turns":4},{"damage":17,"enemies":"Shell Parasite","floor":20,"turns":6},{"damage":19,"enemies":"Snecko","floor":21,"turns":3}],"seed_played":"9163624517953556690","potions_obtained":[{"floor":3,"key":"Block Potion"},{"floor":3,"key":"Strength Potion"},{"floor":12,"key":"DistilledChaos"},{"floor":16,"key":"Swift Potion"},{"floor":20,"key":"Swift Potion"}],"is_trial":false,"path_per_floor":["R","M","?","M","M","?","T","M","T","E","R","E","R","M","M","B",null,"R","M","M","M"],"character_chosen":"THE_SPIRIT","items_purchased":[],"campfire_rested":2,"item_purchase_floors":[],"current_hp_per_floor":[63,63,63,63,63,63,63,63,63,24,58,30,54,46,30,12,63,63,23,6,0,0,0],"gold":54,"neow_bonus":"THREE_ENEMY_KILL","is_daily":false,"chose_seed":false,"campfire_upgraded":1,"win_rate":0.0,"timestamp":1613884886,"path_taken":["R","M","?","?","M","?","T","?","?","E","R","E","R","M","M","BOSS","R","M","M","M"],"items_purchased_type":[],"build_version":"2020-12-22","purchased_purges":0,"victory":false,"max_hp_per_floor":[70,70,70,70,70,70,70,70,70,70,80,80,80,80,80,80,80,80,80,80,80,80,80],"card_choices":[{"not_picked":["hexamod:ShieldOfDarkness","hexamod:EtherealExpedition"],"picked":"hexamod:ThermalTransfer","floor":2},{"not_picked":["hexamod:BacktrackSmack","hexamod:GhostShield"],"picked":"hexamod:HauntingEcho","floor":4},{"not_picked":["hexamod:ThermalTransfer","hexamod:Again"],"picked":"hexamod:PhantomCloak","floor":5},{"not_picked":["hexamod:CatchUp","hexamod:SpectralAdrenaline"],"picked":"hexamod:GhostOfSpireFuture","floor":8},{"not_picked":["hexamod:ThirdSeal","hexamod:FlamesFromBeyond"],"picked":"hexamod:Incineration","floor":10},{"not_picked":["hexamod:ThirdSeal","hexamod:DynamicBlow"],"picked":"hexamod:StepThrough","floor":12},{"not_picked":["hexamod:NightmareGuise","hexamod:BurningTouch"],"picked":"hexamod:ShieldOfDarkness","floor":14},{"not_picked":["hexamod:HeatMetal","hexamod:SuperheatedStrike"],"picked":"hexamod:FlamesFromBeyond","floor":15},{"not_picked":["hexamod:ParanormalForm","hexamod:UnlimitedPower"],"picked":"hexamod:HexaLevel","floor":16},{"not_picked":["hexamod:BurningTouch","hexamod:FastForward"],"picked":"hexamod:HeatMetal","floor":19},{"not_picked":["hexamod:HeatCrush+1","hexamod:HauntingEcho+1"],"picked":"hexamod:GhostLash+1","floor":20}],"player_experience":1960013,"relics_obtained":[{"floor":7,"key":"Blue Candle"},{"floor":10,"key":"Smiling Mask"},{"floor":12,"key":"MealTicket"}],"event_choices":[{"damage_healed":0,"gold_gain":0,"player_choice":"Got Potions","damage_taken":0,"max_hp_gain":0,"max_hp_loss":0,"event_name":"Lab","floor":3,"gold_loss":0}],"is_beta":false,"boss_relics":[{"not_picked":["Coffee Dripper","Runic Dome"],"picked":"SacredBark"}],"items_purged_floors":[],"is_endless":false,"potions_floor_spawned":[8,12,16,20],"killed_by":"Snecko","ascension_level":11}}