{"host":"mwb0clku6crgv6yl","time":1613917351,"event":{"mods":["AchievementEnabler","BaseMod","Highlight Path","Minty Spire (QoL Compilation)","StSLib","The Cursed"],"gold_per_floor":[118,393,65,76,92,118,129,149,174,174,208,208,225,264,264,371,671,698,707,725,750,555,555,574,604,631,641,660,660,669,685,685,792,792,819,836,854,854,745,745,767,781,807,321,355,355,369,384,393,393],"floor_reached":51,"language":"ZHS","playtime":2017,"items_purged":["Regret","Defend_R","Strike_R","Strike_R"],"score":819,"play_id":"c098f030-db0b-4d6c-b556-1d6dca5fbc09","local_time":"20210221222231","is_ascension_mode":false,"campfire_choices":[{"data":"Inflame","floor":10.0,"key":"SMITH"},{"data":"Body Slam","floor":15.0,"key":"SMITH"},{"data":"Feed","floor":23.0,"key":"SMITH"},{"floor":30.0,"key":"REST"},{"data":"Heavy Blade","floor":32.0,"key":"SMITH"},{"data":"Limit Break","floor":40.0,"key":"SMITH"},{"floor":46,"key":"REST"},{"floor":49,"key":"REST"}],"circlet_count":0,"master_deck":["Strike_R","Defend_R","Defend_R+1","Defend_R","Bash","Flex+1","Sever Soul","Battle Trance","Inflame+1","Shrug It Off","Body Slam+1","Heavy Blade+1","Offering","Burning Pact","Feed+1","Pommel Strike+1","Heavy Blade+1","Evolve","Cleave+1","Shockwave+1","Sword Boomerang+1","Feel No Pain","Limit Break+1","Power Through+1","Purity","Purity","Second Wind","Sentinel+1","Dark Embrace+1","Second Wind+1"],"relics":["Burning Blood","War Paint","Darkstone Periapt","CeramicFish","Boot","Omamori","Calling Bell","Smiling Mask","Molten Egg 2","Old Coin","Potion Belt","PreservedInsect","Dream Catcher","Question Card","Mark of Pain","Toy Ornithopter","ClockworkSouvenir","Blood Vial","Oddly Smooth Stone","Bag of Preparation"],"acts_visited":["Exordium","TheCity","TheBeyond"],"potions_floor_usage":[45,45,50,50],"damage_taken":[{"damage":6.0,"enemies":"Jaw Worm","floor":1.0,"turns":3.0},{"damage":6.0,"enemies":"Cultist","floor":4.0,"turns":3.0},{"damage":0.0,"enemies":"2 Louse","floor":5.0,"turns":2.0},{"damage":32.0,"enemies":"Gremlin Nob","floor":6.0,"turns":4.0},{"damage":4.0,"enemies":"Gremlin Gang","floor":7.0,"turns":3.0},{"damage":6.0,"enemies":"Exordium Thugs","floor":8.0,"turns":3.0},{"damage":34.0,"enemies":"Lagavulin","floor":11.0,"turns":4.0},{"damage":0.0,"enemies":"3 Louse","floor":13.0,"turns":1.0},{"damage":16.0,"enemies":"3 Sentries","floor":14.0,"turns":6.0},{"damage":19.0,"enemies":"Slime Boss","floor":16.0,"turns":7.0},{"damage":44.0,"enemies":"2 Thieves","floor":18.0,"turns":4.0},{"damage":8.0,"enemies":"Spheric Guardian","floor":24.0,"turns":3.0},{"damage":27.0,"enemies":"Slavers","floor":25.0,"turns":4.0},{"damage":17.0,"enemies":"Shelled Parasite and Fungi","floor":27.0,"turns":3.0},{"damage":9.0,"enemies":"Cultist and Chosen","floor":28.0,"turns":6.0},{"damage":11.0,"enemies":"3 Cultists","floor":31.0,"turns":4.0},{"damage":38.0,"enemies":"Collector","floor":33.0,"turns":6.0},{"damage":18.0,"enemies":"3 Shapes","floor":35.0,"turns":3.0},{"damage":26.0,"enemies":"Orb Walker","floor":36.0,"turns":4.0},{"damage":10.0,"enemies":"Jaw Worm Horde","floor":41.0,"turns":2.0},{"damage":56.0,"enemies":"Spire Growth","floor":42.0,"turns":5.0},{"damage":39,"enemies":"Nemesis","floor":45,"turns":5},{"damage":37,"enemies":"Writhing Mass","floor":47,"turns":5},{"damage":6,"enemies":"Maw","floor":48,"turns":4},{"damage":38,"enemies":"Awakened One","floor":50,"turns":6}],"seed_played":"7053516714683049330","potions_obtained":[{"floor":1.0,"key":"Explosive Potion"},{"floor":4.0,"key":"Fire Potion"},{"floor":8.0,"key":"Explosive Potion"},{"floor":28.0,"key":"Regen Potion"},{"floor":31.0,"key":"SneckoOil"},{"floor":33.0,"key":"Energy Potion"},{"floor":41.0,"key":"Block Potion"},{"floor":47,"key":"Swift Potion"},{"floor":48,"key":"ColorlessPotion"}],"is_trial":false,"path_per_floor":["M","?","$","M","M","E","M","M","T","R","E","?","M","E","R","B",null,"M","?","?","T","$","R","M","E","T","M","M","?","R","M","R","B",null,"M","M","?","?","$","R","M","M","T","$","E","R","M","M","R","B",null],"character_chosen":"IRONCLAD","items_purchased":["Battle Trance","Inflame","War Paint","PreservedInsect","Second Wind","ClockworkSouvenir","Blood Vial","Oddly Smooth Stone"],"campfire_rested":3,"item_purchase_floors":[3,3,3,22,39,44,44,44],"current_hp_per_floor":[80,80,80,80,80,54,56,56,56,56,28,28,34,24,24,11,80,45,45,45,45,45,45,43,26,26,19,20,20,48,55,55,23,95,87,67,57,82,82,82,78,28,28,28,7,36,11,17,49,33],"gold":393,"neow_bonus":"THREE_CARDS","is_daily":false,"chose_seed":false,"campfire_upgraded":5,"win_rate":0.0,"timestamp":1613917351,"path_taken":["M","?","$","M","?","E","M","M","T","R","E","?","?","E","R","BOSS","M","?","?","?","$","R","M","E","T","M","M","?","R","M","R","BOSS","BOSS","M","M","?","?","?","R","M","M","T","$","E","R","M","M","R","BOSS"],"items_purchased_type":["Card","Card","Relic","Relic","Card","Relic","Relic","Relic"],"build_version":"2020-12-22","purchased_purges":4,"victory":true,"max_hp_per_floor":[80,80,80,80,80,80,80,80,80,80,80,80,80,80,80,80,80,83,83,83,83,83,83,83,87,87,91,95,95,95,95,95,95,95,99,99,99,99,99,99,99,99,99,99,99,99,103,107,107,111],"card_choices":[{"not_picked":["Shrug It Off","Heavy Blade"],"picked":"Flex","floor":0.0},{"not_picked":["Havoc","Iron Wave"],"picked":"Sever Soul","floor":1.0},{"not_picked":["Headbutt","Cleave"],"picked":"Shrug It Off","floor":4.0},{"not_picked":["Blood for Blood","Sword Boomerang"],"picked":"Body Slam","floor":5.0},{"not_picked":["Metallicize","Clothesline"],"picked":"Heavy Blade","floor":6.0},{"not_picked":["Clash","Thunderclap"],"picked":"Offering","floor":7.0},{"not_picked":["Warcry","Flame Barrier","Shrug It Off"],"picked":"SKIP","floor":8.0},{"not_picked":["Disarm","Cleave","Thunderclap"],"picked":"SKIP","floor":11.0},{"not_picked":["Wild Strike","Havoc","Dropkick"],"picked":"SKIP","floor":13.0},{"not_picked":["Headbutt","Flex"],"picked":"Burning Pact","floor":14.0},{"not_picked":["Berserk","Immolate"],"picked":"Feed","floor":16.0},{"not_picked":["Spot Weakness+1","Battle Trance"],"picked":"Pommel Strike+1","floor":18.0},{"not_picked":["Hemokinesis+1","Warcry+1"],"picked":"Shockwave+1","floor":24.0},{"not_picked":["Berserk","Anger+1","Perfected Strike+1"],"picked":"SKIP","floor":25.0},{"not_picked":["Burning Pact","Anger+1","Iron Wave+1"],"picked":"SKIP","floor":27.0},{"not_picked":["Twin Strike+1","Anger+1"],"picked":"Sword Boomerang+1","floor":28.0},{"not_picked":["Shockwave","Armaments","Blood for Blood+1"],"picked":"Feel No Pain","floor":30.0},{"not_picked":["Havoc","Warcry","Wild Strike+1","Pommel Strike+1"],"picked":"SKIP","floor":31.0},{"not_picked":["Demon Form","Reaper+1","Feed+1"],"picked":"Limit Break","floor":33.0},{"not_picked":["Havoc","Warcry","Metallicize+1"],"picked":"Power Through+1","floor":35.0},{"not_picked":["Shrug It Off","Fire Breathing+1","Evolve+1","Ghostly Armor+1"],"picked":"SKIP","floor":36.0},{"not_picked":["Dark Shackles","PanicButton","Mind Blast+1"],"picked":"Purity","floor":37.0},{"not_picked":["Sadistic Nature","Jack Of All Trades","Secret Weapon"],"picked":"Purity","floor":37.0},{"not_picked":["Pommel Strike+1","Combust+1","True Grit+1"],"picked":"Sentinel+1","floor":41.0},{"not_picked":["Pummel+1","Heavy Blade+1","Sentinel","Dual Wield"],"picked":"SKIP","floor":42.0},{"not_picked":["Headbutt+1","Flame Barrier","Sword Boomerang+1"],"picked":"Dark Embrace+1","floor":45},{"not_picked":["Sever Soul+1","Anger+1","Disarm+1","Sword Boomerang+1"],"picked":"SKIP","floor":47},{"not_picked":["Fire Breathing","Sword Boomerang+1","Cleave+1","Infernal Blade"],"picked":"SKIP","floor":48},{"not_picked":["Heavy Blade+1","Anger+1","Infernal Blade+1"],"picked":"Second Wind+1","floor":49}],"player_experience":375325,"relics_obtained":[{"floor":6.0,"key":"Darkstone Periapt"},{"floor":9.0,"key":"CeramicFish"},{"floor":11.0,"key":"Boot"},{"floor":14.0,"key":"Omamori"},{"floor":17.0,"key":"Smiling Mask"},{"floor":17.0,"key":"Molten Egg 2"},{"floor":17.0,"key":"Old Coin"},{"floor":21.0,"key":"Potion Belt"},{"floor":25.0,"key":"Dream Catcher"},{"floor":43.0,"key":"Toy Ornithopter"},{"floor":45,"key":"Bag of Preparation"}],"event_choices":[{"damage_healed":0.0,"max_hp_gain":0.0,"max_hp_loss":0.0,"gold_gain":275.0,"event_name":"Golden Shrine","player_choice":"Desecrate","floor":2.0,"gold_loss":0.0,"damage_taken":0.0,"cards_obtained":["Regret"]},{"damage_healed":0.0,"max_hp_gain":0.0,"max_hp_loss":0.0,"gold_gain":0.0,"event_name":"NoteForYourself","player_choice":"Ignored","floor":12.0,"gold_loss":0.0,"damage_taken":0.0},{"damage_healed":0.0,"max_hp_gain":0.0,"max_hp_loss":0.0,"gold_gain":0.0,"event_name":"The Library","player_choice":"Read","floor":19.0,"gold_loss":0.0,"damage_taken":0.0,"cards_obtained":["Heavy Blade"]},{"damage_healed":0.0,"max_hp_gain":0.0,"max_hp_loss":0.0,"gold_gain":0.0,"cards_transformed":["Strike_R","Strike_R"],"event_name":"Drug Dealer","player_choice":"Became Test Subject","floor":20.0,"gold_loss":0.0,"damage_taken":0.0,"cards_obtained":["Evolve","Cleave"]},{"damage_healed":0.0,"max_hp_gain":0.0,"max_hp_loss":0.0,"gold_gain":0.0,"event_name":"The Mausoleum","player_choice":"Opened","floor":29.0,"gold_loss":0.0,"damage_taken":0.0,"relics_obtained":["Question Card"]},{"damage_healed":0.0,"max_hp_gain":0.0,"max_hp_loss":0.0,"gold_gain":0.0,"event_name":"SensoryStone","player_choice":"Memory 3","floor":37.0,"gold_loss":0.0,"damage_taken":10.0},{"damage_healed":25.0,"max_hp_gain":0.0,"max_hp_loss":0.0,"gold_gain":0.0,"event_name":"Winding Halls","player_choice":"Writhe","floor":38.0,"gold_loss":0.0,"damage_taken":0.0,"cards_obtained":["Writhe"]}],"is_beta":false,"boss_relics":[{"not_picked":["Busted Crown","Tiny House"],"picked":"Calling Bell"},{"not_picked":["Runic Pyramid","Cursed Key"],"picked":"Mark of Pain"}],"items_purged_floors":[3,22,39,44],"is_endless":false,"potions_floor_spawned":[1,4,8,28,31,33,41,47,48],"ascension_level":0}}