{"host":"8is2j71l4wmybkoi","time":1613920077,"event":{"mods":["AchievementEnabler","BaseMod","Colored Map","DeckTracker","Minty Spire (QoL Compilation)","Rare Cards Sparkle","Relic Stats","StSLib","SuperFastMode"],"gold_per_floor":[116,130,148,165,165,199,199,239,266,266,278,303,326,62,62,62,62],"floor_reached":16,"language":"KOR","playtime":433,"items_purged":["Strike_B"],"score":200,"play_id":"5879497d-482a-4482-8618-054c79c9bc97","local_time":"20210222000757","is_ascension_mode":true,"campfire_choices":[{"data":"Streamline","floor":7.0,"key":"SMITH"},{"floor":10.0,"key":"REST"},{"data":"Dualcast","floor":15,"key":"SMITH"}],"circlet_count":0,"master_deck":["AscendersBane","Strike_B","Strike_B","Defend_B","Defend_B","Defend_B","Defend_B","Zap+1","Dualcast+1","Coolheaded","Streamline+1","Steam","FTL","Rebound","Aggregate","Sweeping Beam","Chill","Glacier","Reinforced Body"],"relics":["Cracked Core","Singing Bowl","CeramicFish","Smiling Mask","Omamori"],"acts_visited":["Exordium"],"potions_floor_usage":[16,16],"damage_taken":[{"damage":9.0,"enemies":"2 Louse","floor":1.0,"turns":2.0},{"damage":1.0,"enemies":"Cultist","floor":2.0,"turns":4.0},{"damage":8.0,"enemies":"Jaw Worm","floor":3.0,"turns":4.0},{"damage":1.0,"enemies":"Large Slime","floor":4.0,"turns":6.0},{"damage":18.0,"enemies":"Lagavulin","floor":6.0,"turns":6.0},{"damage":16.0,"enemies":"Gremlin Nob","floor":8.0,"turns":3.0},{"damage":0,"enemies":"Exordium Wildlife","floor":11,"turns":2},{"damage":0,"enemies":"2 Fungi Beasts","floor":12,"turns":2},{"damage":10,"enemies":"Red Slaver","floor":13,"turns":3},{"damage":34,"enemies":"Slime Boss","floor":16,"turns":3}],"seed_played":"3038096611830393718","potions_obtained":[{"floor":6.0,"key":"GamblersBrew"},{"floor":8.0,"key":"Explosive Potion"},{"floor":11,"key":"Strength Potion"}],"is_trial":false,"path_per_floor":["M","M","M","M","?","E","R","E","T","R","M","M","M","$","R","B"],"character_chosen":"DEFECT","items_purchased":["Omamori","Reinforced Body"],"campfire_rested":1,"item_purchase_floors":[14,14],"current_hp_per_floor":[55,54,46,45,45,27,27,11,11,32,34,34,24,24,24,0,0],"gold":62,"neow_bonus":"UPGRADE_CARD","is_daily":false,"chose_seed":false,"campfire_upgraded":2,"win_rate":0.0,"timestamp":1613920077,"path_taken":["M","M","M","M","?","E","R","E","T","R","M","?","M","$","R","BOSS"],"items_purchased_type":["Relic","Card"],"build_version":"2020-12-22","purchased_purges":1,"victory":false,"max_hp_per_floor":[71,71,71,71,71,71,71,71,71,71,73,73,73,73,73,73,73],"relic_stats":{"Singing Bowl":2,"counters":[10,35],"CeramicFish":36,"Smiling Mask":25,"obtain_stats":[{"Singing Bowl":6,"CeramicFish":8,"Omamori":14,"Cracked Core":0,"Smiling Mask":9},{"Singing Bowl":5,"CeramicFish":6,"Omamori":9,"Cracked Core":0,"Smiling Mask":6},{"Singing Bowl":22,"CeramicFish":25,"Omamori":32,"Cracked Core":0,"Smiling Mask":25}]},"card_choices":[{"not_picked":["Turbo","Redo"],"picked":"Coolheaded","floor":1.0},{"not_picked":["Double Energy","Static Discharge"],"picked":"Streamline","floor":2.0},{"not_picked":["Barrage","Stack"],"picked":"Steam","floor":3.0},{"not_picked":["Sweeping Beam","Ball Lightning"],"picked":"FTL","floor":4.0},{"not_picked":["Steam Power","Streamline"],"picked":"Aggregate","floor":6.0},{"not_picked":["Turbo","Ball Lightning"],"picked":"Sweeping Beam","floor":8.0},{"not_picked":["Reprogram","Sweeping Beam","Barrage"],"picked":"Singing Bowl","floor":11},{"not_picked":["White Noise","Chaos"],"picked":"Chill","floor":12},{"not_picked":["Ball Lightning","Cold Snap"],"picked":"Glacier","floor":13}],"player_experience":1292067,"relics_obtained":[{"floor":6.0,"key":"Singing Bowl"},{"floor":8.0,"key":"CeramicFish"},{"floor":9.0,"key":"Smiling Mask"}],"event_choices":[{"damage_healed":0.0,"max_hp_gain":0.0,"max_hp_loss":0.0,"gold_gain":0.0,"cards_transformed":["Strike_B"],"event_name":"Transmorgrifier","player_choice":"Transformed","floor":5.0,"gold_loss":0.0,"damage_taken":0.0,"cards_obtained":["Rebound"]}],"is_beta":false,"boss_relics":[],"items_purged_floors":[14],"is_endless":false,"potions_floor_spawned":[6,8,11,12],"killed_by":"Slime Boss","ascension_level":15}}