{"host":"hf83sijwe64ts2lm","time":1613921689,"event":{"mods":["2.2 Compatiblity","BaseMod","Better Altar","Better Match","Better Note","Better Sensory Stone","Better Skull","Better Third Choice","Colored Map","Colored Powertips","Highlight Path","Hubris","Infinite Spire","Minty Spire (QoL Compilation)","Quick Restart","Rare Cards Sparkle","Relic Stats","Reliquary","Replay The Spire","Shop Mod","Spicy Shops","Spire Arcade","StSLib","Thieving Mod"],"gold_per_floor":[115,75,0,16,33,61,61,61,61,72,82,92,110,161,161,259,259,270,185,185,110,123,153,153,59,135,45,64,64,64,80,80,181,231,250,250,150,35,47,47,47,47,95,115,115,115,115],"floor_reached":46,"language":"ENG","playtime":1021,"items_purged":["Regret"],"score":604,"play_id":"8c248a5b-7793-4ac0-af7e-180651c8ecbe","local_time":"20210221103449","is_ascension_mode":true,"campfire_choices":[{"floor":8,"key":"REST"},{"floor":15,"key":"REST"},{"floor":24,"key":"REST"},{"data":"Replay:Many Hands","floor":29,"key":"SMITH"},{"floor":32,"key":"REST"},{"floor":40,"key":"REST"},{"floor":45,"key":"REST"}],"circlet_count":0,"master_deck":["Strike_R","Strike_R","Strike_R","Strike_R","Strike_R","Defend_R","Defend_R","Defend_R","Defend_R","Evolve","Perfected Strike","Spot Weakness","Life Link","Armaments","Fire Breathing","ReplayTheSpireMod:Limb From Limb","Intimidate","Juggernaut","Doubt","Reaper","Discovery","infinitespire:Punishment","Flame Barrier","Flex+1","Wild Strike","Flex","ReplayTheSpireMod:Private Reserves","Replay:Many Hands+1","Life Link","Poison Darts","Flex","Blur","Replay:Dark Deal","hubris:EnhanceAbility","Inflame","Thunderclap","Wild Strike+1","Life Link","Rampage+1"],"relics":["Burning Blood","Eternal Feather","hubris:OldNail","Onion Ring","reliquary:IridiumChain","ReplayTheSpireMod:SealedPack","reliquary:Spinner","reliquary:PartyBalloon","reliquary:Stiletto","hubris:DisguiseKit","Tiny House","Oddly Smooth Stone"],"acts_visited":["Exordium","TheCity","TheBeyond"],"potions_floor_usage":[6,6,6,6,12,13,23,28,33,35,42,44,44,44],"damage_taken":[{"damage":2,"enemies":"2 Louse","floor":1,"turns":3},{"damage":24,"enemies":"infinitespire:Voidling","floor":4,"turns":4},{"damage":0,"enemies":"Cultist","floor":5,"turns":2},{"damage":49,"enemies":"Gremlin Nob","floor":6,"turns":5},{"damage":12,"enemies":"Exordium Thugs","floor":10,"turns":4},{"damage":12,"enemies":"Looter","floor":11,"turns":2},{"damage":24,"enemies":"Blue Slaver","floor":12,"turns":3},{"damage":0,"enemies":"3 Louse","floor":13,"turns":2},{"damage":33,"enemies":"Fading Forest","floor":16,"turns":11},{"damage":25,"enemies":"Spheric Guardian","floor":18,"turns":4},{"damage":32,"enemies":"3 Byrds","floor":22,"turns":7},{"damage":7,"enemies":"Gremlin Leader","floor":23,"turns":2},{"damage":0,"enemies":"Snake Plant","floor":28,"turns":1},{"damage":31,"enemies":"3 Cultists","floor":31,"turns":4},{"damage":81,"enemies":"hubris:MusketHawk","floor":33,"turns":6},{"damage":45,"enemies":"3 Darklings","floor":35,"turns":4},{"damage":17,"enemies":"3 Shapes","floor":39,"turns":4},{"damage":52,"enemies":"Writhing Mass","floor":44,"turns":3},{"damage":90,"enemies":"Transient","floor":46,"turns":5}],"seed_played":"-1208050188845046606","potions_obtained":[{"floor":2,"key":"SpeedPotion"},{"floor":2,"key":"SmokeBomb"},{"floor":2,"key":"Venom Potion"},{"floor":4,"key":"Milkshake"},{"floor":5,"key":"EntropicBrew"},{"floor":11,"key":"GamblersBrew"},{"floor":12,"key":"infinitespire:BlackPotion"},{"floor":22,"key":"FearPotion"},{"floor":23,"key":"Weak Potion"},{"floor":31,"key":"DistilledChaos"},{"floor":34,"key":"SkillPotion"},{"floor":39,"key":"SteroidPotion"},{"floor":42,"key":"Fruit Juice"},{"floor":42,"key":"Block Potion"},{"floor":42,"key":"LiquidMemories"}],"is_trial":false,"path_per_floor":["M","?","$","M","M","E","?","R","T","M","M","M","M","T","R","B",null,"M","?","?","?","M","E","R","$","T","$","M","R","?","M","R","B",null,"M","?","NS","$","M","R","?","?","T","M","R","M"],"character_chosen":"IRONCLAD","items_purchased":["Wild Strike","Flex","ReplayTheSpireMod:Private Reserves","Inflame","Thunderclap"],"campfire_rested":6,"item_purchase_floors":[25,25,27,38,38],"current_hp_per_floor":[80,80,80,71,77,34,34,64,64,58,52,50,56,56,80,61,75,63,63,63,63,40,39,78,78,78,78,80,80,80,55,80,11,68,29,29,29,29,18,64,64,69,69,43,90,0,0],"gold":115,"neow_bonus":"RANDOM_EVENT","is_daily":false,"chose_seed":false,"campfire_upgraded":1,"win_rate":0.0,"timestamp":1613921689,"path_taken":["M","?","$","M","?","E","?","R","T","M","M","?","M","?","R","BOSS","M","?","?","?","M","E","R","$","T","$","M","R","?","M","R","BOSS","M","?","NS","$","M","R","?","?","T","M","R","?"],"items_purchased_type":["Card","Card","Card","Card","Card"],"build_version":"2020-12-22","purchased_purges":1,"victory":false,"max_hp_per_floor":[80,80,80,80,80,80,80,80,80,80,80,80,80,80,80,80,80,80,80,80,80,80,80,80,80,80,80,80,80,80,80,80,80,85,85,85,85,85,85,85,85,90,90,90,90,90,90],"relic_stats":{"counters":[19,76],"Eternal Feather":90,"obtain_stats":[{"hubris:DisguiseKit":26,"Tiny House":34,"reliquary:PartyBalloon":20,"Oddly Smooth Stone":43,"Eternal Feather":0,"Onion Ring":7,"ReplayTheSpireMod:SealedPack":17,"reliquary:Stiletto":23,"reliquary:Spinner":19,"Burning Blood":0,"hubris:OldNail":6,"reliquary:IridiumChain":9},{"hubris:DisguiseKit":12,"Tiny House":15,"reliquary:PartyBalloon":10,"Oddly Smooth Stone":17,"Eternal Feather":0,"Onion Ring":4,"ReplayTheSpireMod:SealedPack":9,"reliquary:Stiletto":12,"reliquary:Spinner":10,"Burning Blood":0,"hubris:OldNail":4,"reliquary:IridiumChain":4},{"hubris:DisguiseKit":49,"Tiny House":60,"reliquary:PartyBalloon":40,"Oddly Smooth Stone":68,"Eternal Feather":0,"Onion Ring":14,"ReplayTheSpireMod:SealedPack":36,"reliquary:Stiletto":49,"reliquary:Spinner":40,"Burning Blood":0,"hubris:OldNail":14,"reliquary:IridiumChain":14}],"Burning Blood":100},"card_choices":[{"not_picked":["Perfected Strike","Feel No Pain"],"picked":"Evolve","floor":1},{"not_picked":["Sword Boomerang","ReplayTheSpireMod:Limb From Limb"],"picked":"Perfected Strike","floor":4},{"not_picked":["Replay:Undeath\u0027s Touch","Seeing Red"],"picked":"Spot Weakness","floor":5},{"not_picked":["Warcry","True Grit"],"picked":"Life Link","floor":6},{"not_picked":["Disarm","Barricade"],"picked":"Armaments","floor":10},{"not_picked":["Cleave","Uppercut"],"picked":"Fire Breathing","floor":11},{"not_picked":["Twin Strike","Clothesline"],"picked":"ReplayTheSpireMod:Limb From Limb","floor":12},{"not_picked":["True Grit","Clothesline"],"picked":"Intimidate","floor":13},{"not_picked":["Fiend Fire","Demonic Infusion"],"picked":"Juggernaut","floor":16},{"not_picked":["hubris:MerchantsHand","m_Survivalism"],"picked":"Zap","floor":17},{"not_picked":["Impervious","Eclipse"],"picked":"Reaper","floor":17},{"not_picked":["Blind","Deep Breath"],"picked":"Discovery","floor":17},{"not_picked":["infinitespire:Fortify","ReplayTheSpireMod:??????????????????????"],"picked":"infinitespire:Punishment","floor":17},{"not_picked":["Reckless Charge","Pommel Strike+1"],"picked":"Replay:Undeath\u0027s Touch+1","floor":18},{"not_picked":["ReplayTheSpireMod:Corrosion Curse","ReplayTheSpireMod:Strike From Hell"],"picked":"Flame Barrier","floor":22},{"not_picked":["Armaments","Wild Strike"],"picked":"Flex+1","floor":23},{"not_picked":["Iron Wave","Headbutt","hubris:SlightOfHand"],"picked":"Replay:Many Hands","floor":28},{"not_picked":["Twin Strike","Clothesline","Deadly Poison"],"picked":"Life Link","floor":31},{"not_picked":["Fiend Fire","hubris:StunningStrike","Reaper"],"picked":"Poison Darts","floor":33},{"not_picked":["Armaments","Clothesline+1","Underhanded Strike"],"picked":"Flex","floor":34},{"not_picked":["True Grit","Entrench+1","Evolve+1"],"picked":"Blur","floor":35},{"not_picked":["Specialist","Madness"],"picked":"Replay:Dark Deal","floor":36},{"not_picked":["Finesse","Dramatic Entrance"],"picked":"hubris:EnhanceAbility","floor":36},{"not_picked":["Defy Death+1","Uppercut+1","Dodge and Roll"],"picked":"Wild Strike+1","floor":39},{"not_picked":["Warcry+1","Heavy Blade","Sneak Up"],"picked":"Rampage+1","floor":44}],"player_experience":192894,"relics_obtained":[{"floor":6,"key":"hubris:OldNail"},{"floor":7,"key":"Onion Ring"},{"floor":9,"key":"reliquary:IridiumChain"},{"floor":23,"key":"reliquary:Stiletto"},{"floor":26,"key":"hubris:DisguiseKit"},{"floor":43,"key":"Oddly Smooth Stone"}],"event_choices":[{"damage_healed":0,"gold_gain":0,"player_choice":"Box","damage_taken":0,"relics_obtained":["Eternal Feather"],"max_hp_gain":0,"max_hp_loss":0,"event_name":"Big Fish","floor":0,"gold_loss":0,"cards_obtained":["Regret"]},{"damage_healed":0,"gold_gain":0,"player_choice":"Bought 3 Potions","damage_taken":0,"max_hp_gain":0,"max_hp_loss":0,"event_name":"The Woman in Blue","floor":2,"gold_loss":0},{"damage_healed":0,"gold_gain":0,"player_choice":"Relic","damage_taken":0,"max_hp_gain":0,"max_hp_loss":0,"event_name":"Wheel of Change","floor":7,"gold_loss":0},{"damage_healed":0,"gold_gain":0,"player_choice":"Obtained Relic","damage_taken":0,"relics_obtained":["reliquary:Spinner"],"max_hp_gain":0,"max_hp_loss":0,"event_name":"Addict","floor":19,"gold_loss":85},{"damage_healed":0,"gold_gain":0,"player_choice":"Opened","damage_taken":0,"relics_obtained":["reliquary:PartyBalloon"],"max_hp_gain":0,"max_hp_loss":0,"event_name":"The Mausoleum","floor":20,"gold_loss":0},{"cards_removed":["Zap"],"damage_healed":0,"gold_gain":0,"player_choice":"Gave Gold","damage_taken":0,"max_hp_gain":0,"max_hp_loss":0,"event_name":"Beggar","floor":21,"gold_loss":75},{"damage_healed":0,"gold_gain":3,"player_choice":"1","damage_taken":0,"max_hp_gain":0,"max_hp_loss":0,"event_name":"betterStone:BetterStone","floor":36,"gold_loss":0},{"damage_healed":0,"gold_gain":0,"player_choice":"Got Potions","damage_taken":0,"max_hp_gain":0,"max_hp_loss":0,"event_name":"Lab","floor":42,"gold_loss":0}],"is_beta":false,"boss_relics":[{"not_picked":["Replay:Grab Bag","Abe\u0027s Treasure"],"picked":"ReplayTheSpireMod:SealedPack"},{"not_picked":["hubris:CrackedHourglass","Replay:Wanted Poster"],"picked":"Tiny House"}],"items_purged_floors":[3],"is_endless":false,"potions_floor_spawned":[4,5,11,12,22,23,31,39],"killed_by":"Transient","ascension_level":5}}