{"host":"w7tt687j332gugiq","time":1613909021,"event":{"mods":["BaseMod","Minty Spire (QoL Compilation)","StSLib"],"gold_per_floor":[114,131,141,141,18,18,53,53,79,79,79,92,114,143,143,238,238,258,274,274,288,288,315,331,357,384,384,39,58,58,75,75,75,75],"floor_reached":33,"language":"ZHS","playtime":1467,"items_purged":["Strike_G"],"score":428,"play_id":"ffe22c6e-28c5-4cf0-8173-b83b2178b658","local_time":"20210221200341","is_ascension_mode":true,"campfire_choices":[{"data":"Cloak And Dagger","floor":6.0,"key":"SMITH"},{"data":"Footwork","floor":8.0,"key":"SMITH"},{"floor":11.0,"key":"REST"},{"floor":15.0,"key":"REST"},{"data":"Neutralize","floor":27.0,"key":"SMITH"},{"floor":32,"key":"REST"}],"circlet_count":0,"master_deck":["Strike_G","Strike_G","Defend_G","Defend_G+1","Defend_G","Defend_G","Defend_G+1","Survivor","Neutralize+1","Footwork+1","All Out Attack+1","Acrobatics","Cloak And Dagger+1","Deflect","Acrobatics","Malaise+1","Cloak And Dagger","Burst","Concentrate+1","Well Laid Plans","Grand Finale","Blade Dance","Escape Plan","Deflect","Prepared"],"relics":["Ring of the Snake","NeowsBlessing","Vajra","Blue Candle","Art of War","Odd Mushroom","War Paint","Sozu","Bag of Preparation","Potion Belt","Tiny Chest","Tingsha"],"acts_visited":["Exordium","TheCity"],"potions_floor_usage":[],"damage_taken":[{"damage":0.0,"enemies":"Small Slimes","floor":1.0,"turns":1.0},{"damage":0.0,"enemies":"Cultist","floor":2.0,"turns":1.0},{"damage":0.0,"enemies":"Jaw Worm","floor":3.0,"turns":1.0},{"damage":26.0,"enemies":"Gremlin Nob","floor":7.0,"turns":5.0},{"damage":0.0,"enemies":"Large Slime","floor":12.0,"turns":4.0},{"damage":7.0,"enemies":"The Mushroom Lair","floor":13.0,"turns":4.0},{"damage":14.0,"enemies":"3 Sentries","floor":14.0,"turns":6.0},{"damage":7.0,"enemies":"Slime Boss","floor":16.0,"turns":8.0},{"damage":4.0,"enemies":"Spheric Guardian","floor":18.0,"turns":6.0},{"damage":4.0,"enemies":"3 Byrds","floor":19.0,"turns":7.0},{"damage":0.0,"enemies":"Shelled Parasite and Fungi","floor":21.0,"turns":9.0},{"damage":6.0,"enemies":"Gremlin Leader","floor":23.0,"turns":8.0},{"damage":6.0,"enemies":"Centurion and Healer","floor":24.0,"turns":10.0},{"damage":10.0,"enemies":"Book of Stabbing","floor":25.0,"turns":7.0},{"damage":16.0,"enemies":"Snecko","floor":29.0,"turns":9.0},{"damage":8,"enemies":"Cultist and Chosen","floor":31,"turns":5},{"damage":36,"enemies":"Automaton","floor":33,"turns":12}],"seed_played":"-4021042948534170182","potions_obtained":[{"floor":1.0,"key":"Weak Potion"},{"floor":2.0,"key":"PowerPotion"},{"floor":13.0,"key":"CunningPotion"},{"floor":14.0,"key":"CultistPotion"}],"is_trial":false,"path_per_floor":["M","M","M","?","$","R","E","R","T","?","R","M","?","E","R","B",null,"M","M","?","M","?","E","M","E","T","R","$","M","$","M","R","B"],"character_chosen":"THE_SILENT","items_purchased":["Cloak And Dagger","Tingsha","Deflect"],"campfire_rested":3,"item_purchase_floors":[5,28,28],"current_hp_per_floor":[63,63,63,63,63,63,37,37,37,23,44,44,37,23,44,37,62,58,54,54,54,54,48,42,32,32,32,32,16,16,8,29,0,0],"gold":75,"neow_bonus":"THREE_ENEMY_KILL","is_daily":false,"chose_seed":false,"campfire_upgraded":3,"win_rate":0.0,"timestamp":1613909021,"path_taken":["M","M","M","?","?","R","E","R","T","?","R","?","?","E","R","BOSS","M","M","?","M","?","E","M","E","T","R","$","M","?","M","R","BOSS"],"items_purchased_type":["Card","Relic","Card"],"build_version":"2020-12-22","purchased_purges":1,"victory":false,"max_hp_per_floor":[70,70,70,70,70,70,70,70,70,70,70,70,70,70,70,70,70,70,70,70,70,70,70,70,70,70,70,70,70,70,70,70,70,70],"card_choices":[{"not_picked":["Backflip","Leg Sweep"],"picked":"Footwork","floor":1.0},{"not_picked":["Dagger Throw","Poisoned Stab"],"picked":"All Out Attack","floor":2.0},{"not_picked":["Underhanded Strike","Distraction"],"picked":"Acrobatics","floor":3.0},{"not_picked":["Flying Knee","All Out Attack"],"picked":"Deflect","floor":7.0},{"not_picked":["Poisoned Stab","Sucker Punch"],"picked":"Acrobatics","floor":12.0},{"not_picked":["Caltrops","Terror"],"picked":"Malaise","floor":13.0},{"not_picked":["Dash","Poisoned Stab"],"picked":"Cloak And Dagger","floor":14.0},{"not_picked":["Tools of the Trade","Unload"],"picked":"Burst","floor":16.0},{"not_picked":["Deadly Poison+1","Cloak And Dagger"],"picked":"Concentrate+1","floor":18.0},{"not_picked":["Skewer","Deadly Poison","Dagger Spray"],"picked":"SKIP","floor":19.0},{"not_picked":["Flying Knee","Sucker Punch","Dagger Throw+1"],"picked":"SKIP","floor":21.0},{"not_picked":["Venomology","Flying Knee+1"],"picked":"Blade Dance","floor":23.0},{"not_picked":["Eviscerate","Deflect+1"],"picked":"Escape Plan","floor":24.0},{"not_picked":["Deadly Poison","Malaise","Dagger Throw"],"picked":"SKIP","floor":25.0},{"not_picked":["Leg Sweep","Acrobatics"],"picked":"Prepared","floor":29.0},{"not_picked":["Flying Knee","Heel Hook","Masterful Stab"],"picked":"SKIP","floor":31}],"player_experience":162297,"relics_obtained":[{"floor":7.0,"key":"Blue Candle"},{"floor":9.0,"key":"Art of War"},{"floor":13.0,"key":"Odd Mushroom"},{"floor":14.0,"key":"War Paint"},{"floor":23.0,"key":"Bag of Preparation"},{"floor":25.0,"key":"Potion Belt"},{"floor":26.0,"key":"Tiny Chest"}],"event_choices":[{"damage_healed":0.0,"max_hp_gain":0.0,"max_hp_loss":0.0,"gold_gain":0.0,"event_name":"WeMeetAgain","player_choice":"Gave Potion","floor":4.0,"gold_loss":0.0,"damage_taken":0.0,"relics_obtained":["Vajra"]},{"damage_healed":0.0,"max_hp_gain":0.0,"max_hp_loss":0.0,"gold_gain":0.0,"event_name":"Shining Light","player_choice":"Entered Light","floor":10.0,"gold_loss":0.0,"damage_taken":14.0,"cards_upgraded":["Defend_G","All Out Attack"]},{"damage_healed":0.0,"max_hp_gain":0.0,"max_hp_loss":0.0,"gold_gain":0.0,"event_name":"Mushrooms","player_choice":"Fought Mushrooms","floor":13.0,"gold_loss":0.0,"damage_taken":0.0},{"damage_healed":0.0,"max_hp_gain":0.0,"max_hp_loss":0.0,"gold_gain":0.0,"event_name":"Vampires","player_choice":"Ignored","floor":20.0,"gold_loss":0.0,"damage_taken":0.0},{"damage_healed":0.0,"max_hp_gain":0.0,"max_hp_loss":0.0,"gold_gain":0.0,"cards_transformed":["Strike_G","Strike_G"],"event_name":"Drug Dealer","player_choice":"Became Test Subject","floor":22.0,"gold_loss":0.0,"damage_taken":0.0,"cards_obtained":["Well Laid Plans","Grand Finale"]}],"is_beta":false,"boss_relics":[{"not_picked":["Pandora\u0027s Box","Astrolabe"],"picked":"Sozu"}],"items_purged_floors":[5],"is_endless":false,"potions_floor_spawned":[1,2,13,14,21,23,29,31],"killed_by":"Automaton","ascension_level":9}}