{"host":"otnudku6n3tqcmrv","time":1613918981,"event":{"mods":["BaseMod","CapriCore","Colored Map","DeckTracker","KOR Keyword Fix","Keyboard Shortcuts","Minty Spire (QoL Compilation)","Quick Restart","StSLib","SuperFastMode","The Immortal","Waifu the Spire","everything is the same but u backflip on backflip"],"gold_per_floor":[118,118,118,193,193,193,236,236,236,236,281,310,334,378,378,506,506,534,534,564,584,584,584,624,651,677,677,699,723,748,663,663,795,804,828,828,837,861,2,42,42,64,137,162,162,102,102,102,102,102],"floor_reached":48,"language":"KOR","playtime":1485,"items_purged":["MokouMod:Strike"],"score":573,"play_id":"340ad3c6-8119-4550-99bc-8029c8035552","local_time":"20210221234941","is_ascension_mode":false,"campfire_choices":[{"data":"MokouMod:TemporalFireSeal","floor":6,"key":"SMITH"},{"data":"MokouMod:ExplosiveFlame","floor":8,"key":"SMITH"},{"data":"MokouMod:HeatSpark","floor":10,"key":"SMITH"},{"data":"MokouMod:ImperishableFlame","floor":15,"key":"SMITH"},{"data":"MokouMod:RisingSunBarrier","floor":23,"key":"SMITH"},{"data":"MokouMod:Strike","floor":27,"key":"PURGE"},{"data":"MokouMod:Strike","floor":32,"key":"PURGE"},{"data":"MokouMod:Strike","floor":41,"key":"PURGE"},{"data":"MokouMod:Strike","floor":45,"key":"PURGE"}],"circlet_count":0,"master_deck":["MokouMod:Defend+1","MokouMod:Defend","MokouMod:Defend","MokouMod:Defend","MokouMod:HeatSpark+1","MokouMod:TemporalFireSeal+1","MokouMod:IgnitionBarrier","MokouMod:Ember","MokouMod:RisingSunBarrier+1","MokouMod:ImperishableFlame+1","MokouMod:Geothermal","MokouMod:WarmUp","MokouMod:FlareStarter+1","MokouMod:PhoenixFeathers","MokouMod:IcarusDive","MokouMod:Fireball+1","MokouMod:WarmUp+1","MokouMod:SearingBlow+3","CurseOfTheBell","MokouMod:Afterburner+1","MokouMod:RisingSunBarrier+1","MokouMod:Firecracker+1","MokouMod:Meltdown","MokouMod:FlareStarter+1","MokouMod:Extinguish","MokouMod:Firecracker+1"],"relics":["MokouMod:PhoenixFeather","NeowsBlessing","Golden Idol","Vajra","The Courier","Pear","CeramicFish","Eternal Feather","Coffee Dripper","Peace Pipe","Happy Flower","Centennial Puzzle","Calling Bell","Potion Belt","White Beast Statue","TungstenRod","TheAbacus","War Paint","Bronze Scales","Juzu Bracelet","Akabeko","Frozen Egg 2","Lantern","Kunai"],"acts_visited":["Exordium","TheCity","TheBeyond"],"potions_floor_usage":[16,25,29,33,42],"damage_taken":[{"damage":0,"enemies":"Small Slimes","floor":1,"turns":1},{"damage":0,"enemies":"Lagavulin","floor":7,"turns":1},{"damage":0,"enemies":"3 Sentries","floor":11,"turns":1},{"damage":13,"enemies":"2 Louse","floor":12,"turns":2},{"damage":4,"enemies":"Jaw Worm","floor":13,"turns":2},{"damage":12,"enemies":"Lagavulin","floor":14,"turns":8},{"damage":53,"enemies":"Slime Boss","floor":16,"turns":11},{"damage":9,"enemies":"Shell Parasite","floor":18,"turns":6},{"damage":25,"enemies":"2 Thieves","floor":20,"turns":4},{"damage":42,"enemies":"Cultist and Chosen","floor":21,"turns":8},{"damage":28,"enemies":"Book of Stabbing","floor":24,"turns":8},{"damage":5,"enemies":"Snake Plant","floor":25,"turns":5},{"damage":15,"enemies":"Chosen and Byrds","floor":28,"turns":7},{"damage":7,"enemies":"3 Cultists","floor":29,"turns":5},{"damage":12,"enemies":"Centurion and Healer","floor":30,"turns":5},{"damage":86,"enemies":"Champ","floor":33,"turns":15},{"damage":16,"enemies":"3 Darklings","floor":35,"turns":5},{"damage":9,"enemies":"Orb Walker","floor":38,"turns":6},{"damage":5,"enemies":"Reptomancer","floor":40,"turns":7},{"damage":40,"enemies":"Transient","floor":42,"turns":5},{"damage":4,"enemies":"3 Darklings","floor":44,"turns":6},{"damage":41,"enemies":"Maw","floor":48,"turns":13}],"seed_played":"847714128871833632","potions_obtained":[{"floor":11,"key":"Swift Potion"},{"floor":13,"key":"EssenceOfSteel"},{"floor":14,"key":"Dexterity Potion"},{"floor":16,"key":"FearPotion"},{"floor":28,"key":"AttackPotion"},{"floor":35,"key":"BlessingOfTheForge"},{"floor":38,"key":"BlessingOfTheForge"},{"floor":40,"key":"SkillPotion"},{"floor":42,"key":"LiquidBronze"},{"floor":44,"key":"Strength Potion"}],"is_trial":false,"path_per_floor":["M","?","?","?","?","R","E","R","T","R","E","M","M","E","R","B",null,"M","?","M","M","?","R","E","M","T","R","M","M","M","?","R","B",null,"M","?","?","M","$","E","R","M","T","M","R","$","?","M"],"character_chosen":"MKU","items_purchased":["TheAbacus","War Paint","MokouMod:Meltdown","Bronze Scales","Juzu Bracelet","Akabeko","Frozen Egg 2"],"campfire_rested":0,"item_purchase_floors":[39,39,39,39,39,39,39],"current_hp_per_floor":[75,69,66,55,60,60,60,60,70,70,70,57,53,41,50,21,84,75,75,50,8,94,94,66,61,61,73,58,51,39,39,51,23,94,78,78,78,69,69,64,79,39,39,35,50,50,82,41,41,41],"gold":102,"neow_bonus":"THREE_ENEMY_KILL","is_daily":false,"chose_seed":false,"campfire_upgraded":5,"win_rate":0.0,"timestamp":1613918981,"path_taken":["M","?","?","?","?","R","E","R","T","R","E","M","M","E","R","BOSS","M","?","M","M","?","R","E","?","T","R","M","M","M","?","R","BOSS","M","?","?","?","$","E","R","M","T","M","R","$","?","M"],"items_purchased_type":["Relic","Relic","Card","Relic","Relic","Relic","Relic"],"build_version":"2020-12-22","purchased_purges":1,"victory":false,"max_hp_per_floor":[75,69,69,69,74,74,74,74,84,84,84,84,84,84,84,84,84,84,84,84,84,94,94,94,94,94,94,94,94,94,94,94,94,94,94,94,94,94,94,94,94,94,94,94,94,94,82,82,82,82],"card_choices":[{"not_picked":["MokouMod:Singe","MokouMod:Firecracker"],"picked":"MokouMod:TemporalFireSeal","floor":1},{"not_picked":["MokouMod:Overheat","MokouMod:EnchantingBambooForest"],"picked":"MokouMod:ExplosiveFlame","floor":7},{"not_picked":["MokouMod:Burn","MokouMod:Refresh"],"picked":"MokouMod:IgnitionBarrier","floor":11},{"not_picked":["MokouMod:FujiyamaVolcano","MokouMod:HeatTransfer"],"picked":"MokouMod:Ember","floor":12},{"not_picked":["MokouMod:ScorchingColumn","MokouMod:UncontrollableSolarReaction"],"picked":"MokouMod:RisingSunBarrier","floor":13},{"not_picked":["MokouMod:UncontrollableSolarReaction","MokouMod:TemporalFireSeal"],"picked":"MokouMod:ImperishableFlame","floor":14},{"not_picked":["MokouMod:RadiantBlade","MokouMod:EnchantingBambooForest"],"picked":"MokouMod:Geothermal","floor":16},{"not_picked":["MokouMod:UncontrollableSolarReaction","MokouMod:SearingShot"],"picked":"MokouMod:WarmUp","floor":18},{"not_picked":["MokouMod:GuidingSmoke","MokouMod:Singe"],"picked":"MokouMod:FlareStarter+1","floor":20},{"not_picked":["MokouMod:IcarusDive","MokouMod:Combust","MokouMod:ScorchingColumn"],"picked":"SKIP","floor":21},{"not_picked":["MokouMod:Sear","MokouMod:FlickeringFlame","MokouMod:PhoenixFeathers"],"picked":"SKIP","floor":24},{"not_picked":["MokouMod:Sear","MokouMod:FlickeringFlame"],"picked":"MokouMod:PhoenixFeathers","floor":24},{"not_picked":["MokouMod:RetainTemperature","MokouMod:ScorchedEarth"],"picked":"MokouMod:IcarusDive","floor":25},{"not_picked":["MokouMod:Singe+1","MokouMod:Combust"],"picked":"MokouMod:Fireball+1","floor":28},{"not_picked":["MokouMod:WarmUp","MokouMod:Stoke"],"picked":"MokouMod:FusionFlare+1","floor":29},{"not_picked":["MokouMod:UncontrollableSolarReaction","MokouMod:Sear"],"picked":"MokouMod:WarmUp+1","floor":30},{"not_picked":["MokouMod:Ventilation","MokouMod:ExplosiveFlame"],"picked":"MokouMod:SearingBlow","floor":33},{"not_picked":["MokouMod:IndiscriminateIgnition+1","MokouMod:InfernalWave+1"],"picked":"MokouMod:Afterburner","floor":35},{"not_picked":["MokouMod:HeatCyclone+1","MokouMod:HeatTransfer"],"picked":"MokouMod:Firecracker+1","floor":38},{"not_picked":["MokouMod:InfernalWave+1","MokouMod:IllusoryBattlefield"],"picked":"MokouMod:FlareStarter+1","floor":40},{"not_picked":["MokouMod:Sear+1","MokouMod:HeatCyclone"],"picked":"MokouMod:Extinguish","floor":42},{"not_picked":["MokouMod:Overheat","MokouMod:Burn"],"picked":"MokouMod:Firecracker+1","floor":44}],"player_experience":1308374,"relics_obtained":[{"floor":7,"key":"The Courier"},{"floor":9,"key":"Pear"},{"floor":11,"key":"CeramicFish"},{"floor":14,"key":"Eternal Feather"},{"floor":24,"key":"Peace Pipe"},{"floor":26,"key":"Happy Flower"},{"floor":34,"key":"Potion Belt"},{"floor":34,"key":"White Beast Statue"},{"floor":34,"key":"TungstenRod"},{"floor":40,"key":"Lantern"},{"floor":43,"key":"Kunai"}],"event_choices":[{"damage_healed":0,"gold_gain":0,"player_choice":"Lose Max HP","damage_taken":0,"relics_obtained":["Golden Idol"],"max_hp_gain":0,"max_hp_loss":6,"event_name":"Golden Idol","floor":2,"gold_loss":0},{"damage_healed":0,"gold_gain":0,"player_choice":"Success","damage_taken":3,"relics_obtained":["Vajra"],"max_hp_gain":0,"max_hp_loss":0,"event_name":"Scrap Ooze","floor":3,"gold_loss":0},{"damage_healed":0,"gold_gain":75,"player_choice":"Gather Gold","damage_taken":11,"max_hp_gain":0,"max_hp_loss":0,"event_name":"World of Goop","floor":4,"gold_loss":0},{"damage_healed":0,"gold_gain":0,"player_choice":"Donut","damage_taken":0,"max_hp_gain":5,"max_hp_loss":0,"event_name":"Big Fish","floor":5,"gold_loss":0},{"damage_healed":0,"gold_gain":0,"player_choice":"Ignored","damage_taken":0,"max_hp_gain":0,"max_hp_loss":0,"event_name":"Vampires","floor":19,"gold_loss":0},{"cards_removed":["MokouMod:ExplosiveFlame"],"damage_healed":76,"gold_gain":0,"player_choice":"Offered Rare","damage_taken":0,"max_hp_gain":10,"max_hp_loss":0,"event_name":"Bonfire Elementals","floor":22,"gold_loss":0},{"damage_healed":0,"gold_gain":0,"player_choice":"Obtained Relic","damage_taken":0,"relics_obtained":["Centennial Puzzle"],"max_hp_gain":0,"max_hp_loss":0,"event_name":"Addict","floor":31,"gold_loss":85},{"cards_removed":["MokouMod:FusionFlare"],"damage_healed":0,"gold_gain":0,"player_choice":"Removed Attack","damage_taken":0,"max_hp_gain":0,"max_hp_loss":0,"event_name":"Falling","floor":36,"gold_loss":0},{"damage_healed":0,"gold_gain":0,"player_choice":"Copied","damage_taken":0,"max_hp_gain":0,"max_hp_loss":0,"event_name":"Duplicator","floor":37,"gold_loss":0,"cards_obtained":["MokouMod:RisingSunBarrier"]},{"damage_healed":82,"gold_gain":0,"player_choice":"Heal","damage_taken":0,"max_hp_gain":0,"max_hp_loss":12,"event_name":"The Moai Head","floor":47,"gold_loss":0}],"is_beta":false,"boss_relics":[{"not_picked":["Runic Dome","Snecko Eye"],"picked":"Coffee Dripper"},{"not_picked":["SacredBark","Philosopher\u0027s Stone"],"picked":"Calling Bell"}],"items_purged_floors":[46],"is_endless":false,"potions_floor_spawned":[11,13,14,16,18,20,28,35,38,40,42,44],"killed_by":"Maw","ascension_level":0}}