{"host":"3kq0buktu0qm3oe2","time":1613921787,"event":{"mods":["BaseMod","Hermit","Minty Spire (QoL Compilation)","StSLib"],"gold_per_floor":[112,131,206,46,64,96,106,106,158,170,42,42,55,55,55,160,160,173,173,48,65,65,65,65,164,240,257,269,289,8,35,35,136,136,149,149,161,178,225,257,132,165,239,266,266,266,282,282,282,282,282],"floor_reached":50,"language":"ENG","playtime":2684,"items_purged":["Decay","Writhe","Clumsy"],"score":884,"play_id":"987df6e0-948f-41b2-a444-c7e6f9659ef5","local_time":"20210221093627","is_ascension_mode":true,"campfire_choices":[{"floor":8.0,"key":"REST"},{"data":"Thunderclap","floor":15.0,"key":"SMITH"},{"data":"Dropkick","floor":23.0,"key":"SMITH"},{"data":"Flash of Steel","floor":32.0,"key":"SMITH"},{"data":"Anger","floor":46.0,"key":"SMITH"},{"data":"Flex","floor":49.0,"key":"SMITH"}],"circlet_count":0,"master_deck":["Strike_R+1","Strike_R+1","Strike_R+1","Strike_R+1","Defend_R+1","Defend_R+1","Defend_R+1","Bash","Dropkick+1","Infernal Blade","Twin Strike","Headbutt","Flash of Steel+1","Clash","Thunderclap+1","Battle Trance","Reaper","Shrug It Off","Bash","Immolate","Impervious","Flex+1","Disarm","Anger+1","Pummel","Shockwave","Sword Boomerang+1","Flex+1","Regret","Feed+1","Writhe","Purity"],"relics":["Burning Blood","Shuriken","MealTicket","Cursed Key","Anchor","Letter Opener","Meat on the Bone","Bag of Preparation","SlaversCollar","FossilizedHelix","Pantograph","Blue Candle","Bottled Flame","Molten Egg 2"],"acts_visited":[],"potions_floor_usage":[],"damage_taken":[{"damage":17.0,"enemies":"2 Louse","floor":1.0,"turns":2.0},{"damage":8.0,"enemies":"Cultist","floor":2.0,"turns":3.0},{"damage":7.0,"enemies":"Jaw Worm","floor":5.0,"turns":2.0},{"damage":40.0,"enemies":"3 Sentries","floor":6.0,"turns":8.0},{"damage":2.0,"enemies":"Lots of Slimes","floor":7.0,"turns":3.0},{"damage":15.0,"enemies":"Large Slime","floor":10.0,"turns":3.0},{"damage":16.0,"enemies":"Exordium Thugs","floor":13.0,"turns":4.0},{"damage":39.0,"enemies":"The Guardian","floor":16.0,"turns":8.0},{"damage":7.0,"enemies":"Chosen","floor":18.0,"turns":3.0},{"damage":0.0,"enemies":"3 Byrds","floor":21.0,"turns":3.0},{"damage":18.0,"enemies":"Snake Plant","floor":27.0,"turns":4.0},{"damage":46.0,"enemies":"Snecko","floor":28.0,"turns":6.0},{"damage":0.0,"enemies":"3 Cultists","floor":29.0,"turns":3.0},{"damage":7.0,"enemies":"Book of Stabbing","floor":31.0,"turns":4.0},{"damage":54.0,"enemies":"Collector","floor":33.0,"turns":7.0},{"damage":39.0,"enemies":"3 Darklings","floor":35.0,"turns":5.0},{"damage":23.0,"enemies":"3 Shapes","floor":37.0,"turns":2.0},{"damage":34.0,"enemies":"Maw","floor":38.0,"turns":7.0},{"damage":38.0,"enemies":"2 Orb Walkers","floor":39.0,"turns":4.0},{"damage":36.0,"enemies":"Nemesis","floor":40.0,"turns":7.0},{"damage":0.0,"enemies":"Reptomancer","floor":42.0,"turns":5.0},{"damage":57.0,"enemies":"Giant Head","floor":44.0,"turns":7.0},{"damage":23.0,"enemies":"3 Darklings","floor":47.0,"turns":3.0},{"damage":0,"enemies":"Time Eater","floor":50,"turns":1}],"seed_played":"5687937288975841110","potions_obtained":[{"floor":1.0,"key":"FairyPotion"},{"floor":5.0,"key":"PowerPotion"},{"floor":6.0,"key":"EntropicBrew"},{"floor":13.0,"key":"FairyPotion"},{"floor":33.0,"key":"Swift Potion"},{"floor":39.0,"key":"Strength Potion"}],"is_trial":false,"path_per_floor":["M","M","?","$","M","E","M","R","T","M","$","?","M","?","R","B",null,"M","?","$","M","?","R","?","?","T","M","M","M","$","E","R","B",null,"M","?","M","M","?","E","$","E","T","E","?","R","M","?","R","B"],"character_chosen":"IRONCLAD","items_purchased":["Flash of Steel","Reaper","Shrug It Off","Flex","Meat on the Bone","Pummel"],"campfire_rested":1,"item_purchase_floors":[4,11,11,20,30,30],"current_hp_per_floor":[61,59,51,51,50,16,20,44,44,35,50,50,47,47,47,14,64,63,63,78,80,80,80,65,65,65,54,21,37,52,51,51,53,77,62,62,57,48,40,22,37,61,61,40,61,61,57,57,57,82,82],"gold":282,"neow_bonus":"TRANSFORM_TWO_CARDS","is_daily":false,"chose_seed":false,"campfire_upgraded":5,"win_rate":0.0,"timestamp":1613921787,"path_taken":["M","M","?","$","M","E","M","R","T","?","$","?","?","?","R","BOSS","M","?","$","M","?","R","?","?","T","M","?","M","$","E","R","BOSS","M","?","?","M","?","E","$","E","T","E","?","R","M","?","R","BOSS"],"items_purchased_type":["Card","Card","Card","Card","Relic","Card"],"build_version":"2020-12-22","purchased_purges":3,"victory":false,"max_hp_per_floor":[80,80,80,80,80,80,80,80,80,80,80,80,80,80,80,80,80,80,80,80,80,80,80,85,85,85,85,85,85,85,85,85,85,85,85,85,85,85,85,85,85,85,85,85,85,85,85,85,85,85,85],"card_choices":[{"not_picked":["Perfected Strike","Anger"],"picked":"Twin Strike","floor":1.0},{"not_picked":["Flex","Perfected Strike"],"picked":"Headbutt","floor":2.0},{"not_picked":["Shrug It Off","Havoc","Dual Wield"],"picked":"SKIP","floor":5.0},{"not_picked":["Headbutt","Body Slam"],"picked":"Clash","floor":6.0},{"not_picked":["Clothesline","Anger"],"picked":"Thunderclap","floor":7.0},{"not_picked":["Iron Wave","Carnage"],"picked":"Battle Trance","floor":10.0},{"not_picked":["Sever Soul","Perfected Strike","Infernal Blade"],"picked":"SKIP","floor":13.0},{"not_picked":["Offering","Juggernaut"],"picked":"Impervious","floor":16.0},{"not_picked":["Body Slam","Rupture+1","Wild Strike"],"picked":"SKIP","floor":18.0},{"not_picked":["Bloodletting","Sever Soul"],"picked":"Disarm","floor":21.0},{"not_picked":["Rupture","Searing Blow+1","Pommel Strike+1"],"picked":"SKIP","floor":27.0},{"not_picked":["Cleave","Wild Strike"],"picked":"Anger","floor":28.0},{"not_picked":["Metallicize","Warcry","Wild Strike"],"picked":"SKIP","floor":29.0},{"not_picked":["True Grit+1","Uppercut"],"picked":"Shockwave","floor":31.0},{"not_picked":["Anger","Shrug It Off+1","Body Slam+1"],"picked":"SKIP","floor":35.0},{"not_picked":["Infernal Blade","Armaments+1","Anger+1"],"picked":"SKIP","floor":37.0},{"not_picked":["Shrug It Off+1","Warcry"],"picked":"Sword Boomerang+1","floor":38.0},{"not_picked":["Armaments+1","Power Through+1","Clash+1"],"picked":"SKIP","floor":40.0},{"not_picked":["Anger+1","True Grit+1"],"picked":"Flex+1","floor":42.0},{"not_picked":["Infernal Blade","Corruption"],"picked":"Feed+1","floor":44.0},{"not_picked":["Warcry","Body Slam+1","Armaments"],"picked":"SKIP","floor":47.0},{"not_picked":["Madness","Blind"],"picked":"Purity","floor":48.0}],"player_experience":522203,"relics_obtained":[{"floor":6.0,"key":"Shuriken"},{"floor":9.0,"key":"MealTicket"},{"floor":26.0,"key":"Letter Opener"},{"floor":31.0,"key":"Bag of Preparation"},{"floor":39.0,"key":"FossilizedHelix"},{"floor":40.0,"key":"Pantograph"},{"floor":42.0,"key":"Blue Candle"},{"floor":43.0,"key":"Bottled Flame"},{"floor":44.0,"key":"Molten Egg 2"}],"event_choices":[{"damage_healed":0.0,"max_hp_gain":0.0,"max_hp_loss":0.0,"gold_gain":75.0,"event_name":"FaceTrader","player_choice":"Touch","floor":3.0,"gold_loss":0.0,"damage_taken":8.0},{"damage_healed":0.0,"max_hp_gain":0.0,"max_hp_loss":0.0,"gold_gain":0.0,"event_name":"Match and Keep!","player_choice":"2 cards matched","floor":12.0,"gold_loss":0.0,"damage_taken":0.0,"cards_obtained":["Havoc","Bash"]},{"damage_healed":0.0,"max_hp_gain":0.0,"max_hp_loss":0.0,"gold_gain":0.0,"cards_transformed":["Havoc"],"event_name":"Transmorgrifier","player_choice":"Transformed","floor":14.0,"gold_loss":0.0,"damage_taken":0.0,"cards_obtained":["Immolate"]},{"damage_healed":0.0,"max_hp_gain":0.0,"max_hp_loss":0.0,"gold_gain":0.0,"event_name":"The Mausoleum","player_choice":"Opened","floor":19.0,"gold_loss":0.0,"damage_taken":0.0,"relics_obtained":["Anchor"],"cards_obtained":["Writhe"]},{"damage_healed":0.0,"max_hp_gain":0.0,"max_hp_loss":0.0,"gold_gain":0.0,"event_name":"Back to Basics","player_choice":"Simplicity","floor":22.0,"gold_loss":0.0,"damage_taken":0.0,"cards_upgraded":["Strike_R","Strike_R","Strike_R","Strike_R","Defend_R","Defend_R","Defend_R"]},{"damage_healed":0.0,"max_hp_gain":5.0,"max_hp_loss":0.0,"gold_gain":0.0,"event_name":"Forgotten Altar","player_choice":"Shed Blood","floor":24.0,"gold_loss":0.0,"damage_taken":20.0},{"damage_healed":0.0,"max_hp_gain":0.0,"max_hp_loss":0.0,"gold_gain":99.0,"event_name":"Nest","player_choice":"Stole From Cult","floor":25.0,"gold_loss":0.0,"damage_taken":0.0},{"damage_healed":0.0,"max_hp_gain":0.0,"max_hp_loss":0.0,"gold_gain":0.0,"event_name":"The Woman in Blue","player_choice":"Bought 0 Potions","floor":36.0,"gold_loss":0.0,"damage_taken":0.0},{"damage_healed":0.0,"max_hp_gain":0.0,"max_hp_loss":0.0,"gold_gain":0.0,"event_name":"Mysterious Sphere","player_choice":"Fight","floor":39.0,"gold_loss":0.0,"damage_taken":0.0},{"damage_healed":21.0,"max_hp_gain":0.0,"max_hp_loss":0.0,"gold_gain":0.0,"event_name":"Winding Halls","player_choice":"Writhe","floor":45.0,"gold_loss":0.0,"damage_taken":0.0,"cards_obtained":["Writhe"]},{"damage_healed":0.0,"max_hp_gain":0.0,"max_hp_loss":0.0,"gold_gain":0.0,"event_name":"SensoryStone","player_choice":"Memory 1","floor":48.0,"gold_loss":0.0,"damage_taken":0.0}],"is_beta":false,"boss_relics":[{"not_picked":["Fusion Hammer","Empty Cage"],"picked":"Cursed Key"},{"not_picked":["Black Star","Runic Dome"],"picked":"SlaversCollar"}],"items_purged_floors":[4,20,41],"is_endless":false,"potions_floor_spawned":[1,5,6,13,28,33,37,39],"killed_by":"Time Eater","ascension_level":9}}