{"host":"skr63qsdfgeey3it","time":1613868210,"event":{"mods":["BaseMod","Colored Map","Hubris","Minty Spire (QoL Compilation)","Monster B Gone","Reliquary","Replay The Spire","Spicy Shops","StSLib"],"gold_per_floor":[112,112,122,1,15,15,15,15,15,15,15,15,15,15,59,73,73,166,166,166,166],"floor_reached":20,"language":"ENG","playtime":547,"items_purged":[],"score":294,"play_id":"a36c4168-c092-4bcc-b945-9e323936d790","local_time":"20210220184330","is_ascension_mode":true,"campfire_choices":[{"floor":6,"key":"REST"},{"data":"Transmutation","floor":14,"key":"SMITH"},{"floor":17,"key":"REST"}],"circlet_count":0,"master_deck":["AscendersBane","Strike_B","Strike_B","Strike_B","Defend_B","Defend_B","Defend_B","Zap","Dualcast","Fission","ReplayGash","Rebound","Conserve Battery","Transmutation+1","Dark Shackles","Panacea","ReplayGash","Capacitor","Coolheaded","Buffer"],"relics":["Cracked Core","Letter Opener","ReplayTheSpireMod:ShopPack","Golden Idol","hubris:TinFlute","hubris:Towel","hubris:Icosahedron","Eternal Feather","Black Star"],"acts_visited":["Exordium","TheCity"],"potions_floor_usage":[15,16],"damage_taken":[{"damage":6,"enemies":"2 Louse","floor":1,"turns":3},{"damage":12,"enemies":"Small Slimes","floor":3,"turns":2},{"damage":7,"enemies":"Jaw Worm","floor":5,"turns":3},{"damage":20,"enemies":"3 Sentries","floor":15,"turns":6},{"damage":9,"enemies":"Exordium Wildlife","floor":16,"turns":4},{"damage":21,"enemies":"Slime Boss","floor":18,"turns":8},{"damage":25,"enemies":"Spheric Guardian","floor":20,"turns":4}],"seed_played":"6262197943425139050","potions_obtained":[{"floor":1,"key":"SpeedPotion"},{"floor":16,"key":"SteroidPotion"}],"is_trial":false,"path_per_floor":["M","?","M","$","M","R","?","$","T","PTL","PTL","?","?","R","E","M","R","B",null,"M"],"character_chosen":"DEFECT","items_purchased":["ReplayTheSpireMod:ShopPack"],"campfire_rested":2,"item_purchase_floors":[4],"current_hp_per_floor":[40,35,23,23,16,37,37,37,37,37,37,37,37,37,17,8,36,15,52,27,27],"gold":166,"neow_bonus":"TRANSFORM_TWO_CARDS","is_daily":false,"chose_seed":false,"campfire_upgraded":1,"win_rate":0.0,"timestamp":1613868210,"path_taken":["M","?","M","$","M","R","?","?","T","PTL","PTL","?","?","R","E","M","R","BOSS","M"],"items_purchased_type":["Relic"],"build_version":"2020-12-22","purchased_purges":0,"victory":false,"max_hp_per_floor":[71,71,71,71,71,71,64,64,64,64,64,64,64,64,64,64,64,64,64,64,64],"card_choices":[{"not_picked":["Storm","Coolheaded"],"picked":"Rebound","floor":1},{"not_picked":["Sweeping Beam","Compile Driver"],"picked":"Conserve Battery","floor":3},{"not_picked":["Violence","Poisoned Strike"],"picked":"Transmutation","floor":4},{"not_picked":["Replay:BasicMightCard","Jack Of All Trades"],"picked":"Dark Shackles","floor":4},{"not_picked":["PanicButton","Finesse"],"picked":"Panacea","floor":4},{"not_picked":["Defragment","Conserve Battery"],"picked":"ReplayGash","floor":5},{"not_picked":["Conserve Battery","Doom and Gloom"],"picked":"Capacitor","floor":15},{"not_picked":["Beam Cell","Sweeping Beam"],"picked":"Coolheaded","floor":16},{"not_picked":["Multi-Cast","All For One"],"picked":"Buffer","floor":18}],"player_experience":985622,"relics_obtained":[{"floor":9,"key":"hubris:TinFlute"},{"floor":15,"key":"Eternal Feather"}],"event_choices":[{"damage_healed":0,"gold_gain":0,"player_choice":"Success","damage_taken":5,"relics_obtained":["Letter Opener"],"max_hp_gain":0,"max_hp_loss":0,"event_name":"Scrap Ooze","floor":2,"gold_loss":0},{"damage_healed":0,"gold_gain":0,"player_choice":"Lose Max HP","damage_taken":0,"relics_obtained":["Golden Idol"],"max_hp_gain":0,"max_hp_loss":7,"event_name":"Golden Idol","floor":7,"gold_loss":0}],"is_beta":false,"boss_relics":[{"not_picked":["Honey Jar","Fusion Hammer"],"picked":"Black Star"}],"items_purged_floors":[],"is_endless":false,"potions_floor_spawned":[1,16],"killed_by":"Spheric Guardian","ascension_level":15}}