{"host":"m3nvt13i50wb5dv0","time":1613925346,"event":{"mods":["2.2 Compatiblity","Act Like it!","BaseMod","Bossed Relics","Curses Come First","Downfall","Fox Events","Minty Spire (QoL Compilation)","Relic Stats","Reliquary","Robot Space Explorer","Ruina","Spire Arcade","StSLib"],"gold_per_floor":[119,119,3,3,3,31,31,31,55,72,82,114,124,124,124,201,201,216,216,216],"floor_reached":19,"language":"ENG","playtime":920,"items_purged":["Regret"],"score":400,"play_id":"a8dfcad9-9ba0-40bd-85ba-94c2aa80ad71","local_time":"20210221233546","is_ascension_mode":true,"campfire_choices":[{"data":"Chaos","floor":7,"key":"SMITH"},{"floor":15,"key":"REST"}],"circlet_count":0,"master_deck":["AscendersBane","Strike_B","Strike_B","Strike_B","Strike_B","Defend_B","Defend_B","Defend_B+1","Defend_B","Zap","Dualcast+1","Compile Driver","Chaos+1","Loop","Conserve Battery","Cold Snap","Capacitor","Seek","Compile Driver+1"],"relics":["Cracked Core","NeowsBlessing","Incense Burner","hexamod:BolsterEngine","TungstenRod","bronze:BronzeIdol","Dream Catcher","bronze:MakeshiftBattery"],"acts_visited":["Exordium","ruina:Briah"],"potions_floor_usage":[16,19],"damage_taken":[{"damage":0,"enemies":"2 Louse","floor":1,"turns":1},{"damage":0,"enemies":"Gremlin Nob","floor":6,"turns":1},{"damage":0,"enemies":"Jaw Worm","floor":10,"turns":1},{"damage":0,"enemies":"Cultist","floor":11,"turns":3},{"damage":4,"enemies":"Lagavulin","floor":12,"turns":7},{"damage":15,"enemies":"Exordium Wildlife","floor":13,"turns":5},{"damage":30,"enemies":"Slime Boss","floor":16,"turns":9},{"damage":8,"enemies":"ruina:2_Scarecrows","floor":18,"turns":7},{"damage":55,"enemies":"ruina:3_Bats","floor":19,"turns":6}],"seed_played":"6388821700698222294","potions_obtained":[{"floor":6,"key":"EssenceOfSteel"},{"floor":11,"key":"FocusPotion"},{"floor":16,"key":"LiquidBronze"}],"is_trial":false,"path_per_floor":["M","?","$","?","?","E","R","$","T","M","M","E","M","?","R","B",null,"M","M"],"character_chosen":"DEFECT","items_purchased":["Chaos"],"campfire_rested":1,"item_purchase_floors":[3],"current_hp_per_floor":[64,64,64,43,43,43,43,43,43,43,43,39,24,24,45,15,57,49,0,0],"gold":216,"neow_bonus":"THREE_ENEMY_KILL","is_daily":false,"chose_seed":false,"campfire_upgraded":1,"win_rate":0.0,"timestamp":1613925346,"path_taken":["M","?","$","?","?","E","R","?","T","?","M","E","M","?","R","BOSS","M","M"],"items_purchased_type":["Card"],"build_version":"2020-12-22","purchased_purges":1,"victory":false,"max_hp_per_floor":[71,71,71,71,71,71,71,71,71,71,71,71,71,71,71,71,71,71,71,71],"relic_stats":{"Dream Catcher":1,"counters":[9,40],"obtain_stats":[{"Frozen Eye":18,"Dream Catcher":12,"NeowsBlessing":0,"Incense Burner":2,"hexamod:BolsterEngine":5,"Cracked Core":0,"TungstenRod":6,"bronze:MakeshiftBattery":17,"bronze:BronzeIdol":9},{"Frozen Eye":7,"Dream Catcher":5,"NeowsBlessing":0,"Incense Burner":1,"hexamod:BolsterEngine":1,"Cracked Core":0,"TungstenRod":2,"bronze:MakeshiftBattery":7,"bronze:BronzeIdol":2},{"Frozen Eye":27,"Dream Catcher":13,"NeowsBlessing":0,"Incense Burner":1,"hexamod:BolsterEngine":1,"Cracked Core":0,"TungstenRod":2,"bronze:MakeshiftBattery":27,"bronze:BronzeIdol":2}],"TungstenRod":14},"card_choices":[{"not_picked":["Streamline","Defragment"],"picked":"Compile Driver","floor":1},{"not_picked":["Conserve Battery","Rebound"],"picked":"Loop","floor":6},{"not_picked":["Steam","Rebound"],"picked":"Conserve Battery","floor":10},{"not_picked":["Coolheaded","Auto Shields"],"picked":"Cold Snap","floor":11},{"not_picked":["Hologram","Creative AI","Steam"],"picked":"SKIP","floor":12},{"not_picked":["Streamline","FTL","Beam Cell"],"picked":"SKIP","floor":13},{"not_picked":["Heatsinks","Beam Cell"],"picked":"Capacitor","floor":15},{"not_picked":["Meteor Strike","Amplify"],"picked":"Seek","floor":16},{"not_picked":["Blizzard","Hologram"],"picked":"Compile Driver+1","floor":18}],"player_experience":1447488,"relics_obtained":[{"floor":6,"key":"TungstenRod"},{"floor":9,"key":"bronze:BronzeIdol"},{"floor":12,"key":"Dream Catcher"}],"event_choices":[{"damage_healed":0,"gold_gain":0,"player_choice":"Box","damage_taken":0,"relics_obtained":["Incense Burner"],"max_hp_gain":0,"max_hp_loss":0,"event_name":"Big Fish","floor":2,"gold_loss":0,"cards_obtained":["Regret"]},{"damage_healed":0,"gold_gain":0,"player_choice":"Entered Light","damage_taken":21,"max_hp_gain":0,"max_hp_loss":0,"event_name":"Shining Light","floor":4,"gold_loss":0,"cards_upgraded":["Defend_B","Dualcast"]},{"damage_healed":0,"gold_gain":0,"player_choice":"Fled","damage_taken":0,"max_hp_gain":0,"max_hp_loss":0,"event_name":"Scrap Ooze","floor":14,"gold_loss":0}],"is_beta":false,"boss_relics":[{"not_picked":["Calling Bell","Tiny House"],"picked":"bronze:MakeshiftBattery"}],"items_purged_floors":[3],"is_endless":false,"potions_floor_spawned":[6,11,13,16],"killed_by":"ruina:3_Bats","ascension_level":20}}