{"host":"agl6880ykeaxaurv","time":1613933615,"event":{"mods":["AchievementEnabler","BaseMod","Colored Map","Colored Powertips","Downfall","Hermit","Highlight Path","Infinite Spire","Minty Spire (QoL Compilation)","Quick Restart","Robot Space Explorer","StSLib","The Cursed","The Disciple","The Runesmith","The Servant 0.9.4"],"gold_per_floor":[118,118,118,131,131,145,171,182,182,210,12,12,62,62,62,192,192,177,177,177,1,1,42,42,42,42,42,42,42,42,42,42,168,168,183,183,202,202,202,202],"floor_reached":39,"language":"ENG","playtime":1964,"items_purged":["Runesmith:Permafrost+1"],"score":324,"play_id":"668d1229-b683-4591-9230-56de22c64f89","local_time":"20210221185335","is_ascension_mode":false,"campfire_choices":[{"floor":15,"key":"REST"},{"floor":24,"key":"RECALL"},{"data":"Runesmith:HammerTime","floor":32,"key":"SMITH"}],"circlet_count":0,"master_deck":["Runesmith:Strike_RS","Runesmith:Strike_RS","Runesmith:Strike_RS","Runesmith:Strike_RS","Runesmith:Defend_RS","Runesmith:Defend_RS","Runesmith:Defend_RS","Runesmith:CraftFirestone","Runesmith:Fortify","Runesmith:ChiselStab","infinitespire:Starlight","Runesmith:FrozenChisel","Runesmith:HammerTime+1","Runesmith:ArcReactor","Runesmith:HammerThrow","Runesmith:HeatExchange","Runesmith:DuctTape","Runesmith:HeatedChisel","infinitespire:Starlight","Runesmith:PoweredAnvil","Runesmith:HeatedChisel","Runesmith:HeatExchange","Runesmith:Overpower","Runesmith:CraftMedicinae","Dark Shackles","Runesmith:Firestorm"],"relics":["Runesmith:BrokenRuby","infinitespire:Eraser","Bottled Flame","infinitespire:CursedDice","Juzu Bracelet","Golden Idol","SlaversCollar","Nilry\u0027s Codex","Darkstone Periapt","Calipers","Velvet Choker"],"acts_visited":["Exordium","TheCity","TheBeyond"],"potions_floor_usage":[10,10,39],"damage_taken":[{"damage":0,"enemies":"Small Slimes","floor":1,"turns":3},{"damage":7,"enemies":"Jaw Worm","floor":4,"turns":4},{"damage":3,"enemies":"Cultist","floor":6,"turns":3},{"damage":20,"enemies":"Gremlin Nob","floor":7,"turns":5},{"damage":4,"enemies":"Looter","floor":8,"turns":2},{"damage":33,"enemies":"3 Sentries","floor":10,"turns":7},{"damage":46,"enemies":"The Guardian","floor":16,"turns":13},{"damage":33,"enemies":"2 Thieves","floor":18,"turns":4},{"damage":9,"enemies":"Nightmare","floor":23,"turns":10},{"damage":12,"enemies":"Champ","floor":33,"turns":2},{"damage":77,"enemies":"3 Darklings","floor":35,"turns":5},{"damage":36,"enemies":"3 Shapes","floor":37,"turns":5},{"damage":21,"enemies":"Sphere and 2 Shapes","floor":39,"turns":3}],"seed_played":"6178499293177322025","potions_obtained":[{"floor":1,"key":"champ:CounterPotion"},{"floor":6,"key":"GamblersBrew"},{"floor":8,"key":"DuplicationPotion"},{"floor":35,"key":"SkillPotion"}],"is_trial":false,"path_per_floor":["M","?","?","M","?","M","E","M","T","E","$","?","?","?","R","B",null,"M","?","?","$","?","NM","R","?","T","?","$","?","AVR","$","R","B",null,"M","?","M","?","M"],"character_chosen":"RUNESMITH_CLASS","items_purchased":["Juzu Bracelet","Runesmith:HeatExchange","Runesmith:PoweredAnvil","Runesmith:HeatedChisel","Runesmith:HeatExchange"],"campfire_rested":1,"item_purchase_floors":[11,11,21,21,21],"current_hp_per_floor":[77,57,57,60,60,67,57,53,53,40,40,40,40,21,44,8,77,54,54,38,38,38,54,54,77,77,77,77,77,77,77,77,65,77,27,27,16,16,0,0],"gold":202,"neow_bonus":"TEN_PERCENT_HP_BONUS","is_daily":false,"chose_seed":false,"campfire_upgraded":1,"win_rate":0.0,"timestamp":1613933615,"path_taken":["M","?","?","M","?","M","E","?","T","E","$","?","?","?","R","BOSS","M","?","?","$","?","NM","R","?","T","?","$","?","AVR","?","R","BOSS","M","?","M","?","M"],"items_purchased_type":["Relic","Card","Card","Card","Card"],"build_version":"2020-12-22","purchased_purges":1,"victory":false,"max_hp_per_floor":[77,77,77,77,77,77,77,77,77,77,77,77,77,77,77,77,77,77,77,77,77,77,77,77,77,77,77,77,77,77,77,77,77,77,77,77,77,77,77,77],"card_choices":[{"not_picked":["Runesmith:CraftMagma","Runesmith:StaticCage"],"picked":"Runesmith:ChiselStab","floor":1},{"not_picked":["infinitespire:UltimateForm","infinitespire:SevenWalls"],"picked":"infinitespire:Starlight","floor":2},{"not_picked":["Runesmith:ChiselStab","Runesmith:Overpower"],"picked":"Runesmith:FrozenChisel","floor":4},{"not_picked":["Runesmith:BackupBattery","Runesmith:Overpower"],"picked":"Runesmith:HammerTime","floor":6},{"not_picked":["Runesmith:ChargedHammer","Runesmith:Superposition"],"picked":"Runesmith:ArcReactor","floor":7},{"not_picked":["Runesmith:ChaoticBlast","Runesmith:StaticCage"],"picked":"Runesmith:BackupBattery","floor":8},{"not_picked":["Runesmith:Superposition","Runesmith:BackupBattery"],"picked":"Runesmith:HammerThrow","floor":10},{"not_picked":["Runesmith:Supernova","Runesmith:UnlimitedPower"],"picked":"Runesmith:DuctTape","floor":16},{"not_picked":["Runesmith:FrozenChisel","Runesmith:ShiftingStrike"],"picked":"Runesmith:HeatedChisel","floor":18},{"not_picked":["Runesmith:LithiumIon","Runesmith:NanitesCloud"],"picked":"Runesmith:Permafrost+1","floor":23},{"not_picked":["Runesmith:LightningRod","Runesmith:LastStand"],"picked":"Runesmith:CraftMedicinae","floor":33},{"not_picked":["Runesmith:ElementalConversion","Runesmith:Discharge+1","Runesmith:WhiteBalance+1"],"picked":"SKIP","floor":35},{"not_picked":["Metamorphosis","PanicButton"],"picked":"Dark Shackles","floor":36},{"not_picked":["Runesmith:UnstableHammer+1","Runesmith:NegativeSpace"],"picked":"Runesmith:Firestorm","floor":37}],"player_experience":307727,"relics_obtained":[{"floor":7,"key":"infinitespire:Eraser"},{"floor":9,"key":"Bottled Flame"},{"floor":10,"key":"infinitespire:CursedDice"},{"floor":20,"key":"Nilry\u0027s Codex"},{"floor":23,"key":"Darkstone Periapt"}],"event_choices":[{"damage_healed":0,"gold_gain":0,"player_choice":"Leave","damage_taken":0,"max_hp_gain":0,"max_hp_loss":0,"event_name":"The Cleric","floor":3,"gold_loss":0},{"cards_removed":["Runesmith:Defend_RS"],"damage_healed":0,"gold_gain":0,"player_choice":"Purged","damage_taken":0,"max_hp_gain":0,"max_hp_loss":0,"event_name":"Purifier","floor":5,"gold_loss":0},{"damage_healed":0,"gold_gain":50,"player_choice":"Gained Gold","damage_taken":0,"max_hp_gain":0,"max_hp_loss":0,"event_name":"Golden Wing","floor":13,"gold_loss":0},{"damage_healed":0,"gold_gain":0,"player_choice":"Take Damage","damage_taken":19,"relics_obtained":["Golden Idol"],"max_hp_gain":0,"max_hp_loss":0,"event_name":"Golden Idol","floor":14,"gold_loss":0},{"damage_healed":0,"gold_gain":0,"player_choice":"Copied","damage_taken":0,"max_hp_gain":0,"max_hp_loss":0,"event_name":"Duplicator","floor":19,"gold_loss":0,"cards_obtained":["infinitespire:Starlight"]},{"damage_healed":0,"gold_gain":0,"player_choice":"Obtained Book","damage_taken":16,"max_hp_gain":0,"max_hp_loss":0,"event_name":"Cursed Tome","floor":20,"gold_loss":0},{"damage_healed":0,"gold_gain":0,"cards_transformed":["Runesmith:BackupBattery"],"player_choice":"Transformed","damage_taken":0,"max_hp_gain":0,"max_hp_loss":0,"event_name":"Transmorgrifier","floor":22,"gold_loss":0,"cards_obtained":["Runesmith:Overpower"]},{"damage_healed":23,"gold_gain":0,"player_choice":"Full Heal","damage_taken":0,"max_hp_gain":0,"max_hp_loss":0,"event_name":"Wheel of Change","floor":25,"gold_loss":0},{"damage_healed":0,"gold_gain":0,"player_choice":"Ignored","damage_taken":0,"max_hp_gain":0,"max_hp_loss":0,"event_name":"Ghosts","floor":29,"gold_loss":0},{"damage_healed":0,"gold_gain":0,"player_choice":"Memory 1","damage_taken":0,"max_hp_gain":0,"max_hp_loss":0,"event_name":"SensoryStone","floor":36,"gold_loss":0},{"damage_healed":0,"gold_gain":0,"player_choice":"Ignored","damage_taken":0,"max_hp_gain":0,"max_hp_loss":0,"event_name":"Tomb of Lord Red Mask","floor":38,"gold_loss":0}],"is_beta":false,"boss_relics":[{"not_picked":["Fusion Hammer","Runic Pyramid"],"picked":"SlaversCollar"},{"not_picked":["Empty Cage","Tiny House"],"picked":"Velvet Choker"}],"items_purged_floors":[30],"is_endless":true,"potions_floor_spawned":[1,6,8,35],"killed_by":"Sphere and 2 Shapes","ascension_level":0}}