{"host":"v0dnu0zs4qo0v13s","time":1613877916,"event":{"mods":["BaseMod","Colored Map","Colored Powertips","Minty Spire (QoL Compilation)","Relic Stats","StSLib","SuperFastMode","everything is the same but u backflip on backflip"],"gold_per_floor":[114,39,39,39,49,49,78,78,78,78,94,106,120,45,45,122,122,136,136,186,197,46,46,64,64,89,89,100,100,100,114,114,114,114],"floor_reached":33,"language":"ENG","playtime":2073,"items_purged":["Strike_R","Defend_R"],"score":473,"play_id":"faf6b001-be74-42db-9af7-6367f9d4acff","local_time":"20210220222516","is_ascension_mode":true,"campfire_choices":[{"data":"Searing Blow","floor":6.0,"key":"SMITH"},{"floor":8.0,"key":"REST"},{"data":"Searing Blow+1","floor":10.0,"key":"SMITH"},{"data":"Armaments","floor":15.0,"key":"SMITH"},{"data":"Searing Blow+2","floor":23.0,"key":"SMITH"},{"data":"Searing Blow+3","floor":25.0,"key":"SMITH"},{"floor":27.0,"key":"REST"},{"data":"Searing Blow+4","floor":29.0,"key":"SMITH"},{"data":"Searing Blow+5","floor":32.0,"key":"SMITH"}],"circlet_count":0,"master_deck":["AscendersBane","Defend_R","Defend_R","Bash","Searing Blow+6","Thunderclap","Shrug It Off","Iron Wave","Armaments+1","Fiend Fire","Rage+1","Armaments+1","Immolate+1","Metallicize","Decay","Wild Strike","Intimidate+1","Power Through"],"relics":["Philosopher\u0027s Stone","Happy Flower","Paper Frog","Darkstone Periapt","Astrolabe","Regal Pillow"],"acts_visited":["Exordium","TheCity"],"potions_floor_usage":[33],"damage_taken":[{"damage":3.0,"enemies":"Jaw Worm","floor":1.0,"turns":3.0},{"damage":6.0,"enemies":"Small Slimes","floor":5.0,"turns":3.0},{"damage":40.0,"enemies":"Lagavulin","floor":7.0,"turns":6.0},{"damage":0.0,"enemies":"Cultist","floor":11.0,"turns":2.0},{"damage":2.0,"enemies":"Exordium Wildlife","floor":12.0,"turns":3.0},{"damage":0.0,"enemies":"Large Slime","floor":13.0,"turns":4.0},{"damage":15.0,"enemies":"The Guardian","floor":16.0,"turns":8.0},{"damage":6.0,"enemies":"Spheric Guardian","floor":18.0,"turns":4.0},{"damage":20.0,"enemies":"Shell Parasite","floor":21.0,"turns":4.0},{"damage":39.0,"enemies":"Centurion and Healer","floor":24.0,"turns":5.0},{"damage":12.0,"enemies":"3 Cultists","floor":28.0,"turns":3.0},{"damage":14.0,"enemies":"Shelled Parasite and Fungi","floor":31.0,"turns":6.0},{"damage":77,"enemies":"Automaton","floor":33,"turns":8}],"seed_played":"2945622065265814696","potions_obtained":[{"floor":1.0,"key":"Dexterity Potion"},{"floor":7.0,"key":"PowerPotion"},{"floor":18.0,"key":"ElixirPotion"},{"floor":21.0,"key":"FairyPotion"},{"floor":28.0,"key":"Fire Potion"}],"is_trial":false,"path_per_floor":["M","?","?","$","M","R","E","R","T","R","M","M","M","$","R","B",null,"M","?","?","M","$","R","M","R","T","R","M","R","?","M","R","B"],"character_chosen":"IRONCLAD","items_purchased":["BloodPotion"],"campfire_rested":2,"item_purchase_floors":[22],"current_hp_per_floor":[65,65,60,60,54,54,14,36,36,36,36,34,34,34,34,19,61,55,61,61,41,57,57,18,18,18,57,45,45,45,31,31,24,24],"gold":114,"neow_bonus":"BOSS_RELIC","is_daily":false,"chose_seed":false,"campfire_upgraded":7,"win_rate":0.0,"timestamp":1613877916,"path_taken":["M","?","?","$","M","R","E","R","T","R","M","M","M","$","R","BOSS","M","?","?","M","$","R","M","R","T","R","?","R","?","M","R","BOSS"],"items_purchased_type":["Potion"],"build_version":"2020-12-22","purchased_purges":2,"victory":false,"max_hp_per_floor":[75,75,75,75,75,75,75,75,75,75,75,75,75,75,75,75,75,75,81,81,81,81,81,81,81,81,81,81,81,81,81,81,81,81],"relic_stats":{"Darkstone Periapt":6,"Regal Pillow":15,"Happy Flower":[18],"counters":[13,59],"Astrolabe":["Rage","Armaments","Immolate"],"obtain_stats":[{"Darkstone Periapt":9,"Regal Pillow":26,"Happy Flower":3,"Astrolabe":17,"Philosopher\u0027s Stone":0,"Burning Blood":0,"Paper Frog":7},{"Darkstone Periapt":3,"Regal Pillow":10,"Happy Flower":1,"Astrolabe":7,"Philosopher\u0027s Stone":0,"Burning Blood":0,"Paper Frog":3},{"Darkstone Periapt":12,"Regal Pillow":42,"Happy Flower":3,"Astrolabe":29,"Philosopher\u0027s Stone":0,"Burning Blood":0,"Paper Frog":12}]},"card_choices":[{"not_picked":["Ghostly Armor","Heavy Blade"],"picked":"Searing Blow","floor":1.0},{"not_picked":["Shrug It Off","Sword Boomerang"],"picked":"Thunderclap","floor":5.0},{"not_picked":["Anger","Double Tap"],"picked":"Shrug It Off","floor":7.0},{"not_picked":["Perfected Strike","Dark Embrace"],"picked":"Iron Wave","floor":11.0},{"not_picked":["Pommel Strike","Cleave"],"picked":"Armaments","floor":12.0},{"not_picked":["Thunderclap","Perfected Strike","Entrench"],"picked":"SKIP","floor":13.0},{"not_picked":["Double Tap","Juggernaut"],"picked":"Fiend Fire","floor":16.0},{"not_picked":["Carnage","Rupture"],"picked":"Metallicize","floor":18.0},{"not_picked":["Clothesline","Havoc"],"picked":"Wild Strike","floor":21.0},{"not_picked":["Shrug It Off","Sword Boomerang"],"picked":"Intimidate+1","floor":24.0},{"not_picked":["Infernal Blade+1","Twin Strike+1"],"picked":"Power Through","floor":28.0},{"not_picked":["Bloodletting+1","Power Through+1","Infernal Blade"],"picked":"SKIP","floor":31.0}],"player_experience":761635,"relics_obtained":[{"floor":7.0,"key":"Paper Frog"},{"floor":9.0,"key":"Darkstone Periapt"},{"floor":26.0,"key":"Regal Pillow"}],"event_choices":[{"cards_removed":["Strike_R"],"damage_healed":0.0,"max_hp_gain":0.0,"max_hp_loss":0.0,"gold_gain":0.0,"event_name":"The Cleric","player_choice":"Card Removal","floor":2.0,"gold_loss":75.0,"damage_taken":0.0},{"damage_healed":0.0,"max_hp_gain":0.0,"max_hp_loss":0.0,"gold_gain":0.0,"event_name":"Scrap Ooze","player_choice":"Success","floor":3.0,"gold_loss":0.0,"damage_taken":5.0,"relics_obtained":["Happy Flower"]},{"damage_healed":0.0,"max_hp_gain":0.0,"max_hp_loss":0.0,"gold_gain":0.0,"event_name":"Forgotten Altar","player_choice":"Smashed Altar","floor":19.0,"gold_loss":0.0,"damage_taken":0.0,"cards_obtained":["Decay"]},{"damage_healed":0.0,"max_hp_gain":0.0,"max_hp_loss":0.0,"gold_gain":100.0,"event_name":"The Joust","player_choice":"Bet on Murderer","floor":20.0,"gold_loss":50.0,"damage_taken":0.0},{"cards_removed":["Defend_R"],"damage_healed":0.0,"max_hp_gain":0.0,"max_hp_loss":0.0,"gold_gain":0.0,"event_name":"Back to Basics","player_choice":"Elegance","floor":30.0,"gold_loss":0.0,"damage_taken":0.0}],"is_beta":false,"boss_relics":[{"not_picked":["Sozu","Fusion Hammer"],"picked":"Astrolabe"}],"items_purged_floors":[14,22],"is_endless":false,"potions_floor_spawned":[1,7,18,21,28],"killed_by":"Automaton","ascension_level":15}}