{"host":"y9sq25med6ebkxz5","time":1613924741,"event":{"mods":["100% Spire Juice","2.2 Compatiblity","AchievementEnabler","BaseMod","Card Forge","Colored Map","Colored Powertips","DeckTracker","Friendly Minions","Minty Spire (QoL Compilation)","Permanent Neow","Remove Card Discount Mod","Shop Mod","StSLib","SuperFastMode","WarShipGirlsR/??á´Ò³R mod"],"gold_per_floor":[111,126,179,179,179,179,14,46,93,122,135,149,163,193,193,270,270,282,296,309,299,37,68,80,7,7,7,20,20,50,18,18,89,89,107,21,38,54,54,88,88,121,121,121,152,163,195,215,215,215,215],"floor_reached":50,"language":"KOR","playtime":2018,"items_purged":[],"score":1275,"play_id":"5617d84f-4031-4b2b-851c-75a0e02b968b","local_time":"20210222012541","is_ascension_mode":true,"campfire_choices":[{"floor":6,"key":"RECALL"},{"floor":15,"key":"REST"},{"floor":24,"key":"REST"},{"floor":32,"key":"REST"},{"floor":41,"key":"REST"},{"floor":44,"key":"REST"},{"floor":49,"key":"REST"}],"circlet_count":0,"master_deck":["AscendersBane","Survivor+1","Neutralize+1","Bouncing Flask+1","Night Terror+1","Deflect+1","Bouncing Flask+1","Deflect+1","Catalyst+1","Deflect+1","White Noise+1","Moonworks:NicePresent+1","Corpse Explosion+1","CurseOfTheBell","Catalyst+1","Steam Power+1","Catalyst+1","Moonworks:EvilMastermind+1"],"relics":["Ring of the Snake","Hammer of Thor","Seething Fire","Anvil of the Gods","Oddly Smooth Stone","MerchantsRug","Mercury Hourglass","Odd Mushroom","PrismaticShard","Happy Flower","Gremlin Horn","MutagenicStrength","Dream Catcher","Sundial","Girya","DollysMirror","Matryoshka","Omamori","Juzu Bracelet","Meat on the Bone","Blood Vial","HornCleat"],"acts_visited":["Exordium","TheCity","TheBeyond"],"potions_floor_usage":[14,14,40,47],"damage_taken":[{"damage":0,"enemies":"Cultist","floor":1,"turns":3},{"damage":4,"enemies":"2 Louse","floor":2,"turns":2},{"damage":9,"enemies":"Lagavulin","floor":8,"turns":5},{"damage":9,"enemies":"Gremlin Nob","floor":10,"turns":3},{"damage":4,"enemies":"Small Slimes","floor":11,"turns":2},{"damage":3,"enemies":"2 Fungi Beasts","floor":12,"turns":3},{"damage":8,"enemies":"Looter","floor":13,"turns":3},{"damage":0,"enemies":"The Mushroom Lair","floor":14,"turns":3},{"damage":14,"enemies":"The Guardian","floor":16,"turns":7},{"damage":0,"enemies":"3 Byrds","floor":18,"turns":2},{"damage":0,"enemies":"Spheric Guardian","floor":19,"turns":3},{"damage":0,"enemies":"Centurion and Healer","floor":20,"turns":3},{"damage":9,"enemies":"Book of Stabbing","floor":23,"turns":3},{"damage":11,"enemies":"Sentry and Sphere","floor":28,"turns":5},{"damage":28,"enemies":"Gremlin Leader","floor":30,"turns":4},{"damage":19,"enemies":"Automaton","floor":33,"turns":8},{"damage":0,"enemies":"3 Shapes","floor":35,"turns":2},{"damage":6,"enemies":"Orb Walker","floor":37,"turns":3},{"damage":18,"enemies":"Transient","floor":38,"turns":6},{"damage":9,"enemies":"Nemesis","floor":40,"turns":3},{"damage":57,"enemies":"Reptomancer","floor":42,"turns":5},{"damage":37,"enemies":"Giant Head","floor":45,"turns":6},{"damage":19,"enemies":"3 Darklings","floor":46,"turns":3},{"damage":21,"enemies":"Nemesis","floor":47,"turns":5},{"damage":0,"enemies":"4 Shapes","floor":48,"turns":3},{"damage":73,"enemies":"Awakened One","floor":50,"turns":6}],"seed_played":"-8015996052522252033","potions_obtained":[{"floor":1,"key":"ColorlessPotion"},{"floor":2,"key":"Ancient Potion"},{"floor":10,"key":"SkillPotion"},{"floor":13,"key":"Regen Potion"},{"floor":19,"key":"SpeedPotion"},{"floor":20,"key":"Explosive Potion"},{"floor":28,"key":"Weak Potion"},{"floor":33,"key":"Weak Potion"},{"floor":35,"key":"CultistPotion"},{"floor":38,"key":"LiquidMemories"},{"floor":46,"key":"Dexterity Potion"}],"is_trial":false,"path_per_floor":["M","M","T","?","?","R","$","E","T","E","M","M","M","?","R","B",null,"M","M","M","?","$","E","R","$","T","?","M","?","E","$","R","B",null,"M","$","M","M","?","E","R","E","T","R","E","M","E","M","R","B"],"character_chosen":"THE_SILENT","items_purchased":["MerchantsRug","Bouncing Flask","PrismaticShard","Catalyst","Deflect","Strawberry","Happy Flower","Corpse Explosion","DollysMirror"],"campfire_rested":6,"item_purchase_floors":[7,7,22,22,22,22,25,31,36],"current_hp_per_floor":[59,55,55,55,55,55,55,46,46,37,33,30,22,34,53,39,59,59,59,59,59,66,57,73,73,73,73,62,41,13,13,36,17,63,70,70,64,46,46,37,60,34,34,57,42,37,30,44,67,0,0],"gold":215,"neow_bonus":"RANDOM_COMMON_RELIC","is_daily":false,"chose_seed":false,"campfire_upgraded":0,"win_rate":0.0,"timestamp":1613924741,"path_taken":["M","?","?","?","?","R","$","E","T","E","M","M","M","?","R","BOSS","M","M","M","?","$","E","R","?","T","?","M","?","E","$","R","BOSS","M","$","M","M","?","E","R","E","T","R","E","M","E","M","R","BOSS"],"items_purchased_type":["Relic","Card","Relic","Card","Card","Relic","Relic","Card","Relic"],"build_version":"2020-12-22","purchased_purges":0,"victory":false,"max_hp_per_floor":[66,66,66,66,66,66,66,66,66,66,66,66,66,66,66,66,66,66,66,66,66,73,73,73,73,73,73,73,78,78,78,78,78,78,78,78,78,78,78,78,78,78,78,78,78,78,78,78,78,78,78],"card_choices":[{"not_picked":["Leg Sweep","Cloak And Dagger","Dagger Throw"],"picked":"SKIP","floor":1},{"not_picked":["Endless Agony","Skewer","Infinite Blades"],"picked":"SKIP","floor":2},{"not_picked":["Footwork","Terror"],"picked":"Night Terror","floor":8},{"not_picked":["Infinite Blades","Backflip"],"picked":"Deflect","floor":10},{"not_picked":["Acrobatics","Choke","Blade Dance"],"picked":"SKIP","floor":11},{"not_picked":["Caltrops","Predator"],"picked":"Bouncing Flask","floor":12},{"not_picked":["Poisoned Stab","Acrobatics","Underhanded Strike"],"picked":"SKIP","floor":13},{"not_picked":["Infinite Blades","Noxious Fumes"],"picked":"Deflect","floor":14},{"not_picked":["Unload","Burst"],"picked":"Envenom","floor":16},{"not_picked":["Heel Hook+1","Concentrate","Underhanded Strike"],"picked":"SKIP","floor":18},{"not_picked":["Deadly Poison+1","Backstab"],"picked":"Caltrops","floor":19},{"not_picked":["Dash","Blade Dance","Dagger Throw"],"picked":"SKIP","floor":20},{"not_picked":["Prepared","Acrobatics"],"picked":"White Noise","floor":23},{"not_picked":["Heatsinks","Redo"],"picked":"Moonworks:NicePresent","floor":28},{"not_picked":["Hologram","Blizzard","Halt"],"picked":"SKIP","floor":30},{"not_picked":["Mayhem","Moonworks:Blazing"],"picked":"Moonworks:MeltingMemories","floor":33},{"not_picked":["Genetic Algorithm","rmod:diamondstrike+1","rmod:tearstotiara"],"picked":"SKIP","floor":35},{"not_picked":["Moonworks:FullSpeedAlicianrone","rmod:intelligenceanalysis","rmod:selfconfidence+1"],"picked":"SKIP","floor":37},{"not_picked":["Steam","PathToVictory","Dagger Spray"],"picked":"SKIP","floor":38},{"not_picked":["Consecrate","Cold Snap"],"picked":"Steam Power","floor":40},{"not_picked":["Rebound","Fission","rmod:luckystar"],"picked":"SKIP","floor":42},{"not_picked":["Body Slam+1","Carnage"],"picked":"Moonworks:EvilSpyWorkPreparation","floor":44},{"not_picked":["Moonworks:Flamethrower","Moonworks:SakisCookie+1","Underhanded Strike"],"picked":"SKIP","floor":45},{"not_picked":["Chaos","Moonworks:DeployBits","FollowUp"],"picked":"SKIP","floor":46},{"not_picked":["rmod:luckystar","Backstab+1","SashWhip"],"picked":"SKIP","floor":47},{"not_picked":["Pommel Strike","Protect"],"picked":"Catalyst","floor":48},{"not_picked":["Moonworks:UnpaidWork","Hologram+1"],"picked":"Moonworks:EvilMastermind","floor":49}],"player_experience":430497,"relics_obtained":[{"floor":3,"key":"Oddly Smooth Stone"},{"floor":8,"key":"Mercury Hourglass"},{"floor":10,"key":"Smiling Mask"},{"floor":14,"key":"Odd Mushroom"},{"floor":23,"key":"MawBank"},{"floor":26,"key":"Gremlin Horn"},{"floor":30,"key":"Boot"},{"floor":34,"key":"Dream Catcher"},{"floor":34,"key":"Sundial"},{"floor":34,"key":"Girya"},{"floor":40,"key":"Matryoshka"},{"floor":42,"key":"Omamori"},{"floor":43,"key":"Juzu Bracelet"},{"floor":43,"key":"Meat on the Bone"},{"floor":45,"key":"Blood Vial"},{"floor":47,"key":"HornCleat"}],"event_choices":[{"damage_healed":0,"gold_gain":0,"player_choice":"Box","damage_taken":0,"relics_obtained":["Anchor"],"max_hp_gain":0,"max_hp_loss":0,"event_name":"Big Fish","floor":4,"gold_loss":0,"cards_obtained":["Regret"]},{"damage_healed":0,"gold_gain":0,"cards_transformed":["Strike_G"],"player_choice":"Change","damage_taken":0,"max_hp_gain":0,"max_hp_loss":0,"event_name":"Living Wall","floor":5,"gold_loss":0,"cards_obtained":["Well Laid Plans"]},{"damage_healed":0,"gold_gain":0,"player_choice":"Fought Mushrooms","damage_taken":0,"max_hp_gain":0,"max_hp_loss":0,"event_name":"Mushrooms","floor":14,"gold_loss":0},{"damage_healed":0,"gold_gain":0,"player_choice":"Inject Mutagens","damage_taken":0,"relics_obtained":["MutagenicStrength"],"max_hp_gain":0,"max_hp_loss":0,"event_name":"Drug Dealer","floor":27,"gold_loss":0},{"damage_healed":0,"gold_gain":0,"player_choice":"Shed Blood","damage_taken":26,"max_hp_gain":5,"max_hp_loss":0,"event_name":"Forgotten Altar","floor":29,"gold_loss":0},{"cards_removed":["Caltrops"],"damage_healed":0,"gold_gain":0,"player_choice":"Removed Power","damage_taken":0,"max_hp_gain":0,"max_hp_loss":0,"event_name":"Falling","floor":39,"gold_loss":0}],"is_beta":false,"boss_relics":[{"not_picked":["Busted Crown","Runic Dome"],"picked":"Snecko Eye"},{"not_picked":["WristBlade","SlaversCollar"],"picked":"Calling Bell"}],"items_purged_floors":[],"is_endless":false,"potions_floor_spawned":[1,2,10,13,19,20,28,33,35,38,46],"killed_by":"Awakened One","ascension_level":18}}