{"host":"9op7xyky91xc1g6p","time":1613885741,"event":{"mods":["100% Spire Juice","Act Like it!","Astrologer","Bartender","BaseMod","Beaked The Cultist","Better Altar","Better Note","Better Sensory Stone","Better Skull","Better Third Choice","Better Vampires","Bossed Relics","BshForSts","CapriCore","Energized Spire","Gensokyo","Hallownest","Hermit","HololiveMod","Infinite Spire","Koishi","Magitek Elite","Marisa????????","Minty Spire (QoL Compilation)","Random Character Button","Remilia??????","Retaliation","Robot Space Explorer","Shade Mod","SpireExporter+","StSLib","The Animator","The Bladedancer","The Disciple","The Dragon Tamer","The Elementalist","The Hierophant","The Immortal","The Marked","The Mystic","The Poker Player","The Problem Sleuth","The Runesmith","The Spell Scribe","TheBandit","Trackpad","Yuyuko","??????REMEMod"],"gold_per_floor":[116,14,32,52,52,52,68,87,155,155,181,72,90,90,90,188,188,204,104,104,114,129,159,314,331,331,350,350,350,350,350],"floor_reached":30,"language":"ENG","playtime":2984,"items_purged":[],"score":283,"play_id":"8a6051ea-3e08-4bc3-8b09-7bd5bb6cf11f","local_time":"20210220213541","is_ascension_mode":false,"campfire_choices":[{"floor":6,"key":"RECALL"},{"floor":15,"key":"REST"}],"circlet_count":0,"master_deck":["Moonworks:Strike","Moonworks:Strike","Moonworks:Strike","Moonworks:Strike","Moonworks:Defend","Moonworks:Defend","Moonworks:Defend","Moonworks:Defend","Moonworks:Ambush","Moonworks:LongDistanceShot","Moonworks:LulusLuckyEgg","Moonworks:AngelHand","Moonworks:EvilSpyWorkPreparation","Moonworks:CompletionReward","Moonworks:SakisCookie","Moonworks:RocketCannon","Moonworks:EvilSpyWorkPreparation","Moonworks:EvilSpyWorkPreparation","Moonworks:MeltingMemories","Moonworks:EvilSpyWorkPreparation+1","Moonworks:BigMagnum+1","infinitespire:NeuralNetwork","Moonworks:SubspaceTunnel","Moonworks:Flamethrower","Regret","Moonworks:EvilSpyWorkPreparation","Moonworks:DeployBits","Moonworks:UnpaidWork"],"relics":["Moonworks:BrokenBomb","Moonworks:Homemark","REME_ComplimentaryCards","infinitespire:Bottled Soul","Gensokyo:Justice","Orichalcum","Fusion Hammer","StoneCalendar","REME_DuelDisc","Pantograph","Mercury Hourglass","MutagenicStrength"],"acts_visited":["Gensokyo:Gensokyo","TheCity"],"potions_floor_usage":[2,16,21,21,27],"damage_taken":[{"damage":0,"enemies":"Gensokyo:3_Fairies","floor":1,"turns":5},{"damage":8,"enemies":"Gensokyo:2_Kodama","floor":2,"turns":4},{"damage":1,"enemies":"Gensokyo:Python","floor":3,"turns":3},{"damage":6,"enemies":"Gensokyo:Gryphon_and_Rabbit","floor":4,"turns":4},{"damage":0,"enemies":"Gensokyo:Kitsune","floor":7,"turns":4},{"damage":1,"enemies":"Gensokyo:3_Kodama","floor":8,"turns":4},{"damage":4,"enemies":"Gensokyo:Cirno","floor":11,"turns":5},{"damage":7,"enemies":"Gensokyo:Python_and_Kodama","floor":12,"turns":3},{"damage":0,"enemies":"Gensokyo:LivingMonolith","floor":13,"turns":2},{"damage":42,"enemies":"Gensokyo:Yukari","floor":16,"turns":9},{"damage":0,"enemies":"3 Byrds","floor":18,"turns":3},{"damage":4,"enemies":"Chosen","floor":19,"turns":4},{"damage":36,"enemies":"Snake Plant","floor":21,"turns":3},{"damage":6,"enemies":"Chosen and Byrds","floor":22,"turns":3},{"damage":51,"enemies":"REME_1_Revenger","floor":23,"turns":4},{"damage":28,"enemies":"Snecko","floor":25,"turns":5},{"damage":31,"enemies":"Shelled Parasite and Fungi","floor":27,"turns":3},{"damage":6,"enemies":"Centurion and Healer","floor":30,"turns":3}],"seed_played":"-2234771973042278718","potions_obtained":[{"floor":2,"key":"REME_GoldPotion"},{"floor":3,"key":"FairyPotion"},{"floor":8,"key":"SkillPotion"},{"floor":16,"key":"LiquidMemories"},{"floor":19,"key":"SpeedPotion"},{"floor":25,"key":"Explosive Potion"}],"is_trial":false,"path_per_floor":["M","M","M","M","?","R","M","M","T","?","E","M","M","?","R","B",null,"M","M","AVR","M","M","E","?","M","T","M","?","?","M"],"character_chosen":"THE_STARBREAKER","items_purchased":[],"campfire_rested":1,"item_purchase_floors":[],"current_hp_per_floor":[66,58,57,51,51,51,51,50,50,50,48,41,43,37,56,16,66,66,62,62,32,37,35,35,18,18,6,6,6,0,0],"gold":350,"neow_bonus":"TEN_PERCENT_HP_BONUS","is_daily":false,"chose_seed":false,"campfire_upgraded":0,"win_rate":0.0,"timestamp":1613885741,"path_taken":["M","?","M","M","?","R","M","M","T","?","E","M","M","?","R","BOSS","M","M","AVR","M","M","E","?","?","T","M","?","?","M"],"items_purchased_type":[],"build_version":"2020-12-22","purchased_purges":0,"victory":false,"max_hp_per_floor":[66,66,66,66,66,66,66,66,66,66,66,66,66,66,66,66,66,66,66,66,66,66,66,66,66,66,66,66,66,66,66],"card_choices":[{"not_picked":["Moonworks:BigMagnum","Moonworks:CloudOfSeagulls"],"picked":"Moonworks:LulusLuckyEgg","floor":1},{"not_picked":["Moonworks:BigMagnum","Moonworks:MiracleRedBeanIceCream"],"picked":"Moonworks:DeployBits","floor":2},{"not_picked":["Moonworks:Dinner","Moonworks:UnpaidWork"],"picked":"Moonworks:AngelHand","floor":3},{"not_picked":["Moonworks:ImOnFire","Moonworks:NicePresent"],"picked":"Moonworks:EvilSpyWorkPreparation","floor":4},{"not_picked":["Moonworks:LulusLuckyEgg","Moonworks:EvilSpyWorkPreparation"],"picked":"Moonworks:CompletionReward","floor":7},{"not_picked":["Moonworks:FinalSurgery","Moonworks:Dash"],"picked":"Moonworks:SakisCookie","floor":8},{"not_picked":["Moonworks:LulusLuckyEgg","Moonworks:JonathanRush"],"picked":"Moonworks:RocketCannon","floor":11},{"not_picked":["Moonworks:LuckyCharm","Moonworks:IndiscriminateFireSupport"],"picked":"Moonworks:EvilSpyWorkPreparation","floor":12},{"not_picked":["Moonworks:ImmovableObject","Moonworks:CloudOfSeagulls"],"picked":"Moonworks:EvilSpyWorkPreparation","floor":13},{"not_picked":["Moonworks:MetallicMonocoque","Moonworks:Accelerator"],"picked":"Moonworks:MeltingMemories","floor":16},{"not_picked":["Moonworks:DeployBits","Moonworks:IndiscriminateFireSupport"],"picked":"Moonworks:EvilSpyWorkPreparation+1","floor":18},{"not_picked":["Moonworks:Dinner+1","Moonworks:CloudOfSeagulls"],"picked":"Moonworks:BigMagnum+1","floor":19},{"not_picked":["Moonworks:SakisCookie+1","Moonworks:CloudOfSeagulls"],"picked":"Moonworks:ReproductionOfRecords+1","floor":21},{"not_picked":["Moonworks:NicePresent","Moonworks:LulusLuckyEgg"],"picked":"Moonworks:SubspaceTunnel","floor":22},{"not_picked":["Moonworks:x16BigRocket","Moonworks:MetallicMonocoque"],"picked":"Moonworks:Flamethrower","floor":23},{"not_picked":["Moonworks:DeployBits","Moonworks:CloudOfSeagulls"],"picked":"Moonworks:EvilSpyWorkPreparation","floor":25},{"not_picked":["Moonworks:TreasureThief","Moonworks:BigMagnum+1"],"picked":"Moonworks:DeployBits","floor":27}],"player_experience":451376,"relics_obtained":[{"floor":9,"key":"infinitespire:Bottled Soul"},{"floor":11,"key":"Orichalcum"},{"floor":23,"key":"Pantograph"},{"floor":26,"key":"Mercury Hourglass"}],"event_choices":[{"damage_healed":0,"gold_gain":275,"player_choice":"Desecrate","damage_taken":0,"max_hp_gain":0,"max_hp_loss":0,"event_name":"Golden Shrine","floor":24,"gold_loss":0,"cards_obtained":["Regret"]},{"damage_healed":0,"gold_gain":0,"player_choice":"Inject Mutagens","damage_taken":0,"relics_obtained":["MutagenicStrength"],"max_hp_gain":0,"max_hp_loss":0,"event_name":"Drug Dealer","floor":28,"gold_loss":0},{"damage_healed":0,"gold_gain":0,"cards_transformed":["Moonworks:ReproductionOfRecords"],"player_choice":"Transformed","damage_taken":0,"max_hp_gain":0,"max_hp_loss":0,"event_name":"Transmorgrifier","floor":29,"gold_loss":0,"cards_obtained":["Moonworks:UnpaidWork"]}],"is_beta":false,"boss_relics":[{"not_picked":["Velvet Choker","energizedSpire:RedRose"],"picked":"Fusion Hammer"}],"items_purged_floors":[],"is_endless":false,"potions_floor_spawned":[2,3,8,16,19,25],"killed_by":"Centurion and Healer","ascension_level":0}}