{"host":"wyy6fgvi1wiq0rmi","time":1613900788,"event":{"mods":["BaseMod","Marisa£®ÏF”Í°°ƒß¿Ì…≥£©","Minty Spire (QoL Compilation)","Remilia£®¿Ÿ√◊¿Ú—«£©","Spicy Shops","StSLib","The Servant 0.9.4","WarShipGirlsR/’ΩΩ¢…Ÿ≈ÆR mod","Youmu£®ªÍ∆«—˝√Œ£©"],"gold_per_floor":[113,113,113,129,144,144,154,167,167,192,211,224,224,244,244,349,349,365,379,379,394,844,844,863,863,890,890,916,17,32,49,49,153,153,172,172,21,34,87,115,115,115,139,139,169,169,169,184,184,184,184,184,32,60,60],"floor_reached":56,"language":"ZHS","playtime":8897,"items_purged":["Strike_S","Defend_S"],"score":1549,"play_id":"a561b1d6-351d-4179-8bda-d636fc18cdcf","local_time":"20210221174628","is_ascension_mode":false,"campfire_choices":[{"floor":6.0,"key":"RECALL"},{"data":"SilverBlades","floor":13.0,"key":"SMITH"},{"data":"Initiator","floor":15.0,"key":"SMITH"},{"floor":25.0,"key":"REST"},{"floor":27.0,"key":"REST"},{"floor":32.0,"key":"REST"},{"floor":41,"key":"DIG"},{"floor":44,"key":"DIG"},{"floor":46,"key":"DIG"},{"floor":49,"key":"DIG"},{"floor":52,"key":"DIG"}],"circlet_count":0,"master_deck":["Strike_S","Strike_S","Defend_S","Defend_S","KidneyShot+1","Exchange","BottledTime","ShatteredReality+1","ShiftingGears","InstantArmor","Rearm","SilverBlades+1","Initiator+1","Contraction","InstantArmor","KillingDoll","SurpressingFire","Starlight","Luminosity+1","BottledTime+1","BottledTime+1","RealityMarble","Hightail","SurpressingFire+1","Defy+1","Deny","SilverBlades+1","Comet+1","FlawlessForm+1","Rearm","SilverBlades+1","BottledTime","KillingDoll","FanOfKnives+1"],"relics":["Uniform","NeowsBlessing","Omamori","SlaversCollar","Boot","Question Card","Lizard Tail","Ancient Tea Set","OrangePellets","Chemical X","Calling Bell","Tiny Chest","Frozen Egg 2","Shovel","Darkstone Periapt","Torii","Vajra","Anchor","Letter Opener","Art of War","Bronze Scales","Incense Burner","Lantern","Whetstone","Kunai","DollysMirror","Pen Nib"],"acts_visited":["Exordium","TheCity","TheBeyond","TheEnding"],"potions_floor_usage":[39,54,55,55],"damage_taken":[{"damage":0.0,"enemies":"2 Louse","floor":1.0,"turns":1.0},{"damage":0.0,"enemies":"Cultist","floor":4.0,"turns":1.0},{"damage":0.0,"enemies":"Jaw Worm","floor":5.0,"turns":1.0},{"damage":4.0,"enemies":"Gremlin Gang","floor":7.0,"turns":4.0},{"damage":1.0,"enemies":"Blue Slaver","floor":8.0,"turns":3.0},{"damage":4.0,"enemies":"Lagavulin","floor":10.0,"turns":9.0},{"damage":5.0,"enemies":"Large Slime","floor":11.0,"turns":5.0},{"damage":0.0,"enemies":"Looter","floor":12.0,"turns":1.0},{"damage":13.0,"enemies":"Gremlin Gang","floor":14.0,"turns":6.0},{"damage":28.0,"enemies":"The Guardian","floor":16.0,"turns":17.0},{"damage":5.0,"enemies":"Shell Parasite","floor":18.0,"turns":4.0},{"damage":5.0,"enemies":"3 Byrds","floor":19.0,"turns":5.0},{"damage":0.0,"enemies":"Cultist and Chosen","floor":21.0,"turns":5.0},{"damage":0.0,"enemies":"Slavers","floor":23.0,"turns":1.0},{"damage":11.0,"enemies":"Snake Plant","floor":24.0,"turns":5.0},{"damage":19.0,"enemies":"Gremlin Leader","floor":28.0,"turns":6.0},{"damage":0.0,"enemies":"Snecko","floor":30.0,"turns":6.0},{"damage":1.0,"enemies":"Chosen and Byrds","floor":31.0,"turns":4.0},{"damage":0.0,"enemies":"Champ","floor":33.0,"turns":8.0},{"damage":0.0,"enemies":"3 Darklings","floor":35.0,"turns":7.0},{"damage":7.0,"enemies":"3 Shapes","floor":38.0,"turns":5.0},{"damage":25,"enemies":"2 Orb Walkers","floor":39,"turns":4},{"damage":0,"enemies":"Giant Head","floor":40,"turns":7},{"damage":0,"enemies":"Nemesis","floor":45,"turns":5},{"damage":0,"enemies":"Maw","floor":48,"turns":5},{"damage":0,"enemies":"Time Eater","floor":50,"turns":7},{"damage":0,"enemies":"Shield and Spear","floor":54,"turns":3},{"damage":0,"enemies":"The Heart","floor":55,"turns":7}],"seed_played":"-2117670787126778561","potions_obtained":[{"floor":4.0,"key":"SteroidPotion"},{"floor":5.0,"key":"Swift Potion"},{"floor":8.0,"key":"PowerPotion"},{"floor":10.0,"key":"SmokeBomb"},{"floor":11.0,"key":"AttackPotion"},{"floor":16.0,"key":"SmokeBomb"},{"floor":18.0,"key":"Swift Potion"},{"floor":19.0,"key":"Fire Potion"},{"floor":21.0,"key":"GamblersBrew"},{"floor":28.0,"key":"Swift Potion"},{"floor":33.0,"key":"Swift Potion"},{"floor":35.0,"key":"SkillPotion"},{"floor":39,"key":"Energy Potion"},{"floor":45,"key":"Explosive Potion"},{"floor":48,"key":"Ancient Potion"}],"is_trial":false,"path_per_floor":["M","?","?","M","M","R","M","M","T","E","M","M","R","M","R","B",null,"M","M","?","M","?","E","M","R","T","R","E","$","M","M","R","B",null,"M","?","$","M","?","E","R","T","T","R","E","R","?","M","R","B",null,"R","$","E","B",null],"character_chosen":"THE_SERVANT","items_purchased":["RealityMarble","Lizard Tail","Ancient Tea Set","Hightail","OrangePellets","Chemical X","SilverBlades+1","Comet","DollysMirror"],"campfire_rested":3,"item_purchase_floors":[29,29,29,29,29,29,37,37,53],"current_hp_per_floor":[65,70,70,70,70,70,66,65,65,61,56,56,56,43,43,15,70,65,60,60,60,14,14,3,24,24,45,26,26,26,25,46,46,70,70,70,70,63,38,38,38,38,38,38,38,38,38,38,38,38,70,70,70,70,70],"gold":60,"neow_bonus":"THREE_ENEMY_KILL","is_daily":false,"chose_seed":false,"campfire_upgraded":2,"win_rate":0.0,"timestamp":1613900788,"path_taken":["M","?","?","M","M","R","M","M","T","E","?","M","R","?","R","BOSS","M","?","?","M","?","E","M","R","T","R","E","$","M","?","R","BOSS","M","?","$","?","?","E","R","?","T","R","E","R","?","M","R","BOSS","R","$","E","BOSS"],"items_purchased_type":["Card","Relic","Relic","Card","Relic","Relic","Card","Card","Relic"],"build_version":"2020-12-22","purchased_purges":2,"victory":true,"max_hp_per_floor":[65,70,70,70,70,70,70,70,70,70,70,70,70,70,70,70,70,70,70,70,70,70,70,70,70,70,70,70,70,70,70,70,70,70,70,70,70,70,70,70,70,70,70,70,70,70,70,70,70,70,70,70,70,70,70],"card_choices":[{"not_picked":["FastForward","SurpressingFire"],"picked":"BottledTime","floor":1.0},{"not_picked":["BestPractice","Gouge"],"picked":"ShatteredReality","floor":4.0},{"not_picked":["ShatteredReality","Read"],"picked":"ShiftingGears","floor":5.0},{"not_picked":["Foresight","Advance"],"picked":"InstantArmor","floor":7.0},{"not_picked":["Read","SpecialFormula"],"picked":"Rearm","floor":8.0},{"not_picked":["Desolation","Luminosity"],"picked":"SilverBlades","floor":10.0},{"not_picked":["RealityMarble","GearUp"],"picked":"Initiator","floor":11.0},{"not_picked":["Ricochet","Revamp"],"picked":"Contraction","floor":12.0},{"not_picked":["Defy","Luminosity"],"picked":"InstantArmor","floor":14.0},{"not_picked":["Deny","TheWorld"],"picked":"KillingDoll","floor":16.0},{"not_picked":["Comet","Replace+1"],"picked":"SurpressingFire","floor":18.0},{"not_picked":["TimeWarp","Spin"],"picked":"Starlight","floor":19.0},{"not_picked":["FastForward","DoubleEdge"],"picked":"Luminosity+1","floor":21.0},{"not_picked":["Snipe","Ricochet"],"picked":"BottledTime+1","floor":24.0},{"not_picked":["Unruled","ShatteredReality"],"picked":"BottledTime+1","floor":28.0},{"not_picked":["Ricochet","FastForward","TimeWarp"],"picked":"SurpressingFire+1","floor":30.0},{"not_picked":["Alleviate","Spin","FastForward"],"picked":"Defy+1","floor":31.0},{"not_picked":["Sunlight","Initiator","PendulumOfEternity"],"picked":"Deny","floor":33.0},{"not_picked":["Moonlight","Spin+1","Revamp","Sabotage"],"picked":"SKIP","floor":35.0},{"not_picked":["Sabotage+1","Potential+1","Defy+1"],"picked":"FlawlessForm+1","floor":38.0},{"not_picked":["Revamp+1","ShatteredReality+1","TimeWarp+1"],"picked":"Rearm","floor":39},{"not_picked":["FastForward+1","FlawlessForm+1","Rewind","DoubleEdge"],"picked":"SKIP","floor":40},{"not_picked":["Foresight+1","MoonPhase+1","Sabotage"],"picked":"SilverBlades+1","floor":45},{"not_picked":["DoubleEdge","Ricochet+1","ShatteredReality"],"picked":"BottledTime","floor":48},{"not_picked":["StarChef+1","ShatteredReality","BottledTime"],"picked":"FanOfKnives+1","floor":54}],"player_experience":201499,"relics_obtained":[{"floor":10.0,"key":"Omamori"},{"floor":26.0,"key":"Boot"},{"floor":28.0,"key":"Question Card"},{"floor":34.0,"key":"Tiny Chest"},{"floor":34.0,"key":"Frozen Egg 2"},{"floor":34.0,"key":"Shovel"},{"floor":39,"key":"Torii"},{"floor":40,"key":"Vajra"},{"floor":41,"key":"Anchor"},{"floor":42,"key":"Letter Opener"},{"floor":43,"key":"Art of War"},{"floor":44,"key":"Bronze Scales"},{"floor":45,"key":"Incense Burner"},{"floor":46,"key":"Lantern"},{"floor":49,"key":"Whetstone"},{"floor":52,"key":"Kunai"},{"floor":54,"key":"Pen Nib"}],"event_choices":[{"damage_healed":0.0,"max_hp_gain":5.0,"max_hp_loss":0.0,"gold_gain":0.0,"event_name":"Big Fish","player_choice":"Donut","floor":2.0,"gold_loss":0.0,"damage_taken":0.0},{"cards_removed":["Defend_S"],"damage_healed":0.0,"max_hp_gain":0.0,"max_hp_loss":0.0,"gold_gain":0.0,"event_name":"Wheel of Change","player_choice":"Card Removal","floor":3.0,"gold_loss":0.0,"damage_taken":0.0},{"cards_removed":["Strike_S"],"damage_healed":0.0,"max_hp_gain":0.0,"max_hp_loss":0.0,"gold_gain":0.0,"event_name":"Back to Basics","player_choice":"Elegance","floor":20.0,"gold_loss":0.0,"damage_taken":0.0},{"damage_healed":0.0,"max_hp_gain":0.0,"max_hp_loss":0.0,"gold_gain":450.0,"event_name":"Knowing Skull","player_choice":"GOLD GOLD GOLD GOLD GOLD ","floor":22.0,"potions_obtained":[],"gold_loss":0.0,"damage_taken":46.0,"cards_obtained":[]},{"damage_healed":0.0,"max_hp_gain":0.0,"max_hp_loss":0.0,"gold_gain":0.0,"event_name":"WeMeetAgain","player_choice":"Gave Potion","floor":36.0,"gold_loss":0.0,"damage_taken":0.0,"relics_obtained":["Darkstone Periapt"]},{"damage_healed":0,"gold_gain":0,"player_choice":"Fight","damage_taken":0,"max_hp_gain":0,"max_hp_loss":0,"event_name":"Mysterious Sphere","floor":39,"gold_loss":0},{"damage_healed":0,"gold_gain":0,"player_choice":"Forge","damage_taken":0,"max_hp_gain":0,"max_hp_loss":0,"event_name":"Accursed Blacksmith","floor":47,"gold_loss":0,"cards_upgraded":["Comet"]}],"is_beta":false,"boss_relics":[{"not_picked":["Philosopher\u0027s Stone","Tiny House"],"picked":"SlaversCollar"},{"not_picked":["Velvet Choker","Busted Crown"],"picked":"Calling Bell"}],"items_purged_floors":[29,29],"is_endless":false,"potions_floor_spawned":[4,5,8,10,11,16,18,19,21,28,33,35,39,45,48],"ascension_level":0}}