{"host":"ox77rn1xcurm2t5a","time":1613868320,"event":{"mods":["2.2 Compatiblity","AchievementEnabler","Act Like it!","Aspiration","BaseMod","Best Route Mod","Better Match","Better Note","Better Sensory Stone","Block Reminder","Colored Map","Colored Powertips","Conjunction","Conspire","Custom Start","Energized Spire","GifTheSpireLib","Gold Saver","Gremlin Skip","Halation","Highlight Path","Hubris","Infinite Spire","Minty Spire (QoL Compilation)","Pale of the Ancients","Quick Restart","Reliquary","Replay The Spire","Reworked Bosses","ShortenTheSpire","Spire Exporter","StSLib","Stuff the Spire","Wandering Minibosses"],"gold_per_floor":[464,464,476,21,45,77,97,131,157,157,168,168,199,209,209,308,308,321,476,44,44,58,93,53,82,156,171,171,171],"floor_reached":28,"language":"ENG","playtime":913,"items_purged":["Injury"],"score":406,"play_id":"7a4d8c0a-37b6-4786-aeda-77fe87260d02","local_time":"20210221024520","is_ascension_mode":true,"campfire_choices":[{"floor":10.0,"key":"RECALL"},{"data":"Inflame","floor":15.0,"key":"SMITH"}],"circlet_count":0,"master_deck":["Strike_R","Strike_R","Strike_R+1","Defend_R","Defend_R","Defend_R+1","Defend_R","Bash","Flex+1","Heavy Blade+1","Pummel+1","Rage","Reaper+1","Pommel Strike+1","Cleave+1","Pot Of Greed","Pot Of Greed","Inflame+1","Demon Form+1","Cleave+1","Clothesline+1","Sword Boomerang+1","Dropkick+1","Perfected Strike+1","Pot Of Greed"],"relics":["Burning Blood","Molten Egg 2","War Paint","HandDrill","Mercury Hourglass","halation:QuantumPhysicsTextbook","Grinning Jar","Empty Cage","halation:PromiseList","reliquary:TridentHead","reliquary:TuningFork","reliquary:FerryPass","halation:TwoAmDonut"],"acts_visited":["Exordium","TheCity"],"potions_floor_usage":[],"damage_taken":[{"damage":11.0,"enemies":"Small Slimes","floor":1.0,"turns":5.0},{"damage":3.0,"enemies":"2 Louse","floor":3.0,"turns":3.0},{"damage":7.0,"enemies":"Jaw Worm","floor":5.0,"turns":3.0},{"damage":5.0,"enemies":"Gremlin Nob","floor":6.0,"turns":3.0},{"damage":13.0,"enemies":"Exordium Thugs","floor":7.0,"turns":4.0},{"damage":49.0,"enemies":"Lagavulin","floor":8.0,"turns":8.0},{"damage":12.0,"enemies":"2 Fungi Beasts","floor":11.0,"turns":2.0},{"damage":21.0,"enemies":"3 Sentries","floor":13.0,"turns":5.0},{"damage":7.0,"enemies":"Large Slime","floor":14.0,"turns":2.0},{"damage":39.0,"enemies":"Fading Forest","floor":16.0,"turns":11.0},{"damage":30.0,"enemies":"Shell Parasite","floor":18.0,"turns":4.0},{"damage":26.0,"enemies":"2 Thieves","floor":19.0,"turns":7.0},{"damage":0.0,"enemies":"3 Cultists","floor":22.0,"turns":2.0},{"damage":48.0,"enemies":"Book of Stabbing","floor":23.0,"turns":6.0},{"damage":31,"enemies":"Slavers","floor":25,"turns":4},{"damage":12,"enemies":"Chosen and Byrds","floor":27,"turns":3},{"damage":27,"enemies":"Book of Stabbing","floor":28,"turns":2}],"seed_played":"8580765213675045760","potions_obtained":[{"floor":1.0,"key":"Conjunction:LightningMarble"},{"floor":3.0,"key":"Fire Potion"},{"floor":5.0,"key":"Fire Potion"},{"floor":8.0,"key":"AttackPotion"},{"floor":13.0,"key":"SneckoOil"},{"floor":19.0,"key":"BloodPotion"},{"floor":22.0,"key":"Dexterity Potion"}],"is_trial":false,"path_per_floor":["M","?","M","$","M","E","M","E","T","R","M","?","E","M","R","B",null,"M","M","$","?","M","E","?","E","T","M","E"],"character_chosen":"IRONCLAD","items_purchased":["War Paint","Pummel+1","HandDrill","halation:PromiseList","reliquary:TridentHead","Clothesline+1"],"campfire_rested":0,"item_purchase_floors":[4,4,4,20,20,20],"current_hp_per_floor":[67,67,70,70,69,70,73,38,38,38,50,50,50,49,49,47,72,57,53,53,53,75,41,41,25,25,19,0,0],"gold":171,"neow_bonus":"HUNDRED_GOLD","is_daily":false,"chose_seed":false,"campfire_upgraded":1,"win_rate":0.0,"timestamp":1613868320,"path_taken":["M","?","M","$","M","E","M","E","T","R","M","?","E","M","R","BOSS","M","M","$","?","M","E","?","E","T","M","E"],"items_purchased_type":["Relic","Card","Relic","Relic","Relic","Card"],"build_version":"2020-12-22","purchased_purges":1,"victory":false,"max_hp_per_floor":[80,80,80,80,80,80,80,80,80,80,80,80,80,80,80,80,80,80,80,80,80,80,80,80,80,80,80,80,80],"card_choices":[{"not_picked":["Whirlwind","StuffTheSpire:Slingshot"],"picked":"Flex","floor":1.0},{"not_picked":["Clothesline+1","StuffTheSpire:Resist"],"picked":"Heavy Blade+1","floor":3.0},{"not_picked":["conspire:Purge","Replay:Undeath\u0027s Touch+1"],"picked":"Rage","floor":5.0},{"not_picked":["ReplayTheSpireMod:Strike From Hell+1","Headbutt+1"],"picked":"Reaper+1","floor":6.0},{"not_picked":["Body Slam+1","ReplayTheSpireMod:LeadingStrike+1","Life Link"],"picked":"SKIP","floor":7.0},{"not_picked":["Hemokinesis+1","Headbutt+1"],"picked":"Pommel Strike+1","floor":8.0},{"not_picked":["Iron Wave+1","Warcry"],"picked":"Cleave+1","floor":11.0},{"not_picked":["Seeing Red","Ghostly Armor"],"picked":"Inflame","floor":13.0},{"not_picked":["Evolve","Havoc","Flex"],"picked":"SKIP","floor":14.0},{"not_picked":["Juggernaut","Impervious"],"picked":"Demon Form","floor":16.0},{"not_picked":["StuffTheSpire:RagingBull+1","Intimidate"],"picked":"Cleave+1","floor":18.0},{"not_picked":["Fire Breathing","True Grit","Armaments"],"picked":"SKIP","floor":19.0},{"not_picked":["Pommel Strike+1","Shrug It Off"],"picked":"Sword Boomerang+1","floor":22.0},{"not_picked":["Impervious","StuffTheSpire:Incineration+1"],"picked":"Dropkick+1","floor":23.0},{"not_picked":["Rupture","Reckless Charge+1"],"picked":"Perfected Strike+1","floor":25},{"not_picked":["True Grit","hubris:ReadiedAction","Fire Breathing"],"picked":"SKIP","floor":27}],"player_experience":3221746,"relics_obtained":[{"floor":6.0,"key":"Mercury Hourglass"},{"floor":8.0,"key":"halation:QuantumPhysicsTextbook"},{"floor":13.0,"key":"Grinning Jar"},{"floor":23.0,"key":"reliquary:TuningFork"},{"floor":25,"key":"reliquary:FerryPass"},{"floor":26,"key":"halation:TwoAmDonut"}],"event_choices":[{"damage_healed":0.0,"max_hp_gain":0.0,"max_hp_loss":0.0,"gold_gain":0.0,"event_name":"FaceTrader","player_choice":"Leave","floor":21.0,"gold_loss":0.0,"damage_taken":0.0},{"damage_healed":0.0,"max_hp_gain":0.0,"max_hp_loss":0.0,"gold_gain":0.0,"event_name":"Designer","player_choice":"Upgraded Two","floor":24.0,"gold_loss":40.0,"damage_taken":0.0,"cards_upgraded":["Strike_R","Demon Form"]}],"is_beta":false,"boss_relics":[{"not_picked":["hubris:GrandSneckoEye","hubris:CrackedHourglass"],"picked":"Empty Cage"}],"items_purged_floors":[4],"is_endless":false,"potions_floor_spawned":[1,3,5,8,13,14,19,22],"killed_by":"Book of Stabbing","ascension_level":9}}