{"host":"8ki4rp59nppvqwda","time":1613874741,"event":{"mods":["AlwaysNeverKeys","BaseMod","Hermit","Minty Spire (QoL Compilation)","Robot Space Explorer","SacredBarkPlus","StSLib","The Cursed","The Necromancer","The Trickster"],"gold_per_floor":[109,119,119,190,203,203,238,238,307,307,6,38,115,125,125,221,221,234,11,25,25,41,41,76,91,115,115,115,115,128,154,154,256,256,271,291,291,341,341,376,376,404,456,473,473,493,24,55,55,55],"floor_reached":51,"language":"ENG","playtime":2488,"items_purged":["hermit:Strike_Hermit","Decay"],"score":948,"play_id":"476e01ca-11fa-48b8-bba1-efca63a794f0","local_time":"20210220213221","is_ascension_mode":true,"campfire_choices":[{"data":"hermit:Dive","floor":6.0,"key":"SMITH"},{"data":"hermit:Snapshot","floor":10.0,"key":"SMITH"},{"floor":15.0,"key":"REST"},{"data":"hermit:EyeOfTheStorm","floor":23.0,"key":"SMITH"},{"floor":28.0,"key":"REST"},{"floor":32.0,"key":"REST"},{"data":"hermit:Determination","floor":41.0,"key":"SMITH"},{"floor":45,"key":"REST"},{"floor":49,"key":"REST"}],"circlet_count":0,"master_deck":["hermit:Strike_Hermit","hermit:Strike_Hermit","hermit:Strike_Hermit","hermit:Defend_Hermit","hermit:Defend_Hermit+1","hermit:Defend_Hermit","hermit:Snapshot+1","hermit:Covet+1","hermit:Dive+1","hermit:Deadeye","hermit:EyeOfTheStorm+1","hermit:Enervate","hermit:Deadeye+1","hermit:FatalDesire","hermit:Grudge+1","hermit:CalledShot+1","hermit:Spite+1","Doubt","TheCursedMod:Dregs","hermit:Roughhouse+1","hermit:Determination+1","hermit:PistolWhip+1","Madness","Madness","Parasite","hermit:HighNoon"],"relics":["hermit:Momento","StoneCalendar","PreservedInsect","Calipers","HornCleat","Du-Vu Doll","War Paint","Molten Egg 2","Cursed Key","Lantern","TungstenRod","Juzu Bracelet","Enchiridion","Bottled Tornado","Potion Belt","Busted Crown","Mango","hermit:Spyglass","Bottled Flame","Boot","Oddly Smooth Stone","Nunchaku","hermit:Horseshoe"],"acts_visited":["Exordium","TheCity","TheBeyond"],"potions_floor_usage":[48,50,50,50],"damage_taken":[{"damage":4.0,"enemies":"Small Slimes","floor":1.0,"turns":4.0},{"damage":2.0,"enemies":"2 Louse","floor":2.0,"turns":2.0},{"damage":5.0,"enemies":"Jaw Worm","floor":5.0,"turns":5.0},{"damage":26.0,"enemies":"Gremlin Nob","floor":7.0,"turns":4.0},{"damage":10.0,"enemies":"Lagavulin","floor":12.0,"turns":6.0},{"damage":0.0,"enemies":"Looter","floor":14.0,"turns":2.0},{"damage":29.0,"enemies":"Slime Boss","floor":16.0,"turns":7.0},{"damage":0.0,"enemies":"Spheric Guardian","floor":18.0,"turns":3.0},{"damage":8.0,"enemies":"2 Thieves","floor":20.0,"turns":4.0},{"damage":13.0,"enemies":"Cultist and Chosen","floor":22.0,"turns":5.0},{"damage":10.0,"enemies":"Slavers","floor":24.0,"turns":3.0},{"damage":3.0,"enemies":"Chosen and Byrds","floor":25.0,"turns":6.0},{"damage":2.0,"enemies":"Snecko","floor":30.0,"turns":4.0},{"damage":9.0,"enemies":"Book of Stabbing","floor":31.0,"turns":3.0},{"damage":34.0,"enemies":"Automaton","floor":33.0,"turns":7.0},{"damage":19.0,"enemies":"3 Darklings","floor":35.0,"turns":5.0},{"damage":0.0,"enemies":"3 Shapes","floor":36.0,"turns":2.0},{"damage":5.0,"enemies":"Mind Bloom Boss Battle","floor":38.0,"turns":3.0},{"damage":0.0,"enemies":"Reptomancer","floor":40.0,"turns":4.0},{"damage":12.0,"enemies":"Giant Head","floor":42.0,"turns":5.0},{"damage":0,"enemies":"Writhing Mass","floor":44,"turns":5},{"damage":8,"enemies":"Transient","floor":46,"turns":5},{"damage":0,"enemies":"Reptomancer","floor":48,"turns":4},{"damage":26,"enemies":"Time Eater","floor":50,"turns":7}],"seed_played":"2980441382203504947","potions_obtained":[{"floor":2.0,"key":"hermit:Eclipse"},{"floor":7.0,"key":"Strength Potion"},{"floor":14.0,"key":"LiquidBronze"},{"floor":20.0,"key":"EssenceOfSteel"},{"floor":24.0,"key":"AttackPotion"},{"floor":25.0,"key":"DuplicationPotion"},{"floor":35.0,"key":"PowerPotion"},{"floor":38.0,"key":"ColorlessPotion"},{"floor":44,"key":"CultistPotion"},{"floor":46,"key":"hermit:Tonic"}],"is_trial":false,"path_per_floor":["M","M","?","?","M","R","E","?","T","R","$","E","T","M","R","B",null,"M","$","M","?","M","R","E","M","T","?","R","T","M","E","R","B",null,"M","M","?","?","?","E","R","E","T","M","R","M","$","E","R","B",null],"character_chosen":"HERMIT","items_purchased":["Du-Vu Doll","Lantern","hermit:HighNoon","Oddly Smooth Stone","Nunchaku"],"campfire_rested":5,"item_purchase_floors":[11,19,47,47,47],"current_hp_per_floor":[50,48,45,45,40,40,14,39,39,39,39,29,29,29,51,22,75,75,75,67,67,54,54,44,41,41,29,51,51,49,40,62,28,75,56,56,56,65,55,55,55,43,43,43,69,61,61,61,87,61],"gold":55,"neow_bonus":"ONE_RARE_RELIC","is_daily":false,"chose_seed":false,"campfire_upgraded":4,"win_rate":0.0,"timestamp":1613874741,"path_taken":["M","M","?","?","M","R","E","?","T","R","?","E","?","?","R","BOSS","M","?","M","?","M","R","E","M","T","?","R","?","M","E","R","BOSS","M","M","?","?","?","E","R","E","T","M","R","M","$","E","R","BOSS"],"items_purchased_type":["Relic","Relic","Card","Relic","Relic"],"build_version":"2020-12-22","purchased_purges":2,"victory":true,"max_hp_per_floor":[75,75,75,75,75,75,75,75,75,75,75,75,75,75,75,75,75,75,75,75,75,75,75,75,75,75,75,75,75,75,75,75,75,75,75,75,75,89,89,89,89,89,89,89,89,89,89,89,89,89],"card_choices":[{"not_picked":["hermit:Feint","hermit:WideOpen","hermit:HoleUp"],"picked":"SKIP","floor":1.0},{"not_picked":["hermit:TakeCover","hermit:Headshot"],"picked":"hermit:Dive","floor":2.0},{"not_picked":["hermit:Maintenance","hermit:ShadowCloak"],"picked":"hermit:Deadeye","floor":5.0},{"not_picked":["hermit:TakeCover","hermit:Purgatory"],"picked":"hermit:EyeOfTheStorm","floor":7.0},{"not_picked":["hermit:EyeOfTheStorm","hermit:Misfire"],"picked":"hermit:Enervate","floor":12.0},{"not_picked":["hermit:ItchyTrigger+1","hermit:Desperado+1"],"picked":"hermit:Deadeye+1","floor":14.0},{"not_picked":["hermit:BlackWind+1","hermit:Gambit"],"picked":"hermit:FatalDesire","floor":16.0},{"not_picked":["hermit:Vantage+1","hermit:Snipe","hermit:Cheat"],"picked":"SKIP","floor":18.0},{"not_picked":["hermit:Misfire+1","hermit:NoHoldsBarred+1","hermit:LoneWolf"],"picked":"SKIP","floor":20.0},{"not_picked":["hermit:NoHoldsBarred+1","hermit:TakeCover"],"picked":"hermit:CalledShot+1","floor":22.0},{"not_picked":["hermit:Cheat+1","hermit:HoleUp","hermit:Misfire+1"],"picked":"SKIP","floor":24.0},{"not_picked":["hermit:Coalescence","hermit:TakeCover"],"picked":"hermit:Spite+1","floor":25.0},{"not_picked":["hermit:Coalescence","hermit:SprayPray+1","hermit:Vantage"],"picked":"SKIP","floor":30.0},{"not_picked":["hermit:Malice+1","hermit:HighCaliber+1","hermit:Midnight"],"picked":"SKIP","floor":31.0},{"not_picked":["hermit:HeroicBravado","hermit:FromBeyond"],"picked":"hermit:Roughhouse+1","floor":33.0},{"not_picked":["hermit:HoleUp"],"picked":"SKIP","floor":35.0},{"not_picked":[],"picked":"hermit:Determination","floor":36.0},{"not_picked":[],"picked":"hermit:PistolWhip+1","floor":38.0},{"not_picked":["hermit:HighCaliber+1"],"picked":"SKIP","floor":40.0},{"not_picked":["hermit:GoldenBullet+1"],"picked":"SKIP","floor":42.0},{"not_picked":["hermit:Feint"],"picked":"SKIP","floor":44},{"not_picked":["hermit:Cheat"],"picked":"SKIP","floor":46},{"not_picked":["hermit:Manifest"],"picked":"SKIP","floor":48}],"player_experience":1333028,"relics_obtained":[{"floor":7.0,"key":"Calipers"},{"floor":9.0,"key":"HornCleat"},{"floor":12.0,"key":"War Paint"},{"floor":13.0,"key":"Molten Egg 2"},{"floor":24.0,"key":"TungstenRod"},{"floor":26.0,"key":"Juzu Bracelet"},{"floor":27.0,"key":"Enchiridion"},{"floor":29.0,"key":"Bottled Tornado"},{"floor":31.0,"key":"Potion Belt"},{"floor":38.0,"key":"Mango"},{"floor":40.0,"key":"hermit:Spyglass"},{"floor":42.0,"key":"Bottled Flame"},{"floor":43.0,"key":"Boot"},{"floor":48,"key":"hermit:Horseshoe"}],"event_choices":[{"damage_healed":0.0,"max_hp_gain":0.0,"max_hp_loss":0.0,"gold_gain":0.0,"event_name":"Scrap Ooze","player_choice":"Success","floor":3.0,"gold_loss":0.0,"damage_taken":3.0,"relics_obtained":["PreservedInsect"]},{"damage_healed":0.0,"max_hp_gain":0.0,"max_hp_loss":0.0,"gold_gain":71.0,"event_name":"Golden Wing","player_choice":"Gained Gold","floor":4.0,"gold_loss":0.0,"damage_taken":0.0},{"damage_healed":25.0,"max_hp_gain":0.0,"max_hp_loss":0.0,"gold_gain":0.0,"event_name":"Big Fish","player_choice":"Banana","floor":8.0,"gold_loss":0.0,"damage_taken":0.0},{"damage_healed":0.0,"max_hp_gain":0.0,"max_hp_loss":0.0,"gold_gain":0.0,"event_name":"The Library","player_choice":"Read","floor":21.0,"gold_loss":0.0,"damage_taken":0.0,"cards_obtained":["hermit:Grudge"]},{"damage_healed":0.0,"max_hp_gain":0.0,"max_hp_loss":0.0,"gold_gain":0.0,"event_name":"Cursed Tome","player_choice":"Obtained Book","floor":27.0,"gold_loss":0.0,"damage_taken":16.0},{"cards_removed":["hermit:Defend_Hermit"],"damage_healed":0.0,"max_hp_gain":0.0,"max_hp_loss":0.0,"gold_gain":0.0,"event_name":"Falling","player_choice":"Removed Skill","floor":37.0,"gold_loss":0.0,"damage_taken":0.0},{"damage_healed":0.0,"max_hp_gain":0.0,"max_hp_loss":0.0,"gold_gain":0.0,"event_name":"MindBloom","player_choice":"Fight","floor":38.0,"gold_loss":0.0,"damage_taken":0.0},{"damage_healed":0.0,"max_hp_gain":0.0,"max_hp_loss":0.0,"gold_gain":0.0,"event_name":"Winding Halls","player_choice":"Embrace Madness","floor":39.0,"gold_loss":0.0,"damage_taken":11.0,"cards_obtained":["Madness","Madness"]}],"is_beta":false,"boss_relics":[{"not_picked":["SlaversCollar","Runic Dome"],"picked":"Cursed Key"},{"not_picked":["Pandora\u0027s Box","SacredBark"],"picked":"Busted Crown"}],"items_purged_floors":[19,47],"is_endless":false,"potions_floor_spawned":[2,7,14,20,24,25,35,38,44,46],"ascension_level":3}}