{"host":"pqs17sqrgflf4eqa","time":1613883943,"event":{"mods":["AchievementEnabler","BaseMod","Bestiary","Better Altar","Better Match","Better Skull","Block Reminder","Bossed Relics","Colored Map","Colored Powertips","Curses Come First","Dark Map","DeckTracker","Defective Defect","Displayed Cursed Tome","Emptier Cage","Googly Eyes","Highlight Path","Minty Spire (QoL Compilation)","Quick Restart","Slay-I","StSLib","SuperFastMode","Synergy Search","Thieving Mod","Transform Curses","everything is the same but u backflip on backflip","slay the spire mod where everything is the same but ironclad has a cowboy hat"],"gold_per_floor":[115,125,135,310,336,370,76,76,76],"floor_reached":8,"language":"ENG","playtime":174,"items_purged":["Doubt"],"score":73,"play_id":"352271db-ce80-4e12-bf18-e5f50619edc4","local_time":"20210221000543","is_ascension_mode":true,"campfire_choices":[],"circlet_count":0,"master_deck":["Strike_P","Strike_P","Strike_P","Strike_P","Defend_P","Defend_P","Defend_P","Defend_P","Eruption","Vigilance","Injury","WreathOfFlame","EmptyBody","Protect","Prostrate","Apotheosis","BowlingBash+1"],"relics":["Lantern","Molten Egg 2"],"acts_visited":["Exordium"],"potions_floor_usage":[6,6],"damage_taken":[{"damage":8,"enemies":"Small Slimes","floor":1,"turns":5},{"damage":0,"enemies":"Jaw Worm","floor":2,"turns":3},{"damage":2,"enemies":"Cultist","floor":3,"turns":3},{"damage":77,"enemies":"Lagavulin","floor":6,"turns":8},{"damage":16,"enemies":"3 Sentries","floor":8,"turns":2}],"seed_played":"-5805044965904712733","potions_obtained":[{"floor":1,"key":"SkillPotion"},{"floor":2,"key":"Swift Potion"}],"is_trial":false,"path_per_floor":["M","M","M","?","T","E","$","E"],"character_chosen":"WATCHER","items_purchased":["Apotheosis","BowlingBash+1"],"campfire_rested":0,"item_purchase_floors":[7,7],"current_hp_per_floor":[57,57,55,55,55,36,16,0,0],"gold":76,"neow_bonus":"ONE_RARE_RELIC","is_daily":false,"chose_seed":false,"campfire_upgraded":0,"win_rate":0.0,"timestamp":1613883943,"path_taken":["M","M","M","?","?","E","$","E"],"items_purchased_type":["Card","Card"],"build_version":"2020-12-22","purchased_purges":1,"victory":false,"max_hp_per_floor":[72,72,72,72,72,72,72,72,72],"card_choices":[{"not_picked":["BowlingBash","Crescendo"],"picked":"WreathOfFlame","floor":1},{"not_picked":["Weave","ThirdEye"],"picked":"EmptyBody","floor":2},{"not_picked":["EmptyBody","Collect"],"picked":"Protect","floor":3},{"not_picked":["Wish","ThirdEye"],"picked":"Prostrate","floor":6}],"player_experience":239583,"relics_obtained":[{"floor":5,"key":"Lantern"},{"floor":6,"key":"Molten Egg 2"}],"event_choices":[{"damage_healed":0,"gold_gain":175,"player_choice":"AGREE","damage_taken":0,"max_hp_gain":0,"max_hp_loss":0,"event_name":"Liars Game","floor":4,"gold_loss":0,"cards_obtained":["Doubt"]}],"is_beta":false,"boss_relics":[],"items_purged_floors":[7],"is_endless":false,"potions_floor_spawned":[1,2],"killed_by":"3 Sentries","ascension_level":6}}