{"host":"epmvf5u7so8a7bmi","time":1613933458,"event":{"mods":["BaseMod","Colored Map","Colored Powertips","Downfall","Minty Spire (QoL Compilation)","StSLib"],"gold_per_floor":[99,117,127,137,137,155,155,184,20,35,35,54,39,73,90,190,190,190,208,226,226,226,226,249,249,263,291,301,336,236,262,273,368,368,368,387,400,410,410,421,496,496,496,525,541,107,7,7,18,18],"floor_reached":51,"language":"ENG","playtime":3395,"items_purged":["Injury","sneckomod:SoulCleanse+1","Pain"],"score":1056,"play_id":"d228c33f-1414-4bd1-89d2-b9b765bcc8ca","local_time":"20210221185058","is_ascension_mode":false,"campfire_choices":[{"data":"sneckomod:SnekBite","floor":1,"key":"SMITH"},{"floor":11,"key":"REST"},{"data":"sneckomod:SoulCleanse","floor":18,"key":"SMITH"},{"data":"sneckomod:QuickBite","floor":23,"key":"SMITH"},{"data":"sneckomod:QuickBite","floor":25,"key":"SMITH"},{"data":"sneckomod:SoulRoll","floor":30,"key":"SMITH"},{"floor":42,"key":"RECALL"}],"circlet_count":0,"master_deck":["sneckomod:Strike","sneckomod:Defend","sneckomod:Defend","sneckomod:TailWhip","sneckomod:SnekBite+1","sneckomod:Unknown","sneckomod:Unknown","sneckomod:SoulDraw","sneckomod:UnknownBlock","sneckomod:SoulRoll+1","sneckomod:MorePower","sneckomod:SoulDraw","sneckomod:UnknownStrike","sneckomod:UnknownUncommonPower+1","sneckomod:UnknownRareSkill","sneckomod:UnknownUncommonAttack+1","sneckomod:Unknown2Cost","sneckomod:UnknownUncommonPower+1","sneckomod:SnakeSap","sneckomod:UnendingSupply","sneckomod:UnknownX+1","sneckomod:SnakeSap","sneckomod:SoulCleanse+1","sneckomod:Unknown2Cost+1","sneckomod:QuickBite+1","sneckomod:UnknownRarePower+1","sneckomod:QuickBite+1","sneckomod:Nope","sneckomod:Unknown3Cost","sneckomod:WideSting","sneckomod:QuickBite+1","Writhe","sneckomod:Unknown2Cost+1","sneckomod:SoulRoll+1","sneckomod:UnknownBoss+1","sneckomod:MorePower","sneckomod:UnknownBlock+1","sneckomod:UnknownVulnerable+1","sneckomod:UnknownRareAttack+1","sneckomod:QuickMove+1","sneckomod:UnknownBlock+1","sneckomod:UnknownRarePower+1","sneckomod:UnknownDraw+1","sneckomod:Restock","Heatsinks+1","sneckomod:UnknownBoss+1","sneckomod:CheapStock","sneckomod:UnknownUncommonPower+1","sneckomod:SoulCleanse+1","sneckomod:UnknownRareSkill+1","sneckomod:MasterEye+1","sneckomod:SoulRoll+1","sneckomod:Unknown2Cost+1","sneckomod:UnknownBlock+1","sneckomod:SoulDraw+1","sneckomod:UnknownUncommonPower+1","sneckomod:SlitherStrike+1","Adrenaline+1","sneckomod:SoulRoll+1"],"relics":["sneckomod:SneckoSoul","Ginger","FossilizedHelix","Pantograph","Snecko Eye","Blue Candle","Enchiridion","Guardian:PocketSentry","sneckomod:LoadedDie","Shuriken","downfall:HeartBlessingGreen","Red Mask","Coffee Dripper","WarpedTongs","Bottled Tornado","Bag of Preparation","Frozen Egg 2","Strange Spoon","downfall:HeartBlessingRed"],"acts_visited":["Exordium","TheCity","TheBeyond"],"potions_floor_usage":[13],"damage_taken":[{"damage":10,"enemies":"Jaw Worm","floor":2,"turns":4},{"damage":0,"enemies":"Cultist","floor":3,"turns":2},{"damage":7,"enemies":"Small Slimes","floor":4,"turns":3},{"damage":2,"enemies":"Blue Slaver","floor":6,"turns":3},{"damage":57,"enemies":"Gremlin Nob","floor":8,"turns":5},{"damage":0,"enemies":"downfall:FleeingMerchant","floor":9,"turns":4},{"damage":0,"enemies":"Gremlin Gang","floor":10,"turns":5},{"damage":6,"enemies":"3 Louse","floor":12,"turns":3},{"damage":12,"enemies":"downfall:FleeingMerchant","floor":13,"turns":4},{"damage":18,"enemies":"Lagavulin","floor":14,"turns":4},{"damage":0,"enemies":"Exordium Thugs","floor":15,"turns":2},{"damage":15,"enemies":"IC_STATUS_ARCHETYPE","floor":16,"turns":7},{"damage":0,"enemies":"Chosen","floor":19,"turns":3},{"damage":16,"enemies":"Shell Parasite","floor":20,"turns":4},{"damage":23,"enemies":"Centurion and Healer","floor":26,"turns":3},{"damage":6,"enemies":"Gremlin Leader","floor":27,"turns":6},{"damage":0,"enemies":"Shelled Parasite and Fungi","floor":28,"turns":3},{"damage":0,"enemies":"Book of Stabbing","floor":29,"turns":4},{"damage":0,"enemies":"Masked Bandits","floor":31,"turns":3},{"damage":0,"enemies":"Snake Plant","floor":32,"turns":3},{"damage":0,"enemies":"DF_ARCHETYPE_CLAW","floor":33,"turns":7},{"damage":0,"enemies":"3 Shapes","floor":36,"turns":3},{"damage":0,"enemies":"Orb Walker","floor":37,"turns":3},{"damage":0,"enemies":"3 Darklings","floor":38,"turns":2},{"damage":3,"enemies":"Spire Growth","floor":40,"turns":2},{"damage":7,"enemies":"Reptomancer","floor":44,"turns":4},{"damage":1,"enemies":"4 Shapes","floor":45,"turns":2},{"damage":0,"enemies":"downfall:FleeingMerchant","floor":46,"turns":2},{"damage":0,"enemies":"Writhing Mass","floor":49,"turns":3},{"damage":0,"enemies":"WA_ARCHETYPE_DIVINITY","floor":50,"turns":2}],"seed_played":"3021884497568653896","potions_obtained":[{"floor":3,"key":"Ancient Potion"},{"floor":12,"key":"Fire Potion"},{"floor":14,"key":"DuplicationPotion"},{"floor":15,"key":"AttackPotion"},{"floor":31,"key":"Regen Potion"}],"is_trial":false,"path_per_floor":["R","M","M","M","?","M","T","E","$","M","R","M","$","E","M","B",null,"R","M","M","?","?","R","T","R","M","E","M","E","R","?","M","B",null,"R","M","M","M","?","M","T","R","?","E","M","$","R","$","M","B",null],"character_chosen":"THE_SNECKO","items_purchased":["sneckomod:UnendingSupply","Bag of Preparation","Frozen Egg 2","Strange Spoon"],"campfire_rested":1,"item_purchase_floors":[9,46,46,46],"current_hp_per_floor":[99,89,89,82,82,80,80,23,23,23,52,46,34,16,16,26,99,99,99,90,90,74,74,74,74,51,45,45,55,55,65,65,90,99,99,99,99,99,99,96,96,96,96,89,88,88,88,88,88,99],"gold":18,"neow_bonus":"TEN_PERCENT_HP_BONUS","is_daily":false,"chose_seed":false,"campfire_upgraded":5,"win_rate":0.0,"timestamp":1613933458,"path_taken":["R","M","M","M","?","?","T","E","?","M","R","M","$","E","M","BOSS","R","M","M","?","?","R","T","R","M","E","M","E","R","?","M","BOSS","R","M","M","M","?","?","T","R","?","E","M","$","R","$","M","BOSS"],"items_purchased_type":["Card","Relic","Relic","Relic"],"build_version":"2020-12-22","purchased_purges":3,"victory":true,"max_hp_per_floor":[99,99,99,99,99,99,99,99,99,99,99,99,99,99,99,99,99,99,99,99,99,99,99,99,99,99,99,99,99,99,99,99,99,99,99,99,99,99,99,99,99,99,99,99,99,99,99,99,99,99],"card_choices":[{"not_picked":["sneckomod:RainOfDice","sneckomod:Unknown1Cost"],"picked":"sneckomod:SoulDraw","floor":2},{"not_picked":["sneckomod:UnknownCommonSkill","sneckomod:WideSting"],"picked":"sneckomod:UnknownBlock","floor":3},{"not_picked":["sneckomod:DiceBlock","sneckomod:ImprovisedAttack"],"picked":"sneckomod:SoulRoll","floor":4},{"not_picked":["sneckomod:UnknownRareSkill+1","sneckomod:UnknownCommonSkill+1"],"picked":"sneckomod:UnknownUncommonPower+1","floor":6},{"not_picked":["sneckomod:DiceBoulder","sneckomod:Unknown1Cost"],"picked":"sneckomod:UnknownRareSkill","floor":6},{"not_picked":["sneckomod:UnknownCommonAttack+1","sneckomod:UnknownWeak+1"],"picked":"sneckomod:UnknownUncommonAttack+1","floor":8},{"not_picked":["sneckomod:UnknownCommonSkill","sneckomod:UnknownStrike"],"picked":"sneckomod:Unknown2Cost","floor":8},{"not_picked":["sneckomod:UnknownDraw+1","sneckomod:UnknownExhaust+1"],"picked":"sneckomod:UnknownUncommonPower+1","floor":9},{"not_picked":["sneckomod:UnknownCommonSkill","sneckomod:TrashToTreasure"],"picked":"sneckomod:SnakeSap","floor":9},{"not_picked":["sneckomod:UnknownUncommonPower+1","sneckomod:UnknownBoss+1"],"picked":"sneckomod:UnknownX+1","floor":10},{"not_picked":["sneckomod:UnknownCommonAttack","sneckomod:IronFang"],"picked":"sneckomod:SnakeSap","floor":10},{"not_picked":["sneckomod:SerpentIdol","sneckomod:UnknownVulnerable"],"picked":"sneckomod:SoulCleanse","floor":12},{"not_picked":["sneckomod:UnknownUncommonAttack+1","sneckomod:UnknownRareAttack+1"],"picked":"sneckomod:Unknown2Cost+1","floor":13},{"not_picked":["sneckomod:QuickMove","sneckomod:DiceBlock"],"picked":"sneckomod:QuickBite","floor":13},{"not_picked":["sneckomod:Unknown1Cost+1","sneckomod:UnknownX+1"],"picked":"sneckomod:UnknownRarePower+1","floor":14},{"not_picked":["sneckomod:SoulRoll","sneckomod:SoulExchange"],"picked":"sneckomod:QuickBite","floor":14},{"not_picked":["sneckomod:UnknownUncommonAttack","sneckomod:DiceBlock"],"picked":"sneckomod:Nope","floor":15},{"not_picked":["sneckomod:Unknown1Cost+1","sneckomod:UnknownX+1"],"picked":"sneckomod:Unknown0Cost+1","floor":16},{"not_picked":["sneckomod:MorePower","sneckomod:DangerNoodle"],"picked":"sneckomod:Unknown3Cost","floor":16},{"not_picked":["sneckomod:UnknownCommonAttack","sneckomod:DiceCrush"],"picked":"sneckomod:WideSting","floor":19},{"not_picked":["sneckomod:UnknownClassGREEN","sneckomod:DiceBlock"],"picked":"sneckomod:QuickBite+1","floor":20},{"not_picked":["sneckomod:UnknownClassBLUE+1","sneckomod:UnknownX+1"],"picked":"sneckomod:Unknown2Cost+1","floor":26},{"not_picked":["sneckomod:SoulExchange","sneckomod:UnknownDraw"],"picked":"sneckomod:SoulRoll+1","floor":26},{"not_picked":["sneckomod:UnknownBlock+1","sneckomod:UnknownCommonAttack+1"],"picked":"sneckomod:UnknownBoss+1","floor":27},{"not_picked":["sneckomod:UnknownClassBLUE","sneckomod:ImprovisedAttack+1","sneckomod:UnknownUncommonSkill"],"picked":"SKIP","floor":27},{"not_picked":["sneckomod:UnknownWeak+1","sneckomod:UnknownCommonAttack+1"],"picked":"sneckomod:UnknownUncommonPower+1","floor":28},{"not_picked":["sneckomod:UnknownClassGUARDIAN","sneckomod:UnknownClassGREEN"],"picked":"sneckomod:MorePower","floor":28},{"not_picked":["sneckomod:UnknownX+1","sneckomod:UnknownUncommonAttack+1"],"picked":"sneckomod:UnknownBlock+1","floor":29},{"not_picked":["sneckomod:SoulDraw","sneckomod:Nope","sneckomod:UnendingSupply"],"picked":"SKIP","floor":29},{"not_picked":["sneckomod:UnknownClassGUARDIAN+1","sneckomod:Unknown2Cost+1"],"picked":"sneckomod:UnknownVulnerable+1","floor":31},{"not_picked":["sneckomod:UnknownCommonSkill+1","sneckomod:UnknownCommonAttack+1"],"picked":"sneckomod:UnknownRareAttack+1","floor":31},{"not_picked":["sneckomod:QuickBite","sneckomod:ImprovisedAttack"],"picked":"sneckomod:QuickMove+1","floor":31},{"not_picked":["sneckomod:UnknownUncommonAttack+1","sneckomod:UnknownClassGUARDIAN+1"],"picked":"sneckomod:UnknownBlock+1","floor":32},{"not_picked":["sneckomod:TrashToTreasure","sneckomod:Unknown2Cost","sneckomod:RainOfDice"],"picked":"SKIP","floor":32},{"not_picked":["sneckomod:UnknownUncommonAttack+1","sneckomod:UnknownClassGREEN+1"],"picked":"sneckomod:UnknownRarePower+1","floor":33},{"not_picked":["sneckomod:UnknownUncommonPower+1","sneckomod:UnknownCommonSkill+1"],"picked":"sneckomod:UnknownDraw+1","floor":33},{"not_picked":["sneckomod:MorePower","sneckomod:UnknownRareSkill"],"picked":"sneckomod:Restock","floor":33},{"not_picked":["sneckomod:UnknownVulnerable+1","sneckomod:UnknownCommonSkill+1"],"picked":"sneckomod:UnknownBoss+1","floor":36},{"not_picked":["sneckomod:UnknownClassGUARDIAN+1","sneckomod:UnknownCommonAttack"],"picked":"sneckomod:CheapStock","floor":36},{"not_picked":["sneckomod:ImprovisedGuard+1","sneckomod:SoulRoll","sneckomod:DiceCrush"],"picked":"SKIP","floor":37},{"not_picked":["sneckomod:UnknownUncommonAttack+1","sneckomod:UnknownExhaust+1"],"picked":"sneckomod:UnknownUncommonPower+1","floor":38},{"not_picked":["sneckomod:UnknownCommonSkill","sneckomod:UnknownCommonAttack"],"picked":"sneckomod:SoulCleanse+1","floor":38},{"not_picked":["sneckomod:Unknown1Cost+1","sneckomod:UnknownUncommonAttack+1"],"picked":"sneckomod:UnknownRareSkill+1","floor":40},{"not_picked":["sneckomod:UnknownStrike","sneckomod:Unknown2Cost+1"],"picked":"sneckomod:MasterEye+1","floor":40},{"not_picked":["sneckomod:UnknownUncommonPower+1","sneckomod:UnknownClassGREEN+1"],"picked":"sneckomod:Unknown2Cost+1","floor":44},{"not_picked":["sneckomod:Unknown1Cost+1","sneckomod:Unknown0Cost+1"],"picked":"sneckomod:UnknownBlock+1","floor":44},{"not_picked":["sneckomod:UnknownClassGREEN+1","sneckomod:UnknownBlock+1"],"picked":"sneckomod:SoulDraw+1","floor":44},{"not_picked":["sneckomod:Unknown1Cost+1","sneckomod:UnknownUncommonSkill+1"],"picked":"sneckomod:UnknownUncommonPower+1","floor":45},{"not_picked":["sneckomod:UnknownVulnerable+1","sneckomod:UnknownDraw+1"],"picked":"sneckomod:SlitherStrike+1","floor":45},{"not_picked":["sneckomod:UnknownClassGREEN","sneckomod:UnknownRarePower","sneckomod:UnknownClassGUARDIAN+1"],"picked":"SKIP","floor":46},{"not_picked":["sneckomod:UnknownBlock+1","sneckomod:Unknown1Cost+1"],"picked":"sneckomod:SoulRoll+1","floor":49}],"player_experience":201566,"relics_obtained":[{"floor":7,"key":"Ginger"},{"floor":8,"key":"FossilizedHelix"},{"floor":14,"key":"Pantograph"},{"floor":22,"key":"Enchiridion"},{"floor":24,"key":"Guardian:PocketSentry"},{"floor":27,"key":"sneckomod:LoadedDie"},{"floor":29,"key":"Shuriken"},{"floor":31,"key":"Red Mask"},{"floor":44,"key":"Bottled Tornado"}],"event_choices":[{"damage_healed":0,"gold_gain":0,"player_choice":"Fought Bandits","damage_taken":0,"max_hp_gain":0,"max_hp_loss":0,"event_name":"Masked Bandits","floor":31,"gold_loss":0},{"damage_healed":0,"gold_gain":0,"player_choice":"Rummage","damage_taken":0,"relics_obtained":["WarpedTongs"],"max_hp_gain":0,"max_hp_loss":0,"event_name":"Accursed Blacksmith","floor":39,"gold_loss":0,"cards_obtained":["Pain"]}],"is_beta":false,"boss_relics":[{"not_picked":["Tiny House","Runic Dome"],"picked":"Snecko Eye"},{"not_picked":["Cursed Key","Sozu"],"picked":"Coffee Dripper"}],"items_purged_floors":[9,46,46],"is_endless":false,"potions_floor_spawned":[3,12,14,15,20,28,31,33,40,49],"ascension_level":0}}