{"host":"2xnjhc1nuqzfyzm4","time":1613893829,"event":{"mods":["100% Spire Juice","Act Like it!","Arknights","BaseMod","Beaked The Cultist","Bestiary","Better Match","Better Note","Better Sensory Stone","Better Third Choice","Block Reminder","CapriCore","CatGirl Mod","ChefMod","Colored Powertips","Displayed Cursed Tome","Dota2Spire","Downfall","Ekko","Elementarium","GungeonMod","Hallownest","Hermit","Hubris","Infinite Spire","Jedi Mod","Jorbs\u0027s Wanderer Trilogy","Luminous","Mad Scientist","Marisa????????","Menagerie","Minty Spire (QoL Compilation)","Poor People Problems","Potionbrewer","Prisma Mod","QueenMod","Relic Stats","Reliquary","Replay The Spire","Robot Space Explorer","Ruina","SIMod","Shade Mod","Shapeshifter Mod","Spikes Relics","StSLib","The Alterego","The Animator","The Blackbeard","The Bug Knight","The Cursed","The Death Knight","The Disciple","The Dragon Tamer","The Dragonkin","The Druid","The Elementalist","The Exalted","The Fake Hero","The Florist","The Gatherer","The Hayseed","The Hierophant","The Immortal","The Jungle","The Mystic","The Necromancer","The Poker Player","The Runesmith","The Sage","The Senshi","The Servant 0.9.4","The Showman","The Valiant","The Wild Card","TheBandit","TheSwordswoman","TheVacant","TheVelvet","TheWitcher","Trackpad","Waifu the Spire","WarShipGirlsR/????R mod","Yakumo Yukari mod"],"gold_per_floor":[110,123,133,133,152,177,177,194,246,131,145,145,120,151,151,253,253,234,250,250,250,261,292,305,305,305,305,317,336,352,366,386,386,386,483,583,583,600,600,617,629,648,681,694,708,757,757,757,757,774,809,809,809,809,809,397,432,432],"floor_reached":59,"language":"ENG","playtime":6849,"items_purged":["StSShapeShifter:Lynx_Form"],"score":891,"play_id":"6c9001cf-d38c-45d0-a40d-6386e3f3df18","local_time":"20210220235029","is_ascension_mode":false,"campfire_choices":[{"floor":7,"key":"RECALL"},{"data":"StSShapeShifter:VineHandcuffs","floor":12,"key":"SMITH"},{"data":"StSShapeShifter:Synchronicity","floor":27,"key":"SMITH"},{"floor":33,"key":"REST"},{"floor":49,"key":"REST"},{"data":"infinitespire:Fortify","floor":52,"key":"SMITH"},{"data":"hubris:Fate","floor":55,"key":"SMITH"}],"circlet_count":0,"master_deck":["StSShapeShifter:ShapeShifter_Strike","StSShapeShifter:ShapeShifter_Strike","StSShapeShifter:ShapeShifter_Strike","StSShapeShifter:ShapeShifter_Strike","StSShapeShifter:ShapeShifter_Strike","StSShapeShifter:ShapeShifter_Defend","StSShapeShifter:ShapeShifter_Defend","StSShapeShifter:ShapeShifter_Defend","StSShapeShifter:ShapeShifter_Defend","StSShapeShifter:ShapeShifter_Defend","StSShapeShifter:Tortoise_Form+1","StSShapeShifter:FallingLeaves","StSShapeShifter:BloomingSlash","StSShapeShifter:BurstingSpore","StSShapeShifter:BarkSkin","StSShapeShifter:Evolution+1","StSShapeShifter:Forgiveness","StSShapeShifter:VineHandcuffs+1","StSShapeShifter:Ensconce","StSShapeShifter:BladeOfGrass","StSShapeShifter:Spring","hubris:Fate+1","StSShapeShifter:Synchronicity+1","StSShapeShifter:Efflorescence","StSShapeShifter:MysticalSeed","StSShapeShifter:TopazSkin","StSShapeShifter:Sap_Burst+1","StSShapeShifter:BurrBomb","StSShapeShifter:ReplenishingNectar","Parasite","StSShapeShifter:OakBlade","infinitespire:Fortify+1"],"relics":["StSShapeShifter:AnimalHeart","StSShapeShifter:TheShapeShiftersMagnolia","Pyrelight","Dota2Spire:PowerTreads","jedi:crownofsimplicity","hubris:RunicObelisk","reliquary:WeakTea","Counterbalance","DemoMod:RatBoots","DemoMod:ResourcefulSack","DemoMod:PartiallyEatenCheese","Huge Egg","Anchor","trackpad:PetRock","ClockworkSouvenir","Dota2Spire:Mjollnir"],"acts_visited":["Exordium","TheCity","DemoMod:Maze","TheBeyond","TheEnding"],"potions_floor_usage":[5,14,14,23,24,31,35,35,35,36,40,53,53,58,58],"damage_taken":[{"damage":0,"enemies":"ats:Genji","floor":1,"turns":5},{"damage":1,"enemies":"Small Slimes","floor":2,"turns":4},{"damage":0,"enemies":"Jaw Worm","floor":3,"turns":4},{"damage":1,"enemies":"Exordium Thugs","floor":5,"turns":4},{"damage":4,"enemies":"Replay:BlueRogue","floor":6,"turns":11},{"damage":0,"enemies":"Lots of Slimes","floor":8,"turns":3},{"damage":0,"enemies":"Blue Slaver","floor":11,"turns":5},{"damage":0,"enemies":"Exordium Thugs","floor":13,"turns":5},{"damage":25,"enemies":"Gremlin Nob","floor":14,"turns":6},{"damage":4,"enemies":"Hexaghost","floor":16,"turns":18},{"damage":16,"enemies":"2 Thieves","floor":18,"turns":4},{"damage":0,"enemies":"Shell Parasite","floor":19,"turns":8},{"damage":17,"enemies":"Centurion and Healer","floor":22,"turns":9},{"damage":45,"enemies":"Gremlin Leader","floor":23,"turns":9},{"damage":7,"enemies":"Sentry and Sphere","floor":24,"turns":11},{"damage":15,"enemies":"DemoMod:Red_and_blue_shotgun_kin","floor":28,"turns":7},{"damage":15,"enemies":"DemoMod:2_Veteran_bullet_kins_and_red_shotgun_kin","floor":29,"turns":4},{"damage":0,"enemies":"DemoMod:Red_and_blue_shotgun_kin_with_gunsinger","floor":30,"turns":7},{"damage":31,"enemies":"DemoMod:Veteran_shot_gun_kin_and_blue_shotgun_kin_with_gunsinger","floor":31,"turns":8},{"damage":17,"enemies":"DemoMod:Veteran_shot_gun_kin_and_red_shotgun_kin_with_gunsinger","floor":32,"turns":8},{"damage":17,"enemies":"DemoMod:ResourcefulRat","floor":34,"turns":3},{"damage":11,"enemies":"DemoMod:ResourcefulRat","floor":35,"turns":2},{"damage":38,"enemies":"DemoMod:ResourcefulRat","floor":36,"turns":27},{"damage":0,"enemies":"3 Shapes","floor":38,"turns":2},{"damage":0,"enemies":"Orb Walker","floor":40,"turns":6},{"damage":15,"enemies":"Writhing Mass","floor":41,"turns":13},{"damage":30,"enemies":"4 Shapes","floor":42,"turns":9},{"damage":27,"enemies":"beaked:SuperParasite","floor":43,"turns":13},{"damage":1,"enemies":"Maw","floor":44,"turns":13},{"damage":27,"enemies":"Jaw Worm Horde","floor":45,"turns":8},{"damage":0,"enemies":"4 Shapes","floor":50,"turns":6},{"damage":51,"enemies":"HollowMod:StalkingDevout","floor":51,"turns":12},{"damage":11,"enemies":"Replay:Hell Engine","floor":53,"turns":4},{"damage":68,"enemies":"Shield and Spear","floor":57,"turns":6},{"damage":16,"enemies":"The Heart","floor":58,"turns":3}],"seed_played":"7254129909517665032","potions_obtained":[{"floor":2,"key":"FearPotion"},{"floor":3,"key":"PowerPotion"},{"floor":5,"key":"bronze:BurnAndBuffPotion"},{"floor":8,"key":"DemoMod:LeadSkinPotion"},{"floor":19,"key":"potionbrewer:CleansingPotion"},{"floor":23,"key":"Strength Potion"},{"floor":24,"key":"SkillPotion"},{"floor":28,"key":"PowerPotion"},{"floor":31,"key":"Dota2Spire:Clarity"},{"floor":35,"key":"potionbrewer:InfectionPotion"},{"floor":36,"key":"Adrenaline Potion"},{"floor":38,"key":"potionbrewer:NoxiousPotion"},{"floor":43,"key":"DeathKnight:RimePotion"},{"floor":44,"key":"GamblersBrew"},{"floor":45,"key":"potionbrewer:EndurancePotion"},{"floor":57,"key":"DistilledChaos"}],"is_trial":false,"path_per_floor":["M","M","M","?","M","E","R","M","T","$","M","R","M","E","R","B",null,"M","M","AVR","?","M","E","M","?","T","R","M","M","M","M","M","R","B","B","B",null,"M","?","M","M","M","E","M","M","T","AVR","?","R","M","E","R","B",null,"R","$","E","B",null],"character_chosen":"SHAPESHIFTER","items_purchased":["DemoMod:GnawedKey","trackpad:PetRock","ClockworkSouvenir","FearPotion","DeathKnight:RimePotion"],"campfire_rested":2,"item_purchase_floors":[10,56,56,56,56],"current_hp_per_floor":[78,77,77,77,76,72,72,72,72,72,72,72,76,62,78,78,78,62,66,66,66,58,27,26,26,78,78,71,56,56,38,45,68,51,40,12,78,78,78,78,72,62,42,58,49,49,49,49,72,78,53,53,50,78,78,78,51,45],"gold":432,"neow_bonus":"UPGRADE_CARD","is_daily":false,"chose_seed":false,"campfire_upgraded":4,"win_rate":0.0,"timestamp":1613893829,"path_taken":["M","M","M","?","M","E","R","M","T","$","M","R","M","E","R","BOSS","M","M","AVR","?","M","E","M","?","T","R","M","M","M","M","M","R","BOSS","BOSS","BOSS","M","?","M","M","M","E","M","?","T","AVR","?","R","?","E","R","BOSS","R","$","E","BOSS"],"items_purchased_type":["Relic","Relic","Relic","Potion","Potion"],"build_version":"2020-12-22","purchased_purges":1,"victory":true,"max_hp_per_floor":[78,78,78,78,78,78,78,78,78,78,78,78,78,78,78,78,78,78,78,78,78,78,78,78,78,78,78,78,78,78,78,78,78,78,78,78,78,78,78,78,78,78,78,78,78,78,78,78,78,78,78,78,78,78,78,78,78,78],"relic_stats":{"counters":[35,267],"obtain_stats":[{"StSShapeShifter:TheShapeShiftersMagnolia":0,"Dota2Spire:PowerTreads":6,"StSShapeShifter:AnimalHeart":0,"Counterbalance":24,"DemoMod:PartiallyEatenCheese":37,"trackpad:PetRock":56,"DemoMod:GlassGuonStoneRelic":2,"Pyrelight":4,"DemoMod:RatBoots":37,"jedi:crownofsimplicity":14,"reliquary:WeakTea":20,"hubris:RunicObelisk":17,"reliquary:FerryPass":23,"ClockworkSouvenir":56,"Anchor":46,"Dota2Spire:Mjollnir":57,"DemoMod:GnawedKey":10,"DemoMod:ResourcefulSack":37,"Huge Egg":43},{"StSShapeShifter:TheShapeShiftersMagnolia":0,"Dota2Spire:PowerTreads":5,"StSShapeShifter:AnimalHeart":0,"Counterbalance":15,"DemoMod:PartiallyEatenCheese":23,"trackpad:PetRock":33,"DemoMod:GlassGuonStoneRelic":2,"Pyrelight":3,"DemoMod:RatBoots":23,"jedi:crownofsimplicity":9,"reliquary:WeakTea":12,"hubris:RunicObelisk":10,"reliquary:FerryPass":14,"ClockworkSouvenir":33,"Anchor":30,"Dota2Spire:Mjollnir":34,"DemoMod:GnawedKey":6,"DemoMod:ResourcefulSack":23,"Huge Egg":28},{"StSShapeShifter:TheShapeShiftersMagnolia":0,"Dota2Spire:PowerTreads":28,"StSShapeShifter:AnimalHeart":0,"Counterbalance":106,"DemoMod:PartiallyEatenCheese":172,"trackpad:PetRock":258,"DemoMod:GlassGuonStoneRelic":9,"Pyrelight":13,"DemoMod:RatBoots":172,"jedi:crownofsimplicity":47,"reliquary:WeakTea":77,"hubris:RunicObelisk":65,"reliquary:FerryPass":95,"ClockworkSouvenir":258,"Anchor":236,"Dota2Spire:Mjollnir":264,"DemoMod:GnawedKey":31,"DemoMod:ResourcefulSack":172,"Huge Egg":215}]},"card_choices":[{"not_picked":["StSShapeShifter:Bonk","StSShapeShifter:Wildfire2"],"picked":"StSShapeShifter:FallingLeaves","floor":1},{"not_picked":["StSShapeShifter:HippoForm","StSShapeShifter:PoisonIvy"],"picked":"StSShapeShifter:BloomingSlash","floor":2},{"not_picked":["StSShapeShifter:BloomingSlash","StSShapeShifter:Synchronicity"],"picked":"StSShapeShifter:BurstingSpore","floor":3},{"not_picked":["StSShapeShifter:FesteringBite","StSShapeShifter:OakBlade"],"picked":"StSShapeShifter:BarkSkin","floor":5},{"not_picked":["StSShapeShifter:FallingLeaves","StSShapeShifter:WaspSwarmForm"],"picked":"StSShapeShifter:Evolution","floor":6},{"not_picked":["StSShapeShifter:Rest","StSShapeShifter:WiltingWrath"],"picked":"StSShapeShifter:Forgiveness","floor":8},{"not_picked":["StSShapeShifter:FesteringBite","StSShapeShifter:BloomingSlash"],"picked":"StSShapeShifter:VineHandcuffs","floor":11},{"not_picked":["StSShapeShifter:Consume","StSShapeShifter:Maul"],"picked":"StSShapeShifter:Ensconce","floor":13},{"not_picked":["StSShapeShifter:Bonk","StSShapeShifter:OpportuneSwoop"],"picked":"StSShapeShifter:BladeOfGrass","floor":14},{"not_picked":["StSShapeShifter:BurstOfLifeEscapeDeath","StSShapeShifter:WolfsBane"],"picked":"StSShapeShifter:Spring","floor":16},{"not_picked":["StSShapeShifter:Rest","StSShapeShifter:VileMushroom","StSShapeShifter:FesteringBite+1"],"picked":"SKIP","floor":18},{"not_picked":["StSShapeShifter:FoxForm+1","StSShapeShifter:OwlForm","StSShapeShifter:LionForm"],"picked":"SKIP","floor":19},{"not_picked":["StSShapeShifter:Sapling","StSShapeShifter:VineHandcuffs"],"picked":"StSShapeShifter:Synchronicity","floor":22},{"not_picked":["StSShapeShifter:Roar","StSShapeShifter:Autumn","StSShapeShifter:VileMushroom+1"],"picked":"SKIP","floor":23},{"not_picked":["StSShapeShifter:BurstingSpore","StSShapeShifter:Rest+1"],"picked":"StSShapeShifter:Efflorescence","floor":24},{"not_picked":["StSShapeShifter:Rest+1","StSShapeShifter:Flourish","StSShapeShifter:Garden+1"],"picked":"SKIP","floor":28},{"not_picked":["StSShapeShifter:AdaptiveStrikes+1","StSShapeShifter:BloomingSlash"],"picked":"StSShapeShifter:TopazSkin","floor":29},{"not_picked":["StSShapeShifter:Evolution+1","StSShapeShifter:ThrashAbout+1","StSShapeShifter:HippoForm"],"picked":"SKIP","floor":30},{"not_picked":["StSShapeShifter:EntForm+1","StSShapeShifter:ThornedSkin","StSShapeShifter:ShiftingStrike+1"],"picked":"SKIP","floor":31},{"not_picked":["StSShapeShifter:BloomingSlash+1","StSShapeShifter:Rest+1","StSShapeShifter:Flourish"],"picked":"SKIP","floor":32},{"not_picked":["StSShapeShifter:Summer","StSShapeShifter:Vengeance"],"picked":"StSShapeShifter:Sap_Burst","floor":35},{"not_picked":["StSShapeShifter:WolfsBane","StSShapeShifter:DragonForm"],"picked":"StSShapeShifter:BurrBomb","floor":36},{"not_picked":["StSShapeShifter:FoxForm","StSShapeShifter:PorcupineForm+1"],"picked":"StSShapeShifter:ReplenishingNectar","floor":38},{"not_picked":["StSShapeShifter:Maul","StSShapeShifter:Roar","StSShapeShifter:LeapingSlash"],"picked":"SKIP","floor":40},{"not_picked":["StSShapeShifter:DeerForm","StSShapeShifter:Rest"],"picked":"StSShapeShifter:OakBlade","floor":41},{"not_picked":["StSShapeShifter:AdaptiveStrikes+1","StSShapeShifter:Roar+1","StSShapeShifter:Sapling+1"],"picked":"SKIP","floor":42},{"not_picked":["StSShapeShifter:TopazSkin+1","StSShapeShifter:EntForm","StSShapeShifter:DeerForm"],"picked":"SKIP","floor":43},{"not_picked":["StSShapeShifter:Mystical_Branch+1","StSShapeShifter:PantherForm+1","StSShapeShifter:FlowerShield+1"],"picked":"SKIP","floor":44},{"not_picked":["StSShapeShifter:Bonk","StSShapeShifter:Guard+1","StSShapeShifter:BladeOfGrass"],"picked":"SKIP","floor":45},{"not_picked":["StSShapeShifter:ForestFire+1","StSShapeShifter:OwlForm","StSShapeShifter:Garden"],"picked":"SKIP","floor":50},{"not_picked":["StSShapeShifter:Flourish","StSShapeShifter:VineHandcuffs","StSShapeShifter:BladeOfGrass+1"],"picked":"SKIP","floor":51},{"not_picked":["StSShapeShifter:SquirrelForm","StSShapeShifter:Rest","StSShapeShifter:Mystical_Branch+1"],"picked":"SKIP","floor":57}],"player_experience":231136,"relics_obtained":[{"floor":6,"key":"Dota2Spire:PowerTreads"},{"floor":14,"key":"jedi:crownofsimplicity"},{"floor":23,"key":"reliquary:FerryPass"},{"floor":24,"key":"Counterbalance"},{"floor":37,"key":"DemoMod:RatBoots"},{"floor":37,"key":"DemoMod:ResourcefulSack"},{"floor":37,"key":"DemoMod:PartiallyEatenCheese"},{"floor":43,"key":"Huge Egg"},{"floor":46,"key":"Anchor"},{"floor":57,"key":"Dota2Spire:Mjollnir"}],"event_choices":[{"damage_healed":0,"gold_gain":0,"player_choice":"Ignored","damage_taken":0,"max_hp_gain":0,"max_hp_loss":0,"event_name":"Transmorgrifier","floor":21,"gold_loss":0},{"cards_removed":["StSShapeShifter:Spring"],"damage_healed":0,"gold_gain":0,"player_choice":"Take \u0026 Give","damage_taken":0,"max_hp_gain":0,"max_hp_loss":0,"event_name":"betterNote:BetterNote","floor":25,"gold_loss":0,"cards_obtained":["StSShapeShifter:MysticalSeed"]},{"damage_healed":0,"gold_gain":0,"player_choice":"Upgraded","damage_taken":0,"max_hp_gain":0,"max_hp_loss":0,"event_name":"Upgrade Shrine","floor":39,"gold_loss":0,"cards_upgraded":["StSShapeShifter:Sap_Burst"]}],"is_beta":false,"boss_relics":[{"not_picked":["SlaversCollar","ReplayTheSpireMod:SealedPack"],"picked":"hubris:RunicObelisk"},{"not_picked":[]}],"items_purged_floors":[20],"is_endless":false,"potions_floor_spawned":[2,3,5,8,13,19,23,24,28,31,35,36,38,43,44,45,57],"ascension_level":0}}