{"host":"hnfelxnirsihwvcb","time":1613945942,"event":{"mods":["BaseMod","Colored Map","DeckTracker","Highlight Path","Minty Spire (QoL Compilation)","Quick Restart","Relic Sorter","Relic Stats","Shop Mod","StSLib","SuperFastMode"],"gold_per_floor":[13,13,13,13,188,188,225,225,225,254,32,32,32,46,46,159,159,150,170,10,38,38,38,38,38],"floor_reached":24,"language":"ENG","playtime":815,"items_purged":["Doubt"],"score":240,"play_id":"2a5ac05c-8ea0-409a-8b94-479520a9e1bc","local_time":"20210221231902","is_ascension_mode":true,"campfire_choices":[{"data":"Survivor","floor":6,"key":"SMITH"},{"floor":8,"key":"REST"},{"floor":12,"key":"REST"},{"data":"Corpse Explosion","floor":15,"key":"SMITH"},{"floor":23,"key":"REST"}],"circlet_count":0,"master_deck":["Strike_G","Strike_G","Strike_G","Strike_G","Strike_G","Defend_G","Defend_G+1","Defend_G","Defend_G","Defend_G","Survivor+1","Neutralize+1","Corpse Explosion+1","Cloak And Dagger+1","Deadly Poison","Blade Dance","Storm of Steel","Prepared","Deadly Poison","Endless Agony"],"relics":["Ring of the Snake","Nunchaku","CeramicFish","Anchor","Tiny Chest","Cursed Key","Membership Card"],"acts_visited":["Exordium","TheCity"],"potions_floor_usage":[16,24],"damage_taken":[{"damage":9,"enemies":"Jaw Worm","floor":1,"turns":6},{"damage":26,"enemies":"3 Sentries","floor":7,"turns":6},{"damage":0,"enemies":"Small Slimes","floor":10,"turns":2},{"damage":0,"enemies":"2 Louse","floor":14,"turns":2},{"damage":53,"enemies":"Slime Boss","floor":16,"turns":11},{"damage":0,"enemies":"2 Thieves","floor":18,"turns":4},{"damage":0,"enemies":"3 Byrds","floor":19,"turns":2},{"damage":39,"enemies":"Shelled Parasite and Fungi","floor":21,"turns":6},{"damage":39,"enemies":"Book of Stabbing","floor":24,"turns":5}],"seed_played":"-8889121755742068057","potions_obtained":[{"floor":14,"key":"Swift Potion"},{"floor":16,"key":"Dexterity Potion"},{"floor":21,"key":"Swift Potion"}],"is_trial":false,"path_per_floor":["M","?","$","?","?","R","E","R","T","M","$","R","?","M","R","B",null,"M","M","$","M","?","R","E"],"character_chosen":"THE_SILENT","items_purchased":["Tiny Chest","Membership Card","Deadly Poison"],"campfire_rested":3,"item_purchase_floors":[11,20,20],"current_hp_per_floor":[61,61,61,54,54,54,28,49,49,49,49,70,56,56,56,3,53,53,53,53,14,14,35,0,0],"gold":38,"neow_bonus":"THREE_RARE_CARDS","is_daily":false,"chose_seed":false,"campfire_upgraded":2,"win_rate":0.0,"timestamp":1613945942,"path_taken":["M","?","$","?","?","R","E","R","T","M","$","R","?","M","R","BOSS","M","M","$","M","?","R","E"],"items_purchased_type":["Relic","Relic","Card"],"build_version":"2020-12-22","purchased_purges":1,"victory":false,"max_hp_per_floor":[70,70,70,70,70,70,70,70,70,70,70,70,70,70,70,70,70,70,70,70,70,70,70,70,70],"relic_stats":{"Nunchaku":[9],"counters":[9,44],"CeramicFish":54,"Tiny Chest":0,"Cursed Key":0,"obtain_stats":[{"Nunchaku":4,"Anchor":9,"CeramicFish":7,"Tiny Chest":11,"Membership Card":20,"Cursed Key":17,"Ring of the Snake":0},{"Nunchaku":1,"Anchor":2,"CeramicFish":2,"Tiny Chest":3,"Membership Card":7,"Cursed Key":5,"Ring of the Snake":0},{"Nunchaku":6,"Anchor":12,"CeramicFish":12,"Tiny Chest":14,"Membership Card":33,"Cursed Key":27,"Ring of the Snake":0}],"Ring of the Snake":[18]},"card_choices":[{"not_picked":["Night Terror","Venomology"],"picked":"Corpse Explosion","floor":0},{"not_picked":["Dagger Throw","Slice"],"picked":"Cloak And Dagger","floor":1},{"not_picked":["Expertise","Sucker Punch"],"picked":"Deadly Poison","floor":7},{"not_picked":["Backflip","Outmaneuver"],"picked":"Blade Dance","floor":10},{"not_picked":["Dagger Spray","Flying Knee","Distraction"],"picked":"SKIP","floor":14},{"not_picked":["Corpse Explosion","Phantasmal Killer"],"picked":"Storm of Steel","floor":16},{"not_picked":["Cloak And Dagger","Prepared","Poisoned Stab"],"picked":"SKIP","floor":18},{"not_picked":["Cloak And Dagger","Poisoned Stab"],"picked":"Prepared","floor":18},{"not_picked":["Outmaneuver+1","Acrobatics","Distraction+1"],"picked":"SKIP","floor":19},{"not_picked":["Backflip","Deadly Poison"],"picked":"Endless Agony","floor":21}],"player_experience":868313,"relics_obtained":[{"floor":7,"key":"CeramicFish"},{"floor":9,"key":"Anchor"}],"event_choices":[{"damage_healed":0,"gold_gain":0,"player_choice":"Grow","damage_taken":0,"max_hp_gain":0,"max_hp_loss":0,"event_name":"Living Wall","floor":2,"gold_loss":0,"cards_upgraded":["Cloak And Dagger"]},{"damage_healed":0,"gold_gain":0,"player_choice":"Success","damage_taken":7,"relics_obtained":["Nunchaku"],"max_hp_gain":0,"max_hp_loss":0,"event_name":"Scrap Ooze","floor":4,"gold_loss":0},{"damage_healed":0,"gold_gain":175,"player_choice":"AGREE","damage_taken":0,"max_hp_gain":0,"max_hp_loss":0,"event_name":"Liars Game","floor":5,"gold_loss":0,"cards_obtained":["Doubt"]},{"damage_healed":0,"gold_gain":0,"player_choice":"Entered Light","damage_taken":14,"max_hp_gain":0,"max_hp_loss":0,"event_name":"Shining Light","floor":13,"gold_loss":0,"cards_upgraded":["Defend_G","Neutralize"]},{"damage_healed":0,"gold_gain":0,"player_choice":"Ignored","damage_taken":0,"max_hp_gain":0,"max_hp_loss":0,"event_name":"Cursed Tome","floor":22,"gold_loss":0}],"is_beta":false,"boss_relics":[{"not_picked":["Empty Cage","Pandora\u0027s Box"],"picked":"Cursed Key"}],"items_purged_floors":[11],"is_endless":false,"potions_floor_spawned":[14,16,21],"killed_by":"Book of Stabbing","ascension_level":5}}