{"host":"7hppq3hpkrufijwt","time":1613935155,"event":{"mods":["AchievementEnabler","BaseMod","Colored Powertips","Minty Spire (QoL Compilation)","Quick Restart"],"gold_per_floor":[118,118,135,151,151,151,183,183,232,157,257,245,256,11,11,107,107,119,119,119,119,139,166,181,181,206,220,250,250,283,302,302,302,302],"floor_reached":33,"language":"ENG","playtime":2331,"items_purged":["Regret","Defend_G"],"score":330,"play_id":"39ce3779-4d3d-4ec4-ac75-2c269fd3021d","local_time":"20210221201915","is_ascension_mode":false,"campfire_choices":[{"data":"Accuracy","floor":6,"key":"SMITH"},{"floor":8,"key":"REST"},{"floor":15,"key":"REST"},{"data":"Die Die Die","floor":25,"key":"SMITH"},{"floor":32,"key":"REST"}],"circlet_count":0,"master_deck":["Strike_G","Strike_G","Strike_G","Defend_G","Defend_G","Defend_G+1","Survivor","Neutralize","Die Die Die+1","Accuracy+1","Cloak And Dagger+1","Tools of the Trade","Backflip","Bane","Predator","Backflip","Outmaneuver"],"relics":["Ring of the Snake","Lantern","Art of War","PreservedInsect","Nunchaku","Sozu","Pen Nib","Boot","Paper Crane","Meat on the Bone"],"acts_visited":["Exordium","TheCity"],"potions_floor_usage":[23],"damage_taken":[{"damage":0,"enemies":"Small Slimes","floor":1,"turns":4},{"damage":4,"enemies":"Cultist","floor":3,"turns":4},{"damage":2,"enemies":"Jaw Worm","floor":4,"turns":4},{"damage":16,"enemies":"3 Sentries","floor":7,"turns":10},{"damage":10,"enemies":"Exordium Thugs","floor":12,"turns":4},{"damage":3,"enemies":"Large Slime","floor":13,"turns":6},{"damage":59,"enemies":"The Guardian","floor":16,"turns":18},{"damage":0,"enemies":"3 Byrds","floor":18,"turns":5},{"damage":4,"enemies":"Spheric Guardian","floor":22,"turns":4},{"damage":0,"enemies":"Book of Stabbing","floor":23,"turns":4},{"damage":7,"enemies":"3 Cultists","floor":24,"turns":5},{"damage":8,"enemies":"Snake Plant","floor":27,"turns":4},{"damage":5,"enemies":"Gremlin Leader","floor":28,"turns":4},{"damage":10,"enemies":"Book of Stabbing","floor":30,"turns":4},{"damage":1,"enemies":"Shelled Parasite and Fungi","floor":31,"turns":4},{"damage":90,"enemies":"Collector","floor":33,"turns":10}],"seed_played":"-6065078278365385539","potions_obtained":[{"floor":1,"key":"DistilledChaos"},{"floor":3,"key":"SkillPotion"},{"floor":4,"key":"FairyPotion"},{"floor":12,"key":"LiquidMemories"}],"is_trial":false,"path_per_floor":["M","?","M","M","?","R","E","R","T","$","?","M","M","$","R","B",null,"M","?","?","$","M","E","M","R","T","M","E","?","E","M","R","B"],"character_chosen":"THE_SILENT","items_purchased":["Nunchaku"],"campfire_rested":3,"item_purchase_floors":[14],"current_hp_per_floor":[70,70,66,64,50,50,34,55,55,55,55,45,42,42,63,4,70,70,70,70,70,66,66,59,59,59,51,46,46,36,47,68,21,21],"gold":302,"neow_bonus":"ONE_RANDOM_RARE_CARD","is_daily":false,"chose_seed":false,"campfire_upgraded":2,"win_rate":0.0,"timestamp":1613935155,"path_taken":["M","?","M","M","?","R","E","R","T","$","?","?","M","?","R","BOSS","M","?","?","$","M","E","M","R","T","?","E","?","E","M","R","BOSS"],"items_purchased_type":["Relic"],"build_version":"2020-12-22","purchased_purges":2,"victory":false,"max_hp_per_floor":[70,70,70,70,70,70,70,70,70,70,70,70,70,70,70,70,70,70,70,70,70,70,70,70,70,70,70,70,70,70,70,70,70,70],"card_choices":[{"not_picked":["Eviscerate","Quick Slash"],"picked":"Accuracy","floor":1},{"not_picked":["Underhanded Strike","Sucker Punch"],"picked":"Cloak And Dagger","floor":3},{"not_picked":["Dodge and Roll","Escape Plan","Dash"],"picked":"SKIP","floor":4},{"not_picked":["Unload","Backstab"],"picked":"Tools of the Trade","floor":7},{"not_picked":["Bane","Dagger Spray","Deadly Poison"],"picked":"SKIP","floor":12},{"not_picked":["Prepared","Expertise"],"picked":"Backflip","floor":13},{"not_picked":["Backflip","PiercingWail","Prepared"],"picked":"SKIP","floor":18},{"not_picked":["Prepared","Deadly Poison+1","Noxious Fumes"],"picked":"SKIP","floor":22},{"not_picked":["Underhanded Strike","Sucker Punch"],"picked":"Backflip","floor":23},{"not_picked":["Deadly Poison+1","Catalyst","Prepared"],"picked":"SKIP","floor":24},{"not_picked":["Leg Sweep+1","Prepared+1","Choke+1"],"picked":"SKIP","floor":27},{"not_picked":["Skewer","Acrobatics","Tools of the Trade"],"picked":"SKIP","floor":28},{"not_picked":["Blur+1","Distraction","Slice"],"picked":"SKIP","floor":30},{"not_picked":["Slice","Prepared"],"picked":"Outmaneuver","floor":31}],"player_experience":124020,"relics_obtained":[{"floor":7,"key":"Art of War"},{"floor":9,"key":"PreservedInsect"},{"floor":23,"key":"Pen Nib"},{"floor":26,"key":"Boot"},{"floor":28,"key":"Paper Crane"},{"floor":30,"key":"Meat on the Bone"}],"event_choices":[{"damage_healed":0,"gold_gain":0,"player_choice":"Box","damage_taken":0,"relics_obtained":["Lantern"],"max_hp_gain":0,"max_hp_loss":0,"event_name":"Big Fish","floor":2,"gold_loss":0,"cards_obtained":["Regret"]},{"damage_healed":0,"gold_gain":0,"player_choice":"Entered Light","damage_taken":14,"max_hp_gain":0,"max_hp_loss":0,"event_name":"Shining Light","floor":5,"gold_loss":0,"cards_upgraded":["Cloak And Dagger","Defend_G"]},{"damage_healed":0,"gold_gain":100,"player_choice":"Pray","damage_taken":0,"max_hp_gain":0,"max_hp_loss":0,"event_name":"Golden Shrine","floor":11,"gold_loss":0},{"damage_healed":0,"gold_gain":0,"cards_transformed":["Defend_G","Strike_G"],"player_choice":"Became Test Subject","damage_taken":0,"max_hp_gain":0,"max_hp_loss":0,"event_name":"Drug Dealer","floor":19,"gold_loss":0,"cards_obtained":["Bane","Predator"]},{"cards_removed":["Strike_G"],"damage_healed":0,"gold_gain":0,"player_choice":"Elegance","damage_taken":0,"max_hp_gain":0,"max_hp_loss":0,"event_name":"Back to Basics","floor":20,"gold_loss":0},{"damage_healed":0,"gold_gain":0,"player_choice":"Ignored","damage_taken":0,"max_hp_gain":0,"max_hp_loss":0,"event_name":"Vampires","floor":29,"gold_loss":0}],"is_beta":false,"boss_relics":[{"not_picked":["SacredBark","Runic Dome"],"picked":"Sozu"}],"items_purged_floors":[10,14],"is_endless":false,"potions_floor_spawned":[1,3,4,12,24,27,28],"killed_by":"Collector","ascension_level":0}}