{"host":"1ycuxm9gov0tl9zf","time":1613882135,"event":{"mods":["AchievementEnabler","Act Like it!","BaseMod","Colored Powertips","Downfall","Gensokyo","GifTheSpireLib","Hallownest","Marisa£®ÏF”Í°°ƒß¿Ì…≥£©","Minty Spire (QoL Compilation)","Quick Restart","Remilia£®¿Ÿ√◊¿Ú—«£©","Replay The Spire","Shop Mod","StSLib","The Administrix","The Animator","The Bug Knight"],"gold_per_floor":[118,133,133,149,547,576,676,676,676],"floor_reached":8,"language":"ZHS","playtime":607,"items_purged":[],"score":58,"play_id":"b47c51bd-c375-4dd8-80ca-6f7759777dc2","local_time":"20210221123535","is_ascension_mode":false,"campfire_choices":[],"circlet_count":0,"master_deck":["Strike_MRS","Strike_MRS","Strike_MRS","Strike_MRS","Defend_MRS","Defend_MRS","Defend_MRS","Defend_MRS","MasterSpark","UpSweep","ShootingEcho","LuminesStrike","MysteriousBeam","FairyDestructionRay"],"relics":["MiniHakkero","Gensokyo:OccultBall","Pantograph"],"acts_visited":["Gensokyo:Gensokyo"],"potions_floor_usage":[],"damage_taken":[{"damage":4,"enemies":"Gensokyo:2_Kodama","floor":1,"turns":3},{"damage":2,"enemies":"Gensokyo:Gryphon","floor":2,"turns":3},{"damage":0,"enemies":"Gensokyo:3_Fairies","floor":4,"turns":4},{"damage":42,"enemies":"Gensokyo:2_Rabbits","floor":5,"turns":4},{"damage":18,"enemies":"Gensokyo:Mamizou","floor":6,"turns":6},{"damage":26,"enemies":"Gensokyo:Cirno","floor":8,"turns":3}],"seed_played":"1939302091933608138","potions_obtained":[{"floor":1,"key":"Dexterity Potion"},{"floor":6,"key":"LiquidBronze"}],"is_trial":false,"path_per_floor":["M","M","?","M","M","E","?","E"],"character_chosen":"MARISA","items_purchased":[],"campfire_rested":0,"item_purchase_floors":[],"current_hp_per_floor":[78,76,76,76,34,16,16,0,0],"gold":676,"neow_bonus":"TEN_PERCENT_HP_BONUS","is_daily":false,"chose_seed":false,"campfire_upgraded":0,"win_rate":0.0,"timestamp":1613882135,"path_taken":["M","M","?","?","M","E","?","E"],"items_purchased_type":[],"build_version":"2020-12-22","purchased_purges":0,"victory":false,"max_hp_per_floor":[82,82,82,82,82,82,82,82,82],"card_choices":[{"not_picked":["StarlightTyphoon","Occultation"],"picked":"ShootingEcho","floor":1},{"not_picked":["ShootTheMoon","MysteriousBeam"],"picked":"OortCloud","floor":2},{"not_picked":["UnstableBomb","EnergyFlow"],"picked":"LuminesStrike","floor":4},{"not_picked":["DC","ManaConvection"],"picked":"MysteriousBeam","floor":5},{"not_picked":["Occultation","Robbery"],"picked":"FairyDestructionRay","floor":6}],"player_experience":126495,"relics_obtained":[{"floor":6,"key":"Pantograph"}],"event_choices":[],"is_beta":false,"boss_relics":[],"items_purged_floors":[],"is_endless":false,"potions_floor_spawned":[1,6],"killed_by":"Gensokyo:Cirno","ascension_level":0}}