{"host":"9pdg8buogrkk8pz5","time":1613873495,"event":{"mods":["AchievementEnabler","Act Like it!","Bard","BaseMod","ChefMod","Dark Map","Downfall","Minty Spire (QoL Compilation)","Potionbrewer","StSLib","The Bug Knight","The Cursed","The Disciple","The Forsaken","The Marked","The Runesmith","The Showman","The Spell Scribe","TheVacant"],"gold_per_floor":[110,121,189,189,201,233,233,233,233,248,263,113,124,141,141,238,238,256,256,268,282,126,126,140,140,140],"floor_reached":25,"language":"ENG","playtime":3633,"items_purged":[],"score":232,"play_id":"7eec3277-f67f-407b-b3ed-b05cc389a4de","local_time":"20210220211135","is_ascension_mode":false,"campfire_choices":[{"floor":7,"key":"REST"},{"floor":15,"key":"REST"},{"floor":23,"key":"REST"}],"circlet_count":0,"master_deck":["theShowman:VanishingStrike","theShowman:VanishingStrike","theShowman:BasicStrike","theShowman:BasicStrike","theShowman:BasicDefend","theShowman:BasicDefend","theShowman:VanishingDefend","theShowman:VanishingDefend","theShowman:CardPickup52","theShowman:StageHook","theShowman:OpenTheCurtain","theShowman:SleightedFlourish","theShowman:PocketSand","theShowman:OneUp","theShowman:CardPickup52","Good Instincts","theShowman:WhirlingDervish","theShowman:ExtraWideSleeves+1","theShowman:WardrobeWarding","theShowman:RazzleDazzle","theShowman:PotentialUnleashed","CurseOfTheBell","theShowman:FistFullOfCards","theShowman:MaximumDistraction","theShowman:HypeTheCrowd","theShowman:BafflingShuffle","theShowman:Stupefy","theShowman:FullHouse","theShowman:OpenTheCurtain"],"relics":["theShowman:ThirdTimeCharm","potionbrewer:MortarAndPestle","Pear","Happy Flower","Calling Bell","Lantern","Pantograph","Incense Burner"],"acts_visited":["Exordium","TheCity"],"potions_floor_usage":[16,25,25,25],"damage_taken":[{"damage":0,"enemies":"2 Louse","floor":1,"turns":3},{"damage":6,"enemies":"Jaw Worm","floor":2,"turns":4},{"damage":0,"enemies":"Cultist","floor":5,"turns":4},{"damage":36,"enemies":"Lagavulin","floor":6,"turns":12},{"damage":40,"enemies":"Large Slime","floor":10,"turns":11},{"damage":0,"enemies":"Gremlin Gang","floor":11,"turns":6},{"damage":20,"enemies":"Red Slaver","floor":13,"turns":5},{"damage":0,"enemies":"2 Fungi Beasts","floor":14,"turns":3},{"damage":2,"enemies":"The Guardian","floor":16,"turns":16},{"damage":10,"enemies":"3 Byrds","floor":18,"turns":5},{"damage":9,"enemies":"Shell Parasite","floor":20,"turns":5},{"damage":21,"enemies":"Snake Plant","floor":21,"turns":5},{"damage":52,"enemies":"Cultist and Chosen","floor":24,"turns":7},{"damage":38,"enemies":"Centurion and Healer","floor":25,"turns":6}],"seed_played":"4323920388022399684","potions_obtained":[{"floor":1,"key":"AttackPotion"},{"floor":4,"key":"SkillPotion"},{"floor":4,"key":"SteroidPotion"},{"floor":6,"key":"Dexterity Potion"},{"floor":10,"key":"Swift Potion"},{"floor":21,"key":"ColorlessPotion"},{"floor":24,"key":"potionbrewer:InfectionPotion"}],"is_trial":false,"path_per_floor":["M","M","?","?","M","E","R","?","T","M","M","$","M","M","R","B",null,"M","?","M","M","$","R","M","M"],"character_chosen":"THE_SHOWMAN","items_purchased":["Happy Flower","theShowman:BafflingShuffle","theShowman:Stupefy","theShowman:FullHouse"],"campfire_rested":3,"item_purchase_floors":[12,22,22,22],"current_hp_per_floor":[82,76,76,76,76,45,69,69,79,44,44,44,24,24,51,49,92,82,82,73,52,52,79,32,0,0],"gold":140,"neow_bonus":"TEN_PERCENT_HP_BONUS","is_daily":false,"chose_seed":false,"campfire_upgraded":0,"win_rate":0.0,"timestamp":1613873495,"path_taken":["M","M","?","?","?","E","R","?","T","M","?","?","M","M","R","BOSS","M","?","?","M","$","R","?","M"],"items_purchased_type":["Relic","Card","Card","Card"],"build_version":"2020-12-22","purchased_purges":0,"victory":false,"max_hp_per_floor":[82,82,82,82,82,82,82,82,92,92,92,92,92,92,92,92,92,92,92,92,92,92,92,92,92,92],"card_choices":[{"not_picked":["theShowman:SleeveAces","theShowman:Toro"],"picked":"theShowman:OpenTheCurtain","floor":1},{"not_picked":["theShowman:RaptMisdirection","theShowman:StartlingShowmanship"],"picked":"theShowman:SleightedFlourish","floor":2},{"not_picked":["theShowman:ExtraWideSleeves","theShowman:NothingInMyHands"],"picked":"theShowman:PocketSand","floor":5},{"not_picked":["theShowman:Presto","theShowman:ThreeCardMonty"],"picked":"theShowman:OneUp","floor":6},{"not_picked":["theShowman:Toro","theShowman:SleeveStash"],"picked":"theShowman:WhirlingDervish","floor":10},{"not_picked":["theShowman:UpMySleeve","theShowman:OneUp"],"picked":"theShowman:ExtraWideSleeves","floor":11},{"not_picked":["theShowman:TroublingTrope","theShowman:CrashingLights"],"picked":"theShowman:WardrobeWarding","floor":13},{"not_picked":["theShowman:OneUp","theShowman:WardrobeWarding"],"picked":"theShowman:RazzleDazzle","floor":14},{"not_picked":["theShowman:AGrossDisplay","theShowman:VanishingAct"],"picked":"theShowman:PotentialUnleashed","floor":16},{"not_picked":["theShowman:WardrobeWarding","theShowman:TroublingTrope+1"],"picked":"theShowman:FistFullOfCards","floor":18},{"not_picked":["theShowman:SubtleMisdirections","theShowman:NowYouSeeMe"],"picked":"theShowman:MaximumDistraction","floor":20},{"not_picked":["theShowman:RaptMisdirection","theShowman:Presto"],"picked":"theShowman:HypeTheCrowd","floor":21},{"not_picked":["theShowman:CrashingLights","theShowman:NowYouSeeMe+1"],"picked":"theShowman:OpenTheCurtain","floor":24}],"player_experience":83190,"relics_obtained":[{"floor":6,"key":"potionbrewer:MortarAndPestle"},{"floor":9,"key":"Pear"},{"floor":17,"key":"Lantern"},{"floor":17,"key":"Pantograph"},{"floor":17,"key":"Incense Burner"}],"event_choices":[{"damage_healed":0,"gold_gain":68,"player_choice":"Gained Gold","damage_taken":0,"max_hp_gain":0,"max_hp_loss":0,"event_name":"Golden Wing","floor":3,"gold_loss":0},{"damage_healed":0,"gold_gain":0,"player_choice":"Got Potions","damage_taken":0,"max_hp_gain":0,"max_hp_loss":0,"event_name":"Lab","floor":4,"gold_loss":0},{"damage_healed":0,"gold_gain":0,"player_choice":"2 cards matched","damage_taken":0,"max_hp_gain":0,"max_hp_loss":0,"event_name":"Match and Keep!","floor":8,"gold_loss":0,"cards_obtained":["theShowman:CardPickup52","Good Instincts"]},{"damage_healed":0,"gold_gain":0,"player_choice":"Forge","damage_taken":0,"max_hp_gain":0,"max_hp_loss":0,"event_name":"Accursed Blacksmith","floor":19,"gold_loss":0,"cards_upgraded":["theShowman:ExtraWideSleeves"]}],"is_beta":false,"boss_relics":[{"not_picked":["Coffee Dripper","Tiny House"],"picked":"Calling Bell"}],"items_purged_floors":[],"is_endless":false,"potions_floor_spawned":[1,6,10,21,24],"killed_by":"Centurion and Healer","ascension_level":0}}