{"host":"tnmp9bkutp0enjo6","time":1613919704,"event":{"mods":["2.2 Compatiblity","AchievementEnabler","Bard","BaseMod","Block Reminder","Colored Powertips","Highlight Path","Minty Spire (QoL Compilation)","Quick Restart","Random Character Button","Rare Cards Sparkle","Relic Stats","StSLib","The Poker Player","The Problem Sleuth","The Senshi"],"gold_per_floor":[109,125,142,160,5,37,37,37,61,91,166,191,211,224,224,320,320,330,330,345,345,358,358,391,391,391,391,406,433,433,433,433,532,532,543,106,157,203,203,203,218,231,255,273,273,305,305,323,323,323,323],"floor_reached":50,"language":"ENG","playtime":2377,"items_purged":[],"score":656,"play_id":"0a99f3ef-32b8-422a-9a78-b167beefd38a","local_time":"20210221160144","is_ascension_mode":true,"campfire_choices":[{"floor":7,"key":"RECALL"},{"data":"Inflame","floor":15,"key":"SMITH"},{"floor":23,"key":"REST"},{"floor":25,"key":"REST"},{"data":"Dark Shackles","floor":27,"key":"SMITH"},{"floor":30,"key":"REST"},{"floor":32,"key":"REST"},{"floor":40,"key":"REST"},{"floor":45,"key":"REST"},{"floor":47,"key":"REST"},{"data":"Heavy Blade","floor":49,"key":"SMITH"}],"circlet_count":0,"master_deck":["Strike_R","Strike_R","Strike_R","Strike_R","Strike_R","Defend_R","Defend_R","Defend_R","Defend_R","Bash","Dark Shackles+1","Inflame+1","Anger","Cleave","Pommel Strike","Sword Boomerang+1","Twin Strike","Searing Blow","Perfected Strike","Heavy Blade+1","Demon Form","Twin Strike","Iron Wave","RitualDagger","Shrug It Off+1","Thunderclap","Flex+1","Heavy Blade+1","Double Tap","Clash+1","Shrug It Off","Good Instincts","Iron Wave+1","RitualDagger","Flex","Fire Breathing","Heavy Blade+1","Shrug It Off+1","Headbutt","Pommel Strike","Shrug It Off+1","Shrug It Off+1","Armaments+1","Heavy Blade+1","Parasite","Blood for Blood","Disarm+1"],"relics":["Burning Blood","Brimstone","PreservedInsect","Strawberry","Oddly Smooth Stone","Bottled Tornado","Odd Mushroom","GremlinMask","White Beast Statue","Smiling Mask","Mark of Pain","Prayer Wheel","Calipers","Dream Catcher","Toy Ornithopter","Shuriken"],"acts_visited":["Exordium","TheCity","TheBeyond"],"potions_floor_usage":[4,22,29,33,37,37,44,46,46,46,48,50],"damage_taken":[{"damage":4,"enemies":"Jaw Worm","floor":1,"turns":4},{"damage":1,"enemies":"2 Louse","floor":2,"turns":4},{"damage":0,"enemies":"Small Slimes","floor":3,"turns":3},{"damage":1,"enemies":"Looter","floor":4,"turns":3},{"damage":17,"enemies":"3 Sentries","floor":6,"turns":4},{"damage":1,"enemies":"Lagavulin","floor":10,"turns":3},{"damage":0,"enemies":"Gremlin Nob","floor":12,"turns":3},{"damage":10,"enemies":"The Mushroom Lair","floor":13,"turns":2},{"damage":0,"enemies":"Red Slaver","floor":14,"turns":2},{"damage":22,"enemies":"The Guardian","floor":16,"turns":5},{"damage":14,"enemies":"3 Byrds","floor":18,"turns":3},{"damage":28,"enemies":"Shell Parasite","floor":20,"turns":3},{"damage":0,"enemies":"Cultist and Chosen","floor":22,"turns":3},{"damage":18,"enemies":"Book of Stabbing","floor":24,"turns":3},{"damage":36,"enemies":"3 Cultists","floor":28,"turns":4},{"damage":30,"enemies":"Slavers","floor":29,"turns":2},{"damage":39,"enemies":"Collector","floor":33,"turns":6},{"damage":27,"enemies":"3 Darklings","floor":35,"turns":3},{"damage":31,"enemies":"2 Orb Walkers","floor":37,"turns":3},{"damage":31,"enemies":"3 Shapes","floor":41,"turns":2},{"damage":27,"enemies":"Sphere and 2 Shapes","floor":42,"turns":4},{"damage":0,"enemies":"4 Shapes","floor":44,"turns":3},{"damage":10,"enemies":"Nemesis","floor":46,"turns":3},{"damage":21,"enemies":"Writhing Mass","floor":48,"turns":5},{"damage":86,"enemies":"Donu and Deca","floor":50,"turns":4}],"seed_played":"-1774953237512686797","potions_obtained":[{"floor":1,"key":"BlessingOfTheForge"},{"floor":2,"key":"AttackPotion"},{"floor":12,"key":"BlessingOfTheForge"},{"floor":13,"key":"Swift Potion"},{"floor":16,"key":"Strength Potion"},{"floor":18,"key":"Block Potion"},{"floor":22,"key":"Fire Potion"},{"floor":29,"key":"EssenceOfSteel"},{"floor":33,"key":"SkillPotion"},{"floor":35,"key":"Energy Potion"},{"floor":37,"key":"Explosive Potion"},{"floor":41,"key":"SneckoOil"},{"floor":44,"key":"AttackPotion"},{"floor":46,"key":"Weak Potion"},{"floor":48,"key":"Fire Potion"}],"is_trial":false,"path_per_floor":["M","M","M","M","$","E","R","?","T","E","?","E","?","M","R","B",null,"M","?","M","?","M","R","E","R","T","R","M","E","R","?","R","B",null,"M","$","?","T","?","R","M","M","T","M","R","E","R","M","R","B"],"character_chosen":"IRONCLAD","items_purchased":["Brimstone","Prayer Wheel","Shrug It Off","Good Instincts"],"campfire_rested":7,"item_purchase_floors":[5,36,36,36],"current_hp_per_floor":[80,80,80,80,80,69,69,69,76,81,70,76,72,78,78,62,87,79,79,57,51,57,83,71,87,87,87,57,33,59,59,85,52,87,66,66,41,41,41,67,42,21,21,32,58,69,87,72,72,0,0],"gold":323,"neow_bonus":"RANDOM_COLORLESS","is_daily":false,"chose_seed":false,"campfire_upgraded":3,"win_rate":0.0,"timestamp":1613919704,"path_taken":["M","M","M","M","$","E","R","?","T","E","?","E","?","M","R","BOSS","M","?","?","?","M","R","E","R","T","R","M","E","R","?","R","BOSS","M","$","?","?","?","R","M","M","T","M","R","E","R","M","R","BOSS"],"items_purchased_type":["Relic","Relic","Card","Card"],"build_version":"2020-12-22","purchased_purges":0,"victory":false,"max_hp_per_floor":[80,80,80,80,80,80,80,80,87,87,87,87,87,87,87,87,87,87,87,87,87,87,87,87,87,87,87,87,87,87,87,87,87,87,87,87,87,87,87,87,87,87,87,87,87,87,87,87,87,87,87],"relic_stats":{"Dream Catcher":3,"counters":[25,84],"Shuriken":[2],"Prayer Wheel":4,"PreservedInsect":175,"Smiling Mask":0,"obtain_stats":[{"Calipers":37,"Oddly Smooth Stone":10,"GremlinMask":19,"PreservedInsect":6,"Bottled Tornado":12,"Odd Mushroom":13,"Smiling Mask":29,"Burning Blood":0,"White Beast Statue":24,"Dream Catcher":38,"Brimstone":5,"Shuriken":46,"Strawberry":9,"Prayer Wheel":36,"Mark of Pain":34,"Toy Ornithopter":43},{"Calipers":19,"Oddly Smooth Stone":6,"GremlinMask":11,"PreservedInsect":5,"Bottled Tornado":7,"Odd Mushroom":8,"Smiling Mask":16,"Burning Blood":0,"White Beast Statue":14,"Dream Catcher":19,"Brimstone":4,"Shuriken":23,"Strawberry":5,"Prayer Wheel":18,"Mark of Pain":17,"Toy Ornithopter":21},{"Calipers":63,"Oddly Smooth Stone":21,"GremlinMask":36,"PreservedInsect":18,"Bottled Tornado":24,"Odd Mushroom":26,"Smiling Mask":51,"Burning Blood":0,"White Beast Statue":45,"Dream Catcher":63,"Brimstone":14,"Shuriken":75,"Strawberry":18,"Prayer Wheel":60,"Mark of Pain":57,"Toy Ornithopter":69}],"Burning Blood":126,"Toy Ornithopter":25},"card_choices":[{"not_picked":["Forethought","Trip"],"picked":"Dark Shackles","floor":0},{"not_picked":["Reckless Charge","Twin Strike"],"picked":"Inflame","floor":1},{"not_picked":["Headbutt","Heavy Blade"],"picked":"Anger","floor":2},{"not_picked":["Wild Strike","Bloodletting"],"picked":"Cleave","floor":3},{"not_picked":["Dark Embrace","Clothesline"],"picked":"Pommel Strike","floor":4},{"not_picked":["Battle Trance","Warcry"],"picked":"Sword Boomerang","floor":6},{"not_picked":["Thunderclap","Impervious"],"picked":"Twin Strike","floor":10},{"not_picked":["Body Slam","Hemokinesis"],"picked":"Searing Blow","floor":12},{"not_picked":["Sever Soul","Shockwave"],"picked":"Perfected Strike","floor":13},{"not_picked":["Havoc","Power Through"],"picked":"Heavy Blade","floor":14},{"not_picked":["Impervious","Reaper"],"picked":"Demon Form","floor":16},{"not_picked":["Headbutt","Dark Embrace"],"picked":"Twin Strike","floor":18},{"not_picked":["Shockwave","True Grit"],"picked":"Iron Wave","floor":20},{"not_picked":["Entrench","Sword Boomerang"],"picked":"Shrug It Off+1","floor":22},{"not_picked":["Body Slam","Dropkick+1"],"picked":"Thunderclap","floor":24},{"not_picked":["Offering","Perfected Strike"],"picked":"Flex+1","floor":28},{"not_picked":["Sentinel+1","Burning Pact"],"picked":"Heavy Blade+1","floor":29},{"not_picked":["Immolate","Offering"],"picked":"Double Tap","floor":33},{"not_picked":["Flex","Headbutt+1"],"picked":"Clash+1","floor":35},{"not_picked":["Havoc","Second Wind+1"],"picked":"Iron Wave+1","floor":37},{"not_picked":["Body Slam+1","Hemokinesis"],"picked":"Flex","floor":40},{"not_picked":["Warcry+1","Juggernaut"],"picked":"Fire Breathing","floor":41},{"not_picked":["True Grit+1","Clothesline+1"],"picked":"Heavy Blade+1","floor":41},{"not_picked":["Pummel","Second Wind+1"],"picked":"Shrug It Off+1","floor":42},{"not_picked":["Bloodletting+1","Evolve+1"],"picked":"Headbutt","floor":42},{"not_picked":["Perfected Strike","Warcry+1"],"picked":"Pommel Strike","floor":44},{"not_picked":["Thunderclap","Intimidate+1"],"picked":"Shrug It Off+1","floor":44},{"not_picked":["Dual Wield","Corruption"],"picked":"Shrug It Off+1","floor":45},{"not_picked":["Heavy Blade+1","Burning Pact+1"],"picked":"Armaments+1","floor":46},{"not_picked":["Rupture+1","Havoc"],"picked":"Heavy Blade+1","floor":47},{"not_picked":["Dropkick+1","Fiend Fire"],"picked":"Blood for Blood","floor":48},{"not_picked":["Second Wind","Perfected Strike"],"picked":"Disarm+1","floor":48}],"player_experience":193906,"relics_obtained":[{"floor":6,"key":"PreservedInsect"},{"floor":9,"key":"Strawberry"},{"floor":10,"key":"Oddly Smooth Stone"},{"floor":12,"key":"Bottled Tornado"},{"floor":13,"key":"Odd Mushroom"},{"floor":24,"key":"White Beast Statue"},{"floor":29,"key":"Smiling Mask"},{"floor":37,"key":"Calipers"},{"floor":38,"key":"Dream Catcher"},{"floor":43,"key":"Toy Ornithopter"},{"floor":46,"key":"Shuriken"}],"event_choices":[{"damage_healed":0,"gold_gain":0,"player_choice":"Grow","damage_taken":0,"max_hp_gain":0,"max_hp_loss":0,"event_name":"Living Wall","floor":8,"gold_loss":0,"cards_upgraded":["Sword Boomerang"]},{"damage_healed":0,"gold_gain":75,"player_choice":"Gather Gold","damage_taken":11,"max_hp_gain":0,"max_hp_loss":0,"event_name":"World of Goop","floor":11,"gold_loss":0},{"damage_healed":0,"gold_gain":0,"player_choice":"Fought Mushrooms","damage_taken":0,"max_hp_gain":0,"max_hp_loss":0,"event_name":"Mushrooms","floor":13,"gold_loss":0},{"damage_healed":0,"gold_gain":0,"player_choice":"Trade","damage_taken":0,"relics_obtained":["GremlinMask"],"max_hp_gain":0,"max_hp_loss":0,"event_name":"FaceTrader","floor":19,"gold_loss":0},{"damage_healed":0,"gold_gain":0,"player_choice":"Joined the Cult","damage_taken":6,"max_hp_gain":0,"max_hp_loss":0,"event_name":"Nest","floor":21,"gold_loss":0,"cards_obtained":["RitualDagger"]},{"damage_healed":0,"gold_gain":0,"player_choice":"Ignored","damage_taken":0,"max_hp_gain":0,"max_hp_loss":0,"event_name":"Ghosts","floor":31,"gold_loss":0},{"damage_healed":0,"gold_gain":0,"player_choice":"Fight","damage_taken":0,"max_hp_gain":0,"max_hp_loss":0,"event_name":"Mysterious Sphere","floor":37,"gold_loss":0},{"damage_healed":0,"gold_gain":0,"player_choice":"Copied","damage_taken":0,"max_hp_gain":0,"max_hp_loss":0,"event_name":"Duplicator","floor":39,"gold_loss":0,"cards_obtained":["RitualDagger"]}],"is_beta":false,"boss_relics":[{"not_picked":["Empty Cage","Snecko Eye","Coffee Dripper"]},{"not_picked":["Philosopher\u0027s Stone","Runic Dome"],"picked":"Mark of Pain"}],"items_purged_floors":[],"is_endless":false,"potions_floor_spawned":[1,2,12,13,16,18,22,28,29,33,35,37,41,42,44,46,48],"killed_by":"Donu and Deca","ascension_level":1}}