{"host":"st1kg310ms6sytc5","time":1613928882,"event":{"mods":["Act Like it!","BaseMod","Bossed Relics","CapriCore","Gensokyo","Good Game Mod","Minty Spire (QoL Compilation)","StSLib","SuperFastMode","Wide Potions","Yakumo Yukari mod"],"gold_per_floor":[136,148,158,128,143,143,143],"floor_reached":6,"language":"ZHS","playtime":353,"items_purged":[],"score":61,"play_id":"b9df5614-8744-4386-ac66-6538f4028428","local_time":"20210222013442","is_ascension_mode":true,"campfire_choices":[],"circlet_count":0,"master_deck":["AscendersBane","AT_purpleEX","AT_purpleEX","AT_purpleEX","AT_purpleEX","Defend_purpleEX","Defend_purpleEX","Defend_purpleEX","Defend_purpleEX","Observe_purple_1","Observe_purple_2","Thinking Ahead","Price_of_realm_purpleEX","Mirror_WaveAndshot_purple","Mirror_Drifter_purple","WeekHit_purple"],"relics":["Boundary_crack","Memoryfragments_purpleEX","REME:ComplimentaryCards"],"acts_visited":["Exordium"],"potions_floor_usage":[],"damage_taken":[{"damage":6.0,"enemies":"Cultist","floor":1.0,"turns":6.0},{"damage":0.0,"enemies":"2 Louse","floor":2.0,"turns":3.0},{"damage":0.0,"enemies":"Jaw Worm","floor":3.0,"turns":6.0},{"damage":6,"enemies":"Looter","floor":4,"turns":4},{"damage":11,"enemies":"Blue Slaver","floor":5,"turns":5},{"damage":74,"enemies":"Gremlin Nob","floor":6,"turns":6}],"seed_played":"-623864268971082632","potions_obtained":[{"floor":1.0,"key":"RealmPotion"},{"floor":3,"key":"Energy Potion"}],"is_trial":false,"path_per_floor":["M","M","M","M","M","E"],"character_chosen":"Youkari","items_purchased":[],"campfire_rested":0,"item_purchase_floors":[],"current_hp_per_floor":[60,60,63,58,49,0,0],"gold":143,"neow_bonus":"ONE_RANDOM_RARE_CARD","is_daily":false,"chose_seed":false,"campfire_upgraded":0,"win_rate":0.0,"timestamp":1613928882,"path_taken":["M","?","M","M","M","E"],"items_purchased_type":[],"build_version":"2020-12-22","purchased_purges":0,"victory":false,"max_hp_per_floor":[70,70,70,70,70,70,70],"card_choices":[{"not_picked":["Line_surface_state_purple","Boundary_of_Extermination_purpleEX"],"picked":"Mirror_WaveAndshot_purple","floor":1.0},{"not_picked":["ButterflyHabitatTemple_purple","MeetDecomposer_purple","SfantasyHide_purple"],"picked":"SKIP","floor":2.0},{"not_picked":["AdvanceAttack_purple","StateDuplicate_purple","Mirror_FormAndEmptin_purple"],"picked":"SKIP","floor":3},{"not_picked":["AdvanceAttack_purple","StateDuplicate_purple","Mirror_FormAndEmptin_purple"],"picked":"SKIP","floor":3},{"not_picked":["SfantasyHide_purple","StretchesForeverDream_purple"],"picked":"Mirror_Drifter_purple","floor":4},{"not_picked":["Mirror_FourBoundary_purple","Charmbait_purple"],"picked":"WeekHit_purple","floor":5}],"player_experience":1442562,"relics_obtained":[],"event_choices":[],"is_beta":false,"boss_relics":[],"items_purged_floors":[],"is_endless":false,"potions_floor_spawned":[1,3],"killed_by":"Gremlin Nob","ascension_level":12}}