{"host":"hf83sijwe64ts2lm","time":1613923522,"event":{"mods":["2.2 Compatiblity","BaseMod","Better Altar","Better Match","Better Note","Better Sensory Stone","Better Skull","Better Third Choice","Colored Map","Colored Powertips","Highlight Path","Hubris","Infinite Spire","Minty Spire (QoL Compilation)","Quick Restart","Rare Cards Sparkle","Relic Stats","Reliquary","Replay The Spire","Shop Mod","Spicy Shops","Spire Arcade","StSLib","Thieving Mod"],"gold_per_floor":[119,119,44,64,84,84,12,12,35,45,79,79,79,91,118,118,118,214,214,234,234,234,10,30,30,105,119,145,171,131,131,147,157,157,255,255,265,265,281,294,294,294,310,320,320,38,51,51,80,94,94,94],"floor_reached":53,"language":"ENG","playtime":1060,"items_purged":["Regret"],"score":818,"play_id":"3adaa76a-04e3-444b-aac3-9a9f145f776a","local_time":"20210221110522","is_ascension_mode":true,"campfire_choices":[{"data":"Inflame","floor":6,"key":"SMITH"},{"floor":8,"key":"RECALL"},{"floor":17,"key":"REST"},{"floor":25,"key":"REST"},{"data":"infinitespire:UltimateForm","floor":31,"key":"SMITH"},{"floor":34,"key":"REST"},{"data":"hubris:Rewind","floor":42,"key":"SMITH"},{"floor":48,"key":"REST"},{"floor":51,"key":"REST"}],"circlet_count":0,"master_deck":["Strike_R","Strike_R","Strike_R","Strike_R","Strike_R","Defend_R","Defend_R","Defend_R","Defend_R","Bash","Inflame+1","Decay","Twin Strike","Pummel","Inflame","Replay:Undeath\u0027s Touch","Twin Strike","Thunderclap","Anger","Double Tap+1","Perfected Strike","infinitespire:UltimateForm+1","hubris:Fate","Feed","Anger","Replay:Undeath\u0027s Touch","Rupture","Double Tap","Immolate","Flex","infinitespire:FinalStrike","hubris:Rewind+1","Bloodletting+1","ReplayTheSpireMod:Stacked","Spot Weakness","Heavy Blade+1","Replay:Undeath\u0027s Touch","Pommel Strike+1","Bloodletting+1","Disarm+1"],"relics":["Burning Blood","Lantern","reliquary:Crutches","Ornamental Fan","Letter Opener","hubris:Backtick","Mummified Hand","ReplayTheSpireMod:EnergyBall","Membership Card","hubris:GlazedTorus","infinitespire:Lucky Rock","hubris:MysteriousPyramids","hubris:ScarierMask","Toolbox","Eternal Feather","Garlic","ReplayTheSpireMod:Shallot","reliquary:PrincelyHelmet"],"acts_visited":["Exordium","TheCity","TheBeyond"],"potions_floor_usage":[4,14,18,20,24,24,27,39,40,43,44,44,49,50],"damage_taken":[{"damage":10,"enemies":"Jaw Worm","floor":1,"turns":4},{"damage":1,"enemies":"Cultist","floor":4,"turns":3},{"damage":5,"enemies":"Small Slimes","floor":5,"turns":4},{"damage":16,"enemies":"3 Louse","floor":10,"turns":2},{"damage":8,"enemies":"Gremlin Nob","floor":11,"turns":3},{"damage":7,"enemies":"Lots of Slimes","floor":14,"turns":3},{"damage":10,"enemies":"3 Sentries","floor":15,"turns":5},{"damage":46,"enemies":"Hexaghost","floor":18,"turns":7},{"damage":0,"enemies":"3 Byrds","floor":20,"turns":4},{"damage":18,"enemies":"Spheric Guardian","floor":24,"turns":4},{"damage":2,"enemies":"Centurion and Healer","floor":27,"turns":4},{"damage":0,"enemies":"Slavers","floor":29,"turns":1},{"damage":20,"enemies":"Snake Plant","floor":32,"turns":3},{"damage":15,"enemies":"Chosen and Byrds","floor":33,"turns":3},{"damage":0,"enemies":"Automaton","floor":35,"turns":2},{"damage":7,"enemies":"Orb Walker","floor":37,"turns":2},{"damage":0,"enemies":"3 Darklings","floor":39,"turns":2},{"damage":0,"enemies":"Spire Growth","floor":40,"turns":1},{"damage":18,"enemies":"Jaw Worm Horde","floor":43,"turns":3},{"damage":38,"enemies":"Maw","floor":44,"turns":5},{"damage":39,"enemies":"Writhing Mass","floor":47,"turns":3},{"damage":36,"enemies":"Reptomancer","floor":49,"turns":4},{"damage":3,"enemies":"Jaw Worm Horde","floor":50,"turns":2},{"damage":22,"enemies":"hubris:GrandSnecko","floor":52,"turns":6}],"seed_played":"-3289597186908530677","potions_obtained":[{"floor":1,"key":"BlessingOfTheForge"},{"floor":11,"key":"LiquidBronze"},{"floor":15,"key":"ColorlessPotion"},{"floor":20,"key":"LifebloodPotion"},{"floor":24,"key":"SteroidPotion"},{"floor":35,"key":"LifebloodPotion"},{"floor":39,"key":"Adrenaline Potion"},{"floor":41,"key":"Regen Potion"},{"floor":41,"key":"CultistPotion"},{"floor":43,"key":"BloodPotion"},{"floor":47,"key":"Milkshake"},{"floor":49,"key":"ThievingMod:ThievingPotion"}],"is_trial":false,"path_per_floor":["M","?","$","M","M","R","$","R","T","M","E","PTL","PTL","M","E","T","R","B",null,"M","AVR","?","$","M","R","?","M","T","E","?","R","M","M","R","B",null,"M","AVR","M","M","?","R","M","M","T","$","M","R","E","M","R","B",null],"character_chosen":"IRONCLAD","items_purchased":["Inflame","Membership Card","hubris:GlazedTorus","Garlic","ReplayTheSpireMod:Shallot","Replay:Undeath\u0027s Touch"],"campfire_rested":5,"item_purchase_floors":[7,23,23,46,46,46],"current_hp_per_floor":[76,76,76,80,80,80,80,80,80,70,68,68,68,67,63,63,80,40,70,76,76,76,76,64,80,72,76,76,80,80,80,66,57,80,80,80,79,79,80,80,80,80,68,66,66,66,33,78,48,51,80,64],"gold":94,"neow_bonus":"RANDOM_EVENT","is_daily":false,"chose_seed":false,"campfire_upgraded":3,"win_rate":0.0,"timestamp":1613923522,"path_taken":["M","?","$","?","M","R","$","R","T","M","E","PTL","PTL","M","E","?","R","BOSS","M","AVR","?","$","M","R","?","?","T","E","?","R","M","?","R","BOSS","M","AVR","M","?","?","R","M","M","T","$","M","R","E","?","R","BOSS"],"items_purchased_type":["Card","Relic","Relic","Relic","Relic","Card"],"build_version":"2020-12-22","purchased_purges":1,"victory":true,"max_hp_per_floor":[80,80,80,80,80,80,80,80,80,80,80,80,80,80,80,80,80,80,80,80,80,80,80,80,80,80,80,80,80,80,80,80,80,80,80,80,80,80,80,80,80,80,80,80,80,80,80,80,80,80,80,80],"relic_stats":{"counters":[24,80],"Ornamental Fan":[116],"Mummified Hand":[54],"Eternal Feather":45,"Letter Opener":[55],"obtain_stats":[{"Lantern":0,"reliquary:PrincelyHelmet":49,"Eternal Feather":45,"Letter Opener":15,"infinitespire:Lucky Rock":28,"hubris:MysteriousPyramids":29,"Burning Blood":0,"reliquary:Crutches":9,"ReplayTheSpireMod:EnergyBall":21,"hubris:Backtick":19,"ReplayTheSpireMod:Shallot":46,"Ornamental Fan":11,"Mummified Hand":19,"hubris:ScarierMask":36,"Toolbox":38,"Garlic":46,"Membership Card":23,"hubris:GlazedTorus":23},{"Lantern":0,"reliquary:PrincelyHelmet":22,"Eternal Feather":20,"Letter Opener":7,"infinitespire:Lucky Rock":11,"hubris:MysteriousPyramids":12,"Burning Blood":0,"reliquary:Crutches":3,"ReplayTheSpireMod:EnergyBall":9,"hubris:Backtick":8,"ReplayTheSpireMod:Shallot":20,"Ornamental Fan":5,"Mummified Hand":8,"hubris:ScarierMask":15,"Toolbox":16,"Garlic":20,"Membership Card":9,"hubris:GlazedTorus":9},{"Lantern":0,"reliquary:PrincelyHelmet":72,"Eternal Feather":65,"Letter Opener":24,"infinitespire:Lucky Rock":43,"hubris:MysteriousPyramids":44,"Burning Blood":0,"reliquary:Crutches":11,"ReplayTheSpireMod:EnergyBall":35,"hubris:Backtick":31,"ReplayTheSpireMod:Shallot":65,"Ornamental Fan":16,"Mummified Hand":31,"hubris:ScarierMask":52,"Toolbox":54,"Garlic":65,"Membership Card":35,"hubris:GlazedTorus":35}],"Burning Blood":123},"card_choices":[{"not_picked":["Run Through","hubris:CleavingFinish"],"picked":"Inflame","floor":1},{"not_picked":["Exhume","True Grit"],"picked":"Twin Strike","floor":4},{"not_picked":["Iron Wave","Clash"],"picked":"Pummel","floor":5},{"not_picked":["Sword Boomerang","ReplayTheSpireMod:Limb From Limb"],"picked":"Replay:Undeath\u0027s Touch","floor":10},{"not_picked":["Clash","Corruption"],"picked":"Twin Strike","floor":11},{"not_picked":["True Grit","Pommel Strike"],"picked":"Thunderclap","floor":14},{"not_picked":["Clash","Bloodletting"],"picked":"Anger","floor":15},{"not_picked":["Barricade","Offering"],"picked":"Double Tap","floor":18},{"not_picked":["hubris:ReadiedAction","Clash+1"],"picked":"Perfected Strike","floor":20},{"not_picked":["ReplayTheSpireMod:Strike From Hell","Warcry+1"],"picked":"Feed","floor":24},{"not_picked":["Havoc","hubris:ReadiedAction+1"],"picked":"Anger","floor":27},{"not_picked":["Searing Blow","Body Slam"],"picked":"Replay:Undeath\u0027s Touch","floor":29},{"not_picked":["Burning Pact","Rage"],"picked":"Rupture","floor":32},{"not_picked":["Flex","Dropkick"],"picked":"Double Tap","floor":33},{"not_picked":["Fiend Fire","Double Tap"],"picked":"Immolate","floor":35},{"not_picked":["Clothesline","Shrug It Off"],"picked":"Flex","floor":37},{"not_picked":["ReplayTheSpireMod:Corrosion Curse","Replay:Undeath\u0027s Touch+1"],"picked":"Bloodletting+1","floor":39},{"not_picked":["Thunderclap","Pommel Strike+1"],"picked":"ReplayTheSpireMod:Stacked","floor":40},{"not_picked":["Juggernaut","Wild Strike"],"picked":"Spot Weakness","floor":43},{"not_picked":["Cleave+1","ReplayTheSpireMod:Strike From Hell+1"],"picked":"Heavy Blade+1","floor":44},{"not_picked":["Headbutt+1","Entrench"],"picked":"Pommel Strike+1","floor":47},{"not_picked":["True Grit+1","Clothesline"],"picked":"Bloodletting+1","floor":49},{"not_picked":["Reckless Charge","hubris:SharpeningStone+1"],"picked":"Disarm+1","floor":50}],"player_experience":194658,"relics_obtained":[{"floor":9,"key":"reliquary:Crutches"},{"floor":11,"key":"Ornamental Fan"},{"floor":15,"key":"Letter Opener"},{"floor":28,"key":"infinitespire:Lucky Rock"},{"floor":29,"key":"hubris:MysteriousPyramids"},{"floor":45,"key":"Eternal Feather"},{"floor":49,"key":"reliquary:PrincelyHelmet"}],"event_choices":[{"damage_healed":0,"gold_gain":0,"player_choice":"Box","damage_taken":0,"relics_obtained":["Lantern"],"max_hp_gain":0,"max_hp_loss":0,"event_name":"Big Fish","floor":0,"gold_loss":0,"cards_obtained":["Regret"]},{"damage_healed":0,"gold_gain":0,"player_choice":"Cursed","damage_taken":0,"max_hp_gain":0,"max_hp_loss":0,"event_name":"Wheel of Change","floor":2,"gold_loss":0,"cards_obtained":["Decay"]},{"damage_healed":0,"gold_gain":0,"player_choice":"Ignored","damage_taken":0,"max_hp_gain":0,"max_hp_loss":0,"event_name":"Beggar","floor":22,"gold_loss":0},{"damage_healed":0,"gold_gain":75,"player_choice":"Touch","damage_taken":8,"max_hp_gain":0,"max_hp_loss":0,"event_name":"FaceTrader","floor":26,"gold_loss":0},{"damage_healed":0,"gold_gain":0,"player_choice":"Upgrade","damage_taken":0,"max_hp_gain":0,"max_hp_loss":0,"event_name":"Designer","floor":30,"gold_loss":40,"cards_upgraded":["Double Tap"]},{"damage_healed":0,"gold_gain":0,"player_choice":"Got Potions","damage_taken":0,"max_hp_gain":0,"max_hp_loss":0,"event_name":"Lab","floor":41,"gold_loss":0}],"is_beta":false,"boss_relics":[{"not_picked":["SlaversCollar","Replay:Wanted Poster"],"picked":"hubris:Backtick"},{"not_picked":["SacredBark","ReplayTheSpireMod:SealedPack"],"picked":"hubris:ScarierMask"}],"items_purged_floors":[3],"is_endless":false,"potions_floor_spawned":[1,11,15,20,24,35,39,43,47,49],"ascension_level":5}}