{"host":"aapp7ew3jk5k1bvd","time":1613905217,"event":{"mods":["AchievementEnabler","BaseMod","Colored Map","Custom Start","Keyboard Shortcuts","Minty Spire (QoL Compilation)","Permanent Neow","Quick Restart","StSLib","SuperFastMode"],"gold_per_floor":[111,126,141,141,66,98,98,118,142,142,159,159,169,169,169,270,270,280,293,293,311,49,49,49,148,202,202,202,202,220,266,266,370,370,388,402,251,251,271,298,298,315,315,190,190,43,91,0,0,0],"floor_reached":51,"language":"KOR","playtime":1355,"items_purged":["Strike_R","Strike_R","Bash"],"score":1093,"play_id":"ae6b251f-e29f-4d3a-9e19-40024471203b","local_time":"20210221200017","is_ascension_mode":true,"campfire_choices":[{"floor":7.0,"key":"REST"},{"data":"Entrench","floor":10.0,"key":"SMITH"},{"data":"Body Slam","floor":12.0,"key":"SMITH"},{"floor":15.0,"key":"REST"},{"data":"Juggernaut","floor":24.0,"key":"SMITH"},{"data":"Impervious","floor":27.0,"key":"SMITH"},{"floor":29.0,"key":"REST"},{"floor":32.0,"key":"REST"},{"data":"Entrench","floor":41,"key":"SMITH"},{"data":"Barricade","floor":45,"key":"SMITH"},{"data":"Body Slam","floor":49,"key":"SMITH"}],"circlet_count":0,"master_deck":["AscendersBane","Defend_R+1","Defend_R+1","Defend_R","Defend_R+1","Juggernaut+1","Entrench+1","Body Slam+1","Metallicize","Offering","Shrug It Off","Ghostly Armor","Impervious+1","Armaments+1","Seeing Red+1","Barricade+1","Body Slam","Body Slam+1","Entrench+1","Shrug It Off+1"],"relics":["Burning Blood","Toy Ornithopter","PreservedInsect","Juzu Bracelet","Runic Pyramid","Tiny Chest","Bottled Tornado","Dream Catcher","Anchor","Empty Cage","Akabeko","Omamori","War Paint","Torii","Red Mask"],"acts_visited":["Exordium","TheCity","TheBeyond"],"potions_floor_usage":[40,47],"damage_taken":[{"damage":4.0,"enemies":"Small Slimes","floor":1.0,"turns":4.0},{"damage":6.0,"enemies":"2 Louse","floor":2.0,"turns":4.0},{"damage":8.0,"enemies":"Jaw Worm","floor":3.0,"turns":4.0},{"damage":45.0,"enemies":"3 Sentries","floor":6.0,"turns":9.0},{"damage":10.0,"enemies":"2 Fungi Beasts","floor":8.0,"turns":5.0},{"damage":10.0,"enemies":"Looter","floor":11.0,"turns":3.0},{"damage":6.0,"enemies":"Exordium Wildlife","floor":13.0,"turns":4.0},{"damage":31.0,"enemies":"Slime Boss","floor":16.0,"turns":12.0},{"damage":7.0,"enemies":"Spheric Guardian","floor":18.0,"turns":4.0},{"damage":18.0,"enemies":"2 Thieves","floor":19.0,"turns":4.0},{"damage":13.0,"enemies":"Snecko","floor":21.0,"turns":7.0},{"damage":23.0,"enemies":"Colosseum Slavers","floor":28.0,"turns":4.0},{"damage":8.0,"enemies":"Chosen and Byrds","floor":30.0,"turns":5.0},{"damage":25.0,"enemies":"Collector","floor":33.0,"turns":11.0},{"damage":6.0,"enemies":"Orb Walker","floor":35.0,"turns":3.0},{"damage":6,"enemies":"3 Darklings","floor":36,"turns":6},{"damage":21,"enemies":"Sphere and 2 Shapes","floor":39,"turns":6},{"damage":6,"enemies":"Giant Head","floor":40,"turns":5},{"damage":21,"enemies":"Transient","floor":42,"turns":5},{"damage":12,"enemies":"2 Orb Walkers","floor":47,"turns":3},{"damage":28,"enemies":"Donu and Deca","floor":50,"turns":5}],"seed_played":"2388572869411700602","potions_obtained":[{"floor":1.0,"key":"DuplicationPotion"},{"floor":6.0,"key":"ElixirPotion"},{"floor":11.0,"key":"SkillPotion"},{"floor":18.0,"key":"CultistPotion"},{"floor":33.0,"key":"SpeedPotion"},{"floor":40,"key":"Fruit Juice"},{"floor":42,"key":"SkillPotion"}],"is_trial":false,"path_per_floor":["M","M","M","?","$","E","R","M","T","R","M","R","M","?","R","B",null,"M","M","?","M","$","?","R","?","T","R","?","R","M","T","R","B",null,"M","M","$","?","M","E","R","M","T","$","R","$","?","?","R","B",null],"character_chosen":"IRONCLAD","items_purchased":["Bottled Tornado","Body Slam","War Paint"],"campfire_rested":4,"item_purchase_floors":[22,37,46],"current_hp_per_floor":[74,74,72,54,54,20,44,40,40,40,36,36,36,20,44,24,66,65,53,53,46,46,46,46,46,46,46,29,53,51,51,75,56,74,74,74,74,74,59,69,69,54,54,54,54,54,53,53,53,31],"gold":0,"neow_bonus":"TRANSFORM_CARD","is_daily":false,"chose_seed":false,"campfire_upgraded":7,"win_rate":0.0,"timestamp":1613905217,"path_taken":["M","M","M","?","$","E","R","M","T","R","M","R","M","?","R","BOSS","M","M","?","M","$","?","R","?","T","R","?","R","M","?","R","BOSS","M","M","$","?","M","E","R","M","T","$","R","$","?","?","R","BOSS"],"items_purchased_type":["Relic","Card","Relic"],"build_version":"2020-12-22","purchased_purges":3,"victory":true,"max_hp_per_floor":[80,80,80,80,80,80,80,80,80,80,80,80,80,80,80,80,80,80,80,80,80,80,80,80,80,80,80,80,80,80,80,80,80,80,80,80,80,76,76,81,81,81,81,81,81,81,81,81,81,81],"card_choices":[{"not_picked":["Thunderclap","Warcry"],"picked":"Entrench","floor":1.0},{"not_picked":["Clothesline","Warcry"],"picked":"Body Slam","floor":2.0},{"not_picked":["Second Wind","Warcry"],"picked":"Metallicize","floor":3.0},{"not_picked":["Whirlwind","Perfected Strike"],"picked":"Offering","floor":6.0},{"not_picked":["Wild Strike","Perfected Strike"],"picked":"Shrug It Off","floor":8.0},{"not_picked":["Clash","Combust","Thunderclap"],"picked":"SKIP","floor":11.0},{"not_picked":["Rupture","Perfected Strike"],"picked":"Ghostly Armor","floor":13.0},{"not_picked":["Demon Form","Offering"],"picked":"Impervious","floor":16.0},{"not_picked":["Iron Wave","Second Wind","True Grit"],"picked":"SKIP","floor":18.0},{"not_picked":["Iron Wave+1","Flex"],"picked":"Armaments+1","floor":19.0},{"not_picked":["Reckless Charge+1","Heavy Blade","Flex"],"picked":"SKIP","floor":21.0},{"not_picked":["Spot Weakness","Sentinel+1"],"picked":"Seeing Red","floor":29.0},{"not_picked":["Thunderclap","Intimidate","Anger"],"picked":"SKIP","floor":30.0},{"not_picked":["Spot Weakness","Perfected Strike+1","Iron Wave+1"],"picked":"SKIP","floor":35.0},{"not_picked":["Wild Strike","Pommel Strike","Headbutt"],"picked":"SKIP","floor":36},{"not_picked":["Disarm+1","Intimidate"],"picked":"Body Slam","floor":39},{"not_picked":["Clothesline","Shrug It Off"],"picked":"Entrench","floor":40},{"not_picked":["Disarm+1","Armaments","Reckless Charge"],"picked":"SKIP","floor":42},{"not_picked":["Rage","Limit Break"],"picked":"Shrug It Off+1","floor":47}],"player_experience":1046076,"relics_obtained":[{"floor":6.0,"key":"PreservedInsect"},{"floor":9.0,"key":"Juzu Bracelet"},{"floor":26.0,"key":"Dream Catcher"},{"floor":31.0,"key":"Anchor"},{"floor":40,"key":"Akabeko"},{"floor":43,"key":"Omamori"},{"floor":47,"key":"Torii"}],"event_choices":[{"damage_healed":0.0,"max_hp_gain":0.0,"max_hp_loss":0.0,"gold_gain":0.0,"event_name":"Scrap Ooze","player_choice":"Success","floor":4.0,"gold_loss":0.0,"damage_taken":18.0,"relics_obtained":["Toy Ornithopter"]},{"damage_healed":0.0,"max_hp_gain":0.0,"max_hp_loss":0.0,"gold_gain":0.0,"event_name":"Shining Light","player_choice":"Entered Light","floor":14.0,"gold_loss":0.0,"damage_taken":16.0,"cards_upgraded":["Defend_R","Defend_R"]},{"damage_healed":0.0,"max_hp_gain":0.0,"max_hp_loss":0.0,"gold_gain":0.0,"event_name":"The Mausoleum","player_choice":"Opened","floor":20.0,"gold_loss":0.0,"damage_taken":0.0,"relics_obtained":["Tiny Chest"]},{"damage_healed":0.0,"max_hp_gain":0.0,"max_hp_loss":0.0,"gold_gain":0.0,"event_name":"Cursed Tome","player_choice":"Ignored","floor":23.0,"gold_loss":0.0,"damage_taken":0.0},{"damage_healed":0.0,"max_hp_gain":0.0,"max_hp_loss":0.0,"gold_gain":99.0,"event_name":"Nest","player_choice":"Stole From Cult","floor":25.0,"gold_loss":0.0,"damage_taken":0.0},{"damage_healed":0.0,"max_hp_gain":0.0,"max_hp_loss":0.0,"gold_gain":0.0,"event_name":"Colosseum","player_choice":"Fight","floor":28.0,"gold_loss":0.0,"damage_taken":0.0},{"damage_healed":0.0,"max_hp_gain":0.0,"max_hp_loss":0.0,"gold_gain":0.0,"event_name":"Colosseum","player_choice":"Fled From Nobs","floor":28.0,"gold_loss":0.0,"damage_taken":0.0},{"damage_healed":0,"gold_gain":0,"player_choice":"Max HP","damage_taken":0,"max_hp_gain":0,"max_hp_loss":4,"event_name":"Winding Halls","floor":38,"gold_loss":0},{"damage_healed":0,"gold_gain":0,"player_choice":"Fight","damage_taken":0,"max_hp_gain":0,"max_hp_loss":0,"event_name":"Mysterious Sphere","floor":47,"gold_loss":0},{"damage_healed":0,"gold_gain":0,"player_choice":"Paid","damage_taken":0,"relics_obtained":["Red Mask"],"max_hp_gain":0,"max_hp_loss":0,"event_name":"Tomb of Lord Red Mask","floor":48,"gold_loss":91}],"is_beta":false,"boss_relics":[{"not_picked":["Calling Bell","SacredBark"],"picked":"Runic Pyramid"},{"not_picked":["Mark of Pain","Runic Dome"],"picked":"Empty Cage"}],"items_purged_floors":[5,37,44],"is_endless":false,"potions_floor_spawned":[1,6,11,18,33,36,39,40,42],"ascension_level":11}}