{"host":"qc1sjgtdjonvdsd8","time":1613902368,"event":{"mods":["BaseMod","Colored Map","Colored Powertips","Curses Come First","Minty Spire (QoL Compilation)","Replay The Spire","StSLib"],"gold_per_floor":[110,35,35,35,35,35,53,80,126,126,145,145,145,131,131,130,130,104,53,53,53,67,67,79,92,92,92,104,120,220,120,120,223,223,239,249,55,71,88,88,105,105,105,105,155,190,65,65,65,65],"floor_reached":51,"language":"ENG","playtime":5537,"items_purged":["Strike_G","Defend_G","Strike_G"],"score":1167,"play_id":"9531c73a-c0e9-4945-9849-f7a735dd1368","local_time":"20210221021248","is_ascension_mode":true,"campfire_choices":[{"data":"Calculated Gamble","floor":6,"key":"SMITH"},{"data":"Strike_G","floor":15,"key":"PURGE"},{"floor":23,"key":"REST"},{"floor":27,"key":"REST"},{"floor":32,"key":"REST"},{"data":"Calculated Gamble","floor":40,"key":"SMITH"},{"data":"Tactician","floor":42,"key":"SMITH"},{"data":"Reflex","floor":44,"key":"SMITH"},{"data":"Expertise","floor":49,"key":"SMITH"}],"circlet_count":0,"master_deck":["Defend_G","Neutralize","Calculated Gamble+1","Hidden Blade","Backflip","Backflip","Bane+1","A Thousand Cuts","Infinite Blades+1","Prepared","Replay:Bag of Tricks","Expertise+1","Prepared+1","Prepared+1","Underhanded Strike","Calculated Gamble+1","Backstab","Burst","Tactician+1","Reflex+1","Deflect","Endless Agony","Footwork","ReplayTheSpireMod:Scrap Shanks+1"],"relics":["Ring of the Snake","NeowsBlessing","White Beast Statue","Pen Nib","ReplayTheSpireMod:CursedCoin","Replay:Drink Me","Pantograph","WristBlade","FossilizedHelix","Torii","Toy Ornithopter"],"acts_visited":["Exordium","TheCity","TheBeyond"],"potions_floor_usage":[16,18,24,25,29,29,33,39,39,41,50,50],"damage_taken":[{"damage":0,"enemies":"Jaw Worm","floor":1,"turns":1},{"damage":0,"enemies":"2 Louse","floor":7,"turns":1},{"damage":0,"enemies":"Lagavulin","floor":8,"turns":1},{"damage":0,"enemies":"Cultist","floor":11,"turns":4},{"damage":63,"enemies":"Fading Forest","floor":16,"turns":11},{"damage":39,"enemies":"2 Thieves","floor":18,"turns":5},{"damage":11,"enemies":"3 Byrds","floor":22,"turns":6},{"damage":9,"enemies":"Snake Plant","floor":24,"turns":4},{"damage":10,"enemies":"3 Cultists","floor":25,"turns":4},{"damage":7,"enemies":"Centurion and Healer","floor":28,"turns":5},{"damage":14,"enemies":"Snecko","floor":29,"turns":5},{"damage":28,"enemies":"Pondfish","floor":33,"turns":9},{"damage":24,"enemies":"3 Darklings","floor":35,"turns":5},{"damage":0,"enemies":"Orb Walker","floor":36,"turns":3},{"damage":0,"enemies":"Transient","floor":38,"turns":5},{"damage":1,"enemies":"4 Shapes","floor":39,"turns":2},{"damage":0,"enemies":"3 Darklings","floor":41,"turns":4},{"damage":0,"enemies":"Mind Bloom Boss Battle","floor":45,"turns":3},{"damage":0,"enemies":"R_Hoarder","floor":46,"turns":7},{"damage":58,"enemies":"Time Eater","floor":50,"turns":12}],"seed_played":"-6328049423508041454","potions_obtained":[{"floor":7,"key":"LiquidMemories"},{"floor":11,"key":"SpeedPotion"},{"floor":13,"key":"FairyPotion"},{"floor":13,"key":"Death Potion"},{"floor":16,"key":"Reflective Coating"},{"floor":18,"key":"SteroidPotion"},{"floor":22,"key":"Energy Potion"},{"floor":24,"key":"CultistPotion"},{"floor":25,"key":"Poison Potion"},{"floor":28,"key":"Poison Potion"},{"floor":29,"key":"Strength Potion"},{"floor":33,"key":"Adrenaline Potion"},{"floor":35,"key":"FairyPotion"},{"floor":36,"key":"Venom Potion"},{"floor":38,"key":"Explosive Potion"},{"floor":39,"key":"SkillPotion"},{"floor":41,"key":"Ancient Potion"},{"floor":45,"key":"BlessingOfTheForge"},{"floor":46,"key":"Block Potion"}],"is_trial":false,"path_per_floor":["M","$","?","$","?","R","M","E","T","$","M","?","?","$","R_BF","B",null,"M","$","?","?","M","R","M","M","T","R","M","M","?","$","R","B",null,"M","M","$","M","M","R","M","R","T","R","?","E","$","?","R","B",null],"character_chosen":"THE_SILENT","items_purchased":["ReplayTheSpireMod:CursedCoin","A Thousand Cuts","Prepared","Reflex","Deflect","Endless Agony"],"campfire_rested":3,"item_purchase_floors":[14,14,19,37,37,37],"current_hp_per_floor":[63,63,63,63,68,68,68,68,68,68,68,68,68,68,68,15,47,8,8,8,8,15,32,23,13,13,30,23,9,9,9,26,23,49,25,25,25,25,24,24,24,24,24,24,49,49,49,49,49,9],"gold":65,"neow_bonus":"THREE_ENEMY_KILL","is_daily":false,"chose_seed":false,"campfire_upgraded":5,"win_rate":0.0,"timestamp":1613902368,"path_taken":["M","$","?","$","?","R","M","E","T","?","M","?","?","$","R_BF","BOSS","M","?","?","?","M","R","M","M","T","R","M","?","?","?","R","BOSS","M","M","?","M","M","R","M","R","T","R","?","E","$","?","R","BOSS"],"items_purchased_type":["Relic","Card","Card","Card","Card","Card"],"build_version":"2020-12-22","purchased_purges":3,"victory":true,"max_hp_per_floor":[70,70,70,70,75,75,75,75,75,75,75,75,75,75,75,75,57,57,57,57,57,57,57,57,57,57,57,57,57,57,57,57,57,57,57,57,57,57,57,57,57,57,57,57,57,57,57,57,57,57],"card_choices":[{"not_picked":["Backflip","Bane"],"picked":"Calculated Gamble","floor":1},{"not_picked":["Poisoned Stab","Slice"],"picked":"Hidden Blade","floor":7},{"not_picked":["Riddle With Holes","Sneak Up"],"picked":"Backflip","floor":8},{"not_picked":["PiercingWail","Bane"],"picked":"Backflip","floor":11},{"not_picked":["Backflip","Hidden Blade"],"picked":"Infinite Blades+1","floor":18},{"not_picked":["Dagger Spray","Hidden Blade"],"picked":"Prepared+1","floor":22},{"not_picked":["Choke","Atom Bomb"],"picked":"Prepared+1","floor":24},{"not_picked":["Infinite Blades","Catalyst+1"],"picked":"Underhanded Strike","floor":25},{"not_picked":["Poisoned Stab+1","All Out Attack"],"picked":"Calculated Gamble","floor":28},{"not_picked":["Masterful Stab","Blur"],"picked":"Backstab","floor":29},{"not_picked":["ReplayTheSpireMod:From All Sides","ReplayTheSpireMod:Necrosis"],"picked":"Burst","floor":33},{"not_picked":["Slice","Bane+1"],"picked":"Tactician","floor":35},{"not_picked":["Well Laid Plans","Dagger Spray","Toxin Wave+1"],"picked":"SKIP","floor":36},{"not_picked":["Underhanded Strike+1","Sneak Up"],"picked":"Footwork","floor":38},{"not_picked":["Choke","Caltrops","Bouncing Flask"],"picked":"SKIP","floor":39},{"not_picked":["Crippling Poison","Riddle With Holes+1","Skewer"],"picked":"SKIP","floor":41},{"not_picked":["Finisher","Expertise+1"],"picked":"ReplayTheSpireMod:Scrap Shanks+1","floor":45},{"not_picked":["PiercingWail","Poisoned Stab","Storm of Steel"],"picked":"SKIP","floor":46}],"player_experience":332712,"relics_obtained":[{"floor":8,"key":"White Beast Statue"},{"floor":9,"key":"Pen Nib"},{"floor":26,"key":"Pantograph"},{"floor":43,"key":"FossilizedHelix"},{"floor":45,"key":"Torii"},{"floor":46,"key":"Toy Ornithopter"}],"event_choices":[{"damage_healed":0,"gold_gain":0,"player_choice":"Leave","damage_taken":0,"max_hp_gain":0,"max_hp_loss":0,"event_name":"The Cleric","floor":3,"gold_loss":0},{"damage_healed":0,"gold_gain":0,"player_choice":"Donut","damage_taken":0,"max_hp_gain":5,"max_hp_loss":0,"event_name":"Big Fish","floor":5,"gold_loss":0},{"damage_healed":0,"gold_gain":0,"player_choice":"Got Potions","damage_taken":0,"max_hp_gain":0,"max_hp_loss":0,"event_name":"Lab","floor":13,"gold_loss":0},{"damage_healed":0,"gold_gain":0,"cards_transformed":["Strike_G","Defend_G"],"player_choice":"Became Test Subject","damage_taken":0,"max_hp_gain":0,"max_hp_loss":0,"event_name":"Drug Dealer","floor":20,"gold_loss":0,"cards_obtained":["Replay:Bag of Tricks","Expertise"]},{"damage_healed":0,"gold_gain":100,"player_choice":"Pray","damage_taken":0,"max_hp_gain":0,"max_hp_loss":0,"event_name":"Golden Shrine","floor":30,"gold_loss":0},{"damage_healed":0,"gold_gain":0,"player_choice":"Fight","damage_taken":0,"max_hp_gain":0,"max_hp_loss":0,"event_name":"MindBloom","floor":45,"gold_loss":0},{"damage_healed":0,"gold_gain":0,"player_choice":"Ignored","damage_taken":0,"max_hp_gain":0,"max_hp_loss":0,"event_name":"Mysterious Sphere","floor":48,"gold_loss":0}],"is_beta":false,"boss_relics":[{"not_picked":["Sozu","Snecko Eye"],"picked":"Replay:Drink Me"},{"not_picked":["Honey Jar","Painkiller Herb"],"picked":"WristBlade"}],"items_purged_floors":[2,31,47],"is_endless":false,"potions_floor_spawned":[7,11,16,18,22,24,25,28,29,33,35,36,38,39,41,45,46],"ascension_level":6}}