{"host":"a4s27ghlnr83kbqz","time":1613907920,"event":{"mods":["AchievementEnabler","BaseMod","Colored Map","Minty Spire (QoL Compilation)","Permanent Neow","SuperFastMode"],"gold_per_floor":[118,393,318,318,330,356,356,371,424,440,467,483,483,518,518,596,596,614,626,626,638,284,284,284],"floor_reached":23,"language":"KOR","playtime":618,"items_purged":["Regret","Strike_B"],"score":437,"play_id":"83df4e59-ef15-423c-84dc-dd5307181378","local_time":"20210221204520","is_ascension_mode":true,"campfire_choices":[{"data":"Chaos","floor":7,"key":"SMITH"},{"floor":13,"key":"REST"},{"data":"Dualcast","floor":15,"key":"SMITH"}],"circlet_count":0,"master_deck":["AscendersBane","Defend_B","Defend_B","Defend_B","Defend_B","Zap","Dualcast+1","Sweeping Beam","Ball Lightning","Chaos+1","Compile Driver","Meteor Strike","Glacier","Sunder","FTL+1","Genetic Algorithm+1","Compile Driver+1","Melter","Recycle"],"relics":["Cracked Core","NeowsBlessing","Blood Vial","Boot","Nunchaku","Bronze Scales","Astrolabe","Art of War"],"acts_visited":["Exordium","TheCity"],"potions_floor_usage":[11,14,16],"damage_taken":[{"damage":0,"enemies":"Jaw Worm","floor":1,"turns":1},{"damage":0,"enemies":"Cultist","floor":5,"turns":1},{"damage":0,"enemies":"Lagavulin","floor":6,"turns":1},{"damage":6,"enemies":"2 Louse","floor":8,"turns":3},{"damage":12,"enemies":"Exordium Wildlife","floor":10,"turns":4},{"damage":22,"enemies":"3 Sentries","floor":11,"turns":6},{"damage":12,"enemies":"Blue Slaver","floor":12,"turns":4},{"damage":5,"enemies":"Lagavulin","floor":14,"turns":9},{"damage":13,"enemies":"Slime Boss","floor":16,"turns":8},{"damage":24,"enemies":"2 Thieves","floor":18,"turns":3},{"damage":1,"enemies":"Chosen","floor":19,"turns":3},{"damage":14,"enemies":"Centurion and Healer","floor":21,"turns":8},{"damage":31,"enemies":"Slavers","floor":23,"turns":2}],"seed_played":"7713230506596049898","potions_obtained":[{"floor":5,"key":"Dexterity Potion"},{"floor":6,"key":"Weak Potion"},{"floor":12,"key":"CultistPotion"},{"floor":14,"key":"SmokeBomb"},{"floor":16,"key":"CultistPotion"}],"is_trial":false,"path_per_floor":["M","?","$","?","M","E","R","M","T","M","E","M","R","E","R","B",null,"M","M","?","M","$","E"],"character_chosen":"DEFECT","items_purchased":["Art of War","Recycle"],"campfire_rested":1,"item_purchase_floors":[22,22],"current_hp_per_floor":[64,64,64,64,64,64,64,60,60,50,30,20,41,38,38,27,60,38,39,39,27,27,0,0],"gold":284,"neow_bonus":"THREE_ENEMY_KILL","is_daily":false,"chose_seed":false,"campfire_upgraded":2,"win_rate":0.0,"timestamp":1613907920,"path_taken":["M","?","?","?","M","E","R","M","T","M","E","?","R","E","R","BOSS","M","M","?","M","$","E"],"items_purchased_type":["Relic","Card"],"build_version":"2020-12-22","purchased_purges":2,"victory":false,"max_hp_per_floor":[71,71,71,71,71,71,71,71,71,71,71,71,71,71,71,71,71,71,71,71,71,71,71,71],"card_choices":[{"not_picked":["Stack","Leap"],"picked":"Sweeping Beam","floor":1},{"not_picked":["Compile Driver","Coolheaded"],"picked":"Ball Lightning","floor":5},{"not_picked":["Scrape","Heatsinks"],"picked":"Chaos","floor":6},{"not_picked":["Ball Lightning","Go for the Eyes","Turbo"],"picked":"SKIP","floor":8},{"not_picked":["Coolheaded","Scrape"],"picked":"Compile Driver","floor":10},{"not_picked":["Rebound","Redo"],"picked":"Meteor Strike","floor":11},{"not_picked":["Barrage","Coolheaded"],"picked":"Glacier","floor":12},{"not_picked":["Reinforced Body","Cold Snap"],"picked":"Sunder","floor":14},{"not_picked":["Storm","Ball Lightning","Redo"],"picked":"SKIP","floor":18},{"not_picked":["Chaos","Consume","BootSequence"],"picked":"SKIP","floor":19},{"not_picked":["Ball Lightning+1","Stack"],"picked":"Melter","floor":21}],"player_experience":1146377,"relics_obtained":[{"floor":6,"key":"Blood Vial"},{"floor":9,"key":"Boot"},{"floor":11,"key":"Nunchaku"},{"floor":14,"key":"Bronze Scales"}],"event_choices":[{"damage_healed":0,"gold_gain":275,"player_choice":"Desecrate","damage_taken":0,"max_hp_gain":0,"max_hp_loss":0,"event_name":"Golden Shrine","floor":2,"gold_loss":0,"cards_obtained":["Regret"]},{"damage_healed":0,"gold_gain":0,"player_choice":"Ignored","damage_taken":0,"max_hp_gain":0,"max_hp_loss":0,"event_name":"Liars Game","floor":4,"gold_loss":0},{"damage_healed":0,"gold_gain":0,"player_choice":"Ignored","damage_taken":0,"max_hp_gain":0,"max_hp_loss":0,"event_name":"Ghosts","floor":20,"gold_loss":0}],"is_beta":false,"boss_relics":[{"not_picked":["Runic Dome","Runic Pyramid"],"picked":"Astrolabe"}],"items_purged_floors":[3,22],"is_endless":false,"potions_floor_spawned":[5,6,12,14,16,19],"killed_by":"Slavers","ascension_level":17}}