{"host":"dz37y7s0f4dytpbs","time":1613918901,"event":{"mods":["AchievementEnabler","BaseMod","BetterRewards","Colored Map","Keyboard Shortcuts","Minty Spire (QoL Compilation)","Permanent Neow","StSLib","SuperFastMode","everything is the same but u backflip on backflip"],"gold_per_floor":[119,119,69,69,88,88,108,141,191,191,191,204,32,46,46,165,165,186,206,239,239,239,278,296,329,329,369,388,402,423,459,459,582,582,607,829,850,913,351,394,417,417,440,484,507,546,546,560,560,560,560,560,39,75,75],"floor_reached":56,"language":"KOR","playtime":5373,"items_purged":["Strike_G","Defend_G","Strike_G","Defend_G"],"score":2318,"play_id":"5c97f9bd-7348-4ca8-a553-8a05ad6f1a7a","local_time":"20210221234821","is_ascension_mode":true,"campfire_choices":[{"floor":6.0,"key":"REST"},{"data":"Neutralize","floor":10.0,"key":"SMITH"},{"data":"Infinite Blades","floor":15.0,"key":"SMITH"},{"data":"After Image","floor":32.0,"key":"SMITH"},{"floor":47.0,"key":"RECALL"},{"data":"Apotheosis","floor":49.0,"key":"SMITH"},{"data":"Tools of the Trade","floor":52.0,"key":"SMITH"}],"circlet_count":0,"master_deck":["Strike_G","Defend_G","Defend_G","Survivor","Neutralize+1","Infinite Blades+1","Infinite Blades","Dodge and Roll","Blur","Footwork","Cloak And Dagger","Tools of the Trade+1","Blade Dance","After Image+1","Bouncing Flask","Catalyst","PiercingWail+1","Blade Dance","Deflect+1","Cloak And Dagger+1","Acrobatics+1","Wraith Form v2","Corpse Explosion","Corpse Explosion","Footwork+1","Deflect+1","Tactician+1","Apotheosis+1","Reflex","Escape Plan","Deflect+1","After Image","Calculated Gamble","Blade Dance","Backflip","Underhanded Strike+1"],"relics":["Ring of the Serpent","Kunai","Shuriken","Calipers","Golden Idol","Strawberry","Centennial Puzzle","HoveringKite","Red Mask","PreservedInsect","Tiny Chest","Ornamental Fan","Blue Candle","Gremlin Horn","Molten Egg 2","Turnip","Singing Bowl","StrikeDummy","Bronze Scales","Art of War","Pantograph","Sundial","Bag of Preparation"],"acts_visited":["Exordium","TheCity","TheBeyond","TheEnding"],"potions_floor_usage":[55,55,55],"damage_taken":[{"damage":1.0,"enemies":"2 Louse","floor":1.0,"turns":4.0},{"damage":0.0,"enemies":"Small Slimes","floor":5.0,"turns":4.0},{"damage":2.0,"enemies":"Jaw Worm","floor":7.0,"turns":4.0},{"damage":5.0,"enemies":"3 Sentries","floor":8.0,"turns":8.0},{"damage":4.0,"enemies":"Large Slime","floor":12.0,"turns":7.0},{"damage":17.0,"enemies":"Lots of Slimes","floor":14.0,"turns":6.0},{"damage":11.0,"enemies":"Slime Boss","floor":16.0,"turns":9.0},{"damage":1.0,"enemies":"Shell Parasite","floor":18.0,"turns":4.0},{"damage":0.0,"enemies":"Spheric Guardian","floor":19.0,"turns":5.0},{"damage":13.0,"enemies":"Masked Bandits","floor":20.0,"turns":5.0},{"damage":6.0,"enemies":"Gremlin Leader","floor":23.0,"turns":6.0},{"damage":2.0,"enemies":"Centurion and Healer","floor":24.0,"turns":6.0},{"damage":3.0,"enemies":"Book of Stabbing","floor":25.0,"turns":5.0},{"damage":6.0,"enemies":"Gremlin Leader","floor":27.0,"turns":6.0},{"damage":0.0,"enemies":"Shelled Parasite and Fungi","floor":28.0,"turns":6.0},{"damage":0.0,"enemies":"Cultist and Chosen","floor":29.0,"turns":6.0},{"damage":0.0,"enemies":"3 Cultists","floor":30.0,"turns":4.0},{"damage":5.0,"enemies":"Book of Stabbing","floor":31.0,"turns":6.0},{"damage":0.0,"enemies":"Collector","floor":33.0,"turns":8.0},{"damage":0.0,"enemies":"3 Shapes","floor":35.0,"turns":4.0},{"damage":0.0,"enemies":"Orb Walker","floor":37.0,"turns":4.0},{"damage":3.0,"enemies":"Mind Bloom Boss Battle","floor":38.0,"turns":7.0},{"damage":4.0,"enemies":"Nemesis","floor":40.0,"turns":7.0},{"damage":0.0,"enemies":"Sphere and 2 Shapes","floor":41.0,"turns":5.0},{"damage":1.0,"enemies":"Reptomancer","floor":44.0,"turns":6.0},{"damage":10.0,"enemies":"3 Darklings","floor":45.0,"turns":5.0},{"damage":8.0,"enemies":"Giant Head","floor":46.0,"turns":8.0},{"damage":0.0,"enemies":"Jaw Worm Horde","floor":48.0,"turns":3.0},{"damage":16.0,"enemies":"Awakened One","floor":50.0,"turns":11.0},{"damage":11.0,"enemies":"Shield and Spear","floor":54.0,"turns":6.0},{"damage":0,"enemies":"The Heart","floor":55,"turns":9}],"seed_played":"-1608926456185039877","potions_obtained":[{"floor":1.0,"key":"Swift Potion"},{"floor":7.0,"key":"Energy Potion"},{"floor":14.0,"key":"DistilledChaos"},{"floor":18.0,"key":"LiquidMemories"},{"floor":20.0,"key":"ColorlessPotion"},{"floor":23.0,"key":"BlessingOfTheForge"},{"floor":24.0,"key":"Fire Potion"},{"floor":29.0,"key":"Weak Potion"},{"floor":33.0,"key":"SneckoOil"},{"floor":37.0,"key":"CultistPotion"},{"floor":41.0,"key":"DistilledChaos"},{"floor":46.0,"key":"Swift Potion"},{"floor":48.0,"key":"EssenceOfSteel"}],"is_trial":false,"path_per_floor":["M","?","?","$","M","R","M","E","T","R","?","M","$","M","R","B",null,"M","M","?","?","T","E","M","E","T","E","M","M","M","E","R","B",null,"M","?","M","?","$","E","M","T","T","E","M","E","R","M","R","B",null,"R","$","E","B",null],"character_chosen":"THE_SILENT","items_purchased":["Kunai","Shuriken","Calipers","Infinite Blades","Infinite Blades","Tools of the Trade","Apotheosis","Singing Bowl","Sundial","PowerPotion","Blade Dance","Backflip"],"campfire_rested":1,"item_purchase_floors":[0,0,0,0,0,13,39,39,53,53,53,53],"current_hp_per_floor":[20,20,20,20,20,39,37,39,39,39,39,35,35,18,18,7,56,55,55,42,42,42,36,34,31,31,25,25,25,25,20,20,20,59,59,59,59,56,56,52,52,52,52,51,43,35,35,35,35,44,67,67,67,56,74],"gold":75,"neow_bonus":"","is_daily":false,"chose_seed":false,"campfire_upgraded":5,"win_rate":0.0,"timestamp":1613918901,"path_taken":["M","?","?","?","M","R","M","E","T","R","?","M","$","M","R","BOSS","M","?","?","?","?","E","M","E","T","E","M","?","M","E","R","BOSS","M","?","M","?","$","E","M","?","T","E","M","E","R","M","R","BOSS","R","$","E","BOSS"],"items_purchased_type":["Relic","Relic","Relic","Card","Card","Card","Card","Relic","Relic","Potion","Card","Card"],"build_version":"2020-12-22","purchased_purges":4,"victory":true,"max_hp_per_floor":[70,65,65,65,65,65,65,72,72,72,72,72,72,72,72,72,72,72,72,72,72,72,72,72,72,72,72,72,72,72,72,72,72,72,72,72,72,72,72,72,72,72,72,72,74,74,74,74,74,74,74,74,74,74,74],"card_choices":[{"not_picked":["Dagger Spray","Acrobatics"],"picked":"Dodge and Roll","floor":1.0},{"not_picked":["Outmaneuver","Grand Finale","Quick Slash"],"picked":"SKIP","floor":5.0},{"not_picked":["Poisoned Stab","Cloak And Dagger"],"picked":"Blur","floor":7.0},{"not_picked":["Backflip","Catalyst"],"picked":"Footwork","floor":8.0},{"not_picked":["Heel Hook","Bane"],"picked":"Cloak And Dagger","floor":12.0},{"not_picked":["Escape Plan","Prepared"],"picked":"Blade Dance","floor":14.0},{"not_picked":["Die Die Die","Tools of the Trade"],"picked":"After Image","floor":16.0},{"not_picked":["Sucker Punch","Calculated Gamble+1"],"picked":"Bouncing Flask","floor":18.0},{"not_picked":["Flechettes+1","Choke"],"picked":"Catalyst","floor":19.0},{"not_picked":["Blade Dance","Bouncing Flask"],"picked":"PiercingWail+1","floor":20.0},{"not_picked":["Crippling Poison","Prepared+1"],"picked":"Blade Dance","floor":23.0},{"not_picked":["Slice+1","Dagger Spray","Underhanded Strike"],"picked":"SKIP","floor":24.0},{"not_picked":["Slice+1","Dagger Spray","Underhanded Strike"],"picked":"SKIP","floor":24.0},{"not_picked":["Cloak And Dagger","Concentrate"],"picked":"Deflect+1","floor":25.0},{"not_picked":["Slice","Predator"],"picked":"Cloak And Dagger+1","floor":27.0},{"not_picked":["Masterful Stab","Deflect"],"picked":"Acrobatics+1","floor":28.0},{"not_picked":["Dodge and Roll","Quick Slash","Dagger Spray"],"picked":"SKIP","floor":29.0},{"not_picked":["Prepared","PiercingWail+1"],"picked":"Wraith Form v2","floor":30.0},{"not_picked":["Skewer+1","Distraction"],"picked":"Corpse Explosion","floor":31.0},{"not_picked":["Envenom","Doppelganger"],"picked":"Corpse Explosion","floor":33.0},{"not_picked":["Backflip+1","Catalyst+1"],"picked":"Footwork+1","floor":35.0},{"not_picked":["PiercingWail","Riddle With Holes+1"],"picked":"Deflect+1","floor":37.0},{"not_picked":["Calculated Gamble","Blade Dance"],"picked":"Tactician+1","floor":38.0},{"not_picked":["Dodge and Roll+1","Slice+1"],"picked":"Reflex","floor":40.0},{"not_picked":["Deadly Poison","Sucker Punch+1"],"picked":"Escape Plan","floor":41.0},{"not_picked":["Tactician","Crippling Poison+1"],"picked":"Deflect+1","floor":44.0},{"not_picked":["Bane+1","Flying Knee+1","Slice+1"],"picked":"Singing Bowl","floor":45.0},{"not_picked":["Envenom","Sucker Punch+1"],"picked":"After Image","floor":46.0},{"not_picked":["Dagger Throw+1","Flying Knee+1"],"picked":"Calculated Gamble","floor":48.0},{"not_picked":["Poisoned Stab+1","Dagger Spray+1"],"picked":"Underhanded Strike+1","floor":54.0}],"player_experience":321148,"relics_obtained":[{"floor":8.0,"key":"Strawberry"},{"floor":9.0,"key":"Centennial Puzzle"},{"floor":20.0,"key":"Red Mask"},{"floor":22.0,"key":"PreservedInsect"},{"floor":23.0,"key":"Tiny Chest"},{"floor":25.0,"key":"Ornamental Fan"},{"floor":26.0,"key":"Blue Candle"},{"floor":27.0,"key":"Gremlin Horn"},{"floor":31.0,"key":"Molten Egg 2"},{"floor":38.0,"key":"Turnip"},{"floor":40.0,"key":"StrikeDummy"},{"floor":43.0,"key":"Bronze Scales"},{"floor":44.0,"key":"Art of War"},{"floor":46.0,"key":"Pantograph"},{"floor":54.0,"key":"Bag of Preparation"}],"event_choices":[{"damage_healed":0.0,"max_hp_gain":0.0,"max_hp_loss":5.0,"gold_gain":0.0,"event_name":"Golden Idol","player_choice":"Lose Max HP","floor":2.0,"gold_loss":0.0,"damage_taken":0.0,"relics_obtained":["Golden Idol"]},{"cards_removed":["Strike_G"],"damage_healed":0.0,"max_hp_gain":0.0,"max_hp_loss":0.0,"gold_gain":0.0,"event_name":"The Cleric","player_choice":"Card Removal","floor":3.0,"gold_loss":50.0,"damage_taken":0.0},{"cards_removed":["Defend_G"],"damage_healed":0.0,"max_hp_gain":0.0,"max_hp_loss":0.0,"gold_gain":0.0,"event_name":"Purifier","player_choice":"Purged","floor":11.0,"gold_loss":0.0,"damage_taken":0.0},{"damage_healed":0.0,"max_hp_gain":0.0,"max_hp_loss":0.0,"gold_gain":0.0,"event_name":"Masked Bandits","player_choice":"Fought Bandits","floor":20.0,"gold_loss":0.0,"damage_taken":0.0},{"cards_removed":["Strike_G"],"damage_healed":0.0,"max_hp_gain":0.0,"max_hp_loss":0.0,"gold_gain":0.0,"event_name":"Back to Basics","player_choice":"Elegance","floor":21.0,"gold_loss":0.0,"damage_taken":0.0},{"damage_healed":0.0,"max_hp_gain":0.0,"max_hp_loss":0.0,"gold_gain":222.0,"event_name":"Tomb of Lord Red Mask","player_choice":"Wore Mask","floor":36.0,"gold_loss":0.0,"damage_taken":0.0},{"damage_healed":0.0,"max_hp_gain":0.0,"max_hp_loss":0.0,"gold_gain":0.0,"event_name":"MindBloom","player_choice":"Fight","floor":38.0,"gold_loss":0.0,"damage_taken":0.0}],"is_beta":false,"boss_relics":[{"not_picked":["Ectoplasm","Tiny House"],"picked":"HoveringKite"},{"not_picked":["Busted Crown","Velvet Choker"],"picked":"Ring of the Serpent"}],"items_purged_floors":[0,13,39,53],"is_endless":false,"potions_floor_spawned":[1,7,14,18,20,23,24,29,33,37,41,46,48],"ascension_level":9}}