{"host":"ydg0vn0pu4pubmdt","time":1613938574,"event":{"mods":["AchievementEnabler","BaseMod","Colored Map","Minty Spire (QoL Compilation)","Quick Restart","SuperFastMode"],"gold_per_floor":[111,124,134,59,73,98,98,98,98],"floor_reached":8,"language":"KOR","playtime":169,"items_purged":["Strike_R"],"score":116,"play_id":"7701c124-dbcf-44bc-a241-90a2d40d86af","local_time":"20210222051614","is_ascension_mode":true,"campfire_choices":[{"data":"Fire Breathing","floor":7.0,"key":"SMITH"}],"circlet_count":0,"master_deck":["AscendersBane","Strike_R","Strike_R","Strike_R","Defend_R","Defend_R","Defend_R","Bash","Inflame","Fire Breathing+1","Flame Barrier","Twin Strike"],"relics":["Burning Blood","Omamori"],"acts_visited":["Exordium"],"potions_floor_usage":[8],"damage_taken":[{"damage":6.0,"enemies":"Cultist","floor":1.0,"turns":3.0},{"damage":4.0,"enemies":"Small Slimes","floor":2.0,"turns":3.0},{"damage":1.0,"enemies":"2 Louse","floor":3.0,"turns":4.0},{"damage":15.0,"enemies":"Large Slime","floor":5.0,"turns":5.0},{"damage":45.0,"enemies":"Gremlin Nob","floor":6.0,"turns":5.0},{"damage":30,"enemies":"Lagavulin","floor":8,"turns":5}],"seed_played":"-124403775918371898","potions_obtained":[{"floor":1.0,"key":"FearPotion"},{"floor":3.0,"key":"BlessingOfTheForge"},{"floor":6.0,"key":"Strength Potion"}],"is_trial":false,"path_per_floor":["M","M","M","$","M","E","R","E"],"character_chosen":"IRONCLAD","items_purchased":[],"campfire_rested":0,"item_purchase_floors":[],"current_hp_per_floor":[68,68,68,68,59,20,20,0,0],"gold":98,"neow_bonus":"REMOVE_TWO","is_daily":false,"chose_seed":false,"campfire_upgraded":1,"win_rate":0.0,"timestamp":1613938574,"path_taken":["M","M","?","$","M","E","R","E"],"items_purchased_type":[],"build_version":"2020-12-22","purchased_purges":1,"victory":false,"max_hp_per_floor":[68,68,68,68,68,68,68,68,68],"card_choices":[{"not_picked":["Twin Strike","Sentinel"],"picked":"Inflame","floor":1.0},{"not_picked":["Dark Embrace","Infernal Blade"],"picked":"Fire Breathing","floor":2.0},{"not_picked":["Combust","Cleave"],"picked":"Flame Barrier","floor":3.0},{"not_picked":["Thunderclap","Headbutt","Dual Wield"],"picked":"SKIP","floor":5.0},{"not_picked":["Burning Pact","Armaments"],"picked":"Twin Strike","floor":6.0}],"player_experience":622187,"relics_obtained":[{"floor":6.0,"key":"Omamori"}],"event_choices":[],"is_beta":false,"boss_relics":[],"items_purged_floors":[4],"is_endless":false,"potions_floor_spawned":[1,3,6],"killed_by":"Lagavulin","ascension_level":20}}