{"host":"17xjy7b7ubl548g2","time":1613872211,"event":{"mods":["2.2 Compatiblity","Act Like it!","Aspiration","Astrologer","Bard","BaseMod","Challenge The Spire","ChefMod","Colored Map","Colored Powertips","Conspire","Elementarium","Energized Spire","Gensokyo","GifTheSpireLib","Halation","Hallownest","Hermit","Hubris","Infinite Spire","Jedi Mod","Jorbs\u0027s Wanderer Trilogy","Marisa（霧雨　魔理沙）","Marked Mod","Menagerie","Minty Spire (QoL Compilation)","Permanent Neow","Reliquary","Replay The Spire","Robot Space Explorer","Ruina","Shapeshifter Mod","Spicy Shops","Spire Arcade","StSLib","Stuff the Spire","The Blue Laboratory","The Bug Knight","The Construct","The Disciple","The Hayseed","The Hierophant","The Marked","The Runesmith","The Sage","TheFirefly"],"gold_per_floor":[109,17,17,35,52,52,95,95,95,113,156,192,192,242,242,242,242],"floor_reached":16,"language":"ENG","playtime":1457,"items_purged":[],"score":122,"play_id":"b037deea-bea2-41cc-9434-5e9939d2030a","local_time":"20210220205011","is_ascension_mode":true,"campfire_choices":[{"data":"StSShapeShifter:VineHandcuffs","floor":6,"key":"SMITH"},{"data":"StSShapeShifter:Tortoise_Form","floor":8,"key":"SMITH"},{"data":"StSShapeShifter:Garden","floor":13,"key":"SMITH"},{"data":"StSShapeShifter:StormGryphonForm","floor":13,"key":"SMITH"},{"data":"StSShapeShifter:BearForm","floor":15,"key":"SMITH"},{"data":"StSShapeShifter:RockSlide","floor":15,"key":"SMITH"}],"circlet_count":0,"master_deck":["StSShapeShifter:ShapeShifter_Strike","StSShapeShifter:ShapeShifter_Strike","StSShapeShifter:ShapeShifter_Strike","StSShapeShifter:ShapeShifter_Defend","StSShapeShifter:ShapeShifter_Defend","StSShapeShifter:ShapeShifter_Defend","StSShapeShifter:ShapeShifter_Defend","StSShapeShifter:Roar","Flying Knee","Die Die Die","StuffTheSpire:Python","StSShapeShifter:Guard","StSShapeShifter:VineHandcuffs+1","StSShapeShifter:RockSlide+1","StSShapeShifter:StormGryphonForm+1","StSShapeShifter:BearForm+1","StSShapeShifter:Garden+1","StSShapeShifter:BloomingSlash"],"relics":["StSShapeShifter:AnimalHeart","StSShapeShifter:TheShapeShiftersMagnolia","Ginger","CeramicFish","CeramicFish","Replay:Arrowhead","Singing Bowl"],"acts_visited":["Exordium"],"potions_floor_usage":[7],"damage_taken":[{"damage":0,"enemies":"Menagerie:WhisperingWraith","floor":1,"turns":4},{"damage":0,"enemies":"Menagerie:MonstrousExperiment","floor":4,"turns":3},{"damage":0,"enemies":"Menagerie:2_RABBITS","floor":5,"turns":2},{"damage":34,"enemies":"Menagerie:MaskedSummoner","floor":7,"turns":10},{"damage":7,"enemies":"Menagerie:VoidReaper","floor":11,"turns":5},{"damage":0,"enemies":"Menagerie:STYGIAN_BOAR_AND_WHISPERING_WRAITH","floor":12,"turns":4},{"damage":7,"enemies":"Menagerie:Hydra","floor":14,"turns":4},{"damage":28,"enemies":"Menagerie:Suneater","floor":16,"turns":7}],"seed_played":"3203669963822156169","potions_obtained":[{"floor":1,"key":"GamblersBrew"},{"floor":14,"key":"PowerPotion"}],"is_trial":false,"path_per_floor":["M","$","?","M","M","R","E","R","T","?","E","M","R","E","R","B"],"character_chosen":"SHAPESHIFTER","items_purchased":["Ginger"],"campfire_rested":0,"item_purchase_floors":[2],"current_hp_per_floor":[78,78,78,78,78,78,44,44,44,37,30,30,30,25,25,0,0],"gold":242,"neow_bonus":"UPGRADE_CARD","is_daily":false,"chose_seed":false,"campfire_upgraded":6,"win_rate":0.0,"timestamp":1613872211,"path_taken":["M","?","?","M","?","R","E","R","T","?","E","M","R","E","R","BOSS"],"items_purchased_type":["Relic"],"build_version":"2020-12-22","purchased_purges":0,"victory":false,"max_hp_per_floor":[78,78,78,78,78,78,78,78,78,78,78,78,78,78,78,78,78],"card_choices":[{"not_picked":["StSShapeShifter:Guard","StSShapeShifter:Synchronicity"],"picked":"StSShapeShifter:Roar","floor":1},{"not_picked":["StSShapeShifter:Sapling","StSShapeShifter:OakBlade"],"picked":"StSShapeShifter:Guard","floor":4},{"not_picked":["StSShapeShifter:DeerForm","StSShapeShifter:WiltingWrath"],"picked":"StSShapeShifter:VineHandcuffs","floor":5},{"not_picked":["StSShapeShifter:WolfsBane","StSShapeShifter:OpportuneSwoop"],"picked":"StSShapeShifter:RockSlide","floor":7},{"not_picked":["StSShapeShifter:Rest","StSShapeShifter:ShiftingStrike"],"picked":"StSShapeShifter:BearForm","floor":11},{"not_picked":["StSShapeShifter:DeerForm","StSShapeShifter:OakBlade"],"picked":"StSShapeShifter:Garden","floor":12},{"not_picked":["StSShapeShifter:RatForm","StSShapeShifter:ShiftingStrike"],"picked":"StSShapeShifter:BloomingSlash","floor":14}],"player_experience":2228826,"relics_obtained":[{"floor":7,"key":"CeramicFish"},{"floor":9,"key":"reliquary:SculptingSteel"},{"floor":11,"key":"Replay:Arrowhead"},{"floor":14,"key":"Singing Bowl"}],"event_choices":[],"is_beta":false,"boss_relics":[],"items_purged_floors":[],"is_endless":false,"potions_floor_spawned":[1,14],"killed_by":"Menagerie:Suneater","ascension_level":1}}