{"host":"yajbwjoofeeg2olc","time":1613906576,"event":{"mods":["A Magickal Journey","AchievementEnabler","Aspiration","Bard","BaseMod","Beaked The Cultist","Better Altar","Better Match","Better Note","Better Sensory Stone","Better Skull","Better Third Choice","BetterRewards","CCEM2","Clockwork Mod","Colored Map","Colored Powertips","Conspire","GifTheSpireLib","Gremlin Mod","GungeonMod","Halation","Hermit","Highlight Path","Hubris","Hunter ??","Jedi Mod","Jorbs\u0027s Wanderer Trilogy","Mad Scientist","Magitek Elite","Marisa????????","Mimic Mod","Minty Spire (QoL Compilation)","Permanent Neow","Replay The Spire","Robot Space Explorer","Shade Mod","Shapeshifter Mod","Shop Mod","Spicy Shops","StSLib","Stuff the Spire","The Administrix","The Alterego","The Animator","The Blackbeard","The Bug Knight","The Construct","The Cursed","The Death Knight","The Disciple","The Exalted","The Forsaken","The Marked","The Mystic","The Necromancer","The Problem Sleuth","The Runesmith","The Servant 0.9.4","The Spell Scribe","The Witch","TheHero"],"gold_per_floor":[117,131,131,145,32,32,32,50,80,109,125,125,145,156,156,156,156],"floor_reached":16,"language":"ENG","playtime":1446,"items_purged":[],"score":104,"play_id":"7363514e-88b3-41be-9794-b4bc9f08fd2c","local_time":"20210221112256","is_ascension_mode":false,"campfire_choices":[{"data":"Clockwork:ChargingBlade","floor":6,"key":"SMITH"},{"data":"DevaForm","floor":12,"key":"SMITH"},{"data":"Clockwork:Improve","floor":15,"key":"SMITH"}],"circlet_count":0,"master_deck":["Clockwork:Strike","Clockwork:Strike","Clockwork:Strike","Clockwork:Strike","Clockwork:Shield","Clockwork:Shield","Clockwork:Shield","Clockwork:Shield","Clockwork:Tinker","Clockwork:WarmUp","DemoMod:TableTechSight","HollowMod:PogoStrike","Clockwork:ChargingBlade+1","Clockwork:Roundhouse","Clockwork:HoardingStrike","Clockwork:PerfectedShield","DevaForm+1","Clockwork:Enhance","Clockwork:Improve+1","Clockwork:CogToss","Clockwork:CogShield"],"relics":["Clockwork:MomentumEngine","hubris:64BitClover","Blood Vial","theForsaken:Kindling","DemoMod:ClearGuonStone","CCEMRelics:Apple","InkBottle"],"acts_visited":["Exordium"],"potions_floor_usage":[9,13,14,16],"damage_taken":[{"damage":2,"enemies":"Cultist","floor":1,"turns":6},{"damage":11,"enemies":"Small Slimes","floor":2,"turns":5},{"damage":9,"enemies":"2 Louse","floor":4,"turns":4},{"damage":0,"enemies":"Large Slime","floor":8,"turns":8},{"damage":0,"enemies":"Looter","floor":9,"turns":10},{"damage":34,"enemies":"Lagavulin","floor":10,"turns":11},{"damage":6,"enemies":"Looter","floor":11,"turns":4},{"damage":5,"enemies":"Blue Slaver","floor":13,"turns":4},{"damage":7,"enemies":"3 Louse","floor":14,"turns":5},{"damage":24,"enemies":"Slime Boss","floor":16,"turns":3}],"seed_played":"-5793938421728546433","potions_obtained":[{"floor":1,"key":"Adrenaline Potion"},{"floor":2,"key":"Regen Potion"},{"floor":4,"key":"Milkshake"},{"floor":10,"key":"Adrenaline Potion"},{"floor":13,"key":"Weak Potion"}],"is_trial":false,"path_per_floor":["M","M","?","M","$","R","?","M","MIM","E","M","R","M","M","R","B"],"character_chosen":"CLOCKWORK","items_purchased":["Clockwork:PerfectedShield"],"campfire_rested":0,"item_purchase_floors":[5],"current_hp_per_floor":[83,72,72,63,63,63,35,37,39,7,6,6,15,13,13,0,0],"gold":156,"neow_bonus":"ONE_RARE_RELIC","is_daily":false,"chose_seed":false,"campfire_upgraded":3,"win_rate":0.0,"timestamp":1613906576,"path_taken":["M","M","?","M","$","R","?","M","MIM","E","M","R","?","M","R","BOSS"],"items_purchased_type":["Card"],"build_version":"2020-12-22","purchased_purges":0,"victory":false,"max_hp_per_floor":[85,85,85,85,85,85,85,85,85,85,88,88,91,94,94,94,94],"card_choices":[{"not_picked":["Clockwork:Redundancy","Clockwork:ReserveSystems"],"picked":"Clockwork:ChargingBlade","floor":1},{"not_picked":["Clockwork:SystemHardening","Clockwork:TimeOut"],"picked":"Clockwork:Roundhouse","floor":2},{"not_picked":["Clockwork:ReserveSystems","Clockwork:AdaptiveCannon"],"picked":"Clockwork:HoardingStrike","floor":4},{"not_picked":["Clockwork:TimeWalk","Clockwork:Improve"],"picked":"Clockwork:Enhance","floor":8},{"not_picked":["Clockwork:CogBarrier","Clockwork:Roundhouse"],"picked":"Clockwork:Improve","floor":9},{"not_picked":["Clockwork:ChargingBlade","Clockwork:Enhance","Clockwork:SystemScan"],"picked":"SKIP","floor":10},{"not_picked":["Clockwork:Enhance","Clockwork:AdaptiveCannon"],"picked":"Clockwork:CraftMomentumEngine","floor":11},{"not_picked":["Clockwork:AdaptiveCannon","Clockwork:TestingEnvironment"],"picked":"Clockwork:CogToss","floor":13},{"not_picked":["Clockwork:SystemScan","Clockwork:Redundancy"],"picked":"Clockwork:CogShield","floor":14}],"player_experience":294146,"relics_obtained":[{"floor":9,"key":"DemoMod:ClearGuonStone"},{"floor":10,"key":"CCEMRelics:Apple"},{"floor":14,"key":"InkBottle"}],"event_choices":[{"damage_healed":0,"gold_gain":1,"player_choice":"Card Relic Relic ","damage_taken":28,"max_hp_gain":0,"max_hp_loss":0,"event_name":"betterThird:BetterScrap","floor":7,"gold_loss":0,"cards_obtained":["DevaForm","Omniscience"]}],"is_beta":false,"boss_relics":[],"items_purged_floors":[],"is_endless":false,"potions_floor_spawned":[1,2,4,10,13],"killed_by":"Slime Boss","ascension_level":0}}