{"host":"onfdonezo2qmaex3","time":1613899910,"event":{"mods":["2.2 Compatiblity","AchievementEnabler","Act Like it!","Aspiration","BaseMod","Colored Powertips","Downfall","Friendly Minions","Gensokyo","Hallownest","Hermit","Highlight Path","Jorbs\u0027s Wanderer Trilogy","Marisa????????","Marked Mod","Minty Spire (QoL Compilation)","Quick Restart","Reliquary","Shop Mod","StSLib","The Disciple","The Hayseed","The Hierophant","The Marked","The Runesmith"],"gold_per_floor":[112,112,7,7,17,43,43,43,92,318,335,335,353,278,278,381,381,396,396,396,410,425,425,106,137,217,13,23,23,23,42,42,141,141,152,170,170,221,71,96,111,131,131,156,156,185,10,26,26,26,26,26,26,53,53],"floor_reached":56,"language":"ENG","playtime":3188,"items_purged":["hermit:Strike_Hermit","hermit:Defend_Hermit","hermit:Snapshot","hermit:Defend_Hermit","hermit:Strike_Hermit"],"score":1388,"play_id":"1e401b77-97e3-4c47-9eb3-24dc165904b8","local_time":"20210221103150","is_ascension_mode":true,"campfire_choices":[{"data":"Capacitor","floor":8,"key":"SMITH"},{"floor":12,"key":"REST"},{"data":"Ball Lightning","floor":15,"key":"SMITH"},{"data":"hermit:EternalForm","floor":23,"key":"SMITH"},{"floor":30,"key":"RECALL"},{"data":"Echo Form","floor":32,"key":"SMITH"},{"data":"White Noise","floor":49,"key":"SMITH"},{"data":"Loop","floor":52,"key":"SMITH"}],"circlet_count":0,"master_deck":["hermit:Covet","BootSequence","Ball Lightning+1","hermit:EternalForm+1","Loop+1","Thinking Ahead","Conserve Battery","Echo Form+1","Loop","White Noise+1","Electrodynamics","hermit:RoundhouseKick+1","hermit:ShadowCloak+1","Gash+1","hermit:TakeCover+1","hermit:FlashPowder+1","Capacitor+1","aspiration:Polymerization","Storm+1","Defragment+1","hermit:Brawl+1","Conserve Battery+1"],"relics":["aspiration:DefectSkillbook","Pear","Unceasing Top","sneckomod:BlankCard","reliquary:Vitrine","CaptainsWheel","Empty Cage","Blue Candle","MutagenicStrength","Mummified Hand","aspiration:FrozenJewel","reliquary:HotPoker","Astrolabe","CatCart","Happy Flower","reliquary:Knoch","Bottled Lightning","Prayer Wheel","Oddly Smooth Stone"],"acts_visited":["Gensokyo:Gensokyo","TheCity","TheBeyond","TheEnding"],"potions_floor_usage":[6,16,33,36,55,55,55],"damage_taken":[{"damage":3,"enemies":"Gensokyo:Gryphon","floor":1,"turns":3},{"damage":0,"enemies":"Gensokyo:2_Kodama","floor":5,"turns":4},{"damage":50,"enemies":"Gensokyo:Cirno","floor":6,"turns":10},{"damage":11,"enemies":"Gensokyo:Mamizou","floor":10,"turns":8},{"damage":4,"enemies":"Gensokyo:3_Fairies","floor":11,"turns":3},{"damage":7,"enemies":"Gensokyo:Python_and_Kodama","floor":13,"turns":5},{"damage":17,"enemies":"Gensokyo:Kokoro","floor":16,"turns":8},{"damage":5,"enemies":"2 Thieves","floor":18,"turns":3},{"damage":8,"enemies":"Shell Parasite","floor":21,"turns":3},{"damage":18,"enemies":"3 Cultists","floor":22,"turns":6},{"damage":11,"enemies":"Slavers","floor":25,"turns":5},{"damage":0,"enemies":"Snecko","floor":28,"turns":4},{"damage":0,"enemies":"Snake Plant","floor":31,"turns":4},{"damage":2,"enemies":"Champ","floor":33,"turns":7},{"damage":12,"enemies":"3 Darklings","floor":35,"turns":3},{"damage":0,"enemies":"Orb Walker","floor":36,"turns":3},{"damage":0,"enemies":"Orin","floor":38,"turns":7},{"damage":0,"enemies":"Nemesis","floor":40,"turns":3},{"damage":0,"enemies":"Sphere and 2 Shapes","floor":41,"turns":3},{"damage":0,"enemies":"Jaw Worm Horde","floor":42,"turns":2},{"damage":0,"enemies":"Giant Head","floor":44,"turns":6},{"damage":41,"enemies":"Nemesis","floor":46,"turns":4},{"damage":0,"enemies":"Writhing Mass","floor":48,"turns":3},{"damage":28,"enemies":"Time Eater","floor":50,"turns":7},{"damage":0,"enemies":"Shield and Spear","floor":54,"turns":3},{"damage":57,"enemies":"The Heart","floor":55,"turns":7}],"seed_played":"2902824931808317580","potions_obtained":[{"floor":1,"key":"SneckoOil"},{"floor":10,"key":"Explosive Potion"},{"floor":16,"key":"ColorlessPotion"},{"floor":21,"key":"FearPotion"},{"floor":22,"key":"EssenceOfSteel"},{"floor":35,"key":"LiquidBronze"},{"floor":40,"key":"AttackPotion"},{"floor":42,"key":"sneckomod:MuddlingPotion"},{"floor":48,"key":"Dexterity Potion"},{"floor":54,"key":"Block Potion"}],"is_trial":false,"path_per_floor":["M","?","COS","?","M","E","T","R","T","E","M","R","M","$","R","B",null,"M","?","?","M","M","R","$","E","T","$","M","T","R","M","R","B",null,"M","M","?","?","$","E","M","M","T","E","?","E","$","M","R","B",null,"R","$","E","B",null],"character_chosen":"HERMIT","items_purchased":["Thinking Ahead","Conserve Battery","Loop"],"campfire_rested":1,"item_purchase_floors":[24,24,27],"current_hp_per_floor":[72,67,67,75,75,25,25,25,25,14,10,37,30,30,30,13,93,88,83,83,75,57,57,57,46,46,46,46,46,46,46,46,44,93,81,81,81,81,81,81,81,81,81,81,81,40,40,40,40,12,93,93,93,93,36],"gold":53,"neow_bonus":"BOSS_RELIC","is_daily":false,"chose_seed":false,"campfire_upgraded":6,"win_rate":0.0,"timestamp":1613899910,"path_taken":["M","?","COS","?","M","E","?","R","T","E","M","R","M","?","R","BOSS","M","?","?","M","M","R","?","E","T","$","?","?","R","M","R","BOSS","M","M","?","?","?","E","?","M","T","E","?","E","$","M","R","BOSS","R","$","E","BOSS"],"items_purchased_type":["Card","Card","Card"],"build_version":"2020-12-22","purchased_purges":5,"victory":true,"max_hp_per_floor":[75,85,85,93,93,93,93,93,93,93,93,93,93,93,93,93,93,93,93,93,93,93,93,93,93,93,93,93,93,93,93,93,93,93,93,93,93,93,93,93,93,93,93,93,93,93,93,93,93,93,93,93,93,93,93],"card_choices":[{"not_picked":["Rip and Tear","Barrage","hermit:Misfire","Consume"],"picked":"SKIP","floor":1},{"not_picked":["hermit:Ricochet","Barrage","Gash","hermit:Feint"],"picked":"SKIP","floor":5},{"not_picked":["Scrape","hermit:HighCaliber","Barrage"],"picked":"Capacitor","floor":6},{"not_picked":["Sunder","Coolheaded","hermit:Manifest"],"picked":"BootSequence","floor":10},{"not_picked":["hermit:Glare","hermit:Headshot","hermit:FinalCanter","Coolheaded"],"picked":"SKIP","floor":11},{"not_picked":["hermit:TrackingShot","Hello World","hermit:Deadeye"],"picked":"Ball Lightning","floor":13},{"not_picked":["hermit:Reprieve","Echo Form","Meteor Strike"],"picked":"hermit:EternalForm","floor":16},{"not_picked":["hermit:LuckOfTheDraw","Streamline+1","Rebound","hermit:Coalescence"],"picked":"SKIP","floor":18},{"not_picked":["Steam Power","Sweeping Beam+1","hermit:Combo","hermit:HoleUp"],"picked":"SKIP","floor":21},{"not_picked":["hermit:Glare","hermit:Misfire","Rebound+1"],"picked":"Loop","floor":22},{"not_picked":["Fission","Compile Driver+1","Undo"],"picked":"Echo Form","floor":25},{"not_picked":["hermit:ItchyTrigger","Rebound","Redo"],"picked":"White Noise","floor":28},{"not_picked":["hermit:ItchyTrigger","Gash","Coolheaded+1","Turbo+1"],"picked":"SKIP","floor":31},{"not_picked":["hermit:OverwhelmingPower","Core Surge","hermit:DeadOrAlive"],"picked":"Electrodynamics","floor":33},{"not_picked":["hermit:ItchyTrigger+1","Beam Cell+1","Cold Snap"],"picked":"hermit:TakeCover+1","floor":35},{"not_picked":["hermit:Spite","Go for the Eyes+1","hermit:Roulette+1"],"picked":"hermit:FlashPowder+1","floor":36},{"not_picked":["hermit:Headshot","Chill+1","Hologram+1"],"picked":"Capacitor+1","floor":38},{"not_picked":["hermit:Virtue+1","Rebound","BootSequence","All For One"],"picked":"SKIP","floor":40},{"not_picked":["Blizzard+1","Darkness+1","hermit:CalledShot","hermit:LowProfile"],"picked":"SKIP","floor":41},{"not_picked":["hermit:Coalescence+1","Stack+1","hermit:Deadeye+1","Rip and Tear+1"],"picked":"SKIP","floor":42},{"not_picked":["Biased Cognition","hermit:Quickdraw+1","Redo","BootSequence"],"picked":"SKIP","floor":44},{"not_picked":["hermit:Showdown+1","hermit:Deadeye","Turbo+1"],"picked":"Storm+1","floor":46},{"not_picked":["hermit:Vantage","hermit:Scavenge","Coolheaded+1"],"picked":"Defragment+1","floor":48},{"not_picked":["hermit:Misfire","Cold Snap","hermit:Vantage"],"picked":"hermit:Brawl+1","floor":48},{"not_picked":["hermit:Scavenge","Auto Shields","Reinforced Body+1"],"picked":"Conserve Battery+1","floor":54}],"player_experience":234119,"relics_obtained":[{"floor":6,"key":"Unceasing Top"},{"floor":9,"key":"sneckomod:BlankCard"},{"floor":10,"key":"reliquary:Vitrine"},{"floor":25,"key":"Mummified Hand"},{"floor":26,"key":"aspiration:FrozenJewel"},{"floor":29,"key":"reliquary:HotPoker"},{"floor":38,"key":"CatCart"},{"floor":40,"key":"Happy Flower"},{"floor":43,"key":"reliquary:Knoch"},{"floor":44,"key":"Bottled Lightning"},{"floor":46,"key":"Prayer Wheel"},{"floor":54,"key":"Oddly Smooth Stone"}],"event_choices":[{"damage_healed":0,"gold_gain":0,"player_choice":"Inject Mutagens","damage_taken":0,"relics_obtained":["MutagenicStrength"],"max_hp_gain":0,"max_hp_loss":0,"event_name":"Drug Dealer","floor":20,"gold_loss":0},{"damage_healed":0,"gold_gain":0,"player_choice":"Ignored","damage_taken":0,"max_hp_gain":0,"max_hp_loss":0,"event_name":"Tomb of Lord Red Mask","floor":37,"gold_loss":0},{"damage_healed":0,"gold_gain":0,"player_choice":"Fight","damage_taken":0,"max_hp_gain":0,"max_hp_loss":0,"event_name":"OrinTheCat","floor":38,"gold_loss":0},{"damage_healed":0,"gold_gain":0,"player_choice":"2 cards matched","damage_taken":0,"max_hp_gain":0,"max_hp_loss":0,"event_name":"Match and Keep!","floor":45,"gold_loss":0,"cards_obtained":["aspiration:Polymerization","hermit:Strike_Hermit"]}],"is_beta":false,"boss_relics":[{"not_picked":["Ectoplasm","Coffee Dripper"],"picked":"Empty Cage"},{"not_picked":["bronze:MakeshiftBattery","aspiration:RunicSpoon"],"picked":"Astrolabe"}],"items_purged_floors":[14,24,27,39,47],"is_endless":false,"potions_floor_spawned":[1,10,16,21,22,25,35,40,42,44,48,54],"ascension_level":1}}