{"host":"4i5cwwpk4hy0hzn4","time":1613941717,"event":{"mods":["BaseMod","Bestiary","Block Reminder","Colored Powertips","Minty Spire (QoL Compilation)","Quick Restart","Slay-I"],"gold_per_floor":[362,362,372,386,386,386,412,14,14,45,60,60,78,95,95,166,166,181,381,8,35,54,54,83,83,83,83,100,135,8,8,8,81,81,98,123,174,193,19,47,47,78,102,102,0,0,35,61,61,61,61,61,11,49,49,49],"floor_reached":55,"language":"DEU","playtime":2078,"items_purged":["Defend_R"],"score":1586,"play_id":"2b33c6f4-d865-47c9-8db6-22bf9bee3913","local_time":"20210221220837","is_ascension_mode":true,"campfire_choices":[{"data":"Anger","floor":6,"key":"SMITH"},{"data":"Apotheosis","floor":15,"key":"SMITH"},{"floor":23,"key":"REST"},{"floor":25,"key":"RECALL"},{"floor":27,"key":"REST"},{"floor":32,"key":"REST"},{"floor":46,"key":"DIG"},{"floor":49,"key":"DIG"},{"floor":52,"key":"DIG"}],"circlet_count":0,"master_deck":["AscendersBane","Strike_R","Strike_R","Strike_R","Strike_R","Defend_R+1","Defend_R","Defend_R","Bash","True Grit+1","Feel No Pain+1","Anger+1","Twin Strike","Apotheosis+1","Reckless Charge","Anger","Clothesline","Inflame","Disarm","Immolate","Dark Embrace","Metallicize","Impervious","Immolate+1","Havoc+1","Fiend Fire+1","Pommel Strike+1","Fiend Fire+1","Reckless Charge+1","Bludgeon+1","Bloodletting+1","Madness","Madness","Infernal Blade+1","Demon Form","Feel No Pain","Pommel Strike+1"],"relics":["Burning Blood","StrikeDummy","Medical Kit","InkBottle","HornCleat","Fusion Hammer","Membership Card","Ice Cream","PreservedInsect","Ornamental Fan","Pantograph","Molten Egg 2","Nloth\u0027s Gift","SlaversCollar","Mango","Shovel","Anchor","Meat on the Bone","Peace Pipe","Red Mask","Blood Vial","CeramicFish","Bronze Scales","Bottled Lightning","Red Skull"],"acts_visited":["TheCity","TheBeyond","TheEnding"],"potions_floor_usage":[7,14,16,33,33,48,50,50,55,55],"damage_taken":[{"damage":3.0,"enemies":"2 Louse","floor":1.0,"turns":2.0},{"damage":5,"enemies":"Cultist","floor":3,"turns":4},{"damage":1,"enemies":"Small Slimes","floor":4,"turns":4},{"damage":15,"enemies":"3 Sentries","floor":7,"turns":8},{"damage":4,"enemies":"Lagavulin","floor":10,"turns":6},{"damage":14,"enemies":"Exordium Thugs","floor":11,"turns":2},{"damage":0,"enemies":"Exordium Wildlife","floor":13,"turns":5},{"damage":0,"enemies":"3 Louse","floor":14,"turns":1},{"damage":0,"enemies":"Slime Boss","floor":16,"turns":3},{"damage":20,"enemies":"2 Thieves","floor":18,"turns":4},{"damage":18,"enemies":"Shell Parasite","floor":22,"turns":4},{"damage":0,"enemies":"Gremlin Leader","floor":24,"turns":3},{"damage":3,"enemies":"Snecko","floor":28,"turns":5},{"damage":24,"enemies":"Book of Stabbing","floor":29,"turns":5},{"damage":14,"enemies":"Champ","floor":33,"turns":8},{"damage":11,"enemies":"Orb Walker","floor":35,"turns":3},{"damage":0,"enemies":"Mind Bloom Boss Battle","floor":36,"turns":5},{"damage":52,"enemies":"2 Orb Walkers","floor":37,"turns":6},{"damage":4,"enemies":"3 Darklings","floor":38,"turns":4},{"damage":0,"enemies":"Giant Head","floor":40,"turns":4},{"damage":1,"enemies":"Nemesis","floor":42,"turns":5},{"damage":3,"enemies":"Reptomancer","floor":47,"turns":4},{"damage":36,"enemies":"Spire Growth","floor":48,"turns":4},{"damage":14,"enemies":"Time Eater","floor":50,"turns":7},{"damage":44,"enemies":"Shield and Spear","floor":54,"turns":6},{"damage":88,"enemies":"The Heart","floor":55,"turns":6}],"seed_played":"2716125916041668880","potions_obtained":[{"floor":4,"key":"AttackPotion"},{"floor":10,"key":"AttackPotion"},{"floor":13,"key":"PowerPotion"},{"floor":22,"key":"Strength Potion"},{"floor":29,"key":"Strength Potion"},{"floor":36,"key":"SteroidPotion"},{"floor":38,"key":"EssenceOfSteel"},{"floor":47,"key":"BloodPotion"},{"floor":48,"key":"Ancient Potion"},{"floor":54,"key":"Strength Potion"}],"is_trial":false,"path_per_floor":["M","?","M","M","?","R","E","$","T","E","M","$","M","M","R","B",null,"M","?","$","T","M","R","E","R","T","R","M","E","$","?","R","B",null,"M","?","?","M","$","E","?","E","T","?","?","R","E","M","R","B",null,"R","$","E","B"],"character_chosen":"IRONCLAD","items_purchased":["Apotheosis","Medical Kit","Reckless Charge","Membership Card","Ice Cream","Dark Embrace","Molten Egg 2","Anchor","Fiend Fire+1","Reckless Charge+1","Feel No Pain","AttackPotion"],"campfire_rested":3,"item_purchase_floors":[8,8,8,20,20,20,30,39,39,39,53,53],"current_hp_per_floor":[68,68,68,68,54,54,45,45,45,47,39,39,45,51,51,57,65,51,51,51,51,39,59,72,72,72,75,75,57,57,57,75,67,73,68,89,43,45,45,51,51,56,56,45,45,45,62,51,51,70,84,84,84,60,0,0],"gold":49,"neow_bonus":"TWO_FIFTY_GOLD","is_daily":false,"chose_seed":false,"campfire_upgraded":2,"win_rate":0.0,"timestamp":1613941717,"path_taken":["M","?","M","?","?","R","E","$","T","E","M","?","M","M","R","BOSS","M","?","?","?","M","R","E","R","T","R","M","E","$","?","R","BOSS","M","?","?","M","$","E","?","E","T","?","?","R","E","M","R","BOSS","R","$","E","BOSS"],"items_purchased_type":["Card","Relic","Card","Relic","Relic","Card","Relic","Relic","Card","Card","Card","Potion"],"build_version":"2020-12-22","purchased_purges":1,"victory":false,"max_hp_per_floor":[68,68,68,68,68,68,68,68,68,68,68,68,68,68,68,68,68,68,68,68,68,68,68,75,75,75,75,75,75,75,75,75,75,75,75,89,89,89,89,89,89,89,89,89,89,89,89,89,89,89,89,89,89,89,89,89],"card_choices":[{"not_picked":["Body Slam","Warcry"],"picked":"True Grit","floor":1},{"not_picked":["Shrug It Off","Sentinel"],"picked":"Feel No Pain","floor":3},{"not_picked":["Evolve","Iron Wave"],"picked":"Anger","floor":4},{"not_picked":["Feel No Pain","Cleave"],"picked":"Twin Strike","floor":7},{"not_picked":["Searing Blow","Burning Pact"],"picked":"Anger","floor":10},{"not_picked":["Hemokinesis","Thunderclap"],"picked":"Clothesline","floor":11},{"not_picked":["Clothesline","Thunderclap"],"picked":"Inflame","floor":13},{"not_picked":["Headbutt","Sever Soul"],"picked":"Disarm","floor":14},{"not_picked":["Offering","Demon Form"],"picked":"Immolate","floor":16},{"not_picked":["True Grit","Sword Boomerang","Burning Pact"],"picked":"SKIP","floor":18},{"not_picked":["Searing Blow","Anger","Body Slam"],"picked":"SKIP","floor":22},{"not_picked":["Pummel","Armaments"],"picked":"Metallicize","floor":24},{"not_picked":["Seeing Red","Sword Boomerang","Warcry"],"picked":"SKIP","floor":28},{"not_picked":["Battle Trance","Shrug It Off"],"picked":"Impervious","floor":29},{"not_picked":["Juggernaut","Barricade"],"picked":"Immolate+1","floor":33},{"not_picked":["Heavy Blade+1","Spot Weakness","Sword Boomerang+1"],"picked":"SKIP","floor":35},{"not_picked":["Rampage+1","Cleave+1"],"picked":"Havoc+1","floor":36},{"not_picked":["Fire Breathing","Seeing Red"],"picked":"Fiend Fire+1","floor":37},{"not_picked":["Havoc","Sword Boomerang+1"],"picked":"Pommel Strike+1","floor":38},{"not_picked":["Second Wind","Infernal Blade"],"picked":"Bludgeon+1","floor":40},{"not_picked":["Sword Boomerang+1","Searing Blow+1"],"picked":"Bloodletting+1","floor":42},{"not_picked":["True Grit","Carnage+1"],"picked":"Infernal Blade+1","floor":47},{"not_picked":["Body Slam+1","Thunderclap+1"],"picked":"Demon Form","floor":48},{"not_picked":["Rampage+1","Fire Breathing"],"picked":"Pommel Strike+1","floor":54}],"player_experience":694389,"relics_obtained":[{"floor":7,"key":"StrikeDummy"},{"floor":9,"key":"InkBottle"},{"floor":10,"key":"HornCleat"},{"floor":21,"key":"PreservedInsect"},{"floor":24,"key":"Strawberry"},{"floor":26,"key":"Ornamental Fan"},{"floor":29,"key":"Pantograph"},{"floor":36,"key":"Mango"},{"floor":37,"key":"Shovel"},{"floor":40,"key":"Meat on the Bone"},{"floor":42,"key":"Peace Pipe"},{"floor":46,"key":"Blood Vial"},{"floor":47,"key":"CeramicFish"},{"floor":49,"key":"Bronze Scales"},{"floor":52,"key":"Bottled Lightning"},{"floor":54,"key":"Red Skull"}],"event_choices":[{"damage_healed":0,"gold_gain":0,"player_choice":"Upgraded","damage_taken":0,"max_hp_gain":0,"max_hp_loss":0,"event_name":"Upgrade Shrine","floor":2,"gold_loss":0,"cards_upgraded":["True Grit"]},{"damage_healed":0,"gold_gain":0,"player_choice":"Entered Light","damage_taken":14,"max_hp_gain":0,"max_hp_loss":0,"event_name":"Shining Light","floor":5,"gold_loss":0,"cards_upgraded":["Feel No Pain","Defend_R"]},{"damage_healed":0,"gold_gain":250,"player_choice":"Bet on Owner","damage_taken":0,"max_hp_gain":0,"max_hp_loss":0,"event_name":"The Joust","floor":19,"gold_loss":50},{"damage_healed":0,"gold_gain":0,"player_choice":"Traded Relic","damage_taken":0,"relics_obtained":["Nloth\u0027s Gift"],"max_hp_gain":0,"max_hp_loss":0,"event_name":"N\u0027loth","floor":31,"relics_lost":["Strawberry"],"gold_loss":0},{"damage_healed":0,"gold_gain":0,"player_choice":"Fight","damage_taken":0,"max_hp_gain":0,"max_hp_loss":0,"event_name":"MindBloom","floor":36,"gold_loss":0},{"damage_healed":0,"gold_gain":0,"player_choice":"Fight","damage_taken":0,"max_hp_gain":0,"max_hp_loss":0,"event_name":"Mysterious Sphere","floor":37,"gold_loss":0},{"cards_removed":["Strike_R"],"damage_healed":0,"gold_gain":0,"player_choice":"Removed Attack","damage_taken":0,"max_hp_gain":0,"max_hp_loss":0,"event_name":"Falling","floor":41,"gold_loss":0},{"damage_healed":0,"gold_gain":0,"player_choice":"Embrace Madness","damage_taken":11,"max_hp_gain":0,"max_hp_loss":0,"event_name":"Winding Halls","floor":44,"gold_loss":0,"cards_obtained":["Madness","Madness"]},{"damage_healed":0,"gold_gain":0,"player_choice":"Paid","damage_taken":0,"relics_obtained":["Red Mask"],"max_hp_gain":0,"max_hp_loss":0,"event_name":"Tomb of Lord Red Mask","floor":45,"gold_loss":102}],"is_beta":false,"boss_relics":[{"not_picked":["Runic Cube","Astrolabe"],"picked":"Fusion Hammer"},{"not_picked":["Runic Pyramid","Tiny House"],"picked":"SlaversCollar"}],"items_purged_floors":[20],"is_endless":false,"potions_floor_spawned":[4,10,13,22,29,36,38,47,48,54],"killed_by":"The Heart","ascension_level":14}}