{"host":"1n4zh8skucxnzijq","time":1613934566,"event":{"mods":["AchievementEnabler","BaseMod","Minty Spire (QoL Compilation)","Quick Restart"],"gold_per_floor":[115,115,127,127,144,178,192,206,259,409,423,423,72,84,84,84,84],"floor_reached":16,"language":"ENG","playtime":403,"items_purged":["Strike_G"],"score":208,"play_id":"b9d7283b-a3a3-4627-b93c-cf31d55050f2","local_time":"20210221190926","is_ascension_mode":true,"campfire_choices":[{"floor":15,"key":"REST"}],"circlet_count":0,"master_deck":["AscendersBane","Strike_G","Strike_G","Strike_G","Defend_G","Defend_G","Defend_G","Defend_G","Defend_G","Survivor","Neutralize","Blade Dance","Underhanded Strike","Blade Dance","Escape Plan","Distraction","Die Die Die","All Out Attack","Eviscerate","Heel Hook"],"relics":["Ring of the Snake","NeowsBlessing","Omamori","Oddly Smooth Stone","Ornamental Fan"],"acts_visited":["Exordium"],"potions_floor_usage":[6,6,7,11,16,16],"damage_taken":[{"damage":0,"enemies":"Jaw Worm","floor":1,"turns":1},{"damage":0,"enemies":"Cultist","floor":3,"turns":1},{"damage":0,"enemies":"2 Louse","floor":5,"turns":1},{"damage":60,"enemies":"Gremlin Nob","floor":6,"turns":5},{"damage":0,"enemies":"Gremlin Gang","floor":7,"turns":4},{"damage":0,"enemies":"3 Louse","floor":8,"turns":2},{"damage":0,"enemies":"2 Fungi Beasts","floor":11,"turns":2},{"damage":0,"enemies":"Lots of Slimes","floor":14,"turns":3},{"damage":25,"enemies":"The Guardian","floor":16,"turns":8}],"seed_played":"6283820379438428260","potions_obtained":[{"floor":1,"key":"ColorlessPotion"},{"floor":3,"key":"DuplicationPotion"},{"floor":6,"key":"SteroidPotion"},{"floor":8,"key":"SteroidPotion"},{"floor":11,"key":"Poison Potion"},{"floor":12,"key":"ColorlessPotion"}],"is_trial":false,"path_per_floor":["M","?","M","?","M","E","M","M","T","?","M","?","$","M","R","B"],"character_chosen":"THE_SILENT","items_purchased":["Ornamental Fan"],"campfire_rested":1,"item_purchase_floors":[13],"current_hp_per_floor":[59,59,59,66,66,6,6,6,6,6,6,6,6,6,25,0,0],"gold":84,"neow_bonus":"THREE_ENEMY_KILL","is_daily":false,"chose_seed":false,"campfire_upgraded":0,"win_rate":0.0,"timestamp":1613934566,"path_taken":["M","?","?","?","M","E","?","M","T","?","M","?","$","M","R","BOSS"],"items_purchased_type":["Relic"],"build_version":"2020-12-22","purchased_purges":1,"victory":false,"max_hp_per_floor":[66,66,66,66,66,66,66,66,66,66,66,66,66,66,66,66,66],"card_choices":[{"not_picked":["Catalyst","Bane"],"picked":"Blade Dance","floor":1},{"not_picked":["Slice","Predator"],"picked":"Blade Dance","floor":3},{"not_picked":["Outmaneuver","Setup"],"picked":"Escape Plan","floor":5},{"not_picked":["Catalyst","Flechettes"],"picked":"Distraction","floor":6},{"not_picked":["Prepared","Bane"],"picked":"Die Die Die","floor":7},{"not_picked":["Bouncing Flask","Dagger Spray"],"picked":"All Out Attack","floor":8},{"not_picked":["Tactician","Quick Slash"],"picked":"Eviscerate","floor":11},{"not_picked":["Poisoned Stab","Slice"],"picked":"Heel Hook","floor":14}],"player_experience":1126709,"relics_obtained":[{"floor":6,"key":"Omamori"},{"floor":9,"key":"Oddly Smooth Stone"}],"event_choices":[{"damage_healed":0,"gold_gain":0,"cards_transformed":["Strike_G"],"player_choice":"Transformed","damage_taken":0,"max_hp_gain":0,"max_hp_loss":0,"event_name":"Transmorgrifier","floor":2,"gold_loss":0,"cards_obtained":["Underhanded Strike"]},{"damage_healed":7,"gold_gain":0,"player_choice":"Full Heal","damage_taken":0,"max_hp_gain":0,"max_hp_loss":0,"event_name":"Wheel of Change","floor":4,"gold_loss":0},{"damage_healed":0,"gold_gain":150,"player_choice":"AGREE","damage_taken":0,"max_hp_gain":0,"max_hp_loss":0,"event_name":"Liars Game","floor":10,"gold_loss":0,"cards_obtained":["Doubt"]},{"damage_healed":0,"gold_gain":0,"player_choice":"Got Potions","damage_taken":0,"max_hp_gain":0,"max_hp_loss":0,"event_name":"Lab","floor":12,"gold_loss":0}],"is_beta":false,"boss_relics":[],"items_purged_floors":[13],"is_endless":false,"potions_floor_spawned":[1,3,6,8,11],"killed_by":"The Guardian","ascension_level":20}}