{"host":"h7nmmy8r9gwtg58f","time":1613950628,"event":{"mods":["Aspiration","BaseMod","Colored Map","Colored Powertips","Downfall","Highlight Path","Hubris","Mimic Mod","Minty Spire (QoL Compilation)","Replay The Spire","StSLib"],"gold_per_floor":[119,133,133,148,168,209,234,234,234,277,277,312,312,312,330,330,330,451,451,474,389,408,408,439,474,474,514,595,609,653,668,701,719,719,843,843,864,880,880,880,895,938,938,981,981,1025,1025,1045,172,231,231,231],"floor_reached":53,"language":"ENG","playtime":12084,"items_purged":["Flex+1"],"score":936,"play_id":"ff380ded-f63c-48f1-ad90-090a322ece54","local_time":"20210222003708","is_ascension_mode":true,"campfire_choices":[{"data":"Uppercut","floor":8,"key":"SMITH"},{"data":"Armaments","floor":43,"key":"SMITH"},{"data":"Disarm","floor":51,"key":"SMITH"}],"circlet_count":0,"master_deck":["Defend_R+1","Defend_R+1","Defend_R+1","Defend_R+1","Bash","Body Slam+1","bronze:BuggyMess","Offering","Disarm","Iron Wave","bronze:BugBarrage","Hemogenesis+1","Pommel Strike","Reaper","Shrug It Off","Disarm+1","Ghostly Armor","Slimebound:Tackle+1","Slimebound:Tackle+1","Slimebound:Tackle+1","Brutality","Hemokinesis","Armaments+1","Fire Breathing+1","Brutality","Pommel Strike+1","Sword Boomerang+1","Headbutt+1","Clothesline+1","Shockwave","Dark Embrace","Purity","ReplayTheSpireMod:Limb From Limb+1"],"relics":["Burning Blood","aspiration:Nostalgia","m_BronzeBlood","Golden Idol","hubris:BottledRain","hubris:SlimyHat","Smiling Mask","CultistMask","Regal Pillow","hubris:RunicObelisk","Potion Belt","Replay:Multitool","Red Skull","Strawberry","Bottled Lightning","Pet Ghost","Pocketwatch","Nilry\u0027s Codex","Coffee Dripper","Replay:Towering Pillar of Hats","hubris:DisguiseKit","PreservedInsect","hubris:Reverence","ReplayTheSpireMod:Ninjato","Replay:Bottled Steam","Chemical X","CaptainsWheel"],"acts_visited":["Exordium","TheCity","TheBeyond"],"potions_floor_usage":[6,10,12,18,27,35,35,35,41,52,52,52,52],"damage_taken":[{"damage":6,"enemies":"Cultist","floor":1,"turns":3},{"damage":11,"enemies":"Jaw Worm","floor":2,"turns":4},{"damage":3,"enemies":"2 Louse","floor":4,"turns":4},{"damage":21,"enemies":"Gremlin Gang","floor":5,"turns":8},{"damage":26,"enemies":"Gremlin Nob","floor":6,"turns":5},{"damage":6,"enemies":"Looter","floor":7,"turns":3},{"damage":14,"enemies":"3 Sentries","floor":10,"turns":10},{"damage":23,"enemies":"Replay:BlueRogue","floor":12,"turns":6},{"damage":17,"enemies":"Exordium Wildlife","floor":15,"turns":4},{"damage":35,"enemies":"The Guardian","floor":18,"turns":12},{"damage":31,"enemies":"2 Thieves","floor":20,"turns":4},{"damage":23,"enemies":"3 Byrds","floor":22,"turns":6},{"damage":11,"enemies":"Replay:Snechameleon","floor":25,"turns":7},{"damage":65,"enemies":"Gremlin Leader","floor":27,"turns":7},{"damage":17,"enemies":"Cultist and Chosen","floor":29,"turns":6},{"damage":47,"enemies":"Slavers","floor":30,"turns":5},{"damage":16,"enemies":"Snake Plant","floor":31,"turns":4},{"damage":39,"enemies":"Gremlin Leader","floor":32,"turns":8},{"damage":12,"enemies":"Centurion and Healer","floor":33,"turns":5},{"damage":62,"enemies":"Automaton","floor":35,"turns":8},{"damage":14,"enemies":"3 Shapes","floor":37,"turns":4},{"damage":5,"enemies":"Orb Walker","floor":38,"turns":4},{"damage":40,"enemies":"Jaw Worm Horde","floor":41,"turns":4},{"damage":60,"enemies":"R_Hoarder","floor":42,"turns":7},{"damage":26,"enemies":"Giant Head","floor":44,"turns":6},{"damage":11,"enemies":"Nemesis","floor":46,"turns":5},{"damage":36,"enemies":"Sphere and 2 Shapes","floor":48,"turns":4},{"damage":44,"enemies":"2 Orb Walkers","floor":50,"turns":5},{"damage":50,"enemies":"Awakened One","floor":52,"turns":10}],"seed_played":"-3979220005759145365","potions_obtained":[{"floor":1,"key":"LifebloodPotion"},{"floor":2,"key":"Reflective Coating"},{"floor":7,"key":"SteroidPotion"},{"floor":10,"key":"Block Potion"},{"floor":15,"key":"champ:CounterPotion"},{"floor":20,"key":"Strength Potion"},{"floor":29,"key":"Adrenaline Potion"},{"floor":32,"key":"SteroidPotion"},{"floor":33,"key":"sneckomod:MuddlingPotion"},{"floor":38,"key":"Venom Potion"},{"floor":40,"key":"Slimebound:ThreeZeroPotion"},{"floor":40,"key":"Cursed Concoction"},{"floor":40,"key":"Fruit Juice"},{"floor":46,"key":"Venom Potion"}],"is_trial":false,"path_per_floor":["M","M","?","M","M","E","M","R","T","E","?","E","PTL","PTL","M","?","R_BF","B",null,"M","?","M","?","?","E","?","E","T","M","E","M","E","M","R","B",null,"M","M","?","?","M","E","R","E","T","E","?","M","$","?","R","B",null],"character_chosen":"IRONCLAD","items_purchased":["ReplayTheSpireMod:Ninjato","Replay:Bottled Steam","Chemical X","Dark Embrace","Purity"],"campfire_rested":0,"item_purchase_floors":[49,49,49,49,49],"current_hp_per_floor":[80,80,60,69,60,46,52,52,52,50,50,39,39,39,34,34,73,58,80,72,72,76,76,56,66,66,48,48,58,58,66,61,81,65,41,87,87,87,87,87,81,50,50,70,70,88,88,87,87,66,66,83],"gold":231,"neow_bonus":"NOSTALGIA","is_daily":false,"chose_seed":false,"campfire_upgraded":3,"win_rate":0.0,"timestamp":1613950628,"path_taken":["M","?","?","M","M","E","M","R","T","E","?","E","PTL","PTL","?","?","R_BF","BOSS","M","?","M","?","?","E","?","E","T","M","E","M","E","M","R","BOSS","M","M","?","?","?","E","R","E","T","E","?","M","$","?","R","BOSS"],"items_purchased_type":["Relic","Relic","Relic","Card","Card"],"build_version":"2020-12-22","purchased_purges":1,"victory":true,"max_hp_per_floor":[80,80,80,80,80,80,80,80,80,80,80,80,80,80,80,80,80,80,80,80,80,80,80,80,80,80,87,87,87,87,87,87,87,87,87,87,87,87,87,87,92,92,92,92,92,92,92,92,92,92,92,92],"card_choices":[{"not_picked":["Rage","Clash"],"picked":"Body Slam","floor":1},{"not_picked":["Iron Wave","Rupture"],"picked":"bronze:BuggyMess","floor":2},{"not_picked":["ReplayTheSpireMod:LeadingStrike","Defy Death"],"picked":"Offering","floor":4},{"not_picked":["Second Wind","Sword Boomerang"],"picked":"Disarm","floor":5},{"not_picked":["True Grit","Replay:Undeath\u0027s Touch"],"picked":"Iron Wave","floor":6},{"not_picked":["Massacre","Anger"],"picked":"Uppercut","floor":7},{"not_picked":["ReplayTheSpireMod:LeadingStrike","Clash"],"picked":"bronze:BugBarrage","floor":10},{"not_picked":["Iron Wave","bronze:Shield"],"picked":"Hemogenesis","floor":12},{"not_picked":["bronze:Turbo","Run Through"],"picked":"Pommel Strike","floor":15},{"not_picked":["hubris:StunningStrike","Limit Break"],"picked":"Reaper","floor":18},{"not_picked":["Pommel Strike","Sword Boomerang"],"picked":"Shrug It Off","floor":20},{"not_picked":["Anger+1","Twin Strike","Perfected Strike"],"picked":"SKIP","floor":22},{"not_picked":["Pommel Strike","Flex+1"],"picked":"Disarm","floor":24},{"not_picked":["Anger+1","Sword Boomerang"],"picked":"Ghostly Armor","floor":25},{"not_picked":["Perfected Strike+1","Rage"],"picked":"Brutality","floor":27},{"not_picked":["Shrug It Off+1","Infernal Blade"],"picked":"Hemokinesis","floor":29},{"not_picked":["Abandon","ReplayTheSpireMod:Strike From Hell","Searing Blow"],"picked":"SKIP","floor":30},{"not_picked":["Carnage","Cleave"],"picked":"Armaments","floor":31},{"not_picked":["ReplayReversal","Anger","Pommel Strike"],"picked":"SKIP","floor":32},{"not_picked":["Wild Strike","Limit Break"],"picked":"Fire Breathing+1","floor":33},{"not_picked":["Berserk","Bludgeon"],"picked":"Brutality","floor":35},{"not_picked":["Pommel Strike+1","Cleave","Metallicize"],"picked":"SKIP","floor":37},{"not_picked":["Sword Boomerang+1","Anger+1"],"picked":"Pommel Strike+1","floor":38},{"not_picked":["Rage+1","Perfected Strike"],"picked":"Sword Boomerang+1","floor":41},{"not_picked":["Fire Breathing","Dropkick+1"],"picked":"Headbutt+1","floor":42},{"not_picked":["Perfected Strike","Warcry"],"picked":"Clothesline+1","floor":44},{"not_picked":["Carnage","Armaments","Perseverance"],"picked":"Shockwave","floor":46},{"not_picked":["True Grit","Headbutt","WheelKick"],"picked":"Flex+1","floor":48},{"not_picked":["Cleave+1","Shrug It Off","LikeWater"],"picked":"ReplayTheSpireMod:Limb From Limb+1","floor":50}],"player_experience":535323,"relics_obtained":[{"floor":6,"key":"hubris:BottledRain"},{"floor":9,"key":"hubris:SlimyHat"},{"floor":10,"key":"Smiling Mask"},{"floor":12,"key":"Regal Pillow"},{"floor":24,"key":"Replay:Multitool"},{"floor":25,"key":"Red Skull"},{"floor":27,"key":"Strawberry"},{"floor":28,"key":"Bottled Lightning"},{"floor":30,"key":"Pet Ghost"},{"floor":32,"key":"Pocketwatch"},{"floor":34,"key":"Nilry\u0027s Codex"},{"floor":42,"key":"Replay:Towering Pillar of Hats"},{"floor":44,"key":"hubris:DisguiseKit"},{"floor":45,"key":"PreservedInsect"},{"floor":46,"key":"hubris:Reverence"},{"floor":50,"key":"CaptainsWheel"}],"event_choices":[{"damage_healed":0,"gold_gain":0,"player_choice":"Take Damage","damage_taken":20,"relics_obtained":["Golden Idol"],"max_hp_gain":0,"max_hp_loss":0,"event_name":"Golden Idol","floor":3,"gold_loss":0},{"damage_healed":0,"gold_gain":0,"player_choice":"Trade","damage_taken":0,"relics_obtained":["CultistMask"],"max_hp_gain":0,"max_hp_loss":0,"event_name":"FaceTrader","floor":11,"gold_loss":0},{"damage_healed":0,"gold_gain":0,"player_choice":"Grow","damage_taken":0,"max_hp_gain":0,"max_hp_loss":0,"event_name":"Living Wall","floor":16,"gold_loss":0,"cards_upgraded":["Hemogenesis"]},{"damage_healed":0,"gold_gain":0,"player_choice":"Obtained Relic","damage_taken":0,"relics_obtained":["Potion Belt"],"max_hp_gain":0,"max_hp_loss":0,"event_name":"Addict","floor":21,"gold_loss":85},{"damage_healed":0,"gold_gain":0,"player_choice":"Simplicity","damage_taken":0,"max_hp_gain":0,"max_hp_loss":0,"event_name":"Back to Basics","floor":23,"gold_loss":0,"cards_upgraded":["Strike_R","Strike_R","Strike_R","Strike_R","Strike_R","Defend_R","Defend_R","Defend_R","Defend_R"]},{"damage_healed":0,"gold_gain":0,"player_choice":"Obtained Book","damage_taken":16,"max_hp_gain":0,"max_hp_loss":0,"event_name":"Cursed Tome","floor":34,"gold_loss":0},{"damage_healed":0,"gold_gain":0,"player_choice":"Got Potions","damage_taken":0,"max_hp_gain":0,"max_hp_loss":0,"event_name":"Lab","floor":40,"gold_loss":0},{"cards_removed":["Uppercut"],"damage_healed":0,"gold_gain":0,"player_choice":"Removed Attack","damage_taken":0,"max_hp_gain":0,"max_hp_loss":0,"event_name":"Falling","floor":47,"gold_loss":0},{"damage_healed":0,"gold_gain":0,"player_choice":"Fight","damage_taken":0,"max_hp_gain":0,"max_hp_loss":0,"event_name":"Mysterious Sphere","floor":50,"gold_loss":0}],"is_beta":false,"boss_relics":[{"not_picked":["Tiny House","Painkiller Herb"],"picked":"hubris:RunicObelisk"},{"not_picked":["hubris:TerracottaHorce","aspiration:FutureDiary"],"picked":"Coffee Dripper"}],"items_purged_floors":[49],"is_endless":false,"potions_floor_spawned":[1,2,7,10,15,20,29,32,33,38,46,48],"ascension_level":1}}