{"host":"as7albp2mcgkylj3","time":1613934946,"event":{"mods":["2.2 Compatiblity","AchievementEnabler","BaseMod","Colored Map","DeckTracker","Googly Eyes","Highlight Path","Minty Spire (QoL Compilation)","StSLib","SuperFastMode"],"gold_per_floor":[114,39,56,66,66,66,55,55,55,55,55,55,66,76,76,173,173,192,192,192,202,213,213,223,241,241,141,241,264,277,277,277,277,277],"floor_reached":33,"language":"ITA","playtime":915,"items_purged":["Strike_G","Defend_G+1"],"score":239,"play_id":"0a50b695-06e5-40a1-82a4-ec82890c147b","local_time":"20210221201546","is_ascension_mode":false,"campfire_choices":[{"data":"Dagger Spray","floor":6,"key":"SMITH"},{"data":"Neutralize","floor":8,"key":"SMITH"},{"data":"Slice","floor":12,"key":"SMITH"},{"data":"Slice","floor":15,"key":"SMITH"},{"data":"Cloak And Dagger","floor":23,"key":"SMITH"},{"floor":32,"key":"RECALL"}],"circlet_count":0,"master_deck":["Strike_G+1","Strike_G+1","Strike_G+1","Strike_G+1","Defend_G+1","Defend_G+1","Defend_G+1","Defend_G+1","Survivor+1","Neutralize+1","Dagger Spray+1","Slice+1","Slice+1","Cloak And Dagger+1"],"relics":["Ring of the Snake","NeowsBlessing","Letter Opener","Mummified Hand","Busted Crown","Paper Crane","Mango","Gambling Chip","Toxic Egg 2","Omamori"],"acts_visited":["Exordium","TheCity"],"potions_floor_usage":[28,33,33,33],"damage_taken":[{"damage":0,"enemies":"Cultist","floor":1,"turns":1},{"damage":0,"enemies":"2 Louse","floor":3,"turns":1},{"damage":0,"enemies":"Small Slimes","floor":4,"turns":1},{"damage":7,"enemies":"Exordium Thugs","floor":7,"turns":4},{"damage":0,"enemies":"Looter","floor":13,"turns":2},{"damage":0,"enemies":"2 Fungi Beasts","floor":14,"turns":2},{"damage":48,"enemies":"The Guardian","floor":16,"turns":18},{"damage":0,"enemies":"3 Byrds","floor":18,"turns":4},{"damage":0,"enemies":"Spheric Guardian","floor":21,"turns":3},{"damage":3,"enemies":"3 Cultists","floor":22,"turns":6},{"damage":2,"enemies":"Centurion and Healer","floor":24,"turns":5},{"damage":2,"enemies":"Snecko","floor":25,"turns":5},{"damage":11,"enemies":"Colosseum Slavers","floor":28,"turns":3},{"damage":14,"enemies":"Colosseum Nobs","floor":28,"turns":5},{"damage":7,"enemies":"Snake Plant","floor":30,"turns":5},{"damage":74,"enemies":"Champ","floor":33,"turns":18}],"seed_played":"5091930374313032039","potions_obtained":[{"floor":7,"key":"DistilledChaos"},{"floor":13,"key":"EssenceOfSteel"},{"floor":14,"key":"LiquidMemories"},{"floor":21,"key":"SneckoOil"},{"floor":25,"key":"AttackPotion"},{"floor":28,"key":"SkillPotion"}],"is_trial":false,"path_per_floor":["M","$","M","M","$","R","M","R","T","?","?","R","M","M","R","B",null,"M","?","?","M","M","R","M","M","T","$","?","T","M","?","R","B"],"character_chosen":"THE_SILENT","items_purchased":[],"campfire_rested":0,"item_purchase_floors":[],"current_hp_per_floor":[70,70,70,70,70,70,63,63,63,60,60,60,60,60,60,12,70,70,70,70,70,67,67,65,63,77,77,52,52,45,73,73,0,0],"gold":277,"neow_bonus":"THREE_ENEMY_KILL","is_daily":false,"chose_seed":false,"campfire_upgraded":5,"win_rate":0.0,"timestamp":1613934946,"path_taken":["M","$","M","M","$","R","?","R","T","?","?","R","M","?","R","BOSS","M","?","?","M","M","R","M","?","T","?","?","?","M","?","R","BOSS"],"items_purchased_type":[],"build_version":"2020-12-22","purchased_purges":2,"victory":false,"max_hp_per_floor":[70,70,70,70,70,70,70,70,70,70,70,70,70,70,70,70,70,70,70,70,70,70,70,70,70,84,84,84,84,84,84,84,84,84],"card_choices":[{"not_picked":["Backflip","Poisoned Stab"],"picked":"Dagger Spray","floor":1},{"not_picked":["Underhanded Strike","Dodge and Roll","Setup"],"picked":"SKIP","floor":3},{"not_picked":["Dash","Blade Dance"],"picked":"Slice","floor":4},{"not_picked":["Escape Plan","Calculated Gamble"],"picked":"Slice","floor":7},{"not_picked":["Endless Agony","Predator","Acrobatics"],"picked":"SKIP","floor":13},{"not_picked":["Prepared","All Out Attack"],"picked":"Cloak And Dagger","floor":14},{"not_picked":["PiercingWail"],"picked":"SKIP","floor":18},{"not_picked":["Slice"],"picked":"SKIP","floor":21},{"not_picked":["Sucker Punch+1"],"picked":"SKIP","floor":22},{"not_picked":["Heel Hook"],"picked":"SKIP","floor":24},{"not_picked":["Sucker Punch"],"picked":"SKIP","floor":25},{"not_picked":["Backflip+1"],"picked":"SKIP","floor":30}],"player_experience":487323,"relics_obtained":[{"floor":9,"key":"Letter Opener"},{"floor":26,"key":"Mango"},{"floor":28,"key":"Gambling Chip"},{"floor":28,"key":"Toxic Egg 2"},{"floor":29,"key":"Omamori"}],"event_choices":[{"damage_healed":0,"gold_gain":0,"player_choice":"Success","damage_taken":3,"relics_obtained":["Mummified Hand"],"max_hp_gain":0,"max_hp_loss":0,"event_name":"Scrap Ooze","floor":10,"gold_loss":0},{"damage_healed":0,"gold_gain":0,"player_choice":"Upgraded","damage_taken":0,"max_hp_gain":0,"max_hp_loss":0,"event_name":"Upgrade Shrine","floor":11,"gold_loss":0,"cards_upgraded":["Survivor"]},{"damage_healed":0,"gold_gain":0,"player_choice":"Simplicity","damage_taken":0,"max_hp_gain":0,"max_hp_loss":0,"event_name":"Back to Basics","floor":19,"gold_loss":0,"cards_upgraded":["Strike_G","Strike_G","Strike_G","Strike_G","Defend_G","Defend_G","Defend_G","Defend_G","Defend_G"]},{"damage_healed":0,"gold_gain":0,"player_choice":"Gave Potion","damage_taken":0,"relics_obtained":["Paper Crane"],"max_hp_gain":0,"max_hp_loss":0,"event_name":"WeMeetAgain","floor":20,"gold_loss":0},{"damage_healed":0,"gold_gain":0,"player_choice":"Fight","damage_taken":0,"max_hp_gain":0,"max_hp_loss":0,"event_name":"Colosseum","floor":28,"gold_loss":0},{"damage_healed":0,"gold_gain":0,"player_choice":"Fought Nobs","damage_taken":0,"max_hp_gain":0,"max_hp_loss":0,"event_name":"Colosseum","floor":28,"gold_loss":0},{"damage_healed":28,"gold_gain":0,"player_choice":"Heal","damage_taken":0,"max_hp_gain":0,"max_hp_loss":0,"event_name":"The Library","floor":31,"gold_loss":0}],"is_beta":false,"boss_relics":[{"not_picked":["Astrolabe","Cursed Key"],"picked":"Busted Crown"}],"items_purged_floors":[2,27],"is_endless":false,"potions_floor_spawned":[7,13,14,18,21,25,28,28],"killed_by":"Champ","ascension_level":0}}