{"host":"yfdtuf6ojcxn06xg","time":1613867216,"event":{"mods":["2.2 Compatiblity","AchievementEnabler","BaseMod","Colored Map","Colored Powertips","Curses Come First","Hermit","JesterMod","Jorbs\u0027s Wanderer Trilogy","Minty Spire (QoL Compilation)","Quick Restart","Rare Cards Sparkle","Relic Stats","Replay The Spire","StSLib","The Cursed","The Disciple","The Hierophant","The Jungle","The Marked","The Necromancer","The Servant 0.9.4"],"gold_per_floor":[114,130,130,19,36,36,63,80,80,80,80,119,145,161,161,258,258,278,1,1,11,22,51,68,84,111,124,141,141,141],"floor_reached":29,"language":"ENG","playtime":1498,"items_purged":["Strike_R","Strike_R"],"score":298,"play_id":"f7abfb75-6cc7-46d6-8d97-73c71c2c529b","local_time":"20210220192656","is_ascension_mode":true,"campfire_choices":[{"data":"Havoc","floor":6,"key":"SMITH"},{"data":"Inflame","floor":11,"key":"SMITH"},{"floor":15,"key":"REST"}],"circlet_count":0,"master_deck":["Strike_R","Strike_R","Strike_R","Defend_R","Defend_R","Defend_R","Defend_R","Bash","Havoc+1","Anger","Disarm","Headbutt","Metallicize","Inflame+1","Ghostly Armor","Entrench","ReplayTheSpireMod:Strike From Hell+1","Carnage+1","Brutality+1","Body Slam+1","Twin Strike+1","Twin Strike+1","ReplayTheSpireMod:Muscle Training","Sentinel+1","True Grit+1","Fiend Fire+1"],"relics":["Burning Blood","Ancient Tea Set","Sundial","Molten Egg 2","Blue Doll","HornCleat","Replay:Grab Bag","Painkiller Herb","Mark of Pain","Black Star","King of Hearts","Du-Vu Doll","Darkstone Periapt","ReplayTheSpireMod:Lightbulb"],"acts_visited":["Exordium","TheCity"],"potions_floor_usage":[13,13,16,22,23,23,25],"damage_taken":[{"damage":6,"enemies":"Cultist","floor":1,"turns":3},{"damage":13,"enemies":"Jaw Worm","floor":2,"turns":4},{"damage":1,"enemies":"2 Louse","floor":5,"turns":4},{"damage":26,"enemies":"Gremlin Nob","floor":7,"turns":4},{"damage":5,"enemies":"Blue Slaver","floor":8,"turns":4},{"damage":15,"enemies":"Lagavulin","floor":13,"turns":6},{"damage":1,"enemies":"Looter","floor":14,"turns":3},{"damage":17,"enemies":"Slime Boss","floor":16,"turns":7},{"damage":11,"enemies":"3 Byrds","floor":18,"turns":5},{"damage":24,"enemies":"2 Thieves","floor":21,"turns":3},{"damage":12,"enemies":"Centurion and Healer","floor":22,"turns":5},{"damage":21,"enemies":"Replay:Snechameleon","floor":23,"turns":5},{"damage":17,"enemies":"Sentry and Sphere","floor":24,"turns":4},{"damage":6,"enemies":"Snecko","floor":25,"turns":5},{"damage":7,"enemies":"Cultist and Chosen","floor":27,"turns":7},{"damage":24,"enemies":"Centurion and Healer","floor":28,"turns":6},{"damage":11,"enemies":"Gremlin Leader","floor":29,"turns":3}],"seed_played":"-6733456977485078305","potions_obtained":[{"floor":7,"key":"FearPotion"},{"floor":8,"key":"LiquidBronze"},{"floor":12,"key":"ElixirPotion"},{"floor":14,"key":"Cursed Concoction"},{"floor":21,"key":"Ancient Potion"},{"floor":22,"key":"Dexterity Potion"},{"floor":24,"key":"AttackPotion"}],"is_trial":false,"path_per_floor":["M","M","?","$","M","R","E","M","T","?","R","?","E","M","R","B",null,"?","T","?","?","?","E","?","?","T","?","?","E"],"character_chosen":"IRONCLAD","items_purchased":["Disarm","King of Hearts","Twin Strike+1"],"campfire_rested":1,"item_purchase_floors":[4,19,19],"current_hp_per_floor":[80,73,78,78,83,83,63,64,64,64,64,30,21,26,51,40,85,80,80,80,62,56,41,30,30,30,29,11,0,0],"gold":141,"neow_bonus":"RANDOM_COMMON_RELIC","is_daily":false,"chose_seed":false,"campfire_upgraded":2,"win_rate":0.0,"timestamp":1613867216,"path_taken":["M","M","?","$","M","R","E","M","T","?","R","?","E","M","R","BOSS","?","T","?","?","?","E","?","?","T","?","?","E"],"items_purchased_type":["Card","Relic","Card"],"build_version":"2020-12-22","purchased_purges":2,"victory":false,"max_hp_per_floor":[80,80,85,85,85,85,85,85,85,85,85,85,85,85,85,85,85,85,85,85,85,85,85,85,85,85,85,85,85,85],"relic_stats":{"Darkstone Periapt":0,"counters":[17,77],"Sundial":[6],"Black Star":1,"obtain_stats":[{"Darkstone Periapt":23,"Replay:Grab Bag":17,"Blue Doll":12,"Painkiller Herb":17,"King of Hearts":19,"Ancient Tea Set":0,"Burning Blood":0,"Du-Vu Doll":23,"HornCleat":13,"Sundial":7,"Molten Egg 2":9,"Mark of Pain":17,"Black Star":17,"ReplayTheSpireMod:Lightbulb":26},{"Darkstone Periapt":12,"Replay:Grab Bag":8,"Blue Doll":5,"Painkiller Herb":8,"King of Hearts":9,"Ancient Tea Set":0,"Burning Blood":0,"Du-Vu Doll":12,"HornCleat":6,"Sundial":4,"Molten Egg 2":5,"Mark of Pain":8,"Black Star":8,"ReplayTheSpireMod:Lightbulb":14},{"Darkstone Periapt":53,"Replay:Grab Bag":35,"Blue Doll":19,"Painkiller Herb":35,"King of Hearts":40,"Ancient Tea Set":0,"Burning Blood":0,"Du-Vu Doll":53,"HornCleat":25,"Sundial":15,"Molten Egg 2":19,"Mark of Pain":35,"Black Star":35,"ReplayTheSpireMod:Lightbulb":62}],"Burning Blood":96},"card_choices":[{"not_picked":["Run Through","Heavy Blade"],"picked":"Havoc","floor":1},{"not_picked":["Warcry","Run Through"],"picked":"Anger","floor":2},{"not_picked":["Run Through","Clothesline"],"picked":"Headbutt","floor":5},{"not_picked":["Sentinel","Run Through"],"picked":"Metallicize","floor":7},{"not_picked":["Run Through","Pommel Strike"],"picked":"Inflame","floor":8},{"not_picked":["Pommel Strike+1","Impervious"],"picked":"Ghostly Armor","floor":12},{"not_picked":["Defy Death","Run Through+1"],"picked":"Entrench","floor":12},{"not_picked":["Shrug It Off","Twin Strike+1"],"picked":"ReplayTheSpireMod:Strike From Hell+1","floor":13},{"not_picked":["Flex","Disarm"],"picked":"Carnage+1","floor":14},{"not_picked":["Berserk","Corruption"],"picked":"Brutality","floor":16},{"not_picked":["Run Through+1","Life Link"],"picked":"Body Slam+1","floor":18},{"not_picked":["Body Slam+1","Fire Breathing"],"picked":"ReplayTheSpireMod:Muscle Training","floor":21},{"not_picked":["Pummel+1","Clothesline+1"],"picked":"Sentinel+1","floor":22},{"not_picked":["Body Slam+1","Thunderclap+1","Headbutt+1"],"picked":"SKIP","floor":23},{"not_picked":["Bloodletting","Sentinel"],"picked":"True Grit+1","floor":24},{"not_picked":["Whirlwind+1","Warcry","True Grit"],"picked":"SKIP","floor":25},{"not_picked":["Wild Strike+1","Body Slam+1","Anger+1"],"picked":"SKIP","floor":27},{"not_picked":["Shockwave","Headbutt+1"],"picked":"Fiend Fire+1","floor":28}],"player_experience":274150,"relics_obtained":[{"floor":7,"key":"Sundial"},{"floor":9,"key":"Molten Egg 2"},{"floor":12,"key":"Blue Doll"},{"floor":13,"key":"HornCleat"},{"floor":23,"key":"Du-Vu Doll"},{"floor":23,"key":"Darkstone Periapt"},{"floor":26,"key":"ReplayTheSpireMod:Lightbulb"}],"event_choices":[{"damage_healed":0,"gold_gain":0,"player_choice":"Donut","damage_taken":0,"max_hp_gain":5,"max_hp_loss":0,"event_name":"Big Fish","floor":3,"gold_loss":0},{"damage_healed":0,"gold_gain":0,"player_choice":"Forge","damage_taken":0,"max_hp_gain":0,"max_hp_loss":0,"event_name":"Accursed Blacksmith","floor":20,"gold_loss":0,"cards_upgraded":["Brutality"]}],"is_beta":false,"boss_relics":[{"not_picked":["Astrolabe","Busted Crown"],"picked":"Replay:Grab Bag"},{"not_picked":["Ooze Armor","Philosopher\u0027s Stone"],"picked":"Painkiller Herb"},{"not_picked":["Cursed Key","Replay:Fungal Core"],"picked":"Mark of Pain"},{"not_picked":["SacredBark","Pandora\u0027s Box"],"picked":"Black Star"}],"items_purged_floors":[4,19],"is_endless":false,"potions_floor_spawned":[7,8,14,21,22,24],"killed_by":"Gremlin Leader","ascension_level":3}}