{"host":"6ggzka4dag2kvku2","time":1613932481,"event":{"mods":["AchievementEnabler","BaseMod","DeckTracker","Minty Spire (QoL Compilation)","Permanent Neow","Quick Restart","SuperFastMode"],"gold_per_floor":[369,444,76,91,106,137,137,170,170,229,255,281,300,43,43,140,140,152,163,163,173,173,213,64,82,129,153,178,202,228,275,287,404,416,439,143,157,168,227,257,102,127,127,168,177,27,0,13,13,13,13,13,13,42,42],"floor_reached":56,"language":"KOR","playtime":3892,"items_purged":["Strike_B","Strike_B","Defend_B","Writhe"],"score":1439,"play_id":"9d6e2893-e9ed-4a86-abc4-0954528c07e0","local_time":"20210222033441","is_ascension_mode":true,"campfire_choices":[{"data":"Apotheosis","floor":7,"key":"SMITH"},{"data":"Defragment","floor":15,"key":"SMITH"},{"floor":32,"key":"REST"},{"floor":49,"key":"RECALL"},{"data":"Chill","floor":52,"key":"SMITH"}],"circlet_count":0,"master_deck":["Defend_B","Defend_B","Zap","Dualcast","Leap","Sunder","Apotheosis+1","Coolheaded","Skim","Defragment+1","Tempest","Chill+1","Chill","Conserve Battery","Glacier","Creative AI","Double Energy","Aggregate","Chrysalis","Reboot","Panache","Dual Wield","Study+1"],"relics":["Cracked Core","Tiny Chest","Mango","Bottled Tornado","Potion Belt","Blood Vial","Art of War","Lee\u0027s Waffle","Empty Cage","HornCleat","CeramicFish","PrismaticShard","MawBank","Orichalcum","Philosopher\u0027s Stone","TungstenRod","Lantern","Happy Flower","Toy Ornithopter","Juzu Bracelet","Dead Branch","Red Mask","Bottled Lightning"],"acts_visited":["Exordium","TheCity","TheBeyond","TheEnding"],"potions_floor_usage":[6,12,25,28,29,33,40,40,48,55,55,55,55],"damage_taken":[{"damage":0,"enemies":"2 Louse","floor":1,"turns":3},{"damage":4,"enemies":"Jaw Worm","floor":4,"turns":2},{"damage":2,"enemies":"Small Slimes","floor":5,"turns":3},{"damage":9,"enemies":"3 Sentries","floor":6,"turns":3},{"damage":0,"enemies":"Lagavulin","floor":8,"turns":6},{"damage":0,"enemies":"3 Sentries","floor":10,"turns":6},{"damage":12,"enemies":"Gremlin Nob","floor":12,"turns":3},{"damage":0,"enemies":"3 Louse","floor":13,"turns":2},{"damage":7,"enemies":"Hexaghost","floor":16,"turns":13},{"damage":7,"enemies":"Shell Parasite","floor":18,"turns":7},{"damage":0,"enemies":"3 Byrds","floor":19,"turns":4},{"damage":15,"enemies":"Snake Plant","floor":21,"turns":5},{"damage":11,"enemies":"Book of Stabbing","floor":23,"turns":9},{"damage":5,"enemies":"Centurion and Healer","floor":25,"turns":9},{"damage":5,"enemies":"Snecko","floor":27,"turns":6},{"damage":22,"enemies":"Slavers","floor":28,"turns":5},{"damage":6,"enemies":"Shelled Parasite and Fungi","floor":29,"turns":6},{"damage":1,"enemies":"3 Cultists","floor":30,"turns":6},{"damage":10,"enemies":"Book of Stabbing","floor":31,"turns":8},{"damage":14,"enemies":"Collector","floor":33,"turns":9},{"damage":5,"enemies":"3 Darklings","floor":35,"turns":8},{"damage":7,"enemies":"Orb Walker","floor":37,"turns":3},{"damage":32,"enemies":"Sphere and 2 Shapes","floor":38,"turns":4},{"damage":0,"enemies":"Mind Bloom Boss Battle","floor":39,"turns":4},{"damage":30,"enemies":"Nemesis","floor":40,"turns":7},{"damage":0,"enemies":"Giant Head","floor":44,"turns":10},{"damage":10,"enemies":"4 Shapes","floor":48,"turns":4},{"damage":37,"enemies":"Time Eater","floor":50,"turns":7},{"damage":8,"enemies":"Shield and Spear","floor":54,"turns":4},{"damage":75,"enemies":"The Heart","floor":55,"turns":9}],"seed_played":"-2147329487487955735","potions_obtained":[{"floor":4,"key":"AttackPotion"},{"floor":5,"key":"PowerPotion"},{"floor":10,"key":"FocusPotion"},{"floor":12,"key":"Weak Potion"},{"floor":21,"key":"Explosive Potion"},{"floor":27,"key":"AttackPotion"},{"floor":28,"key":"FearPotion"},{"floor":29,"key":"FocusPotion"},{"floor":30,"key":"Regen Potion"},{"floor":33,"key":"DistilledChaos"},{"floor":35,"key":"AttackPotion"},{"floor":44,"key":"FocusPotion"},{"floor":54,"key":"Ancient Potion"}],"is_trial":false,"path_per_floor":["M","?","$","M","M","E","R","E","T","?","T","E","M","$","R","B",null,"M","M","?","M","T","E","$","M","T","M","E","M","M","E","R","B",null,"M","$","M","M","?","E","$","T","T","E","?","$","?","M","R","B",null,"R","$","E","B",null],"character_chosen":"DEFECT","items_purchased":["Sunder","Apotheosis","Coolheaded","Lee\u0027s Waffle","PrismaticShard","Panache","Happy Flower"],"campfire_rested":1,"item_purchase_floors":[3,3,3,14,24,36,41],"current_hp_per_floor":[54,43,43,39,37,28,28,42,42,42,42,32,34,96,96,89,96,89,91,91,78,78,69,69,66,66,63,43,39,40,32,60,48,96,91,91,86,56,58,30,30,30,30,32,56,56,56,53,53,18,96,96,96,88,34],"gold":42,"neow_bonus":"TWO_FIFTY_GOLD","is_daily":false,"chose_seed":false,"campfire_upgraded":3,"win_rate":0.0,"timestamp":1613932481,"path_taken":["M","?","$","M","M","E","R","E","T","?","?","E","M","$","R","BOSS","M","M","?","M","?","E","$","M","T","M","E","M","?","E","R","BOSS","M","$","?","M","?","E","$","?","T","E","?","$","?","M","R","BOSS","R","$","E","BOSS"],"items_purchased_type":["Card","Card","Card","Relic","Relic","Card","Relic"],"build_version":"2020-12-22","purchased_purges":4,"victory":true,"max_hp_per_floor":[75,75,75,75,75,75,75,89,89,89,89,89,89,96,96,96,96,96,96,96,96,96,96,96,96,96,96,96,96,96,96,96,96,96,96,96,96,96,96,96,96,96,96,96,96,96,96,96,96,96,96,96,96,96,96],"card_choices":[{"not_picked":["Compile Driver","Rebound"],"picked":"Leap","floor":1},{"not_picked":["Leap","Darkness"],"picked":"Skim","floor":4},{"not_picked":["Turbo","Hologram"],"picked":"Defragment","floor":5},{"not_picked":["Sweeping Beam","Compile Driver"],"picked":"Tempest","floor":6},{"not_picked":["Turbo","Recycle"],"picked":"Chill","floor":8},{"not_picked":["Barrage","Coolheaded"],"picked":"Chill","floor":10},{"not_picked":["Turbo","Force Field"],"picked":"Conserve Battery","floor":12},{"not_picked":["Sweeping Beam","BootSequence"],"picked":"Glacier","floor":13},{"not_picked":["Hyperbeam","Amplify"],"picked":"Creative AI","floor":16},{"not_picked":["Reprogram","Compile Driver+1"],"picked":"Double Energy","floor":18},{"not_picked":["Gash","Steam","Glacier"],"picked":"SKIP","floor":19},{"not_picked":["Streamline","Reprogram","Conserve Battery"],"picked":"SKIP","floor":21},{"not_picked":["Leap","Loop"],"picked":"Aggregate","floor":23},{"not_picked":["FlyingSleeves+1","ReachHeaven","WaveOfTheHand"],"picked":"SKIP","floor":25},{"not_picked":["CrushJoints","FTL"],"picked":"Chrysalis","floor":27},{"not_picked":["ThirdEye","LikeWater","Barrage"],"picked":"SKIP","floor":28},{"not_picked":["Protect+1","Mind Blast+1","FollowUp+1"],"picked":"SKIP","floor":29},{"not_picked":["Barrage","Force Field","Leap+1"],"picked":"SKIP","floor":30},{"not_picked":["Collect","Hello World+1","Tempest"],"picked":"SKIP","floor":31},{"not_picked":["ConjureBlade","Envenom"],"picked":"Reboot","floor":33},{"not_picked":["Inflame","Conclude+1","Infernal Blade+1"],"picked":"SKIP","floor":35},{"not_picked":["SashWhip+1","Havoc+1","Masterful Stab"],"picked":"SKIP","floor":37},{"not_picked":["EmptyFist+1","Streamline+1","Cleave"],"picked":"SKIP","floor":38},{"not_picked":["Force Field+1","TalkToTheHand+1"],"picked":"Dual Wield","floor":39},{"not_picked":["Dagger Throw+1","WreathOfFlame","Slice+1"],"picked":"SKIP","floor":40},{"not_picked":["Blind+1","Burning Pact"],"picked":"Study+1","floor":44},{"not_picked":["Bane+1","SashWhip+1","Sever Soul"],"picked":"SKIP","floor":48},{"not_picked":["PathToVictory","FollowUp+1","Streamline+1"],"picked":"SKIP","floor":54}],"player_experience":128620,"relics_obtained":[{"floor":6,"key":"Tiny Chest"},{"floor":8,"key":"Mango"},{"floor":9,"key":"Bottled Tornado"},{"floor":10,"key":"Potion Belt"},{"floor":11,"key":"Blood Vial"},{"floor":12,"key":"Art of War"},{"floor":22,"key":"HornCleat"},{"floor":23,"key":"CeramicFish"},{"floor":28,"key":"MawBank"},{"floor":31,"key":"Orichalcum"},{"floor":39,"key":"TungstenRod"},{"floor":40,"key":"Lantern"},{"floor":42,"key":"Toy Ornithopter"},{"floor":43,"key":"Juzu Bracelet"},{"floor":44,"key":"Dead Branch"},{"floor":54,"key":"Bottled Lightning"}],"event_choices":[{"damage_healed":0,"gold_gain":75,"player_choice":"Gather Gold","damage_taken":11,"max_hp_gain":0,"max_hp_loss":0,"event_name":"World of Goop","floor":2,"gold_loss":0},{"damage_healed":0,"gold_gain":0,"player_choice":"Searched \u00271\u0027 times","damage_taken":0,"max_hp_gain":0,"max_hp_loss":0,"event_name":"Dead Adventurer","floor":10,"gold_loss":0},{"cards_removed":["Strike_B"],"damage_healed":0,"gold_gain":0,"player_choice":"Elegance","damage_taken":0,"max_hp_gain":0,"max_hp_loss":0,"event_name":"Back to Basics","floor":20,"gold_loss":0},{"damage_healed":0,"gold_gain":0,"player_choice":"Fight","damage_taken":0,"max_hp_gain":0,"max_hp_loss":0,"event_name":"MindBloom","floor":39,"gold_loss":0},{"damage_healed":24,"gold_gain":0,"player_choice":"Writhe","damage_taken":0,"max_hp_gain":0,"max_hp_loss":0,"event_name":"Winding Halls","floor":45,"gold_loss":0,"cards_obtained":["Writhe"]},{"damage_healed":0,"gold_gain":0,"player_choice":"Paid","damage_taken":0,"relics_obtained":["Red Mask"],"max_hp_gain":0,"max_hp_loss":0,"event_name":"Tomb of Lord Red Mask","floor":47,"gold_loss":27}],"is_beta":false,"boss_relics":[{"not_picked":["Runic Dome","Ectoplasm"],"picked":"Empty Cage"},{"not_picked":["SacredBark","FrozenCore"],"picked":"Philosopher\u0027s Stone"}],"items_purged_floors":[3,14,36,46],"is_endless":false,"potions_floor_spawned":[4,5,10,12,21,27,28,29,30,33,35,44,54],"ascension_level":2}}