{"host":"nug5xkek4sujf8as","time":1613907112,"event":{"mods":["Act Like it!","Aspiration","BaseMod","Booster Modes","CapriCore","Colored Powertips","Conspire","Energized Spire","Gensokyo","Minty Spire (QoL Compilation)","Permanent Neow","Quick Restart","Reimu£®≤©¿ˆ¡È√Œ£©","Replay The Spire","Shop Mod","Spicy Shops","StSLib","°æπ¶ƒ‹Mod°øªÏ„Á÷Æª∑–ﬁ∏¥≤π∂°","°æ“≈ŒÔø®≈∆°øREMEMod","ÛÙª÷∏ƒœ"],"gold_per_floor":[111,88,38,233,265,265,297,313,336,336,336,374,374,428,451,474,73,152,152,163,180,13,42,42,42,94,128,128,169,169,170,170],"floor_reached":31,"language":"ZHS","playtime":1304,"items_purged":["Amnesia"],"score":620,"play_id":"88ba5221-5cff-4bd3-97e2-df4c494d5d25","local_time":"20210221193152","is_ascension_mode":true,"campfire_choices":[{"data":"Bludgeon","floor":6.0,"key":"SMITH"},{"data":"ReplayTheSpireMod:Strike From Hell","floor":13.0,"key":"SMITH"},{"floor":25.0,"key":"RECALL"}],"circlet_count":0,"master_deck":["AscendersBane","Strike_R","Strike_R","Strike_R","Strike_R","Defend_R","Defend_R","Defend_R","Defend_R","Bash","Bludgeon+1","REME_SingleHolding","conspire:SpireCoStock","Shrug It Off","ReplayTheSpireMod:Strike From Hell+1","Feel No Pain","Defy Death","Berserk","REME_FearOfPain","True Grit","REME_ProfessionalPlagiarism+1","ReplayUltimateDefense+1","REME_PuzzleBox","Survey Options","Demon Form","Pot Of Greed","Pot Of Greed","Pot Of Greed","Demonic Infusion"],"relics":["Burning Blood","REME_ComplimentaryCards","NeowsBlessing","ReplayTheSpireMod:CursedCoin","OrangePellets","ReplayTheSpireMod:TigerMarble","Happy Flower","ReplayTheSpireMod:ShopPack","Runic Cube","Guide Book","Grinning Jar","Replay:Wax Seal","Bag of Marbles"],"acts_visited":["Exordium","TheCity"],"potions_floor_usage":[],"damage_taken":[{"damage":0.0,"enemies":"Jaw Worm","floor":1.0,"turns":1.0},{"damage":0.0,"enemies":"Small Slimes","floor":5.0,"turns":1.0},{"damage":0.0,"enemies":"Gremlin Nob","floor":7.0,"turns":1.0},{"damage":1.0,"enemies":"Cultist","floor":8.0,"turns":3.0},{"damage":0.0,"enemies":"2 Fungi Beasts","floor":12.0,"turns":2.0},{"damage":7.0,"enemies":"3 Sentries","floor":14.0,"turns":6.0},{"damage":24.0,"enemies":"3 Louse","floor":15.0,"turns":5.0},{"damage":0.0,"enemies":"Exordium Thugs","floor":16.0,"turns":2.0},{"damage":39.0,"enemies":"Fading Forest","floor":18.0,"turns":13.0},{"damage":1.0,"enemies":"Shell Parasite","floor":20.0,"turns":2.0},{"damage":10.0,"enemies":"conspire:FuzzyDice","floor":21.0,"turns":3.0},{"damage":19.0,"enemies":"Snake Plant","floor":23.0,"turns":5.0},{"damage":18.0,"enemies":"REME_1_Revenger","floor":26.0,"turns":6.0},{"damage":23.0,"enemies":"Centurion and Healer","floor":27.0,"turns":5.0},{"damage":6.0,"enemies":"Book of Stabbing","floor":29.0,"turns":6.0},{"damage":37,"enemies":"Cultist and Chosen","floor":31,"turns":3}],"seed_played":"85109294537469991","potions_obtained":[{"floor":7.0,"key":"DistilledChaos"},{"floor":12.0,"key":"BlessingOfTheForge"},{"floor":14.0,"key":"ElixirPotion"},{"floor":18.0,"key":"Doom Potion"},{"floor":21.0,"key":"EssenceOfSteel"},{"floor":23.0,"key":"Block Potion"}],"is_trial":false,"path_per_floor":["M","$","?","?","M","R","E","M","T","PTL","PTL","M","R","E","M","M","R","B",null,"M","M","$","M","?","R","E","M","T","E","?","M"],"character_chosen":"IRONCLAD","items_purchased":["ReplayTheSpireMod:CursedCoin","OrangePellets","REME_ProfessionalPlagiarism","ReplayTheSpireMod:ShopPack","Guide Book"],"campfire_rested":0,"item_purchase_floors":[2,2,17,17,22],"current_hp_per_floor":[74,74,74,50,56,56,62,67,67,67,67,73,73,72,54,60,60,27,63,68,64,64,51,51,51,39,23,23,23,23,0,0],"gold":170,"neow_bonus":"THREE_ENEMY_KILL","is_daily":false,"chose_seed":false,"campfire_upgraded":2,"win_rate":0.0,"timestamp":1613907112,"path_taken":["M","$","?","?","M","R","E","M","T","PTL","PTL","?","R","E","M","M","R","BOSS","M","M","$","M","?","R","E","?","T","E","?","?"],"items_purchased_type":["Relic","Relic","Card","Relic","Relic"],"build_version":"2020-12-22","purchased_purges":1,"victory":false,"max_hp_per_floor":[75,75,75,75,75,75,75,75,75,75,75,75,75,75,75,75,75,75,75,75,75,75,75,75,75,75,76,76,76,76,76,76],"card_choices":[{"not_picked":["Rampage","Clothesline"],"picked":"REME_SingleHolding","floor":1.0},{"not_picked":["Pommel Strike","True Grit"],"picked":"Shrug It Off","floor":4.0},{"not_picked":["Life Link","conspire:ExplosiveBarrier","Replay:Undeath\u0027s Touch"],"picked":"SKIP","floor":5.0},{"not_picked":["REME_SingleHolding","Rampage"],"picked":"ReplayTheSpireMod:Strike From Hell","floor":7.0},{"not_picked":["ReplayTheSpireMod:Stacked","Wild Strike"],"picked":"Feel No Pain","floor":8.0},{"not_picked":["True Grit","Flex"],"picked":"Defy Death","floor":12.0},{"not_picked":["Anger","Intimidate"],"picked":"Berserk","floor":14.0},{"not_picked":["Life Link","Pummel"],"picked":"REME_FearOfPain","floor":15.0},{"not_picked":["Clash","Run Through"],"picked":"True Grit","floor":16.0},{"not_picked":["Blind","Mayhem"],"picked":"ReplayUltimateDefense","floor":17.0},{"not_picked":["ReplayUltimateDefense","Panache"],"picked":"REME_PuzzleBox","floor":17.0},{"not_picked":["REME_BuildACard","REME_AllRoundStrike"],"picked":"Survey Options","floor":17.0},{"not_picked":["Berserk","Fiend Fire"],"picked":"Demon Form","floor":18.0},{"not_picked":["Iron Wave","Pommel Strike","Havoc"],"picked":"SKIP","floor":20.0},{"not_picked":["Run Through+1","Sword Boomerang","Flex"],"picked":"SKIP","floor":21.0},{"not_picked":["Clothesline+1","Carnage","ReplayTheSpireMod:Strike From Hell"],"picked":"SKIP","floor":23.0},{"not_picked":["Combust","ReplayTheSpireMod:Corrosion Curse","Run Through"],"picked":"SKIP","floor":26.0},{"not_picked":["Thunderclap","Carnage","ReplayTheSpireMod:Strike From Hell+1"],"picked":"SKIP","floor":27.0},{"not_picked":["Wild Strike","Warcry"],"picked":"Demonic Infusion","floor":29.0}],"player_experience":983790,"relics_obtained":[{"floor":7.0,"key":"ReplayTheSpireMod:TigerMarble"},{"floor":14.0,"key":"Happy Flower"},{"floor":26.0,"key":"Grinning Jar"},{"floor":28.0,"key":"Replay:Wax Seal"},{"floor":29.0,"key":"Bag of Marbles"}],"event_choices":[{"damage_healed":0.0,"max_hp_gain":0.0,"max_hp_loss":0.0,"gold_gain":0.0,"event_name":"conspire:Investor","player_choice":"Invest 1","floor":3.0,"gold_loss":0.0,"damage_taken":0.0},{"damage_healed":0.0,"max_hp_gain":0.0,"max_hp_loss":0.0,"gold_gain":0.0,"event_name":"The Mausoleum","player_choice":"Ignored","floor":24.0,"gold_loss":0.0,"damage_taken":0.0},{"cards_removed":["Strike_R"],"damage_healed":0.0,"max_hp_gain":0.0,"max_hp_loss":0.0,"gold_gain":0.0,"event_name":"Purifier","player_choice":"Purged","floor":30.0,"gold_loss":0.0,"damage_taken":0.0}],"is_beta":false,"boss_relics":[{"not_picked":["aspiration:SecretTechniqueScroll","REME_DemonsWealth"],"picked":"Runic Cube"}],"items_purged_floors":[17],"is_endless":false,"potions_floor_spawned":[7,12,14,16,18,21,23],"killed_by":"Cultist and Chosen","ascension_level":20}}