{"host":"en4narc5947t7k9n","time":1613937572,"event":{"mods":["AchievementEnabler","BaseMod","Colored Map","Minty Spire (QoL Compilation)","SuperFastMode"],"gold_per_floor":[116,116,116,133,133,133,133,133,158,168,187,219,233,246,246,341,341,352,363,363,16,16,16,34,44,70,82,108,120,149,177,189,201,201],"floor_reached":33,"language":"KOR","playtime":1570,"items_purged":[],"score":276,"play_id":"414bb943-87c0-4d5f-9ca3-87d699c5255c","local_time":"20210222045932","is_ascension_mode":false,"campfire_choices":[{"floor":6,"key":"RECALL"},{"data":"Leg Sweep","floor":8,"key":"SMITH"},{"data":"Bouncing Flask","floor":15,"key":"SMITH"},{"data":"Venomology","floor":23,"key":"SMITH"},{"floor":27,"key":"REST"},{"data":"Backstab","floor":32,"key":"SMITH"}],"circlet_count":0,"master_deck":["Survivor","Neutralize","Crippling Poison+1","Leg Sweep+1","Bouncing Flask+1","Poisoned Stab","Backstab","Deflect","Escape Plan","Venomology+1","Eviscerate","Leg Sweep","Dagger Throw","Storm of Steel","Choke","Backstab","Backstab","Outmaneuver","Grand Finale","Sucker Punch","Bouncing Flask+1","Backstab","Bouncing Flask+1","Crippling Poison+1","Eviscerate+1","PiercingWail","Backstab+1","Tactician"],"relics":["Ring of the Snake","Bronze Scales","Lantern","Pandora\u0027s Box","Nilry\u0027s Codex","Potion Belt","DollysMirror","MawBank"],"acts_visited":["Exordium","TheCity"],"potions_floor_usage":[12,12,19,19,24,28,33,33,33,33,33],"damage_taken":[{"damage":0,"enemies":"Small Slimes","floor":1,"turns":4},{"damage":0,"enemies":"Cultist","floor":4,"turns":4},{"damage":0,"enemies":"Jaw Worm","floor":10,"turns":3},{"damage":11,"enemies":"Large Slime","floor":11,"turns":5},{"damage":33,"enemies":"3 Sentries","floor":12,"turns":6},{"damage":4,"enemies":"Blue Slaver","floor":13,"turns":3},{"damage":6,"enemies":"Red Slaver","floor":14,"turns":2},{"damage":12,"enemies":"The Guardian","floor":16,"turns":8},{"damage":14,"enemies":"Spheric Guardian","floor":18,"turns":4},{"damage":4,"enemies":"2 Thieves","floor":19,"turns":3},{"damage":9,"enemies":"3 Cultists","floor":24,"turns":5},{"damage":2,"enemies":"Centurion and Healer","floor":25,"turns":4},{"damage":0,"enemies":"Snecko","floor":28,"turns":3},{"damage":12,"enemies":"3 Cultists","floor":30,"turns":5},{"damage":0,"enemies":"Centurion and Healer","floor":31,"turns":3},{"damage":40,"enemies":"Automaton","floor":33,"turns":6}],"seed_played":"-5673281422368311494","potions_obtained":[{"floor":4,"key":"ColorlessPotion"},{"floor":10,"key":"PowerPotion"},{"floor":13,"key":"Ancient Potion"},{"floor":14,"key":"Weak Potion"},{"floor":16,"key":"Dexterity Potion"},{"floor":19,"key":"Swift Potion"},{"floor":25,"key":"DistilledChaos"},{"floor":30,"key":"Block Potion"}],"is_trial":false,"path_per_floor":["M","?","$","M","$","R","?","R","T","M","M","E","M","M","R","B",null,"M","M","?","$","?","R","M","M","T","R","M","?","M","M","R","B"],"character_chosen":"THE_SILENT","items_purchased":["Potion Belt","DollysMirror","Backstab"],"campfire_rested":1,"item_purchase_floors":[21,21,21],"current_hp_per_floor":[70,70,70,70,70,70,75,75,75,75,64,31,27,21,21,9,75,61,57,41,41,41,41,32,30,30,52,52,52,40,40,40,0,0],"gold":201,"neow_bonus":"RANDOM_COMMON_RELIC","is_daily":false,"chose_seed":false,"campfire_upgraded":4,"win_rate":0.0,"timestamp":1613937572,"path_taken":["M","?","$","?","$","R","?","R","T","M","M","E","M","M","R","BOSS","M","M","?","$","?","R","M","M","T","R","?","?","?","M","R","BOSS"],"items_purchased_type":["Relic","Relic","Card"],"build_version":"2020-12-22","purchased_purges":0,"victory":false,"max_hp_per_floor":[70,70,70,70,70,70,75,75,75,75,75,75,75,75,75,75,75,75,75,75,75,75,75,75,75,75,75,75,75,75,75,75,75,75],"card_choices":[{"not_picked":["Cloak And Dagger","Blur"],"picked":"Crippling Poison","floor":1},{"not_picked":["Finisher","Blur"],"picked":"Leg Sweep","floor":4},{"not_picked":["Poisoned Stab","Backflip"],"picked":"Bouncing Flask","floor":10},{"not_picked":["Outmaneuver","Dagger Throw"],"picked":"Poisoned Stab","floor":11},{"not_picked":["Sucker Punch","Bane"],"picked":"Backstab","floor":12},{"not_picked":["Slice","Blade Dance"],"picked":"Deflect","floor":13},{"not_picked":["Flying Knee","Quick Slash"],"picked":"Escape Plan","floor":14},{"not_picked":["Storm of Steel","Tools of the Trade"],"picked":"Venomology","floor":16},{"not_picked":["Quick Slash","Slice","Cloak And Dagger"],"picked":"SKIP","floor":18},{"not_picked":["Flying Knee","Poisoned Stab","Predator+1"],"picked":"SKIP","floor":19},{"not_picked":["Finisher","Choke"],"picked":"Crippling Poison+1","floor":24},{"not_picked":["Underhanded Strike+1","Endless Agony"],"picked":"Eviscerate+1","floor":25},{"not_picked":["Backflip","Quick Slash"],"picked":"PiercingWail","floor":28},{"not_picked":["Outmaneuver","Deadly Poison"],"picked":"Backstab","floor":30},{"not_picked":["Setup","Cloak And Dagger"],"picked":"Tactician","floor":31}],"player_experience":140983,"relics_obtained":[{"floor":12,"key":"Lantern"},{"floor":20,"key":"Nilry\u0027s Codex"},{"floor":26,"key":"MawBank"}],"event_choices":[{"damage_healed":0,"gold_gain":0,"player_choice":"Upgraded","damage_taken":0,"max_hp_gain":0,"max_hp_loss":0,"event_name":"Upgrade Shrine","floor":2,"gold_loss":0,"cards_upgraded":["Crippling Poison"]},{"damage_healed":0,"gold_gain":0,"player_choice":"Donut","damage_taken":0,"max_hp_gain":5,"max_hp_loss":0,"event_name":"Big Fish","floor":7,"gold_loss":0},{"damage_healed":0,"gold_gain":0,"player_choice":"Obtained Book","damage_taken":16,"max_hp_gain":0,"max_hp_loss":0,"event_name":"Cursed Tome","floor":20,"gold_loss":0},{"damage_healed":0,"gold_gain":0,"player_choice":"Copied","damage_taken":0,"max_hp_gain":0,"max_hp_loss":0,"event_name":"Duplicator","floor":22,"gold_loss":0,"cards_obtained":["Bouncing Flask"]},{"damage_healed":0,"gold_gain":0,"player_choice":"Ignored","damage_taken":0,"max_hp_gain":0,"max_hp_loss":0,"event_name":"N\u0027loth","floor":29,"gold_loss":0}],"is_beta":false,"boss_relics":[{"not_picked":["Fusion Hammer","Coffee Dripper"],"picked":"Pandora\u0027s Box"}],"items_purged_floors":[],"is_endless":false,"potions_floor_spawned":[4,10,13,14,16,19,25,30],"killed_by":"Automaton","ascension_level":0}}