{"host":"iv24d026eac8pm4e","time":1613933442,"event":{"mods":["BaseMod","Minty Spire (QoL Compilation)"],"gold_per_floor":[212,225,239,249,249,249,265,265,288,320,345,371,23,35,35,113,113,125,139,155,175,175],"floor_reached":21,"language":"ENG","playtime":1197,"items_purged":["Strike_R"],"score":313,"play_id":"c477b57e-1f48-4c3c-b9e9-021185abd4be","local_time":"20210221105042","is_ascension_mode":true,"campfire_choices":[{"data":"Battle Trance","floor":6,"key":"SMITH"},{"data":"Bash","floor":15,"key":"SMITH"}],"circlet_count":0,"master_deck":["AscendersBane","Strike_R","Defend_R","Defend_R+1","Defend_R","Defend_R+1","Bash+1","Sword Boomerang","Battle Trance+1","Sword Boomerang","Iron Wave","Cleave","Rage","Battle Trance","Feed","Dropkick","Berserk","Sword Boomerang+1","Intimidate+1","Pummel+1","Dual Wield"],"relics":["Burning Blood","Centennial Puzzle","MawBank","Champion Belt","Astrolabe"],"acts_visited":["Exordium","TheCity"],"potions_floor_usage":[4,10,14,16,18,21],"damage_taken":[{"damage":4,"enemies":"Small Slimes","floor":1,"turns":4},{"damage":6,"enemies":"2 Louse","floor":2,"turns":3},{"damage":2,"enemies":"Jaw Worm","floor":3,"turns":3},{"damage":12,"enemies":"Gremlin Gang","floor":4,"turns":9},{"damage":6,"enemies":"Blue Slaver","floor":7,"turns":5},{"damage":6,"enemies":"Red Slaver","floor":10,"turns":3},{"damage":13,"enemies":"Lots of Slimes","floor":11,"turns":5},{"damage":3,"enemies":"3 Louse","floor":12,"turns":3},{"damage":17,"enemies":"Gremlin Gang","floor":14,"turns":4},{"damage":38,"enemies":"The Guardian","floor":16,"turns":14},{"damage":23,"enemies":"Spheric Guardian","floor":18,"turns":6},{"damage":9,"enemies":"Shell Parasite","floor":19,"turns":4},{"damage":28,"enemies":"Centurion and Healer","floor":20,"turns":8},{"damage":31,"enemies":"Cultist and Chosen","floor":21,"turns":6}],"seed_played":"-8008337945094541787","potions_obtained":[{"floor":1,"key":"HeartOfIron"},{"floor":7,"key":"BloodPotion"},{"floor":12,"key":"SkillPotion"},{"floor":14,"key":"Strength Potion"},{"floor":16,"key":"Block Potion"},{"floor":20,"key":"ColorlessPotion"}],"is_trial":false,"path_per_floor":["M","M","M","M","?","R","M","?","T","M","M","M","$","M","R","B",null,"M","M","M","M"],"character_chosen":"IRONCLAD","items_purchased":["Champion Belt"],"campfire_rested":0,"item_purchase_floors":[13],"current_hp_per_floor":[70,70,74,68,63,63,63,40,40,55,48,51,51,43,43,11,61,44,44,25,0,0],"gold":175,"neow_bonus":"HUNDRED_GOLD","is_daily":false,"chose_seed":false,"campfire_upgraded":2,"win_rate":0.0,"timestamp":1613933442,"path_taken":["M","M","M","M","?","R","M","?","T","M","M","M","?","M","R","BOSS","M","M","M","M"],"items_purchased_type":["Relic"],"build_version":"2020-12-22","purchased_purges":1,"victory":false,"max_hp_per_floor":[75,75,75,75,75,75,75,75,75,75,75,75,75,78,78,78,78,78,81,84,84,84],"card_choices":[{"not_picked":["Burning Pact","Shrug It Off"],"picked":"Sword Boomerang","floor":1},{"not_picked":["Twin Strike","Anger"],"picked":"Battle Trance","floor":2},{"not_picked":["Headbutt","Heavy Blade"],"picked":"Sword Boomerang","floor":3},{"not_picked":["Thunderclap","Hemokinesis"],"picked":"Iron Wave","floor":4},{"not_picked":["Carnage","Searing Blow"],"picked":"Cleave","floor":7},{"not_picked":["Warcry","Sword Boomerang"],"picked":"Rage","floor":10},{"not_picked":["Cleave","Clothesline"],"picked":"Battle Trance","floor":11},{"not_picked":["Dropkick","Disarm"],"picked":"Feed","floor":12},{"not_picked":["Body Slam","Power Through"],"picked":"Dropkick","floor":14},{"not_picked":["Exhume","Demon Form"],"picked":"Berserk","floor":16},{"not_picked":["Entrench","Wild Strike","Searing Blow"],"picked":"SKIP","floor":18},{"not_picked":["Shrug It Off","True Grit"],"picked":"Dual Wield","floor":19},{"not_picked":["Pommel Strike","Cleave+1","Clothesline"],"picked":"SKIP","floor":20}],"player_experience":2560193,"relics_obtained":[{"floor":9,"key":"MawBank"}],"event_choices":[{"damage_healed":0,"gold_gain":0,"player_choice":"Success","damage_taken":5,"relics_obtained":["Centennial Puzzle"],"max_hp_gain":0,"max_hp_loss":0,"event_name":"Scrap Ooze","floor":5,"gold_loss":0},{"damage_healed":0,"gold_gain":0,"player_choice":"Entered Light","damage_taken":23,"max_hp_gain":0,"max_hp_loss":0,"event_name":"Shining Light","floor":8,"gold_loss":0,"cards_upgraded":["Defend_R","Defend_R"]}],"is_beta":false,"boss_relics":[{"not_picked":["Ectoplasm","Runic Dome"],"picked":"Astrolabe"}],"items_purged_floors":[13],"is_endless":false,"potions_floor_spawned":[1,7,12,14,16,20],"killed_by":"Cultist and Chosen","ascension_level":15}}