{"host":"w3q5ijqu8eoknil3","time":1613946622,"event":{"mods":["AchievementEnabler","BaseMod","Block Reminder","Colored Map","Colored Powertips","Curses Come First","Dark Map","Minty Spire (QoL Compilation)","Quick Restart","Relic Stats","StSLib","ojb\u0027s Better Paths Mod","ojb\u0027s Info Mod","slay the spire mod where everything is the same but ironclad has a cowboy hat"],"gold_per_floor":[119,119,119,132,143,143,160,187,187,187,187],"floor_reached":10,"language":"ENG","playtime":327,"items_purged":[],"score":113,"play_id":"401945f4-9fc1-425d-bb1e-b22b70f605b4","local_time":"20210221223022","is_ascension_mode":true,"campfire_choices":[{"data":"Bouncing Flask","floor":6,"key":"SMITH"}],"circlet_count":0,"master_deck":["AscendersBane","Strike_G","Strike_G","Strike_G","Strike_G","Strike_G","Defend_G","Defend_G","Defend_G","Defend_G","Defend_G","Survivor","Neutralize","Underhanded Strike","Pain","Bouncing Flask+1","Backflip","Masterful Stab","Quick Slash"],"relics":["Philosopher\u0027s Stone","WarpedTongs","Odd Mushroom","Bottled Lightning"],"acts_visited":["Exordium"],"potions_floor_usage":[8,10,10],"damage_taken":[{"damage":0,"enemies":"Small Slimes","floor":1,"turns":4},{"damage":8,"enemies":"Jaw Worm","floor":4,"turns":3},{"damage":2,"enemies":"Cultist","floor":5,"turns":3},{"damage":24,"enemies":"Exordium Wildlife","floor":7,"turns":5},{"damage":13,"enemies":"The Mushroom Lair","floor":8,"turns":4},{"damage":13,"enemies":"3 Sentries","floor":10,"turns":4}],"seed_played":"-3438169053473017578","potions_obtained":[{"floor":4,"key":"BlessingOfTheForge"},{"floor":7,"key":"PowerPotion"},{"floor":8,"key":"BlessingOfTheForge"}],"is_trial":false,"path_per_floor":["M","?","?","M","M","R","M","?","T","E"],"character_chosen":"THE_SILENT","items_purchased":[],"campfire_rested":0,"item_purchase_floors":[],"current_hp_per_floor":[59,59,59,51,49,49,25,12,12,0,0],"gold":187,"neow_bonus":"BOSS_RELIC","is_daily":false,"chose_seed":false,"campfire_upgraded":1,"win_rate":0.0,"timestamp":1613946622,"path_taken":["M","?","?","?","M","R","M","?","T","E"],"items_purchased_type":[],"build_version":"2020-12-22","purchased_purges":0,"victory":false,"max_hp_per_floor":[66,66,66,66,66,66,66,66,66,66,66],"relic_stats":{"counters":[6,23],"obtain_stats":[{"Philosopher\u0027s Stone":0,"Bottled Lightning":9,"Odd Mushroom":8,"Ring of the Snake":0,"WarpedTongs":3},{"Philosopher\u0027s Stone":0,"Bottled Lightning":5,"Odd Mushroom":5,"Ring of the Snake":0,"WarpedTongs":1},{"Philosopher\u0027s Stone":0,"Bottled Lightning":19,"Odd Mushroom":19,"Ring of the Snake":0,"WarpedTongs":4}],"WarpedTongs":[19]},"card_choices":[{"not_picked":["Acrobatics","PiercingWail"],"picked":"Underhanded Strike","floor":1},{"not_picked":["Leg Sweep","Outmaneuver"],"picked":"Bouncing Flask","floor":4},{"not_picked":["Outmaneuver","Dodge and Roll"],"picked":"Backflip","floor":5},{"not_picked":["Expertise","Setup"],"picked":"Masterful Stab","floor":7},{"not_picked":["Endless Agony","Outmaneuver"],"picked":"Quick Slash","floor":8}],"player_experience":1058349,"relics_obtained":[{"floor":8,"key":"Odd Mushroom"},{"floor":9,"key":"Bottled Lightning"}],"event_choices":[{"damage_healed":0,"gold_gain":0,"player_choice":"Leave","damage_taken":0,"max_hp_gain":0,"max_hp_loss":0,"event_name":"The Cleric","floor":2,"gold_loss":0},{"damage_healed":0,"gold_gain":0,"player_choice":"Rummage","damage_taken":0,"relics_obtained":["WarpedTongs"],"max_hp_gain":0,"max_hp_loss":0,"event_name":"Accursed Blacksmith","floor":3,"gold_loss":0,"cards_obtained":["Pain"]},{"damage_healed":0,"gold_gain":0,"player_choice":"Fought Mushrooms","damage_taken":0,"max_hp_gain":0,"max_hp_loss":0,"event_name":"Mushrooms","floor":8,"gold_loss":0}],"is_beta":false,"boss_relics":[],"items_purged_floors":[],"is_endless":false,"potions_floor_spawned":[4,7,8],"killed_by":"3 Sentries","ascension_level":19}}