{"host":"0ucmu30xnqs1j0i5","time":1613931836,"event":{"mods":["AchievementEnabler","BaseMod","Colored Map","Colored Powertips","Minty Spire (QoL Compilation)","Quick Restart"],"gold_per_floor":[111,8000,8014,8034,7415,7441,7441,7471,7497,7497,7086,7106,7106,6644,6644,6748,6748,6758,6449,6466,6466,6483,6509,6509,6509,6589,6607,6607,6320,6320],"floor_reached":29,"language":"ZHS","playtime":4014,"items_purged":["Strike_P","Strike_P","Strike_P","Defend_P","Defend_P"],"score":253,"play_id":"1addece9-f5e4-4b64-a891-b9223c47ab07","local_time":"20210222022356","is_ascension_mode":false,"campfire_choices":[{"data":"Adaptation","floor":7,"key":"SMITH"},{"data":"Conclude","floor":13,"key":"SMITH"},{"data":"Eruption","floor":15,"key":"SMITH"},{"data":"Scrawl","floor":25,"key":"SMITH"},{"floor":28,"key":"RECALL"}],"circlet_count":0,"master_deck":["Defend_P","Defend_P+1","Eruption+1","Vigilance","FlurryOfBlows","BowlingBash","CrushJoints","EmptyMind","Adaptation+1","Halt","Conclude+1","Tantrum","Wallop","FlurryOfBlows","Meditate+1","CrushJoints","Master of Strategy","LessonLearned","FlurryOfBlows","ClearTheMind","WaveOfTheHand+1","Halt","Scrawl+1","EmptyFist"],"relics":["PureWater","Membership Card","Du-Vu Doll","Ancient Tea Set","White Beast Statue","Pen Nib","Nunchaku","Pantograph","Chemical X","Mummified Hand","ClockworkSouvenir","Tiny Chest","SacredBark","Toolbox","Bag of Preparation","War Paint","Toy Ornithopter","Bottled Lightning","Matryoshka","Centennial Puzzle"],"acts_visited":["Exordium","TheCity"],"potions_floor_usage":[6,6,16,22,23,23,27],"damage_taken":[{"damage":0,"enemies":"Small Slimes","floor":1,"turns":2},{"damage":0,"enemies":"Jaw Worm","floor":2,"turns":2},{"damage":0,"enemies":"Cultist","floor":3,"turns":2},{"damage":3,"enemies":"Exordium Wildlife","floor":4,"turns":3},{"damage":21,"enemies":"Lagavulin","floor":6,"turns":7},{"damage":10,"enemies":"Gremlin Nob","floor":8,"turns":3},{"damage":0,"enemies":"Blue Slaver","floor":12,"turns":2},{"damage":38,"enemies":"Hexaghost","floor":16,"turns":7},{"damage":2,"enemies":"Chosen","floor":18,"turns":2},{"damage":10,"enemies":"2 Thieves","floor":20,"turns":4},{"damage":0,"enemies":"Sentry and Sphere","floor":22,"turns":1},{"damage":19,"enemies":"Gremlin Leader","floor":23,"turns":4},{"damage":0,"enemies":"Centurion and Healer","floor":27,"turns":2}],"seed_played":"-807962022325532538","potions_obtained":[{"floor":2,"key":"LiquidBronze"},{"floor":8,"key":"Dexterity Potion"},{"floor":12,"key":"StancePotion"},{"floor":16,"key":"AttackPotion"},{"floor":22,"key":"Weak Potion"},{"floor":23,"key":"EntropicBrew"},{"floor":24,"key":"StancePotion"},{"floor":24,"key":"StancePotion"},{"floor":27,"key":"FearPotion"}],"is_trial":false,"path_per_floor":["M","M","M","M","$","E","R","E","T","?","$","M","R","$","R","B",null,"M","$","M","?","M","E","?","R","T","M","R","$"],"character_chosen":"WATCHER","items_purchased":["Adaptation","Membership Card","Du-Vu Doll","Ancient Tea Set","Halt","BottledMiracle","Block Potion","Conclude","Nunchaku","Pantograph","Chemical X","FlurryOfBlows","Meditate","DuplicationPotion","Mummified Hand","ClockworkSouvenir","Tiny Chest","Master of Strategy","SkillPotion","Toolbox","Bag of Preparation","War Paint","ClearTheMind","Matryoshka","Centennial Puzzle"],"campfire_rested":0,"item_purchase_floors":[5,5,5,5,5,5,5,5,11,11,11,11,11,11,14,14,14,14,14,19,19,19,19,29,29],"current_hp_per_floor":[79,79,79,76,76,55,55,45,45,38,38,38,38,38,38,25,79,77,77,67,67,67,48,48,48,48,53,53,53,53],"gold":6320,"neow_bonus":"TEN_PERCENT_HP_BONUS","is_daily":false,"chose_seed":false,"campfire_upgraded":4,"win_rate":0.0,"timestamp":1613931836,"path_taken":["M","M","M","M","$","E","R","E","T","?","$","M","R","$","R","BOSS","M","$","M","?","M","E","?","R","T","?","R","$"],"items_purchased_type":["Card","Relic","Relic","Relic","Card","Potion","Potion","Card","Relic","Relic","Relic","Card","Card","Potion","Relic","Relic","Relic","Card","Potion","Relic","Relic","Relic","Card","Relic","Relic"],"build_version":"2020-12-22","purchased_purges":5,"victory":false,"max_hp_per_floor":[79,79,79,79,79,79,79,79,79,79,79,79,79,79,79,79,79,79,79,79,79,79,79,79,79,79,79,79,79,79],"card_choices":[{"not_picked":["FlyingSleeves","Halt"],"picked":"FlurryOfBlows","floor":1},{"not_picked":["Protect","WheelKick"],"picked":"BowlingBash","floor":2},{"not_picked":["FlyingSleeves","Consecrate"],"picked":"CrushJoints","floor":3},{"not_picked":["ThirdEye","ConjureBlade"],"picked":"EmptyMind","floor":4},{"not_picked":["Consecrate","CutThroughFate"],"picked":"Tantrum","floor":6},{"not_picked":["Fasting2","TalkToTheHand"],"picked":"Wallop","floor":8},{"not_picked":["Nirvana","DeceiveReality"],"picked":"CrushJoints","floor":12},{"not_picked":["DeusExMachina","Brilliance"],"picked":"LessonLearned","floor":16},{"not_picked":["Crescendo","CrushJoints"],"picked":"FlurryOfBlows","floor":18},{"not_picked":["Consecrate","SashWhip","WindmillStrike"],"picked":"SKIP","floor":20},{"not_picked":["Protect","ThirdEye"],"picked":"Halt","floor":22},{"not_picked":["PathToVictory+1","ThirdEye"],"picked":"Scrawl","floor":23},{"not_picked":["Fasting2+1","Conclude"],"picked":"EmptyFist","floor":27}],"player_experience":86800,"relics_obtained":[{"floor":6,"key":"White Beast Statue"},{"floor":8,"key":"Pen Nib"},{"floor":23,"key":"Toy Ornithopter"},{"floor":26,"key":"Bottled Lightning"}],"event_choices":[{"cards_removed":["Strike_P"],"damage_healed":0,"gold_gain":0,"player_choice":"Card Removal","damage_taken":7,"max_hp_gain":0,"max_hp_loss":0,"event_name":"Golden Wing","floor":10,"gold_loss":0},{"damage_healed":0,"gold_gain":0,"player_choice":"Read","damage_taken":0,"max_hp_gain":0,"max_hp_loss":0,"event_name":"The Library","floor":21,"gold_loss":0,"cards_obtained":["WaveOfTheHand"]},{"damage_healed":0,"gold_gain":0,"player_choice":"Got Potions","damage_taken":0,"max_hp_gain":0,"max_hp_loss":0,"event_name":"Lab","floor":24,"gold_loss":0}],"is_beta":false,"boss_relics":[{"not_picked":["Runic Dome","Snecko Eye"],"picked":"SacredBark"}],"items_purged_floors":[5,11,14,19,29],"is_endless":false,"potions_floor_spawned":[2,8,12,16,18,20,22,23,27],"ascension_level":0}}