{"host":"ju66gn9zov5ov15o","time":1613891185,"event":{"mods":["100% Spire Juice","2.2 Compatiblity","Act Like it!","Aspiration","BaseMod","Conspire","Downfall","GifTheSpireLib","Hubris","Lobotomy","LobotomyExtend","Marisa????????","Minty Spire (QoL Compilation)","Pale of the Ancients","Rare Cards Sparkle","Relic Stats","Ruina","Shapeshifter Mod","StSLib","The Alterego","The Animator"],"gold_per_floor":[365,365,378,17,35,70,123,143,143,159,187,203,203,122,122,189,189,207,207,207,207,207],"floor_reached":21,"language":"ENG","playtime":1015,"items_purged":[],"score":264,"play_id":"a6010f0d-b9e3-49c1-9851-a7a154cfd451","local_time":"20210221080625","is_ascension_mode":false,"campfire_choices":[],"circlet_count":0,"master_deck":["SpecialBullet","SpecialBullet","SpecialBullet","SpecialBullet","SpecialBullet","SpecialBullet","SpecialBullet","SpecialBullet","SecurityCode","RecordCode","ExtractionCode","Bloodbath","BloodyDesire","CUTE","Twilight","BigBird","GreenStem","Justitia","BlueStar","Freischutz","ScreamingWedge","FourthMatchFlame","Regret_ego","DespairKnight","QueenOfHatred","FeatherOfHonor","Regret","Flash of Steel","Mercenary","Twilight","ruina:Mimicry"],"relics":["CogitoBucket","LetterFromLob","conspire:GlowingRock","Anchor","FleshIdol","Toy Ornithopter","Omamori","Coffee Dripper","ruina:Prescript"],"acts_visited":["Exordium","ruina:Briah"],"potions_floor_usage":[6,16],"damage_taken":[{"damage":11,"enemies":"Small Slimes","floor":1,"turns":3},{"damage":18,"enemies":"Jaw Worm","floor":3,"turns":4},{"damage":0,"enemies":"2 Louse","floor":5,"turns":1},{"damage":0,"enemies":"Gremlin Nob","floor":6,"turns":3},{"damage":10,"enemies":"Exordium Wildlife","floor":8,"turns":4},{"damage":8,"enemies":"2 Fungi Beasts","floor":10,"turns":2},{"damage":25,"enemies":"3 Sentries","floor":11,"turns":7},{"damage":5,"enemies":"Exordium Thugs","floor":12,"turns":3},{"damage":6,"enemies":"Slime Boss","floor":16,"turns":2},{"damage":2,"enemies":"ruina:3_Bats","floor":18,"turns":2},{"damage":73,"enemies":"ruina:BadWolf","floor":21,"turns":2}],"seed_played":"-9145588216552133872","potions_obtained":[{"floor":1,"key":"ColorlessPotion"},{"floor":6,"key":"SteroidPotion"},{"floor":8,"key":"PowerPotion"},{"floor":11,"key":"DistilledChaos"},{"floor":18,"key":"Slimebound:ThreeZeroPotion"}],"is_trial":false,"path_per_floor":["M","?","M","$","M","E","?","M","T","M","E","M","?","$","R","B",null,"M","?","?","M"],"character_chosen":"Angela","items_purchased":["conspire:GlowingRock","Justitia","Flash of Steel"],"campfire_rested":0,"item_purchase_floors":[4,4,14],"current_hp_per_floor":[46,46,36,36,44,53,53,58,58,50,45,55,55,55,55,70,70,70,70,70,0,0],"gold":207,"neow_bonus":"TWO_FIFTY_GOLD","is_daily":false,"chose_seed":false,"campfire_upgraded":0,"win_rate":0.0,"timestamp":1613891185,"path_taken":["M","?","M","$","M","E","?","M","T","M","E","M","?","$","R","BOSS","M","?","?","M"],"items_purchased_type":["Relic","Card","Card"],"build_version":"2020-12-22","purchased_purges":0,"victory":false,"max_hp_per_floor":[70,70,70,70,70,70,70,70,70,70,70,70,70,70,70,70,70,70,70,70,70,70],"relic_stats":{"counters":[13,35],"obtain_stats":[{"CogitoBucket":0,"conspire:GlowingRock":4,"Anchor":6,"FleshIdol":10,"ruina:Prescript":19,"LetterFromLob":1,"Omamori":13,"Coffee Dripper":17,"Toy Ornithopter":11},{"CogitoBucket":0,"conspire:GlowingRock":2,"Anchor":4,"FleshIdol":7,"ruina:Prescript":11,"LetterFromLob":1,"Omamori":9,"Coffee Dripper":10,"Toy Ornithopter":8},{"CogitoBucket":0,"conspire:GlowingRock":7,"Anchor":11,"FleshIdol":18,"ruina:Prescript":32,"LetterFromLob":3,"Omamori":28,"Coffee Dripper":30,"Toy Ornithopter":25}],"Toy Ornithopter":5},"card_choices":[{"not_picked":["BigBird","Wellcheers"],"picked":"Bloodbath","floor":1},{"not_picked":["Christmas"],"picked":"BloodyDesire","floor":1},{"not_picked":["Logging"],"picked":"CUTE","floor":1},{"not_picked":["HeroicMonk","MHz"],"picked":"BigBird","floor":3},{"not_picked":["InTheNameOfLoveAndHate"],"picked":"GreenStem","floor":3},{"not_picked":["FourthMatchFlame","Penitence"],"picked":"SKIP","floor":3},{"not_picked":["BlueScar","RedEyes"],"picked":"SKIP","floor":5},{"not_picked":["Funeral","Yin"],"picked":"BlueStar","floor":6},{"not_picked":["Christmas","Beak"],"picked":"SKIP","floor":6},{"not_picked":["Yin","Scorched"],"picked":"Freischutz","floor":8},{"not_picked":["Galaxy"],"picked":"ScreamingWedge","floor":8},{"not_picked":["Horn","CrimsonScar"],"picked":"SKIP","floor":8},{"not_picked":["Wingbeat","Harvest"],"picked":"SKIP","floor":10},{"not_picked":["Penitence"],"picked":"FourthMatchFlame","floor":11},{"not_picked":["SwordSharpenedByTears"],"picked":"Regret_ego","floor":11},{"not_picked":["Variant","VoidDream"],"picked":"DespairKnight","floor":11},{"not_picked":["MeatLantern","Alriune"],"picked":"QueenOfHatred","floor":12},{"not_picked":["Lamp"],"picked":"FeatherOfHonor","floor":12},{"not_picked":["PunishingBird","VoidDream"],"picked":"Mercenary","floor":16},{"not_picked":["TodaysExpression"],"picked":"Twilight","floor":18},{"not_picked":["FrostShard","Lantern"],"picked":"SKIP","floor":18}],"player_experience":523889,"relics_obtained":[{"floor":1,"key":"LetterFromLob"},{"floor":6,"key":"Anchor"},{"floor":11,"key":"Toy Ornithopter"}],"event_choices":[{"damage_healed":0,"gold_gain":53,"player_choice":"Gained Gold","damage_taken":0,"max_hp_gain":0,"max_hp_loss":0,"event_name":"Golden Wing","floor":7,"gold_loss":0},{"damage_healed":0,"gold_gain":0,"player_choice":"Box","damage_taken":0,"relics_obtained":["Omamori"],"max_hp_gain":0,"max_hp_loss":0,"event_name":"Big Fish","floor":13,"gold_loss":0,"cards_obtained":["Regret"]}],"is_beta":false,"boss_relics":[{"not_picked":["aspiration:RitualDagger","hubris:HollowSoul"],"picked":"Coffee Dripper"}],"items_purged_floors":[],"is_endless":false,"potions_floor_spawned":[1,6,8,11,12,18],"killed_by":"ruina:BadWolf","ascension_level":0}}