{"host":"v4pe0ixo3k7iwzp0","time":1613946599,"event":{"mods":["100% Spire Juice","BaseMod","Bestiary","Highlight Path","Minty Spire (QoL Compilation)","Railgun Mod","StSLib","The Senshi"],"gold_per_floor":[117,136,136,30,77,77,2,2,2,20,20,46,11,27,27,132,132,148,148,79,6,22,22,33,33,56,147,172,184,214,239,251,365,377,400,0,11,11,26,26,54,73,144,144,170,18,18,28,28,28],"floor_reached":51,"language":"ENG","playtime":2047,"items_purged":["TheRailgun:Strike"],"score":771,"play_id":"4a58aa29-61f2-4b82-bd6c-c2c4532cfbbe","local_time":"20210221142959","is_ascension_mode":true,"campfire_choices":[{"data":"TheRailgun:Zip","floor":6.0,"key":"SMITH"},{"data":"TheRailgun:Discharge","floor":8.0,"key":"SMITH"},{"data":"TheRailgun:Lightning_Speed","floor":11.0,"key":"SMITH"},{"floor":15.0,"key":"REST"},{"floor":23.0,"key":"REST"},{"data":"TheRailgun:Magnetic_Flight","floor":25.0,"key":"SMITH"},{"data":"TheRailgun:Electric_Fence","floor":29.0,"key":"SMITH"},{"floor":32.0,"key":"REST"},{"floor":40.0,"key":"REST"},{"data":"TheRailgun:Level_6","floor":44,"key":"SMITH"},{"floor":47,"key":"REST"},{"data":"TheRailgun:Supercharge","floor":49,"key":"SMITH"}],"circlet_count":0,"master_deck":["TheRailgun:Strike","TheRailgun:Strike","TheRailgun:Strike","TheRailgun:Defend","TheRailgun:Defend","TheRailgun:Defend","TheRailgun:Defend","TheRailgun:Discharge+1","TheRailgun:Static","TheRailgun:Zip+1","TheRailgun:Electrical_Fire","TheRailgun:Thunderbolt","TheRailgun:Iron_Dust_Shield","TheRailgun:Lightning_Speed+1","TheRailgun:Scatter_Railgun","TheRailgun:Charge","TheRailgun:Electric_Fence+1","TheRailgun:Magnetic_Flight+1","CurseOfTheBell","TheRailgun:Biribiri+1","TheRailgun:Railgun","TheRailgun:Crackle","TheRailgun:Battery_Pack","TheRailgun:Aerial_Shot","TheRailgun:Heroinism+1","TheRailgun:Magnetic_Movement+1","TheRailgun:Supercharge+1","TheRailgun:Negative_Field+1","TheRailgun:Lightningbolt","TheRailgun:Lightning_Speed+1","TheRailgun:Level_6+1","TheRailgun:Battery_Pack+1","TheRailgun:Level_6+1","TheRailgun:Zap+1"],"relics":["TheRailgun:CoinRelic","Toy Ornithopter","Gambling Chip","Mummified Hand","Calling Bell","InkBottle","Ice Cream","Nloth\u0027s Gift","MawBank","White Beast Statue","Runic Pyramid","Lantern","Incense Burner","Ornamental Fan","Toxic Egg 2","DollysMirror"],"acts_visited":["Exordium","TheCity","TheBeyond"],"potions_floor_usage":[45,50,50,50],"damage_taken":[{"damage":6.0,"enemies":"Jaw Worm","floor":1.0,"turns":2.0},{"damage":0.0,"enemies":"Cultist","floor":2.0,"turns":3.0},{"damage":0.0,"enemies":"Small Slimes","floor":10.0,"turns":1.0},{"damage":18.0,"enemies":"Lagavulin","floor":12.0,"turns":5.0},{"damage":11.0,"enemies":"Looter","floor":14.0,"turns":3.0},{"damage":9.0,"enemies":"Slime Boss","floor":16.0,"turns":7.0},{"damage":2.0,"enemies":"Chosen","floor":18.0,"turns":4.0},{"damage":25.0,"enemies":"2 Thieves","floor":22.0,"turns":3.0},{"damage":5.0,"enemies":"Sentry and Sphere","floor":24.0,"turns":3.0},{"damage":0.0,"enemies":"Cultist and Chosen","floor":28.0,"turns":3.0},{"damage":11.0,"enemies":"Snake Plant","floor":30.0,"turns":3.0},{"damage":4.0,"enemies":"Sentry and Sphere","floor":31.0,"turns":3.0},{"damage":17.0,"enemies":"Champ","floor":33.0,"turns":9.0},{"damage":0.0,"enemies":"3 Shapes","floor":35.0,"turns":3.0},{"damage":26.0,"enemies":"3 Darklings","floor":37.0,"turns":5.0},{"damage":9.0,"enemies":"Maw","floor":39.0,"turns":5.0},{"damage":14.0,"enemies":"Reptomancer","floor":41.0,"turns":5.0},{"damage":0,"enemies":"Jaw Worm Horde","floor":42,"turns":2},{"damage":19,"enemies":"Giant Head","floor":45,"turns":6},{"damage":5,"enemies":"Spire Growth","floor":48,"turns":3},{"damage":8,"enemies":"Time Eater","floor":50,"turns":7}],"seed_played":"6732006545836381895","potions_obtained":[{"floor":14.0,"key":"Strength Potion"},{"floor":30.0,"key":"SpeedPotion"},{"floor":31.0,"key":"CultistPotion"},{"floor":37.0,"key":"CultistPotion"},{"floor":39.0,"key":"PowerPotion"},{"floor":45,"key":"Fire Potion"}],"is_trial":false,"path_per_floor":["M","M","?","$","T","R","$","R","T","M","R","E","?","M","R","B",null,"M","?","$","$","M","R","M","R","T","T","M","R","M","M","R","B",null,"M","$","M","?","M","R","E","M","T","R","E","$","R","M","R","B",null],"character_chosen":"THE_DEFAULT","items_purchased":["TheRailgun:Lightning_Speed","TheRailgun:Scatter_Railgun","TheRailgun:Railgun","TheRailgun:Crackle","TheRailgun:Battery_Pack","Lantern","TheRailgun:Lightningbolt","Fruit Juice","EntropicBrew","DollysMirror"],"campfire_rested":5,"item_purchase_floors":[4,4,20,21,21,36,36,36,36,46],"current_hp_per_floor":[64,64,64,64,64,64,64,64,64,64,64,46,63,52,70,61,70,68,68,68,68,43,64,59,59,59,59,59,59,53,49,70,53,70,70,75,49,49,45,67,53,53,53,53,54,54,75,75,75,75],"gold":28,"neow_bonus":"THREE_CARDS","is_daily":false,"chose_seed":false,"campfire_upgraded":7,"win_rate":0.0,"timestamp":1613946599,"path_taken":["M","M","?","$","?","R","$","R","T","M","R","E","?","M","R","BOSS","M","?","?","$","M","R","M","R","T","?","M","R","M","M","R","BOSS","M","$","M","?","M","R","E","M","T","R","E","$","R","M","R","BOSS"],"items_purchased_type":["Card","Card","Card","Card","Card","Relic","Card","Potion","Potion","Relic"],"build_version":"2020-12-22","purchased_purges":1,"victory":true,"max_hp_per_floor":[70,70,70,70,70,70,70,70,70,70,70,70,70,70,70,70,70,70,70,70,70,70,70,70,70,70,70,70,70,70,70,70,70,70,70,75,75,75,75,75,75,75,75,75,75,75,75,75,75,75],"card_choices":[{"not_picked":["TheRailgun:Negative_Field","TheRailgun:Zap"],"picked":"TheRailgun:Electrical_Fire","floor":0.0},{"not_picked":["TheRailgun:Coin_Flip","TheRailgun:Circuit_Breaker"],"picked":"TheRailgun:Thunderbolt","floor":1.0},{"not_picked":["TheRailgun:Lightningbolt","TheRailgun:Static"],"picked":"TheRailgun:Iron_Dust_Shield","floor":2.0},{"not_picked":["TheRailgun:Sister_Noise","TheRailgun:Thunderbolt"],"picked":"TheRailgun:Charge","floor":10.0},{"not_picked":["TheRailgun:Thundershock","TheRailgun:Aerial_Shot","TheRailgun:Iron_Dust_Vial"],"picked":"SKIP","floor":12.0},{"not_picked":["TheRailgun:Aerial_Shot","TheRailgun:Discharge"],"picked":"TheRailgun:Electric_Fence","floor":14.0},{"not_picked":["TheRailgun:Supercharge","TheRailgun:Railgun"],"picked":"TheRailgun:Magnetic_Flight","floor":16.0},{"not_picked":["TheRailgun:Charge","TheRailgun:Coin_Flip"],"picked":"TheRailgun:Biribiri+1","floor":18.0},{"not_picked":["TheRailgun:Thundershock","TheRailgun:Discharge"],"picked":"TheRailgun:Aerial_Shot","floor":22.0},{"not_picked":["TheRailgun:Iron_Dust_Shield","TheRailgun:Thunderbolt+1","TheRailgun:Taser"],"picked":"SKIP","floor":24.0},{"not_picked":["TheRailgun:Zap","TheRailgun:Lightningbolt"],"picked":"TheRailgun:Heroinism+1","floor":28.0},{"not_picked":["TheRailgun:Thunderbolt+1","TheRailgun:Iron_Dust_Field+1"],"picked":"TheRailgun:Magnetic_Movement+1","floor":30.0},{"not_picked":["TheRailgun:Sister_Network","TheRailgun:Thundershock","TheRailgun:Scatter_Railgun+1"],"picked":"SKIP","floor":31.0},{"not_picked":["TheRailgun:Railgun","TheRailgun:Thunder"],"picked":"TheRailgun:Supercharge","floor":33.0},{"not_picked":["TheRailgun:Crack","TheRailgun:Teleporter+1"],"picked":"TheRailgun:Negative_Field+1","floor":35.0},{"not_picked":["TheRailgun:Push","TheRailgun:Charge+1"],"picked":"TheRailgun:Lightning_Speed+1","floor":37.0},{"not_picked":["TheRailgun:Thunderbolt","TheRailgun:Iron_Dust_Vial","TheRailgun:Discharge"],"picked":"SKIP","floor":39.0},{"not_picked":["TheRailgun:Zip+1","TheRailgun:Stun_Shock+1"],"picked":"TheRailgun:Level_6","floor":41.0},{"not_picked":["TheRailgun:Heroinism+1","TheRailgun:Teleporter+1","TheRailgun:Coin_Flip"],"picked":"SKIP","floor":42},{"not_picked":["TheRailgun:Magnetic_Movement","TheRailgun:Magnetic_Flight"],"picked":"TheRailgun:Battery_Pack+1","floor":45},{"not_picked":["TheRailgun:Discharge+1","TheRailgun:Iron_Dust_Vial+1"],"picked":"TheRailgun:Zap+1","floor":48}],"player_experience":190481,"relics_obtained":[{"floor":5.0,"key":"Toy Ornithopter"},{"floor":9.0,"key":"Gambling Chip"},{"floor":12.0,"key":"Mummified Hand"},{"floor":17.0,"key":"Dream Catcher"},{"floor":17.0,"key":"InkBottle"},{"floor":17.0,"key":"Ice Cream"},{"floor":26.0,"key":"MawBank"},{"floor":27.0,"key":"White Beast Statue"},{"floor":41.0,"key":"Incense Burner"},{"floor":43,"key":"Ornamental Fan"},{"floor":45,"key":"Toxic Egg 2"}],"event_choices":[{"damage_healed":0.0,"max_hp_gain":0.0,"max_hp_loss":0.0,"gold_gain":0.0,"event_name":"The Woman in Blue","player_choice":"Bought 0 Potions","floor":3.0,"gold_loss":0.0,"damage_taken":0.0},{"damage_healed":17.0,"max_hp_gain":0.0,"max_hp_loss":0.0,"gold_gain":0.0,"event_name":"The Cleric","player_choice":"Healed","floor":13.0,"gold_loss":35.0,"damage_taken":0.0},{"damage_healed":0.0,"max_hp_gain":0.0,"max_hp_loss":0.0,"gold_gain":0.0,"event_name":"N\u0027loth","player_choice":"Traded Relic","floor":19.0,"relics_lost":["Dream Catcher"],"gold_loss":0.0,"damage_taken":0.0,"relics_obtained":["Nloth\u0027s Gift"]},{"damage_healed":0.0,"max_hp_gain":0.0,"max_hp_loss":0.0,"gold_gain":0.0,"event_name":"SensoryStone","player_choice":"Memory 1","floor":38.0,"gold_loss":0.0,"damage_taken":0.0}],"is_beta":false,"boss_relics":[{"not_picked":["SacredBark","Busted Crown"],"picked":"Calling Bell"},{"not_picked":["Pandora\u0027s Box","Coffee Dripper"],"picked":"Runic Pyramid"}],"items_purged_floors":[7],"is_endless":false,"potions_floor_spawned":[14,24,28,30,31,33,35,37,39,41,42,45,48],"ascension_level":2}}