{"host":"nbofzmb1hl9rnais","time":1613935999,"event":{"mods":["BaseMod","Colored Map","Minty Spire (QoL Compilation)","StSLib"],"gold_per_floor":[114,133,151,151,101,101,33,47,73,104,121,121,121],"floor_reached":12,"language":"ENG","playtime":1289,"items_purged":[],"score":120,"play_id":"80e21f1d-623e-4d7d-a33d-b62cd20fea60","local_time":"20210221113319","daily_mods":["SealedDeck","Red Cards","Green Cards","Blue Cards","Purple Cards"],"is_ascension_mode":true,"campfire_choices":[{"data":"Recycle","floor":6,"key":"SMITH"}],"circlet_count":0,"master_deck":["AscendersBane","Auto Shields","Shockwave+1","Leap","Havoc","Rebound","Headbutt","Conserve Battery","Sunder","Recycle+1","ReachHeaven+1","Combust","Infinite Blades","Conserve Battery"],"relics":["Ring of the Snake","Snake Skull","Boot"],"acts_visited":["Exordium"],"potions_floor_usage":[],"damage_taken":[{"damage":0,"enemies":"Cultist","floor":1,"turns":2},{"damage":5,"enemies":"Jaw Worm","floor":2,"turns":2},{"damage":0,"enemies":"2 Louse","floor":3,"turns":2},{"damage":2,"enemies":"Large Slime","floor":8,"turns":3},{"damage":16,"enemies":"Lagavulin","floor":10,"turns":4},{"damage":3,"enemies":"Exordium Thugs","floor":11,"turns":2},{"damage":34,"enemies":"Gremlin Nob","floor":12,"turns":3}],"seed_played":"6348147217095847572","potions_obtained":[{"floor":1,"key":"SpeedPotion"},{"floor":11,"key":"Explosive Potion"}],"is_trial":true,"path_per_floor":["M","M","M","?","?","R","$","M","T","E","M","E"],"character_chosen":"THE_SILENT","items_purchased":["Combust"],"campfire_rested":0,"item_purchase_floors":[7],"current_hp_per_floor":[63,58,58,44,44,44,44,42,42,26,23,0,0],"gold":121,"neow_bonus":"","is_daily":false,"chose_seed":false,"campfire_upgraded":1,"win_rate":0.0,"timestamp":1613935999,"path_taken":["M","M","?","?","?","R","$","M","T","E","M","E"],"items_purchased_type":["Card"],"build_version":"2020-12-22","purchased_purges":0,"victory":false,"max_hp_per_floor":[70,70,70,70,70,70,70,70,70,70,70,70,70],"card_choices":[{"not_picked":["Halt","Warcry"],"picked":"Cold Snap","floor":1},{"not_picked":["Second Wind","Catalyst","Slice"],"picked":"SKIP","floor":2},{"not_picked":["Tactician","White Noise","Sentinel"],"picked":"SKIP","floor":3},{"not_picked":["Sweeping Beam","Underhanded Strike"],"picked":"Infinite Blades","floor":8},{"not_picked":["Bloodletting","True Grit","Flex"],"picked":"SKIP","floor":10},{"not_picked":["Terror","Indignation"],"picked":"Conserve Battery","floor":11}],"player_experience":132682,"relics_obtained":[{"floor":9,"key":"Snake Skull"},{"floor":10,"key":"Boot"}],"event_choices":[{"damage_healed":0,"gold_gain":0,"player_choice":"Entered Light","damage_taken":14,"max_hp_gain":0,"max_hp_loss":0,"event_name":"Shining Light","floor":4,"gold_loss":0,"cards_upgraded":["Shockwave","ReachHeaven"]},{"cards_removed":["Cold Snap"],"damage_healed":0,"gold_gain":0,"player_choice":"Card Removal","damage_taken":0,"max_hp_gain":0,"max_hp_loss":0,"event_name":"The Cleric","floor":5,"gold_loss":50}],"is_beta":false,"boss_relics":[],"items_purged_floors":[],"is_endless":false,"potions_floor_spawned":[1,11],"killed_by":"Gremlin Nob","ascension_level":10}}