{"host":"yhhyog5h1q67ienp","time":1613880381,"event":{"mods":["AchievementEnabler","BaseMod","Block Reminder","Colored Map","Colored Powertips","Minty Spire (QoL Compilation)","Quick Restart","Relic Stats","StSLib","ojb\u0027s Better Paths Mod","ojb\u0027s Info Mod"],"gold_per_floor":[114,114,133,146,15,50,50,83,83,113,113,113,113,128,128,205,205,224,234,35,55,68,68,95,95,95,95,123,123,135,3,3,81,81,91,102,127,142,142,142,156,156,156,183,183,222,222,222,222,222,222],"floor_reached":50,"language":"ENG","playtime":5919,"items_purged":["Strike_R","Strike_R"],"score":1056,"play_id":"2a73a5cc-342c-4075-be73-05dcc3f9fc73","local_time":"20210221010621","is_ascension_mode":true,"campfire_choices":[{"data":"Burning Pact","floor":7,"key":"SMITH"},{"data":"Bash","floor":11,"key":"SMITH"},{"data":"Disarm","floor":13,"key":"SMITH"},{"data":"Flame Barrier","floor":15,"key":"SMITH"},{"data":"Combust","floor":23,"key":"SMITH"},{"floor":27,"key":"REST"},{"data":"Whirlwind","floor":29,"key":"SMITH"},{"data":"Strike_R","floor":32,"key":"PURGE"},{"data":"Defend_R","floor":40,"key":"PURGE"},{"floor":45,"key":"REST"},{"floor":47,"key":"RECALL"},{"data":"Defend_R","floor":49,"key":"PURGE"}],"circlet_count":0,"master_deck":["AscendersBane","Defend_R","Defend_R","Bash+1","Anger","Anger","Seeing Red","Iron Wave","Burning Pact+1","Clothesline","Disarm+1","Flame Barrier+1","Reaper","Combust+1","Headbutt+1","J.A.X.","Shrug It Off+1","Whirlwind+1","Battle Trance","Reaper","Impervious","Dual Wield","Offering","Dropkick","Armaments","Dark Shackles","Mayhem","Good Instincts"],"relics":["Burning Blood","NeowsBlessing","Centennial Puzzle","Thread and Needle","Eternal Feather","Bird Faced Urn","Philosopher\u0027s Stone","Dream Catcher","Matryoshka","Peace Pipe","Runic Pyramid","FossilizedHelix","Art of War","Juzu Bracelet"],"acts_visited":["Exordium","TheCity","TheBeyond"],"potions_floor_usage":[6,6,22,24,33,33,41,44,46],"damage_taken":[{"damage":0,"enemies":"2 Louse","floor":1,"turns":1},{"damage":0,"enemies":"Cultist","floor":3,"turns":1},{"damage":0,"enemies":"Jaw Worm","floor":4,"turns":1},{"damage":20,"enemies":"Gremlin Nob","floor":6,"turns":4},{"damage":25,"enemies":"Lagavulin","floor":8,"turns":6},{"damage":33,"enemies":"3 Sentries","floor":10,"turns":9},{"damage":0,"enemies":"Exordium Wildlife","floor":14,"turns":4},{"damage":17,"enemies":"Hexaghost","floor":16,"turns":10},{"damage":8,"enemies":"3 Byrds","floor":18,"turns":1},{"damage":7,"enemies":"Shell Parasite","floor":19,"turns":7},{"damage":5,"enemies":"Centurion and Healer","floor":21,"turns":6},{"damage":39,"enemies":"Sentry and Sphere","floor":22,"turns":6},{"damage":64,"enemies":"Slavers","floor":24,"turns":5},{"damage":22,"enemies":"Book of Stabbing","floor":28,"turns":6},{"damage":19,"enemies":"Snake Plant","floor":30,"turns":5},{"damage":34,"enemies":"Automaton","floor":33,"turns":8},{"damage":12,"enemies":"Orb Walker","floor":35,"turns":4},{"damage":17,"enemies":"3 Shapes","floor":36,"turns":7},{"damage":13,"enemies":"Mind Bloom Boss Battle","floor":37,"turns":8},{"damage":70,"enemies":"Writhing Mass","floor":38,"turns":9},{"damage":40,"enemies":"Transient","floor":41,"turns":6},{"damage":68,"enemies":"Giant Head","floor":44,"turns":8},{"damage":26,"enemies":"Sphere and 2 Shapes","floor":46,"turns":9},{"damage":76,"enemies":"Time Eater","floor":50,"turns":8}],"seed_played":"116158800040636800","potions_obtained":[{"floor":1,"key":"Block Potion"},{"floor":4,"key":"SteroidPotion"},{"floor":10,"key":"ColorlessPotion"},{"floor":12,"key":"AttackPotion"},{"floor":16,"key":"SteroidPotion"},{"floor":18,"key":"SteroidPotion"},{"floor":28,"key":"Swift Potion"},{"floor":30,"key":"Swift Potion"},{"floor":35,"key":"FearPotion"},{"floor":41,"key":"Strength Potion"},{"floor":44,"key":"ColorlessPotion"}],"is_trial":false,"path_per_floor":["M","?","M","M","$","E","R","E","T","E","R","?","R","M","R","B",null,"M","M","$","M","M","R","E","?","T","R","E","R","M","$","R","B",null,"M","M","?","M","?","R","M","?","T","E","R","M","R","?","R","B"],"character_chosen":"IRONCLAD","items_purchased":["Iron Wave","Combust","Swift Potion","Reaper","PowerPotion"],"campfire_rested":2,"item_purchase_floors":[5,20,20,31,31],"current_hp_per_floor":[74,74,75,75,75,61,61,42,42,15,24,24,33,39,48,37,66,70,75,75,75,42,51,7,7,7,41,25,37,32,32,44,36,65,65,68,75,24,24,36,14,61,61,17,47,29,44,34,49,0,0],"gold":222,"neow_bonus":"THREE_ENEMY_KILL","is_daily":false,"chose_seed":false,"campfire_upgraded":6,"win_rate":0.0,"timestamp":1613880381,"path_taken":["M","?","M","?","$","E","R","E","T","E","R","?","R","M","R","BOSS","M","M","$","?","M","R","E","?","T","R","E","R","M","?","R","BOSS","M","M","?","M","?","R","M","?","T","E","R","M","R","?","R","BOSS"],"items_purchased_type":["Card","Card","Potion","Card","Potion"],"build_version":"2020-12-22","purchased_purges":2,"victory":false,"max_hp_per_floor":[75,75,75,75,75,75,75,75,75,75,75,75,75,75,75,75,75,75,75,75,75,75,75,75,75,75,75,75,75,75,75,75,75,75,75,75,75,75,75,75,75,61,61,61,61,61,61,61,61,61,61],"relic_stats":{"Peace Pipe":3,"Centennial Puzzle":[55],"Dream Catcher":2,"counters":[24,139],"Bird Faced Urn":[22],"Eternal Feather":126,"Art of War":[3],"Juzu Bracelet":0,"obtain_stats":[{"NeowsBlessing":0,"Thread and Needle":8,"Eternal Feather":9,"Juzu Bracelet":44,"Burning Blood":0,"Peace Pipe":28,"Centennial Puzzle":6,"Dream Catcher":24,"Matryoshka":26,"Bird Faced Urn":10,"Philosopher\u0027s Stone":17,"Art of War":43,"FossilizedHelix":37,"Runic Pyramid":34},{"NeowsBlessing":0,"Thread and Needle":5,"Eternal Feather":5,"Juzu Bracelet":22,"Burning Blood":0,"Peace Pipe":14,"Centennial Puzzle":4,"Dream Catcher":13,"Matryoshka":13,"Bird Faced Urn":6,"Philosopher\u0027s Stone":8,"Art of War":21,"FossilizedHelix":19,"Runic Pyramid":16},{"NeowsBlessing":0,"Thread and Needle":13,"Eternal Feather":13,"Juzu Bracelet":122,"Burning Blood":0,"Peace Pipe":67,"Centennial Puzzle":7,"Dream Catcher":61,"Matryoshka":61,"Bird Faced Urn":22,"Philosopher\u0027s Stone":36,"Art of War":114,"FossilizedHelix":99,"Runic Pyramid":80}],"Burning Blood":121},"card_choices":[{"not_picked":["Entrench","Iron Wave"],"picked":"Anger","floor":1},{"not_picked":["Wild Strike","Perfected Strike"],"picked":"Anger","floor":3},{"not_picked":["Warcry","Sword Boomerang"],"picked":"Seeing Red","floor":4},{"not_picked":["Cleave","Fiend Fire"],"picked":"Burning Pact","floor":6},{"not_picked":["Fire Breathing","Body Slam"],"picked":"Clothesline","floor":8},{"not_picked":["Wild Strike","Twin Strike"],"picked":"Disarm","floor":10},{"not_picked":["Perfected Strike","Twin Strike"],"picked":"Flame Barrier","floor":14},{"not_picked":["Double Tap","Barricade"],"picked":"Reaper","floor":16},{"not_picked":["Rampage","Carnage","Infernal Blade"],"picked":"SKIP","floor":18},{"not_picked":["Combust","Headbutt","Perfected Strike"],"picked":"SKIP","floor":19},{"not_picked":["Combust","Headbutt","Perfected Strike"],"picked":"SKIP","floor":19},{"not_picked":["Body Slam","Headbutt","Armaments"],"picked":"SKIP","floor":21},{"not_picked":["Flex","Iron Wave","Anger"],"picked":"SKIP","floor":22},{"not_picked":["Twin Strike+1","Warcry+1"],"picked":"Headbutt+1","floor":24},{"not_picked":["Perfected Strike","Clothesline"],"picked":"Shrug It Off+1","floor":27},{"not_picked":["Hemokinesis","Body Slam"],"picked":"Whirlwind","floor":28},{"not_picked":["Thunderclap+1","Perfected Strike"],"picked":"Battle Trance","floor":30},{"not_picked":["Immolate","Double Tap"],"picked":"Impervious","floor":33},{"not_picked":["Uppercut","Warcry","Sword Boomerang+1"],"picked":"SKIP","floor":35},{"not_picked":["Iron Wave","Clash"],"picked":"Dual Wield","floor":36},{"not_picked":["Whirlwind","Hemokinesis","Uppercut"],"picked":"SKIP","floor":38},{"not_picked":["Clothesline","Heavy Blade","Thunderclap+1"],"picked":"SKIP","floor":41},{"not_picked":["Sword Boomerang+1","Anger+1"],"picked":"Offering","floor":44},{"not_picked":["Pommel Strike+1","Cleave"],"picked":"Dropkick","floor":45},{"not_picked":["Flex","Headbutt"],"picked":"Armaments","floor":46},{"not_picked":["Impatience","Forethought"],"picked":"Dark Shackles","floor":48},{"not_picked":["Thinking Ahead","Panacea"],"picked":"Mayhem","floor":48},{"not_picked":["Enlightenment","Trip"],"picked":"Good Instincts","floor":48}],"player_experience":1505486,"relics_obtained":[{"floor":6,"key":"Centennial Puzzle"},{"floor":8,"key":"Thread and Needle"},{"floor":9,"key":"Eternal Feather"},{"floor":10,"key":"Bird Faced Urn"},{"floor":24,"key":"Dream Catcher"},{"floor":26,"key":"Matryoshka"},{"floor":28,"key":"Peace Pipe"},{"floor":37,"key":"FossilizedHelix"},{"floor":43,"key":"Art of War"},{"floor":44,"key":"Juzu Bracelet"}],"event_choices":[{"cards_removed":["Strike_R"],"damage_healed":0,"gold_gain":0,"player_choice":"Purged","damage_taken":0,"max_hp_gain":0,"max_hp_loss":0,"event_name":"Purifier","floor":2,"gold_loss":0},{"damage_healed":0,"gold_gain":0,"player_choice":"Got Potions","damage_taken":0,"max_hp_gain":0,"max_hp_loss":0,"event_name":"Lab","floor":12,"gold_loss":0},{"damage_healed":0,"gold_gain":0,"player_choice":"Obtain J.A.X.","damage_taken":0,"max_hp_gain":0,"max_hp_loss":0,"event_name":"Drug Dealer","floor":25,"gold_loss":0,"cards_obtained":["J.A.X."]},{"damage_healed":0,"gold_gain":0,"player_choice":"Fight","damage_taken":0,"max_hp_gain":0,"max_hp_loss":0,"event_name":"MindBloom","floor":37,"gold_loss":0},{"cards_removed":["Strike_R"],"damage_healed":0,"gold_gain":0,"player_choice":"Removed Attack","damage_taken":0,"max_hp_gain":0,"max_hp_loss":0,"event_name":"Falling","floor":39,"gold_loss":0},{"damage_healed":61,"gold_gain":0,"player_choice":"Heal","damage_taken":0,"max_hp_gain":0,"max_hp_loss":14,"event_name":"The Moai Head","floor":42,"gold_loss":0},{"damage_healed":0,"gold_gain":0,"player_choice":"Memory 3","damage_taken":10,"max_hp_gain":0,"max_hp_loss":0,"event_name":"SensoryStone","floor":48,"gold_loss":0}],"is_beta":false,"boss_relics":[{"not_picked":["Tiny House","Coffee Dripper"],"picked":"Philosopher\u0027s Stone"},{"not_picked":["Black Blood","Mark of Pain"],"picked":"Runic Pyramid"}],"items_purged_floors":[5,20],"is_endless":false,"potions_floor_spawned":[1,4,10,16,18,21,28,30,35,41,44],"killed_by":"Time Eater","ascension_level":20}}