{"host":"18wi9kpcl4eah7pe","time":1613869230,"event":{"mods":["BaseMod","Colored Powertips","Downfall","Minty Spire (QoL Compilation)","StSLib"],"gold_per_floor":[99,115,115,115,130,115,115,137,150,181,81,109,124,124,124,124,124,124],"floor_reached":16,"language":"ENG","playtime":556,"items_purged":[],"score":143,"play_id":"91cdd6ac-13fe-4c98-802c-c3de93b9e06a","local_time":"20210220190030","is_ascension_mode":true,"campfire_choices":[{"floor":1,"key":"REST"},{"floor":11,"key":"REST"}],"circlet_count":0,"master_deck":["bronze:Strike","bronze:Strike","bronze:Strike","bronze:Defend","bronze:Defend","bronze:Defend","bronze:Defend","bronze:Replicate","bronze:Goto","bronze:GetLatest","bronze:WildBeam","bronze:GetLatest","bronze:Optimize","bronze:Shield","bronze:Overheat","bronze:ChosenStrike","bronze:BurnOut","bronze:Assembly","bronze:DigitalCarnage"],"relics":["bronze:BronzeCore","Juzu Bracelet","Odd Mushroom","Question Card","downfall:HeartBlessingGreen","Girya"],"acts_visited":["Exordium"],"potions_floor_usage":[10,12,15,16],"damage_taken":[{"damage":10,"enemies":"Small Slimes","floor":2,"turns":3},{"damage":0,"enemies":"Cultist","floor":5,"turns":3},{"damage":0,"enemies":"downfall:FleeingMerchant","floor":6,"turns":4},{"damage":20,"enemies":"The Mushroom Lair","floor":8,"turns":5},{"damage":0,"enemies":"Jaw Worm","floor":9,"turns":2},{"damage":32,"enemies":"Lagavulin","floor":10,"turns":7},{"damage":20,"enemies":"3 Sentries","floor":12,"turns":6},{"damage":17,"enemies":"Large Slime","floor":13,"turns":4},{"damage":0,"enemies":"Exordium Wildlife","floor":15,"turns":1},{"damage":30,"enemies":"DF_ARCHETYPE_STREAMLINE","floor":16,"turns":4}],"seed_played":"-2688001239201851198","potions_obtained":[{"floor":2,"key":"SteroidPotion"},{"floor":9,"key":"Swift Potion"},{"floor":10,"key":"Regen Potion"},{"floor":13,"key":"SmokeBomb"}],"is_trial":false,"path_per_floor":["R","M","?","?","M","$","T","?","M","E","R","E","M","?","M","B"],"character_chosen":"THE_AUTOMATON","items_purchased":[],"campfire_rested":2,"item_purchase_floors":[],"current_hp_per_floor":[84,74,74,74,74,74,74,54,54,22,47,42,25,25,25,0,0,0],"gold":124,"neow_bonus":"TWENTY_PERCENT_HP_BONUS","is_daily":false,"chose_seed":false,"campfire_upgraded":0,"win_rate":0.0,"timestamp":1613869230,"path_taken":["R","M","?","?","?","$","T","?","M","E","R","E","M","?","M","BOSS"],"items_purchased_type":[],"build_version":"2020-12-22","purchased_purges":0,"victory":false,"max_hp_per_floor":[84,84,84,84,84,84,84,84,84,84,84,84,84,84,84,84,84,84],"card_choices":[{"not_picked":["bronze:CloningBeam","bronze:BronzeArmor"],"picked":"bronze:GetLatest","floor":2},{"not_picked":["bronze:Branch","bronze:Frontload"],"picked":"bronze:Optimize","floor":5},{"not_picked":["bronze:ForLoop","bronze:DelayedSlice"],"picked":"bronze:Shield","floor":6},{"not_picked":["bronze:WhirlingStrike","bronze:Turbo"],"picked":"bronze:Overheat","floor":8},{"not_picked":["bronze:Safeguard","bronze:MaxOutput"],"picked":"bronze:ChosenStrike","floor":9},{"not_picked":["bronze:Branch","bronze:CloningBeam"],"picked":"bronze:BurnOut","floor":10},{"not_picked":["bronze:BugBarrage","bronze:Turbo","bronze:DelayedSlice"],"picked":"bronze:Assembly","floor":12},{"not_picked":["bronze:Return","bronze:Shield","bronze:FineTuning"],"picked":"bronze:DigitalCarnage","floor":13}],"player_experience":1029716,"relics_obtained":[{"floor":7,"key":"Juzu Bracelet"},{"floor":8,"key":"Odd Mushroom"},{"floor":10,"key":"Question Card"},{"floor":12,"key":"Girya"}],"event_choices":[{"damage_healed":0,"gold_gain":0,"player_choice":"Fought Mushrooms","damage_taken":0,"max_hp_gain":0,"max_hp_loss":0,"event_name":"Mushrooms","floor":8,"gold_loss":0}],"is_beta":false,"boss_relics":[],"items_purged_floors":[],"is_endless":false,"potions_floor_spawned":[2,9,10,13,15],"killed_by":"DF_ARCHETYPE_STREAMLINE","ascension_level":6}}