{"host":"gzz35fplm60aw28t","time":1613939692,"event":{"mods":["AchievementEnabler","BaseMod","Colored Powertips","DeckTracker","Minty Spire (QoL Compilation)"],"gold_per_floor":[116,130,130,195,245,273,289,289,289,307,317,383,401,451,451,549,549,562,612,108,175,238,267,291,353,365,390,402,464,464],"floor_reached":29,"language":"ENG","playtime":1749,"items_purged":["Strike_R"],"score":276,"play_id":"fac601c7-efa0-4d3d-a6cb-0d5391a134bb","local_time":"20210221213452","is_ascension_mode":false,"campfire_choices":[{"data":"Body Slam","floor":8.0,"key":"SMITH"},{"data":"Feed","floor":15.0,"key":"SMITH"},{"data":"True Grit","floor":28,"key":"SMITH"}],"circlet_count":0,"master_deck":["Strike_R","Strike_R+1","Defend_R+1","Defend_R+1","Defend_R","Defend_R","Bash","Pommel Strike+1","Body Slam+1","Uppercut","Seeing Red","Juggernaut","Shockwave","Feed+1","Hemokinesis","Dual Wield","Iron Wave","Offering","CurseOfTheBell","True Grit+1","Feel No Pain","Warcry","Disarm+1","Iron Wave","Rage+1","Warcry+1"],"relics":["Burning Blood","NeowsBlessing","SsserpentHead","Nunchaku","War Paint","Kunai","Calling Bell","Regal Pillow","Matryoshka","Torii","Vajra","Whetstone","MawBank","Potion Belt","Bottled Tornado"],"acts_visited":["Exordium","TheCity"],"potions_floor_usage":[29],"damage_taken":[{"damage":0.0,"enemies":"Small Slimes","floor":1.0,"turns":2.0},{"damage":0.0,"enemies":"Cultist","floor":2.0,"turns":1.0},{"damage":0.0,"enemies":"Jaw Worm","floor":4.0,"turns":1.0},{"damage":35.0,"enemies":"3 Sentries","floor":6.0,"turns":9.0},{"damage":24.0,"enemies":"Lots of Slimes","floor":7.0,"turns":5.0},{"damage":1.0,"enemies":"2 Fungi Beasts","floor":10.0,"turns":3.0},{"damage":5.0,"enemies":"Blue Slaver","floor":11.0,"turns":3.0},{"damage":10.0,"enemies":"Gremlin Gang","floor":12.0,"turns":4.0},{"damage":11.0,"enemies":"Large Slime","floor":13.0,"turns":3.0},{"damage":41.0,"enemies":"The Guardian","floor":16.0,"turns":10.0},{"damage":26.0,"enemies":"3 Byrds","floor":18.0,"turns":6.0},{"damage":8.0,"enemies":"Chosen","floor":21.0,"turns":5.0},{"damage":26.0,"enemies":"Centurion and Healer","floor":22.0,"turns":6.0},{"damage":47.0,"enemies":"Slavers","floor":23.0,"turns":10.0},{"damage":7.0,"enemies":"Chosen and Byrds","floor":24.0,"turns":6.0},{"damage":10,"enemies":"Shelled Parasite and Fungi","floor":27,"turns":8},{"damage":14,"enemies":"Colosseum Slavers","floor":29,"turns":1}],"seed_played":"2175265405760695307","potions_obtained":[{"floor":1.0,"key":"Energy Potion"},{"floor":6.0,"key":"BloodPotion"},{"floor":10.0,"key":"LiquidMemories"},{"floor":13.0,"key":"Energy Potion"},{"floor":16.0,"key":"AttackPotion"},{"floor":22.0,"key":"Fruit Juice"},{"floor":24.0,"key":"FearPotion"},{"floor":27,"key":"Energy Potion"}],"is_trial":false,"path_per_floor":["M","M","?","M","?","E","M","R","T","M","M","M","M","?","R","B",null,"M","?","$","M","M","E","M","?","T","M","R","?"],"character_chosen":"IRONCLAD","items_purchased":["Vajra","Whetstone","True Grit","Feel No Pain","Warcry"],"campfire_rested":0,"item_purchase_floors":[20,20,20,20,20],"current_hp_per_floor":[80,80,80,80,80,51,33,33,33,38,42,41,39,32,32,18,93,73,64,64,62,46,10,13,13,13,9,9,0,0],"gold":464,"neow_bonus":"THREE_ENEMY_KILL","is_daily":false,"chose_seed":false,"campfire_upgraded":3,"win_rate":0.0,"timestamp":1613939692,"path_taken":["M","M","?","?","?","E","M","R","T","M","M","?","M","?","R","BOSS","M","?","$","?","?","E","M","?","T","M","R","?"],"items_purchased_type":["Relic","Relic","Card","Card","Card"],"build_version":"2020-12-22","purchased_purges":1,"victory":false,"max_hp_per_floor":[80,80,80,80,80,80,80,80,80,80,83,86,89,89,89,93,93,93,93,93,93,97,102,106,106,106,106,106,106,106],"card_choices":[{"not_picked":["Rupture","Sword Boomerang"],"picked":"Pommel Strike","floor":1.0},{"not_picked":["Thunderclap","Clash"],"picked":"Body Slam","floor":2.0},{"not_picked":["Battle Trance","Pommel Strike"],"picked":"Uppercut","floor":4.0},{"not_picked":["Sword Boomerang","Armaments"],"picked":"Juggernaut","floor":6.0},{"not_picked":["Iron Wave","Shrug It Off"],"picked":"Shockwave","floor":7.0},{"not_picked":["Carnage","Warcry"],"picked":"Feed","floor":10.0},{"not_picked":["Perfected Strike","Cleave"],"picked":"Hemokinesis","floor":11.0},{"not_picked":["Clothesline","Armaments"],"picked":"Dual Wield","floor":12.0},{"not_picked":["Thunderclap","Battle Trance"],"picked":"Iron Wave","floor":13.0},{"not_picked":["Corruption","Juggernaut"],"picked":"Offering","floor":16.0},{"not_picked":["Anger","Combust","Sword Boomerang+1"],"picked":"SKIP","floor":18.0},{"not_picked":["Armaments","Rampage"],"picked":"Disarm+1","floor":21.0},{"not_picked":["Pommel Strike","True Grit"],"picked":"Iron Wave","floor":22.0},{"not_picked":["Twin Strike","Bloodletting+1"],"picked":"Rage+1","floor":23.0},{"not_picked":["Thunderclap","True Grit"],"picked":"Warcry+1","floor":24.0},{"not_picked":["Corruption","Clash","Clothesline+1"],"picked":"SKIP","floor":27}],"player_experience":458,"relics_obtained":[{"floor":6.0,"key":"Nunchaku"},{"floor":9.0,"key":"War Paint"},{"floor":17.0,"key":"Regal Pillow"},{"floor":17.0,"key":"Matryoshka"},{"floor":17.0,"key":"Torii"},{"floor":23.0,"key":"MawBank"},{"floor":26.0,"key":"Potion Belt"},{"floor":26.0,"key":"Bottled Tornado"}],"event_choices":[{"damage_healed":0.0,"max_hp_gain":0.0,"max_hp_loss":0.0,"gold_gain":0.0,"event_name":"FaceTrader","player_choice":"Trade","floor":3.0,"gold_loss":0.0,"damage_taken":0.0,"relics_obtained":["SsserpentHead"]},{"damage_healed":0.0,"max_hp_gain":0.0,"max_hp_loss":0.0,"gold_gain":0.0,"cards_transformed":["Strike_R"],"event_name":"Transmorgrifier","player_choice":"Transformed","floor":5.0,"gold_loss":0.0,"damage_taken":0.0,"cards_obtained":["Seeing Red"]},{"damage_healed":0.0,"max_hp_gain":0.0,"max_hp_loss":0.0,"gold_gain":0.0,"event_name":"Scrap Ooze","player_choice":"Success","floor":14.0,"gold_loss":0.0,"damage_taken":7.0,"relics_obtained":["Kunai"]},{"damage_healed":0.0,"max_hp_gain":0.0,"max_hp_loss":0.0,"gold_gain":0.0,"event_name":"Wheel of Change","player_choice":"Damaged","floor":19.0,"gold_loss":0.0,"damage_taken":9.0},{"cards_removed":["Strike_R"],"damage_healed":0.0,"max_hp_gain":0.0,"max_hp_loss":0.0,"gold_gain":0.0,"event_name":"Back to Basics","player_choice":"Elegance","floor":25.0,"gold_loss":0.0,"damage_taken":0.0},{"damage_healed":0,"gold_gain":0,"player_choice":"Fight","damage_taken":0,"max_hp_gain":0,"max_hp_loss":0,"event_name":"Colosseum","floor":29,"gold_loss":0}],"is_beta":false,"boss_relics":[{"not_picked":["Busted Crown","Sozu"],"picked":"Calling Bell"}],"items_purged_floors":[20],"is_endless":false,"potions_floor_spawned":[1,6,10,13,16,22,24,27],"killed_by":"Colosseum Slavers","ascension_level":0}}