{"host":"jsd6g3c2vo13e69c","time":1613906126,"event":{"mods":["2.2 Compatiblity","Act Like it!","BaseMod","Better Altar","Better Match","Better Note","Better Sensory Stone","Better Third Choice","BetterRewards","Colored Map","Colored Powertips","Curses Come First","Downfall","Friendly Minions","GifTheSpireLib","Googly Eyes","Gremlin Mod","Hermit","Hubris","Infinite Spire","Melee Mod","Minty Spire (QoL Compilation)","Permanent Neow","Quick Restart","Random Character Button","Replay The Spire","Shop Mod","Spire Arcade","StSLib","SuperFastMode","The Cursed","The Disciple","The Forsaken","The Jungle","The Spell Scribe","thorton"],"gold_per_floor":[99,110,126,140,151,151,176,176,187,187,206,206,206,239,258,258,258,258],"floor_reached":16,"language":"ENG","playtime":703,"items_purged":[],"score":104,"play_id":"f2578da2-bb6d-4fa8-ba6e-9b50a5e782cd","local_time":"20210221061526","is_ascension_mode":false,"campfire_choices":[{"data":"champ:Defend","floor":1,"key":"PURGE"},{"data":"champ:Taunt","floor":10,"key":"SMITH"},{"data":"champ:CheapShot","floor":13,"key":"SMITH"}],"circlet_count":0,"master_deck":["champ:Strike","champ:Strike","champ:Strike","champ:Strike+1","champ:Defend","champ:Defend","champ:Defend","champ:Execute+1","champ:Taunt+1","Bandage Up","champ:PreciseThrust","champ:RapidStrikes+1","WaveOfTheHand","champ:BringItOn","champ:CheapShot+1","champ:GutPunch"],"relics":["champ:ChampionCrown","Blood Vial","Whetstone","Incense Burner"],"acts_visited":["Exordium"],"potions_floor_usage":[4,11,16],"damage_taken":[{"damage":19,"enemies":"2 Louse","floor":2,"turns":4},{"damage":12,"enemies":"Cultist","floor":3,"turns":4},{"damage":16,"enemies":"Jaw Worm","floor":4,"turns":3},{"damage":4,"enemies":"Red Slaver","floor":5,"turns":5},{"damage":4,"enemies":"Blue Slaver","floor":9,"turns":4},{"damage":25,"enemies":"Gremlin Gang","floor":11,"turns":6},{"damage":46,"enemies":"3 Sentries","floor":14,"turns":7},{"damage":16,"enemies":"Exordium Wildlife","floor":15,"turns":2},{"damage":66,"enemies":"WA_ARCHETYPE_RETAIN","floor":16,"turns":7}],"seed_played":"1748989364407483521","potions_obtained":[{"floor":2,"key":"PowerPotion"},{"floor":3,"key":"sneckomod:MuddlingPotion"},{"floor":4,"key":"Elixir"},{"floor":14,"key":"hexamod:SoulburnPotion"}],"is_trial":false,"path_per_floor":["R_BF","M","M","M","M","?","T","?","M","R","M","?","R","E","M","B"],"character_chosen":"THE_CHAMP","items_purchased":[],"campfire_rested":0,"item_purchase_floors":[],"current_hp_per_floor":[90,85,87,85,85,80,80,80,82,82,73,73,73,43,39,0,0,0],"gold":258,"neow_bonus":"RANDOM_COLORLESS","is_daily":false,"chose_seed":false,"campfire_upgraded":2,"win_rate":0.0,"timestamp":1613906126,"path_taken":["R_BF","M","M","M","M","?","T","?","M","R","?","?","R","E","M","BOSS"],"items_purchased_type":[],"build_version":"2020-12-22","purchased_purges":0,"victory":false,"max_hp_per_floor":[90,90,90,90,90,90,90,90,90,90,90,90,90,90,90,90,90,90],"card_choices":[{"not_picked":["Forethought","Replay:Bootleg Shield Generator"],"picked":"Bandage Up","floor":0},{"not_picked":["champ:RecklessLeap","champ:FocusedBerserking","champ:AdrenalArmor"],"picked":"SKIP","floor":2},{"not_picked":["champ:Endure","champ:Shatter"],"picked":"champ:PreciseThrust","floor":3},{"not_picked":["champ:ShieldWall","champ:Circumvent","champ:AdrenalArmor"],"picked":"SKIP","floor":4},{"not_picked":["champ:BladeFlurry","champ:PreciseThrust"],"picked":"champ:RapidStrikes","floor":5},{"not_picked":["champ:GladiatorStyle","champ:RisingSlash","champ:FocusedDefense"],"picked":"SKIP","floor":9},{"not_picked":["champ:FanOfKnives","champ:SetATrap"],"picked":"champ:BringItOn","floor":11},{"not_picked":["champ:FocusedBerserking","champ:PreemptiveStrike","champ:DefensiveShout"],"picked":"SKIP","floor":14},{"not_picked":["champ:PreemptiveStrike","champ:FanOfKnives"],"picked":"champ:GutPunch","floor":15}],"player_experience":394184,"relics_obtained":[{"floor":7,"key":"Whetstone"},{"floor":14,"key":"Incense Burner"}],"event_choices":[{"damage_healed":0,"gold_gain":0,"player_choice":"Forge","damage_taken":0,"max_hp_gain":0,"max_hp_loss":0,"event_name":"Accursed Blacksmith","floor":8,"gold_loss":0,"cards_upgraded":["champ:RapidStrikes"]}],"is_beta":false,"boss_relics":[],"items_purged_floors":[],"is_endless":false,"potions_floor_spawned":[2,3,4,14],"killed_by":"WA_ARCHETYPE_RETAIN","ascension_level":0}}