{"host":"jt67skv49snb75sm","time":1613938981,"event":{"mods":["BaseMod","Bestiary","Minty Spire (QoL Compilation)","Relic Stats"],"gold_per_floor":[118,130,205,355,27,27,27,27,54,85,97,113,113,128,128,128,128],"floor_reached":16,"language":"ENG","playtime":470,"items_purged":[],"score":200,"play_id":"6d74b863-8af8-4f80-a7bf-b612d302b397","local_time":"20210221212301","is_ascension_mode":true,"campfire_choices":[{"data":"Neutralize","floor":6.0,"key":"SMITH"},{"data":"Flying Knee","floor":8.0,"key":"SMITH"},{"floor":13.0,"key":"REST"},{"floor":15.0,"key":"REST"}],"circlet_count":0,"master_deck":["AscendersBane","Strike_G","Strike_G","Strike_G","Strike_G","Strike_G","Defend_G","Defend_G","Defend_G","Defend_G","Defend_G","Survivor","Neutralize+1","Blade Dance","Flying Knee+1","Adrenaline","Dagger Spray","Quick Slash","Venomology"],"relics":["Ring of the Snake","Ancient Tea Set","Medical Kit","Juzu Bracelet","Smiling Mask","Lantern"],"acts_visited":["Exordium"],"potions_floor_usage":[16,16],"damage_taken":[{"damage":10.0,"enemies":"Jaw Worm","floor":1.0,"turns":10.0},{"damage":2.0,"enemies":"2 Louse","floor":2.0,"turns":3.0},{"damage":25.0,"enemies":"Gremlin Nob","floor":10.0,"turns":4.0},{"damage":4.0,"enemies":"Cultist","floor":11.0,"turns":3.0},{"damage":0.0,"enemies":"2 Fungi Beasts","floor":12.0,"turns":3.0},{"damage":7.0,"enemies":"3 Louse","floor":14.0,"turns":3.0},{"damage":35,"enemies":"Slime Boss","floor":16,"turns":6}],"seed_played":"9057734547362290492","potions_obtained":[{"floor":1.0,"key":"PowerPotion"},{"floor":11.0,"key":"CunningPotion"},{"floor":12.0,"key":"LiquidBronze"}],"is_trial":false,"path_per_floor":["M","M","?","?","$","R","?","R","T","E","M","M","R","M","R","B"],"character_chosen":"THE_SILENT","items_purchased":["Medical Kit","Juzu Bracelet"],"campfire_rested":2,"item_purchase_floors":[5,5],"current_hp_per_floor":[49,47,36,36,36,36,36,36,36,11,7,7,26,19,38,3,3],"gold":128,"neow_bonus":"RANDOM_COMMON_RELIC","is_daily":false,"chose_seed":false,"campfire_upgraded":2,"win_rate":0.0,"timestamp":1613938981,"path_taken":["M","M","?","?","$","R","?","R","T","E","M","M","R","M","R","BOSS"],"items_purchased_type":["Relic","Relic"],"build_version":"2020-12-22","purchased_purges":0,"victory":false,"max_hp_per_floor":[66,66,66,66,66,66,66,66,66,66,66,66,66,66,66,66,66],"relic_stats":{"counters":[7,32],"Juzu Bracelet":0,"Medical Kit":[0],"Smiling Mask":0,"obtain_stats":[{"Lantern":10,"Juzu Bracelet":5,"Ancient Tea Set":0,"Medical Kit":5,"Smiling Mask":9,"Ring of the Snake":0},{"Lantern":3,"Juzu Bracelet":2,"Ancient Tea Set":0,"Medical Kit":2,"Smiling Mask":2,"Ring of the Snake":0},{"Lantern":17,"Juzu Bracelet":13,"Ancient Tea Set":0,"Medical Kit":13,"Smiling Mask":13,"Ring of the Snake":0}],"Ring of the Snake":[14]},"card_choices":[{"not_picked":["Escape Plan","Acrobatics"],"picked":"Blade Dance","floor":1.0},{"not_picked":["Caltrops","Underhanded Strike"],"picked":"Flying Knee","floor":2.0},{"not_picked":["Flying Knee","Catalyst"],"picked":"Adrenaline","floor":10.0},{"not_picked":["Poisoned Stab","Flying Knee"],"picked":"Dagger Spray","floor":11.0},{"not_picked":["Distraction","Bane"],"picked":"Quick Slash","floor":12.0},{"not_picked":["Backflip","Dash"],"picked":"Venomology","floor":14.0}],"player_experience":860728,"relics_obtained":[{"floor":9.0,"key":"Smiling Mask"},{"floor":10.0,"key":"Lantern"}],"event_choices":[{"damage_healed":0.0,"max_hp_gain":0.0,"max_hp_loss":0.0,"gold_gain":75.0,"event_name":"World of Goop","player_choice":"Gather Gold","floor":3.0,"gold_loss":0.0,"damage_taken":11.0},{"damage_healed":0.0,"max_hp_gain":0.0,"max_hp_loss":0.0,"gold_gain":150.0,"event_name":"Liars Game","player_choice":"AGREE","floor":4.0,"gold_loss":0.0,"damage_taken":0.0,"cards_obtained":["Doubt"]},{"cards_removed":["Doubt"],"damage_healed":0.0,"max_hp_gain":0.0,"max_hp_loss":0.0,"gold_gain":0.0,"event_name":"Purifier","player_choice":"Purged","floor":7.0,"gold_loss":0.0,"damage_taken":0.0}],"is_beta":false,"boss_relics":[],"items_purged_floors":[],"is_endless":false,"potions_floor_spawned":[1,11,12],"killed_by":"Slime Boss","ascension_level":20}}