{"host":"8t5dkgm85abdp22d","time":1613915487,"event":{"mods":["ATMod(阿瑾Mod)","Act Like it!","BaseMod","Colored Powertips","Conspire","Gensokyo","GungeonMod","Hallownest","Marisa（F雨　魔理沙）","Minty Spire (QoL Compilation)","MostiFishMod","Remilia（蕾米莉亚）","RumiaBox-露米娅的神秘盒子","Ryuuou龙王","StSLib","The Bug Knight","UnlockEverythingMod","Waifu the Spire","WarShipGirlsR/战舰少女R mod","Yakumo Yukari mod"],"gold_per_floor":[116,116,1,16,26,26,52,62,62,82,111,130,163,37,37,114,114,132,147,147,147,160,187,207,236,236,236,250,270,289,301,318,318,318,396,396,410,410,350,367,467,497,547,579,602,602,622,651,651,680,680,680,680,680,680,40,66,66],"floor_reached":59,"language":"ZHS","playtime":2431,"items_purged":["Strike_P+1"],"score":2642,"play_id":"a14c9546-46d7-46d8-a020-2b4474a7aba2","local_time":"20210221215127","is_ascension_mode":true,"campfire_choices":[{"data":"AT_ChampionStep","floor":6.0,"key":"SMITH"},{"data":"AT_ChampionKick","floor":15.0,"key":"SMITH"},{"floor":27,"key":"RECALL"},{"floor":33,"key":"REST"},{"data":"1","floor":46,"key":"LIFT"},{"floor":51,"key":"REST"},{"floor":55,"key":"REST"}],"circlet_count":0,"master_deck":["Strike_P+1","Strike_P+1","Strike_P+1","Defend_P+1","Defend_P+1","Defend_P+1","Eruption+1","Vigilance+1","AT_ChampionStep+1","MostiFishMod:PathToVictory+1","DeusExMachina+1","AT_ChampionKick+1","Ragnarok+1","EmptyMind+1","Evaluate+1","MostiFishMod:Adaptation+1","InnerPeace+1","Adaptation+1","FlurryOfBlows+1","TalkToTheHand+1","MostiFishMod:Moonprays+1","DemoMod:Elimentaler+1","MostiFishMod:KamiSmash+1","Adaptation+1","Vault+1","MostiFishMod:Speedup+1","Madness+1","Madness+1","MostiFishMod:PerfectForm+1"],"relics":["AT_ATBox","DaveBox","Calling Bell","DemoMod:ClearGuonStone","DemoMod:Bottle","DianPoetry","DSteel32","SynthV:TestCard","DemoMod:MonsterBlood","The Courier","AntiCross","ChaoDraw","Philosopher\u0027s Stone","Nloth\u0027s Gift","AT_EbonyIvory","Pen Nib","DemoMod:RatBoots","DemoMod:ResourcefulSack","DemoMod:PartiallyEatenCheese","SacredBark","Fusion Hammer","MagicDraw4","Girya","AT_ArchangelStaff","Yang","Akabeko","AT_SunfireAegis","AT_ChloranthyRing","SynthV:C4","SSSystem","DemoMod:GlassGuonStoneRelic","Bag of Preparation"],"acts_visited":["Exordium","TheCity","TheCity","TheBeyond","TheEnding"],"potions_floor_usage":[34,34,43,52,53,53],"damage_taken":[{"damage":6.0,"enemies":"Small Slimes","floor":1.0,"turns":3.0},{"damage":0.0,"enemies":"Cultist","floor":4.0,"turns":2.0},{"damage":2.0,"enemies":"Jaw Worm","floor":5.0,"turns":3.0},{"damage":8.0,"enemies":"HollowMod:MossKnight","floor":7.0,"turns":6.0},{"damage":10.0,"enemies":"Exordium Thugs","floor":8.0,"turns":2.0},{"damage":10.0,"enemies":"3 Louse","floor":10.0,"turns":3.0},{"damage":14.0,"enemies":"Gremlin Nob","floor":11.0,"turns":3.0},{"damage":2.0,"enemies":"Blue Slaver","floor":12.0,"turns":2.0},{"damage":6.0,"enemies":"3 Sentries","floor":13.0,"turns":3.0},{"damage":4.0,"enemies":"Slime Boss","floor":16.0,"turns":4.0},{"damage":12.0,"enemies":"conspire:FuzzyDice","floor":18.0,"turns":3.0},{"damage":0.0,"enemies":"Chosen","floor":19.0,"turns":3.0},{"damage":12,"enemies":"Snake Plant","floor":22,"turns":2},{"damage":10,"enemies":"Slavers","floor":23,"turns":2},{"damage":0,"enemies":"Cultist and Chosen","floor":24,"turns":3},{"damage":11,"enemies":"Book of Stabbing","floor":25,"turns":2},{"damage":0,"enemies":"DemoMod:Red_and_blue_shotgun_kin","floor":28,"turns":1},{"damage":0,"enemies":"DemoMod:Veteran_shot_gun_kin_and_red_shotgun_kin","floor":29,"turns":2},{"damage":0,"enemies":"DemoMod:Veteran_shot_gun_kin_and_blue_shotgun_kin_with_gunsinger","floor":30,"turns":2},{"damage":25,"enemies":"DemoMod:Red_and_blue_shotgun_kin_with_gunsinger","floor":31,"turns":2},{"damage":1,"enemies":"DemoMod:Veteran_shot_gun_kin_and_blue_shotgun_kin","floor":32,"turns":2},{"damage":26,"enemies":"DemoMod:ResourcefulRat","floor":34,"turns":5},{"damage":8,"enemies":"DemoMod:ResourcefulRat","floor":35,"turns":8},{"damage":1,"enemies":"3 Shapes","floor":37,"turns":3},{"damage":10,"enemies":"3 Shapes","floor":38,"turns":6},{"damage":0,"enemies":"3 Darklings","floor":40,"turns":2},{"damage":4,"enemies":"Giant Head","floor":42,"turns":3},{"damage":52,"enemies":"2 Orb Walkers","floor":43,"turns":3},{"damage":14,"enemies":"Nemesis","floor":44,"turns":3},{"damage":9,"enemies":"4 Shapes","floor":47,"turns":2},{"damage":8,"enemies":"Reptomancer","floor":48,"turns":2},{"damage":0,"enemies":"Giant Head","floor":50,"turns":3},{"damage":38,"enemies":"Time Eater","floor":52,"turns":2},{"damage":25,"enemies":"conspire:OrnateMirror","floor":53,"turns":3},{"damage":6,"enemies":"Shield and Spear","floor":57,"turns":2},{"damage":14,"enemies":"The Heart","floor":58,"turns":5}],"seed_played":"2286032400866099102","potions_obtained":[{"floor":2.0,"key":"Fire Potion"},{"floor":2.0,"key":"conspire:TimeTravelPotion"},{"floor":4.0,"key":"Explosive Potion"},{"floor":11.0,"key":"EssenceOfSteel"},{"floor":28,"key":"Fire Potion"},{"floor":37,"key":"LiquidBronze"},{"floor":42,"key":"StancePotion"},{"floor":50,"key":"Ancient Potion"}],"is_trial":false,"path_per_floor":["M","?","$","M","M","R","E","M","T","M","E","M","E","$","R","B",null,"M","M","?","?","M","E","M","E","T","R","M","M","M","M","M","R","B","B",null,"M","?","$","M","?","E","?","E","T","R","M","E","?","E","R","B","B",null,"R","$","E","B",null],"character_chosen":"WATCHER","items_purchased":["DemoMod:GnawedKey","SynthV","MostiFishMod:PerfectForm","AT_SunfireAegis","AT_ChloranthyRing","SynthV:C4","SSSystem"],"campfire_rested":3,"item_purchase_floors":[3,14,56,56,56,56,56],"current_hp_per_floor":[55,55,55,55,53,53,52,47,47,42,28,26,25,25,25,21,62,50,50,50,50,38,28,28,23,62,62,62,62,62,37,36,58,49,62,72,71,75,75,75,75,75,54,40,40,40,31,23,9,33,55,17,7,58,75,75,69,70],"gold":66,"neow_bonus":"BOSS_RELIC","is_daily":false,"chose_seed":false,"campfire_upgraded":2,"win_rate":0.0,"timestamp":1613915487,"path_taken":["M","?","?","M","M","R","E","M","T","M","E","M","E","$","R","BOSS","M","M","?","?","M","E","?","E","T","R","M","M","M","M","M","R","BOSS","BOSS","M","?","$","M","?","E","?","E","T","R","M","E","?","E","R","BOSS","BOSS","R","$","E","BOSS"],"items_purchased_type":["Relic","Relic","Card","Relic","Relic","Relic","Relic"],"build_version":"2020-12-22","purchased_purges":1,"victory":true,"max_hp_per_floor":[68,68,68,68,68,68,75,75,75,75,75,75,75,75,75,75,75,75,75,75,75,75,75,75,75,75,75,75,75,75,75,75,75,75,75,75,75,75,75,75,75,75,75,75,75,75,75,75,75,75,75,75,75,75,75,75,75,75],"card_choices":[{"not_picked":["BattleHymn","WheelKick"],"picked":"MostiFishMod:PathToVictory","floor":1.0},{"not_picked":["SashWhip","ClearTheMind","Prostrate","Crescendo","FlyingSleeves"],"picked":"SKIP","floor":4.0},{"not_picked":["PathToVictory","ThirdEye","Crescendo","BowlingBash","WaveOfTheHand"],"picked":"SKIP","floor":5.0},{"not_picked":["DeceiveReality","Consecrate","SignatureMove","Pray"],"picked":"DeusExMachina","floor":7.0},{"not_picked":["Halt","FlurryOfBlows","CutThroughFate","Wallop","SandsOfTime"],"picked":"SKIP","floor":8.0},{"not_picked":["BowlingBash","AT_RealFormLess","Wireheading","Sanctity","Study"],"picked":"SKIP","floor":10.0},{"not_picked":["JustLucky","CutThroughFate","WindmillStrike","LessonLearned","Prostrate"],"picked":"SKIP","floor":11.0},{"not_picked":["SandsOfTime","ThirdEye","CutThroughFate","ReachHeaven"],"picked":"AT_ChampionKick","floor":12.0},{"not_picked":["Wireheading","CrushJoints","MostiFishMod:Unraveling","FlurryOfBlows","EmptyBody"],"picked":"SKIP","floor":13.0},{"not_picked":["LessonLearned","AT_MachinaRedman","MostiFishMod:Minus","ConjureBlade"],"picked":"Ragnarok","floor":16.0},{"not_picked":["CutThroughFate","Consecrate","SashWhip","ThirdEye","Vengeance"],"picked":"SKIP","floor":18.0},{"not_picked":["JustLucky","DeceiveReality","WreathOfFlame","Consecrate"],"picked":"EmptyMind+1","floor":19.0},{"not_picked":["MostiFishMod:Disappear","MostiFishMod:FlowState","BowlingBash","ClearTheMind"],"picked":"Evaluate","floor":22},{"not_picked":["Crescendo","Vengeance","Omniscience","Conclude+1"],"picked":"MostiFishMod:Adaptation","floor":23},{"not_picked":["MostiFishMod:FlowState","FlyingSleeves","Halt","PathToVictory","AT_DivineConfetti"],"picked":"SKIP","floor":24},{"not_picked":["AT_SoftenMuscles","MostiFishMod:StarHerder","CutThroughFate","MostiFishMod:StarLaLaLa"],"picked":"InnerPeace","floor":25},{"not_picked":["JustLucky","Weave","FollowUp+1","CutThroughFate+1"],"picked":"Adaptation","floor":28},{"not_picked":["BowlingBash+1","AT_ChampionStep+1","AT_DivineConfetti+1","EmptyBody"],"picked":"FlurryOfBlows","floor":29},{"not_picked":["Protect+1","FlurryOfBlows+1","EmptyBody","Nirvana"],"picked":"TalkToTheHand","floor":30},{"not_picked":["Evaluate","FlyingSleeves","Consecrate+1","ThirdEye+1","EmptyMind"],"picked":"SKIP","floor":31},{"not_picked":["BowlingBash+1","Prostrate","Protect+1","Halt"],"picked":"MostiFishMod:Moonprays","floor":32},{"not_picked":[],"picked":"DemoMod:Elimentaler","floor":35},{"not_picked":["MostiFishMod:StarWish","Vault","AT_ChampionKick","MostiFishMod:DisColor"],"picked":"MostiFishMod:KamiSmash","floor":35},{"not_picked":["CutThroughFate","Tantrum","Indignation","FlurryOfBlows","WheelKick"],"picked":"SKIP","floor":37},{"not_picked":["CutThroughFate","EmptyFist+1","Halt","JustLucky","MostiFishMod:StarLaLaLa"],"picked":"SKIP","floor":40},{"not_picked":["Study","CutThroughFate+1","FollowUp","Halt+1","ThirdEye"],"picked":"SKIP","floor":42},{"not_picked":["Weave+1","Perseverance","Devotion","MostiFishMod:LegendTransform"],"picked":"Adaptation+1","floor":43},{"not_picked":["Weave","FlyingSleeves+1","Vengeance+1","MostiFishMod:Clarity"],"picked":"Vault","floor":44},{"not_picked":["FlyingSleeves","ThirdEye","Nirvana","FlurryOfBlows","WreathOfFlame"],"picked":"SKIP","floor":47},{"not_picked":["FlyingSleeves","MostiFishMod:OutWit","MostiFishMod:StarHerder","ThirdEye+1"],"picked":"MostiFishMod:Speedup+1","floor":48},{"not_picked":["Perseverance","AT_ChampionKick","Evaluate","ThirdEye","Crescendo+1"],"picked":"SKIP","floor":50},{"not_picked":["Consecrate+1","FlyingSleeves+1","AT_RealFormLess+1","AT_ChampionStep","ThirdEye"],"picked":"SKIP","floor":57}],"player_experience":130015,"relics_obtained":[{"floor":0.0,"key":"DemoMod:ClearGuonStone"},{"floor":0.0,"key":"DemoMod:Bottle"},{"floor":0.0,"key":"DianPoetry"},{"floor":1.0,"key":"SynthV:TestCard"},{"floor":7.0,"key":"DemoMod:MonsterBlood"},{"floor":9.0,"key":"The Courier"},{"floor":11.0,"key":"AntiCross"},{"floor":13.0,"key":"ChaoDraw"},{"floor":23,"key":"AT_EbonyIvory"},{"floor":25,"key":"Pen Nib"},{"floor":36,"key":"DemoMod:RatBoots"},{"floor":36,"key":"DemoMod:ResourcefulSack"},{"floor":36,"key":"DemoMod:PartiallyEatenCheese"},{"floor":36,"key":"SacredBark"},{"floor":36,"key":"Fusion Hammer"},{"floor":42,"key":"MagicDraw4"},{"floor":43,"key":"Girya"},{"floor":44,"key":"AT_ArchangelStaff"},{"floor":48,"key":"Yang"},{"floor":50,"key":"Akabeko"},{"floor":57,"key":"Bag of Preparation"}],"event_choices":[{"damage_healed":0.0,"max_hp_gain":0.0,"max_hp_loss":0.0,"gold_gain":0.0,"event_name":"Lab","player_choice":"Got Potions","floor":2.0,"gold_loss":0.0,"damage_taken":0.0},{"cards_removed":["Defend_P"],"damage_healed":0,"gold_gain":0,"player_choice":"Elegance","damage_taken":0,"max_hp_gain":0,"max_hp_loss":0,"event_name":"Back to Basics","floor":20,"gold_loss":0},{"damage_healed":0,"gold_gain":0,"player_choice":"Traded Relic","damage_taken":0,"relics_obtained":["Nloth\u0027s Gift"],"max_hp_gain":0,"max_hp_loss":0,"event_name":"N\u0027loth","floor":21,"relics_lost":["SynthV"],"gold_loss":0},{"damage_healed":0,"gold_gain":0,"player_choice":"Ignored","damage_taken":0,"max_hp_gain":0,"max_hp_loss":0,"event_name":"Ryuuou:Expiration_P","floor":41,"gold_loss":0},{"damage_healed":0,"gold_gain":0,"player_choice":"Fight","damage_taken":0,"max_hp_gain":0,"max_hp_loss":0,"event_name":"Mysterious Sphere","floor":43,"gold_loss":0},{"damage_healed":0,"gold_gain":0,"player_choice":"Embrace Madness","damage_taken":14,"max_hp_gain":0,"max_hp_loss":0,"event_name":"Winding Halls","floor":49,"gold_loss":0,"cards_obtained":["Madness","Madness"]}],"is_beta":false,"boss_relics":[{"not_picked":["EasyGame_NEW","Runic Pyramid"],"picked":"Philosopher\u0027s Stone"},{"not_picked":[]}],"items_purged_floors":[39],"is_endless":false,"potions_floor_spawned":[4,7,10,11,19,23,25,28,30,32,34,37,42,50],"ascension_level":20}}