{"host":"n4fty02wqqi95laq","time":1613881609,"event":{"mods":["BaseMod","Highlight Path","Minty Spire (QoL Compilation)","Quick Restart","Rare Cards Sparkle","StSLib"],"gold_per_floor":[364,364,11,29,46,46,65,65,92,102,117,146,126,136,136,215,215,230,155,155,70,87,87,87,87],"floor_reached":24,"language":"ZHS","playtime":691,"items_purged":["Strike_B"],"score":496,"play_id":"a25f710a-e79b-4bd4-8e41-e487a9bf307c","local_time":"20210221122649","is_ascension_mode":true,"campfire_choices":[{"data":"Tempest","floor":6.0,"key":"SMITH"},{"data":"Streamline","floor":8.0,"key":"SMITH"},{"floor":15.0,"key":"REST"},{"data":"Coolheaded","floor":23.0,"key":"SMITH"}],"circlet_count":0,"master_deck":["AscendersBane","Strike_B","Strike_B","Strike_B","Defend_B","Defend_B","Defend_B","Defend_B","Zap","Dualcast","Tempest+1","Turbo","Streamline+1","Hologram","Capacitor","Skim","Creative AI","Buffer","Self Repair","Core Surge","Coolheaded+1","Seek"],"relics":["Cracked Core","Prayer Wheel","Art of War","Runic Pyramid","Regal Pillow"],"acts_visited":["Exordium","TheCity"],"potions_floor_usage":[24],"damage_taken":[{"damage":3.0,"enemies":"2 Louse","floor":1.0,"turns":3.0},{"damage":0.0,"enemies":"Cultist","floor":4.0,"turns":2.0},{"damage":0.0,"enemies":"Small Slimes","floor":5.0,"turns":2.0},{"damage":6.0,"enemies":"Looter","floor":7.0,"turns":2.0},{"damage":5.0,"enemies":"Exordium Thugs","floor":10.0,"turns":5.0},{"damage":13.0,"enemies":"Blue Slaver","floor":11.0,"turns":3.0},{"damage":32.0,"enemies":"3 Sentries","floor":12.0,"turns":8.0},{"damage":3.0,"enemies":"Gremlin Gang","floor":14.0,"turns":3.0},{"damage":0.0,"enemies":"Slime Boss","floor":16.0,"turns":6.0},{"damage":31.0,"enemies":"Shell Parasite","floor":18.0,"turns":6.0},{"damage":0.0,"enemies":"Chosen","floor":22.0,"turns":4.0},{"damage":42,"enemies":"Shelled Parasite and Fungi","floor":24,"turns":3}],"seed_played":"1880102497448261376","potions_obtained":[{"floor":4.0,"key":"SneckoOil"},{"floor":7.0,"key":"FocusPotion"},{"floor":11.0,"key":"Fire Potion"},{"floor":12.0,"key":"SkillPotion"},{"floor":13.0,"key":"SneckoOil"},{"floor":14.0,"key":"DuplicationPotion"},{"floor":22.0,"key":"Strength Potion"}],"is_trial":false,"path_per_floor":["M","?","$","M","M","R","M","R","T","M","M","E","?","M","R","B",null,"M","$","?","?","M","R","M"],"character_chosen":"DEFECT","items_purchased":["Prayer Wheel","Turbo"],"campfire_rested":1,"item_purchase_floors":[3,3],"current_hp_per_floor":[61,61,61,61,61,61,55,55,55,50,37,5,5,2,21,28,55,31,31,31,31,31,31,0,0],"gold":87,"neow_bonus":"TWO_FIFTY_GOLD","is_daily":false,"chose_seed":false,"campfire_upgraded":3,"win_rate":0.0,"timestamp":1613881609,"path_taken":["M","?","$","M","?","R","M","R","T","M","M","E","?","?","R","BOSS","M","$","?","?","M","R","M"],"items_purchased_type":["Relic","Card"],"build_version":"2020-12-22","purchased_purges":1,"victory":false,"max_hp_per_floor":[64,64,64,64,64,64,64,64,64,64,64,64,64,64,64,64,64,64,64,64,64,64,64,64,64],"card_choices":[{"not_picked":["Leap","Static Discharge","Consume"],"picked":"SKIP","floor":1.0},{"not_picked":["Tempest","Redo"],"picked":"Streamline","floor":4.0},{"not_picked":["Compile Driver","Conserve Battery"],"picked":"Hologram","floor":4.0},{"not_picked":["Reprogram","Rebound","Hologram"],"picked":"SKIP","floor":5.0},{"not_picked":["Force Field","Beam Cell","Aggregate"],"picked":"SKIP","floor":5.0},{"not_picked":["Auto Shields","Conserve Battery","Loop"],"picked":"SKIP","floor":7.0},{"not_picked":["Doom and Gloom","Hologram","Sweeping Beam"],"picked":"SKIP","floor":7.0},{"not_picked":["Auto Shields","Conserve Battery","Loop"],"picked":"SKIP","floor":7.0},{"not_picked":["Doom and Gloom","Hologram","Sweeping Beam"],"picked":"SKIP","floor":7.0},{"not_picked":["Heatsinks","Turbo"],"picked":"Capacitor","floor":10.0},{"not_picked":["Melter","Sweeping Beam"],"picked":"Skim","floor":10.0},{"not_picked":["Double Energy","Fusion"],"picked":"Creative AI","floor":11.0},{"not_picked":["Barrage","Go for the Eyes","Scrape"],"picked":"SKIP","floor":11.0},{"not_picked":["Capacitor","Streamline","Compile Driver"],"picked":"SKIP","floor":12.0},{"not_picked":["Capacitor","Streamline","Compile Driver"],"picked":"SKIP","floor":12.0},{"not_picked":["Turbo","Compile Driver"],"picked":"Buffer","floor":14.0},{"not_picked":["Turbo","Leap"],"picked":"Self Repair","floor":14.0},{"not_picked":["Meteor Strike","Machine Learning"],"picked":"Core Surge","floor":16.0},{"not_picked":["Hologram","Rebound","Sunder"],"picked":"SKIP","floor":18.0},{"not_picked":["Scrape","Beam Cell","Redo"],"picked":"SKIP","floor":18.0},{"not_picked":["Barrage","Stack"],"picked":"Seek","floor":22.0},{"not_picked":["Redo","Coolheaded","Go for the Eyes"],"picked":"SKIP","floor":22.0}],"player_experience":736632,"relics_obtained":[{"floor":12.0,"key":"Art of War"}],"event_choices":[{"damage_healed":0.0,"max_hp_gain":0.0,"max_hp_loss":0.0,"gold_gain":0.0,"event_name":"Match and Keep!","player_choice":"1 cards matched","floor":2.0,"gold_loss":0.0,"damage_taken":0.0,"cards_obtained":["Tempest"]},{"damage_healed":0.0,"max_hp_gain":0.0,"max_hp_loss":0.0,"gold_gain":0.0,"event_name":"The Woman in Blue","player_choice":"Bought 1 Potion","floor":13.0,"gold_loss":0.0,"damage_taken":0.0},{"damage_healed":0.0,"max_hp_gain":0.0,"max_hp_loss":0.0,"gold_gain":0.0,"event_name":"The Library","player_choice":"Read","floor":20.0,"gold_loss":0.0,"damage_taken":0.0,"cards_obtained":["Coolheaded"]},{"damage_healed":0.0,"max_hp_gain":0.0,"max_hp_loss":0.0,"gold_gain":0.0,"event_name":"Addict","player_choice":"Obtained Relic","floor":21.0,"gold_loss":85.0,"damage_taken":0.0,"relics_obtained":["Regal Pillow"]}],"is_beta":false,"boss_relics":[{"not_picked":["Snecko Eye","Busted Crown"],"picked":"Runic Pyramid"}],"items_purged_floors":[19],"is_endless":false,"potions_floor_spawned":[4,7,11,12,14,22],"killed_by":"Shelled Parasite and Fungi","ascension_level":20}}