{"host":"ur8591ivwt16uwtw","time":1613926940,"event":{"mods":["BaseMod","Hubris","Minty Spire (QoL Compilation)","Rare Cards Sparkle","Replay The Spire","StSLib","The Bug Knight","The Cursed","The Disciple","The Hierophant","The Runesmith"],"gold_per_floor":[113,128,144,350,33,33,33,67,67,93,38,66,81,94,94,195,195,206,222,122,141,161,161,181,56,106,137,153,3,3,13,13,112,112,125,140,190,15,25,25,25,25,25,25,40,50,75,94,94,94,94,94,16,42,42,42],"floor_reached":55,"language":"ENG","playtime":3847,"items_purged":["TheCursedMod:Strike_TheCursed","Defend_P","Runesmith:Strike_RS","Runesmith:Strike_RS","Runesmith:Strike_RS"],"score":971,"play_id":"16f2bc62-6d11-4948-857b-876b9eb3fab0","local_time":"20210221180220","is_ascension_mode":false,"campfire_choices":[{"data":"Runesmith:Firewall","floor":6.0,"key":"SMITH"},{"data":"Runesmith:UnlimitedPower","floor":15.0,"key":"SMITH"},{"data":"Runesmith:FissionHammer","floor":23.0,"key":"SMITH"},{"data":"Runesmith:PerfectChisel","floor":32.0,"key":"SMITH"},{"data":"Runesmith:PerfectChisel","floor":40.0,"key":"SMITH"},{"data":"Runesmith:PerfectChisel","floor":42.0,"key":"SMITH"},{"floor":44.0,"key":"RECALL"},{"data":"Runesmith:Strike_RS","floor":52,"key":"PURGE"}],"circlet_count":0,"master_deck":["Runesmith:Defend_RS","Runesmith:Defend_RS+1","Runesmith:Defend_RS","Runesmith:Defend_RS","Runesmith:CraftFirestone+1","Runesmith:Fortify","Runesmith:CraftObretio+1","Runesmith:PerfectChisel+1","Runesmith:Firewall+1","Runesmith:CraftMagma","Runesmith:PerfectChisel+1","Runesmith:EarthShield","Runesmith:UnlimitedPower+1","Runesmith:LithiumIon","Runesmith:Firestorm+1","Runesmith:PerfectChisel+1","Runesmith:FissionHammer+1","Runesmith:PerfectChisel+1","Runesmith:CraftMagma+1","Runesmith:Terraform+1","Runesmith:Terraform+1","Runesmith:LithiumIon+1","Runesmith:CraftMagma+1","Hallucinations","Runesmith:CraftMagma+1","Runesmith:LithiumIon"],"relics":["Runesmith:BrokenRuby","Pocketwatch","Oddly Smooth Stone","Bag of Marbles","Replay:Rubber Ducky","Toy Ornithopter","Mummified Hand","Letter Opener","hubris:VirtuousBlindfold","Anchor","Red Mask","hubris:Towel","Cursed Key","Replay:Multitool","Durian","War Paint"],"acts_visited":["Exordium","TheCity","TheBeyond","TheEnding"],"potions_floor_usage":[55,55,55],"damage_taken":[{"damage":0.0,"enemies":"2 Louse","floor":1.0,"turns":2.0},{"damage":2.0,"enemies":"Small Slimes","floor":2.0,"turns":3.0},{"damage":0.0,"enemies":"Jaw Worm","floor":3.0,"turns":3.0},{"damage":9.0,"enemies":"3 Sentries","floor":8.0,"turns":6.0},{"damage":0.0,"enemies":"Lagavulin","floor":10.0,"turns":8.0},{"damage":17.0,"enemies":"Gremlin Nob","floor":12.0,"turns":4.0},{"damage":0.0,"enemies":"Looter","floor":13.0,"turns":3.0},{"damage":0.0,"enemies":"Blue Slaver","floor":14.0,"turns":4.0},{"damage":0.0,"enemies":"Fading Forest","floor":16.0,"turns":11.0},{"damage":8.0,"enemies":"2 Thieves","floor":18.0,"turns":3.0},{"damage":9.0,"enemies":"Shell Parasite","floor":19.0,"turns":4.0},{"damage":0.0,"enemies":"Snake Plant","floor":21.0,"turns":4.0},{"damage":3.0,"enemies":"Snecko","floor":22.0,"turns":4.0},{"damage":3.0,"enemies":"Centurion and Healer","floor":24.0,"turns":6.0},{"damage":0.0,"enemies":"Masked Bandits","floor":27.0,"turns":2.0},{"damage":0.0,"enemies":"Chosen and Byrds","floor":28.0,"turns":5.0},{"damage":0.0,"enemies":"3 Cultists","floor":31.0,"turns":4.0},{"damage":0.0,"enemies":"Champ","floor":33.0,"turns":8.0},{"damage":8.0,"enemies":"3 Darklings","floor":35.0,"turns":6.0},{"damage":0.0,"enemies":"3 Shapes","floor":36.0,"turns":5.0},{"damage":0.0,"enemies":"Mind Bloom Boss Battle","floor":37.0,"turns":6.0},{"damage":0.0,"enemies":"Sphere and 2 Shapes","floor":39.0,"turns":4.0},{"damage":11.0,"enemies":"Spire Growth","floor":45.0,"turns":5.0},{"damage":0,"enemies":"Maw","floor":46,"turns":6},{"damage":10,"enemies":"Reptomancer","floor":47,"turns":6},{"damage":0,"enemies":"Writhing Mass","floor":48,"turns":5},{"damage":0,"enemies":"Time Eater","floor":50,"turns":12},{"damage":8,"enemies":"Shield and Spear","floor":54,"turns":7},{"damage":79,"enemies":"The Heart","floor":55,"turns":9}],"seed_played":"-8101914537251547577","potions_obtained":[{"floor":1.0,"key":"SteroidPotion"},{"floor":2.0,"key":"AttackPotion"},{"floor":3.0,"key":"LifebloodPotion"},{"floor":13.0,"key":"SpeedPotion"},{"floor":14.0,"key":"Fire Potion"},{"floor":22.0,"key":"Strength Potion"},{"floor":27.0,"key":"AttackPotion"},{"floor":28.0,"key":"DuplicationPotion"},{"floor":47,"key":"DistilledChaos"},{"floor":54,"key":"LiquidMemories"}],"is_trial":false,"path_per_floor":["M","M","M","?","$","R","?","E","T","E","$","E","M","M","R","B",null,"M","M","$","M","M","R","M","$","T","?","M","$","?","M","R","B",null,"M","M","?","$","M","R","?","R","T","R","M","M","E","M","R","B",null,"R","$","E","B"],"character_chosen":"RUNESMITH_CLASS","items_purchased":["Oddly Smooth Stone","Runesmith:PerfectChisel","Runesmith:EarthShield","Runesmith:Firestorm+1","Runesmith:LithiumIon"],"campfire_rested":0,"item_purchase_floors":[5,5,5,11,53],"current_hp_per_floor":[70,68,68,51,51,51,39,30,30,30,30,13,13,13,13,23,70,62,53,53,53,50,50,47,47,47,47,52,52,52,52,52,52,70,62,62,62,62,62,62,62,62,62,62,51,51,46,46,67,71,71,71,71,63,0,0],"gold":42,"neow_bonus":"ONE_RARE_RELIC","is_daily":false,"chose_seed":false,"campfire_upgraded":6,"win_rate":0.0,"timestamp":1613926940,"path_taken":["M","M","M","?","$","R","?","E","T","E","$","E","M","M","R","BOSS","M","M","$","M","M","R","M","$","T","?","M","$","?","M","R","BOSS","M","M","?","$","M","R","?","R","T","R","M","M","E","?","R","BOSS","R","$","E","BOSS"],"items_purchased_type":["Relic","Card","Card","Card","Card"],"build_version":"2020-12-22","purchased_purges":5,"victory":false,"max_hp_per_floor":[70,70,70,70,70,70,70,70,70,70,70,70,70,70,70,70,70,70,70,70,70,70,70,70,70,70,70,70,70,70,70,70,70,70,70,70,70,70,70,70,66,66,66,66,66,66,71,71,71,71,71,71,71,71,71,71],"card_choices":[{"not_picked":["Runesmith:HammerTime","Runesmith:FieryHammer"],"picked":"Runesmith:CraftObretio","floor":1.0},{"not_picked":["Runesmith:GoWithTheFlow","Runesmith:StaticCage"],"picked":"Runesmith:PerfectChisel","floor":2.0},{"not_picked":["Runesmith:Attraction","Runesmith:HammerThrow"],"picked":"Runesmith:Firewall","floor":3.0},{"not_picked":["Runesmith:ChaoticBlast","Runesmith:HammerTime"],"picked":"Runesmith:CraftMagma","floor":4.0},{"not_picked":["Runesmith:CraftSpiculum","Runesmith:Repurpose"],"picked":"Runesmith:UnlimitedPower","floor":8.0},{"not_picked":["Runesmith:NanitesCloud","Runesmith:CraftProtectio"],"picked":"Runesmith:LithiumIon","floor":10.0},{"not_picked":["Runesmith:EnergizedChisel","Runesmith:HeatExchange","Runesmith:MakeshiftArmor"],"picked":"SKIP","floor":12.0},{"not_picked":["Runesmith:NanitesCloud","Runesmith:BackupBattery","Runesmith:FissionHammer"],"picked":"SKIP","floor":13.0},{"not_picked":["Runesmith:NanitesCloud","Runesmith:MakeshiftArmor"],"picked":"Runesmith:PerfectChisel","floor":14.0},{"not_picked":["Runesmith:LightningRod","Runesmith:ReplicatingBarrier"],"picked":"Runesmith:FissionHammer","floor":16.0},{"not_picked":["Runesmith:Attraction+1","Runesmith:EarthShield+1"],"picked":"Runesmith:PerfectChisel+1","floor":18.0},{"not_picked":["Runesmith:HeatedChisel","Runesmith:Overpower"],"picked":"Runesmith:CraftMagma+1","floor":19.0},{"not_picked":["Runesmith:PoweredAnvil","Runesmith:HammerThrow"],"picked":"Runesmith:Terraform+1","floor":21.0},{"not_picked":["Runesmith:StaticCage","Runesmith:BackupBattery+1"],"picked":"Runesmith:Terraform+1","floor":22.0},{"not_picked":["Runesmith:EnergizedChisel","Runesmith:UnstableHammer+1","Runesmith:PoweredAnvil"],"picked":"SKIP","floor":24.0},{"not_picked":["Runesmith:Malloc+1","Runesmith:RuneHurl"],"picked":"Runesmith:LithiumIon+1","floor":28.0},{"not_picked":["Runesmith:Electrocute+1","Runesmith:ChiselStab","Runesmith:BackupBattery+1"],"picked":"SKIP","floor":31.0},{"not_picked":["Runesmith:Overpower+1","Runesmith:BackupBattery+1"],"picked":"Runesmith:CraftMagma+1","floor":35.0},{"not_picked":["Runesmith:CraftReservo+1","Runesmith:Discharge+1","Runesmith:Repurpose+1"],"picked":"SKIP","floor":36.0},{"not_picked":["Runesmith:CraftVitae","Runesmith:HeatExchange+1","Runesmith:CraftSpiculum+1"],"picked":"SKIP","floor":39.0},{"not_picked":["Runesmith:Repurpose","Runesmith:PerfectChisel"],"picked":"Runesmith:CraftMagma+1","floor":45.0},{"not_picked":["Runesmith:Attraction+1","Runesmith:Malloc+1","Runesmith:ReplicatingBarrier"],"picked":"SKIP","floor":46},{"not_picked":["Runesmith:DoubleUp","Runesmith:CraftMagma+1","Runesmith:Grindstone"],"picked":"SKIP","floor":47},{"not_picked":["Runesmith:Augment","Runesmith:CraftMagma+1","Runesmith:HeatExchange"],"picked":"SKIP","floor":48},{"not_picked":["Runesmith:CraftVitae+1","Runesmith:BackupBattery","Runesmith:OneForEveryone"],"picked":"SKIP","floor":54}],"player_experience":2434215,"relics_obtained":[{"floor":8.0,"key":"Replay:Rubber Ducky"},{"floor":9.0,"key":"Toy Ornithopter"},{"floor":10.0,"key":"Mummified Hand"},{"floor":12.0,"key":"Letter Opener"},{"floor":26.0,"key":"Anchor"},{"floor":27.0,"key":"Red Mask"},{"floor":37.0,"key":"Replay:Multitool"},{"floor":47,"key":"Durian"},{"floor":54,"key":"War Paint"}],"event_choices":[{"damage_healed":0.0,"max_hp_gain":0.0,"max_hp_loss":0.0,"gold_gain":0.0,"event_name":"Scrap Ooze","player_choice":"Success","floor":7.0,"gold_loss":0.0,"damage_taken":12.0,"relics_obtained":["Bag of Marbles"]},{"damage_healed":0.0,"max_hp_gain":0.0,"max_hp_loss":0.0,"gold_gain":0.0,"event_name":"Masked Bandits","player_choice":"Fought Bandits","floor":27.0,"gold_loss":0.0,"damage_taken":0.0},{"damage_healed":0.0,"max_hp_gain":0.0,"max_hp_loss":0.0,"gold_gain":0.0,"event_name":"MindBloom","player_choice":"Fight","floor":37.0,"gold_loss":0.0,"damage_taken":0.0},{"damage_healed":0.0,"max_hp_gain":0.0,"max_hp_loss":4.0,"gold_gain":0.0,"event_name":"Winding Halls","player_choice":"Max HP","floor":41.0,"gold_loss":0.0,"damage_taken":0.0}],"is_beta":false,"boss_relics":[{"not_picked":["Busted Crown","hubris:RunicObelisk"],"picked":"hubris:VirtuousBlindfold"},{"not_picked":["ChewingGum","Runesmith:PocketReactor"],"picked":"Cursed Key"}],"items_purged_floors":[5,20,25,29,38],"is_endless":false,"potions_floor_spawned":[1,2,3,13,14,18,22,27,28,33,37,46,47,48,54],"killed_by":"The Heart","ascension_level":0}}