{"host":"4kmvpqjeiacgn1pr","time":1613929888,"event":{"mods":["A Penny For Your Troubles","AchievementEnabler","AlwaysNeverKeys","Aspiration","BaseMod","Bestiary","Better Altar","Better Match","Better Note","Better Sensory Stone","Better Skull","Better Third Choice","Better Vampires","BetterRewards","Colored Map","Colored Powertips","Conspire","Curses Come First","Downfall","Halation","Highlight Path","Infinite Spire","Minty Spire (QoL Compilation)","Permanent Neow","Quick Restart","Rare Cards Sparkle","Relic Sorter","Relic Stats","Replay The Spire","Reworked Bosses","Shop Mod","Smile Girya","Spicy Shops","Spikes Relics","StSLib","Waifu the Spire"],"gold_per_floor":[117,128,128,89,89,89,122,141,164,188,4,4,39,63,63,169,250,262,286,336,355,370,370,388,397,424,468,468,468,468,482,491,601,601,627,34,60,78,106,132,132,164,191,191,225,225,239,276,285,286],"floor_reached":51,"language":"ENG","playtime":1973,"items_purged":["downfall:Bewildered","Spot Weakness"],"score":1477,"play_id":"af418d83-0856-4c7c-8e03-9740976be97b","local_time":"20210221125128","is_ascension_mode":true,"campfire_choices":[{"floor":6,"key":"REST"},{"floor":12,"key":"REST"},{"data":"Ragnarok","floor":15,"key":"SMITH"},{"data":"Reaper","floor":23,"key":"SMITH"},{"data":"Bash","floor":28,"key":"SMITH"},{"data":"Anger","floor":41,"key":"SMITH"},{"data":"Rampage","floor":46,"key":"SMITH"}],"circlet_count":0,"master_deck":["Bash+1","BarbarianYell+1","Wild Strike","Seeing Red","Perfected Strike","Ragnarok+1","Warcry+1","Pummel+1","Iron Wave","FollowUp","Reaper+1","Rampage+1","Anger+1","Shrug It Off","Double Tap","FollowUp","Crescendo","Sword Boomerang+1","Invigoration+1","Life Link+1","Pommel Strike","Clash","infinitespire:FinalStrike","Corruption","Absolvement","Clash","Heavy Blade+1","Heavy Blade","ReplayTheSpireMod:LeadingStrike+1","Spot Weakness"],"relics":["Replay:M_SmolderingBlood","halation:PinkSoulGem","Replay:Accelerometer","halation:RedSoulGem","ReplayTheSpireMod:Shallot","Brimstone","infinitespire:Cubic Diamond","Strawberry","betterThird:SlimedRelic","halation:EternalFortune","Replay:Mystery Machine","CeramicFish","Potion Belt","halation:Toothbrush","Pandora\u0027s Box","Charon\u0027s Ashes","sneckomod:BabySnecko","Ancient Tea Set","War Paint","Sandwich","Black Star","Nunchaku","halation:LostSnail","infinitespire:Lychee Nut","Blood Vial","Replay:Baseball","StrikeDummy","Centennial Puzzle","SpikesRelics:DaevaFist","halation:PapillonHeart","Boot","King of Hearts","Toy Ornithopter"],"acts_visited":["TheCity","TheBeyond"],"potions_floor_usage":[16,27,38,38,40],"damage_taken":[{"damage":6.0,"enemies":"2 Louse","floor":1.0,"turns":2.0},{"damage":2.0,"enemies":"Small Slimes","floor":2.0,"turns":3.0},{"damage":30,"enemies":"Lagavulin","floor":7,"turns":4},{"damage":2,"enemies":"Jaw Worm","floor":8,"turns":3},{"damage":0,"enemies":"Blue Slaver","floor":10,"turns":1},{"damage":0,"enemies":"Gremlin Nob","floor":13,"turns":2},{"damage":10,"enemies":"Exordium Wildlife","floor":14,"turns":2},{"damage":26,"enemies":"Hexaghost","floor":16,"turns":4},{"damage":23,"enemies":"conspire:FuzzyDice","floor":18,"turns":4},{"damage":0,"enemies":"3 Byrds","floor":19,"turns":1},{"damage":0,"enemies":"Shelled Parasite and Fungi","floor":21,"turns":1},{"damage":0,"enemies":"3 Cultists","floor":22,"turns":2},{"damage":0,"enemies":"Gremlin Leader","floor":27,"turns":2},{"damage":0,"enemies":"Centurion and Healer","floor":31,"turns":1},{"damage":5,"enemies":"bossMod:newCollector","floor":33,"turns":3},{"damage":9,"enemies":"Orb Walker","floor":35,"turns":2},{"damage":0,"enemies":"3 Darklings","floor":37,"turns":1},{"damage":6,"enemies":"4 Shapes","floor":38,"turns":2},{"damage":21,"enemies":"Jaw Worm Horde","floor":39,"turns":3},{"damage":0,"enemies":"R_Hoarder","floor":40,"turns":3},{"damage":0,"enemies":"Nemesis","floor":42,"turns":1},{"damage":14,"enemies":"R_Hoarder","floor":45,"turns":4},{"damage":0,"enemies":"Spire Growth","floor":47,"turns":1},{"damage":0,"enemies":"conspire:MimicChest","floor":48,"turns":2},{"damage":41,"enemies":"bossMod:newShapes","floor":50,"turns":4}],"seed_played":"8319185493637966022","potions_obtained":[{"floor":8,"key":"Dexterity Potion"},{"floor":13,"key":"Ancient Potion"},{"floor":14,"key":"champ:CounterPotion"},{"floor":16,"key":"SkillPotion"},{"floor":21,"key":"Strength Potion"},{"floor":27,"key":"Energy Potion"},{"floor":33,"key":"Energy Potion"},{"floor":39,"key":"champ:CounterPotion"},{"floor":42,"key":"BlessingOfTheForge"},{"floor":45,"key":"SkillPotion"}],"is_trial":false,"path_per_floor":["M","M","?","?","?","R","E","M","T","M","$","R","E","M","R","B",null,"M","M","?","M","M","R","?","?","T","E","R","?","AVR","M","R_BF","B",null,"M","$","M","M","M","E","R","E","T","?","E","R","M","?","R_BF","B",null],"character_chosen":"IRONCLAD","items_purchased":["Brimstone","ReplayTheSpireMod:Shallot","Strawberry","Pummel+1","Potion Belt","Nunchaku","halation:LostSnail","infinitespire:Lychee Nut"],"campfire_rested":2,"item_purchase_floors":[0,0,0,11,11,36,36,36],"current_hp_per_floor":[30,28,28,17,20,47,17,15,15,15,15,42,42,32,32,6,69,70,70,33,46,93,93,99,99,99,99,99,99,102,102,76,85,98,89,78,81,75,74,79,79,81,81,77,64,64,66,71,74,78],"gold":286,"neow_bonus":"","is_daily":false,"chose_seed":false,"campfire_upgraded":5,"win_rate":0.0,"timestamp":1613929888,"path_taken":["M","M","?","?","?","R","E","M","T","M","?","R","E","M","R","BOSS","M","M","?","?","M","R","?","?","T","E","R","?","AVR","?","R_BF","BOSS","M","$","M","M","M","E","R","E","T","?","E","R","M","?","R_BF","BOSS"],"items_purchased_type":["Relic","Relic","Relic","Card","Relic","Relic","Relic","Relic"],"build_version":"2020-12-22","purchased_purges":2,"victory":true,"max_hp_per_floor":[87,87,87,87,90,90,90,90,90,90,90,90,90,90,90,90,90,93,93,93,93,93,93,99,99,99,99,99,99,102,102,102,102,102,102,78,81,81,81,81,81,81,81,77,77,77,77,77,80,80],"relic_stats":{"Blood Vial":8,"Nunchaku":[5],"Centennial Puzzle":[6],"counters":[52,148],"CeramicFish":261,"Pandora\u0027s Box":["Rampage","Defy Death","Anger","Shrug It Off","Power Through","Infernal Blade","Double Tap","FollowUp","Crescendo"],"Charon\u0027s Ashes":[133],"Black Star":3,"War Paint":["Warcry","BarbarianYell"],"Boot":[4],"obtain_stats":[{"Replay:Accelerometer":30,"CeramicFish":9,"infinitespire:Cubic Diamond":0,"Boot":45,"halation:RedSoulGem":3,"Blood Vial":40,"Centennial Puzzle":42,"Strawberry":0,"MealTicket":19,"infinitespire:Golems Mask":19,"Iron Hammer":25,"hexamod:SpiritBrand":13,"LugNut":19,"Girya":44,"aspiration:Nostalgia":13,"ReplayTheSpireMod:CursedCoin":24,"Oddly Smooth Stone":16,"Charon\u0027s Ashes":20,"Replay:Ancient Bell":19,"infinitespire:Magic Flask":50,"War Paint":27,"Replay:Baseball":40,"ReplayTheSpireMod:Shallot":0,"Brimstone":0,"infinitespire:Lychee Nut":36,"Pandora\u0027s Box":17,"infinitespire:EmpoweringShard":9,"Black Star":34,"StrikeDummy":42,"Pocketwatch":21,"ReplayFunnel":43,"Regal Pillow":46,"halation:PapillonHeart":44,"Black Blood":21,"StoneCalendar":24,"King of Hearts":45,"Replay:Multitool":12,"Juzu Bracelet":32,"HeavenlyBonsai":6,"Replay:Mystery Machine":7,"Ancient Tea Set":26,"Burning Blood":0,"Nunchaku":36,"Replay:M_SmolderingBlood":0,"WingedGreaves":39,"halation:Toothbrush":13,"Replay:Bottled Snecko":47,"BicycleWheel":27,"Gremlin Food":8,"Potion Belt":26,"infinitespire:CheckeredPen":28,"Medical Kit":39,"White Beast Statue":2,"Sandwich":30,"Strange Spoon":24,"sneckomod:BabySnecko":25,"betterThird:SlimedRelic":4,"halation:EternalFortune":5,"infinitespire:Burning Sword":36,"SpikesRelics:DaevaFist":43,"halation:LostSnail":36,"halation:PinkSoulGem":40,"Toy Ornithopter":48},{"Replay:Accelerometer":40,"CeramicFish":31,"infinitespire:Cubic Diamond":27,"Boot":49,"halation:RedSoulGem":29,"Blood Vial":47,"Centennial Puzzle":48,"Strawberry":27,"MealTicket":10,"infinitespire:Golems Mask":10,"Iron Hammer":12,"hexamod:SpiritBrand":8,"LugNut":10,"Girya":21,"aspiration:Nostalgia":8,"ReplayTheSpireMod:CursedCoin":11,"Oddly Smooth Stone":9,"Charon\u0027s Ashes":37,"Replay:Ancient Bell":10,"infinitespire:Magic Flask":26,"War Paint":40,"Replay:Baseball":47,"ReplayTheSpireMod:Shallot":27,"Brimstone":27,"infinitespire:Lychee Nut":43,"Pandora\u0027s Box":35,"infinitespire:EmpoweringShard":6,"Black Star":42,"StrikeDummy":48,"Pocketwatch":11,"ReplayFunnel":21,"Regal Pillow":22,"halation:PapillonHeart":48,"Black Blood":11,"StoneCalendar":11,"King of Hearts":49,"Replay:Multitool":8,"Juzu Bracelet":16,"HeavenlyBonsai":5,"Replay:Mystery Machine":30,"Ancient Tea Set":39,"Burning Blood":0,"Nunchaku":43,"Replay:M_SmolderingBlood":27,"WingedGreaves":19,"halation:Toothbrush":33,"Replay:Bottled Snecko":23,"BicycleWheel":13,"Gremlin Food":6,"Potion Belt":12,"infinitespire:CheckeredPen":13,"Medical Kit":19,"White Beast Statue":1,"Sandwich":40,"Strange Spoon":11,"sneckomod:BabySnecko":39,"betterThird:SlimedRelic":29,"halation:EternalFortune":29,"infinitespire:Burning Sword":18,"SpikesRelics:DaevaFist":48,"halation:LostSnail":43,"halation:PinkSoulGem":19,"Toy Ornithopter":51},{"Replay:Accelerometer":121,"CeramicFish":102,"infinitespire:Cubic Diamond":90,"Boot":141,"halation:RedSoulGem":95,"Blood Vial":136,"Centennial Puzzle":137,"Strawberry":90,"MealTicket":34,"infinitespire:Golems Mask":34,"Iron Hammer":43,"hexamod:SpiritBrand":21,"LugNut":34,"Girya":73,"aspiration:Nostalgia":21,"ReplayTheSpireMod:CursedCoin":38,"Oddly Smooth Stone":25,"Charon\u0027s Ashes":116,"Replay:Ancient Bell":34,"infinitespire:Magic Flask":86,"War Paint":121,"Replay:Baseball":136,"ReplayTheSpireMod:Shallot":90,"Brimstone":90,"infinitespire:Lychee Nut":127,"Pandora\u0027s Box":111,"infinitespire:EmpoweringShard":14,"Black Star":125,"StrikeDummy":137,"Pocketwatch":38,"ReplayFunnel":73,"Regal Pillow":75,"halation:PapillonHeart":137,"Black Blood":38,"StoneCalendar":38,"King of Hearts":141,"Replay:Multitool":21,"Juzu Bracelet":57,"HeavenlyBonsai":11,"Replay:Mystery Machine":99,"Ancient Tea Set":119,"Burning Blood":0,"Nunchaku":127,"Replay:M_SmolderingBlood":90,"WingedGreaves":68,"halation:Toothbrush":105,"Replay:Bottled Snecko":80,"BicycleWheel":48,"Gremlin Food":14,"Potion Belt":43,"infinitespire:CheckeredPen":48,"Medical Kit":68,"White Beast Statue":3,"Sandwich":121,"Strange Spoon":38,"sneckomod:BabySnecko":119,"betterThird:SlimedRelic":95,"halation:EternalFortune":95,"infinitespire:Burning Sword":66,"SpikesRelics:DaevaFist":137,"halation:LostSnail":127,"halation:PinkSoulGem":68,"Toy Ornithopter":144}],"Toy Ornithopter":0},"card_choices":[{"not_picked":["BarbarianYell","ReplayTheSpireMod:Strike From Hell"],"picked":"Wild Strike","floor":1.0},{"not_picked":["True Grit","Bloodletting"],"picked":"Seeing Red","floor":2.0},{"not_picked":["Headbutt","CrushJoints"],"picked":"Perfected Strike","floor":7},{"not_picked":["Combust","Dual Wield"],"picked":"Ragnarok","floor":8},{"not_picked":["BowlingBash","EmptyFist"],"picked":"Warcry","floor":10},{"not_picked":["Disarm","CrushJoints"],"picked":"Iron Wave","floor":13},{"not_picked":["Thunderclap","ReplayTheSpireMod:Corrosion Curse"],"picked":"FollowUp","floor":14},{"not_picked":["Juggernaut","Corruption"],"picked":"Reaper","floor":16},{"not_picked":["True Grit+1","Intimidate","Body Slam"],"picked":"SKIP","floor":18},{"not_picked":["Cleave","Havoc"],"picked":"Sword Boomerang+1","floor":19},{"not_picked":["True Grit","Armaments+1"],"picked":"Invigoration+1","floor":20},{"not_picked":["Thunderclap","conspire:ExplosiveBarrier+1"],"picked":"Life Link+1","floor":21},{"not_picked":["Warcry","Run Through","Sword Boomerang"],"picked":"SKIP","floor":22},{"not_picked":["ReplayTheSpireMod:Strike From Hell","Shockwave"],"picked":"Clash","floor":27},{"not_picked":["Impervious","BarbarianYell","Entrench"],"picked":"SKIP","floor":31},{"not_picked":["infinitespire:FutureSight","infinitespire:Fortify"],"picked":"infinitespire:FinalStrike","floor":32},{"not_picked":["Demonic Infusion","Offering"],"picked":"Corruption","floor":33},{"not_picked":["Heavy Blade+1","BarbarianYell+1"],"picked":"Absolvement","floor":35},{"not_picked":["Battle Trance+1","Clothesline"],"picked":"Clash","floor":37},{"not_picked":["Defy Death","Rupture","Run Through+1"],"picked":"SKIP","floor":38},{"not_picked":["Anger+1","ReplayTheSpireMod:LeadingStrike"],"picked":"Heavy Blade+1","floor":39},{"not_picked":["Iron Wave","Headbutt+1","Pommel Strike+1"],"picked":"SKIP","floor":40},{"not_picked":["Life Link","Pommel Strike","Disarm"],"picked":"SKIP","floor":42},{"not_picked":["Life Link","Pommel Strike","Disarm"],"picked":"SKIP","floor":42},{"not_picked":["Armaments+1","Wild Strike"],"picked":"Heavy Blade","floor":45},{"not_picked":["ReplayTheSpireMod:Strike From Hell+1","Feel No Pain","Body Slam"],"picked":"SKIP","floor":47},{"not_picked":["Seeing Red+1","Rupture"],"picked":"ReplayTheSpireMod:LeadingStrike+1","floor":48}],"player_experience":497965,"relics_obtained":[{"floor":7,"key":"Replay:Mystery Machine"},{"floor":9,"key":"CeramicFish"},{"floor":13,"key":"halation:Toothbrush"},{"floor":18,"key":"halation:EternalFortune"},{"floor":20,"key":"Charon\u0027s Ashes"},{"floor":26,"key":"Ancient Tea Set"},{"floor":27,"key":"War Paint"},{"floor":37,"key":"halation:EternalFortune"},{"floor":40,"key":"Blood Vial"},{"floor":40,"key":"Replay:Baseball"},{"floor":42,"key":"StrikeDummy"},{"floor":42,"key":"Centennial Puzzle"},{"floor":43,"key":"SpikesRelics:DaevaFist"},{"floor":45,"key":"Boot"},{"floor":45,"key":"King of Hearts"},{"floor":48,"key":"Toy Ornithopter"}],"event_choices":[{"damage_healed":0,"gold_gain":0,"player_choice":"Slimed","damage_taken":11,"max_hp_gain":0,"max_hp_loss":0,"event_name":"betterThird:BetterGoop","floor":4,"gold_loss":39},{"damage_healed":0,"gold_gain":0,"cards_transformed":["Infernal Blade","Power Through"],"player_choice":"Became Test Subject","damage_taken":0,"max_hp_gain":0,"max_hp_loss":0,"event_name":"Drug Dealer","floor":24,"gold_loss":0,"cards_obtained":["Pommel Strike","Spot Weakness"]},{"damage_healed":0,"gold_gain":0,"player_choice":"Bought 0 Potions","damage_taken":0,"max_hp_gain":0,"max_hp_loss":0,"event_name":"The Woman in Blue","floor":29,"gold_loss":0}],"is_beta":false,"boss_relics":[{"not_picked":["ReplayTheSpireMod:DimensionalGlitch","Runic Dome"],"picked":"Pandora\u0027s Box"},{"not_picked":["Snecko Eye","CosmicIsotope"],"picked":"Black Star"}],"items_purged_floors":[30,36],"is_endless":false,"potions_floor_spawned":[8,13,14,16,21,27,33,39,42,45],"ascension_level":6}}