{"host":"bczg3e1yq3rp3pkk","time":1613920720,"event":{"mods":["100% Spire Juice","ATMod(阿瑾Mod)","Act Like it!","Aspiration","BaseMod","Conspire","Hermit","KinomotoSakuraMod(木之本樱)","Marisa（F雨　魔理沙）","Marked Mod","Minty Spire (QoL Compilation)","Quick Restart","Reliquary","Replay The Spire","RumiaBox-露米娅的神秘盒子","Ryuuou龙王","SOS（斯巴达之子）","Shop Mod","StSLib","The Blackbeard","The Bug Knight","The Construct","The Hierophant","The Servant 0.9.4","Warlord Emblem","[GremlinLeader]The Maniac","【功能Mod】混沌之环修复补丁","【遗物卡牌】REMEMod"],"gold_per_floor":[110,122,134,197,209,209,228,228,228,247,282,296,311,325,325,422,422,465,482,501,516,516,516],"floor_reached":22,"language":"ZHS","playtime":1301,"items_purged":[],"score":221,"play_id":"ea49f19a-189f-4a9d-a66d-e16b7b77dca0","local_time":"20210221231840","is_ascension_mode":false,"campfire_choices":[{"data":"Armaments","floor":6,"key":"SMITH"},{"data":"AT_ChampionKick","floor":8,"key":"SMITH"},{"data":"Replay:Undeath\u0027s Touch","floor":15,"key":"SMITH"}],"circlet_count":0,"master_deck":["Strike_R","Strike_R","Strike_R","Strike_R","Strike_R","Defend_R","Defend_R","Defend_R","Defend_R","Bash","AT_ChampionKick+1","Twin Strike","Iron Wave","ReplayTheSpireMod:Muscle Training","Armaments+1","Battle Trance","Berserk","Shrug It Off","Replay:Undeath\u0027s Touch+1","Evolve","conspire:HitWhereItHurts","Burning Pact","Searing Blow","Sentinel","Sentinel"],"relics":["Burning Blood","REME_ComplimentaryCards","AT_ATBox","Boot","AddBug","SecretRecord","SecretRecord","SecretRecord","SecretRecord"],"acts_visited":["Exordium","TheCity"],"potions_floor_usage":[4,5,11,11,18,19,20,21],"damage_taken":[{"damage":2,"enemies":"Small Slimes","floor":1,"turns":3},{"damage":1,"enemies":"Cultist","floor":2,"turns":3},{"damage":0,"enemies":"2 Louse","floor":3,"turns":3},{"damage":24,"enemies":"Gremlin Gang","floor":5,"turns":5},{"damage":5,"enemies":"Looter","floor":7,"turns":3},{"damage":10,"enemies":"Lots of Slimes","floor":10,"turns":3},{"damage":0,"enemies":"3 Sentries","floor":11,"turns":2},{"damage":1,"enemies":"Exordium Thugs","floor":12,"turns":3},{"damage":5,"enemies":"Looter","floor":13,"turns":2},{"damage":10,"enemies":"Large Slime","floor":14,"turns":2},{"damage":30,"enemies":"The Guardian","floor":16,"turns":8},{"damage":29,"enemies":"conspire:FuzzyDice","floor":18,"turns":4},{"damage":18,"enemies":"Shell Parasite","floor":19,"turns":4},{"damage":7,"enemies":"Cultist and Chosen","floor":20,"turns":4},{"damage":41,"enemies":"Shelled Parasite and Fungi","floor":21,"turns":4},{"damage":21,"enemies":"3 Cultists","floor":22,"turns":3}],"seed_played":"1768695300142100371","potions_obtained":[{"floor":3,"key":"Strength Potion"},{"floor":4,"key":"REME_GoldPotion"},{"floor":4,"key":"Strength Potion"},{"floor":4,"key":"Adrenaline Potion"},{"floor":10,"key":"ColorlessPotion"},{"floor":12,"key":"PowerPotion"},{"floor":13,"key":"REME_GoldPotion"},{"floor":19,"key":"Regen Potion"}],"is_trial":false,"path_per_floor":["M","M","M","?","M","R","M","R","T","M","E","M","M","M","R","B",null,"M","M","M","M","M"],"character_chosen":"IRONCLAD","items_purchased":[],"campfire_rested":0,"item_purchase_floors":[],"current_hp_per_floor":[80,80,80,60,42,42,43,43,43,39,45,50,51,47,47,23,80,57,45,56,21,0,0],"gold":516,"neow_bonus":"RANDOM_COMMON_RELIC","is_daily":false,"chose_seed":false,"campfire_upgraded":3,"win_rate":0.0,"timestamp":1613920720,"path_taken":["M","M","M","?","M","R","M","R","T","M","E","M","M","M","R","BOSS","M","M","?","M","M"],"items_purchased_type":[],"build_version":"2020-12-22","purchased_purges":0,"victory":false,"max_hp_per_floor":[80,80,80,80,80,80,80,80,80,80,80,80,80,80,80,80,80,80,80,80,80,80,80],"card_choices":[{"not_picked":["ReplayTheSpireMod:Strike From Hell","Clash"],"picked":"Twin Strike","floor":1},{"not_picked":["Sentinel","Havoc","AT_BodySlamDance"],"picked":"SKIP","floor":2},{"not_picked":["Thunderclap","Clothesline"],"picked":"Iron Wave","floor":3},{"not_picked":["Run Through","Combust"],"picked":"ReplayTheSpireMod:Muscle Training","floor":4},{"not_picked":["Pommel Strike","Wild Strike"],"picked":"Armaments","floor":5},{"not_picked":["Replay:Undeath\u0027s Touch","Abandon"],"picked":"Battle Trance","floor":7},{"not_picked":["Flex","Run Through","True Grit"],"picked":"SKIP","floor":10},{"not_picked":["Juggernaut","Burning Pact"],"picked":"Berserk","floor":11},{"not_picked":["Sever Soul","Entrench"],"picked":"Shrug It Off","floor":12},{"not_picked":["AT_CaressingTears","Clothesline"],"picked":"Replay:Undeath\u0027s Touch","floor":13},{"not_picked":["Clash","Havoc"],"picked":"Evolve","floor":14},{"not_picked":["AT_Dispersion","Reaper"],"picked":"conspire:HitWhereItHurts","floor":16},{"not_picked":["Intimidate","Iron Wave"],"picked":"Burning Pact","floor":18},{"not_picked":["Anger","Pommel Strike"],"picked":"Searing Blow","floor":19},{"not_picked":["Iron Wave+1","Clash+1"],"picked":"Sentinel","floor":20},{"not_picked":["Shrug It Off+1","Replay:Undeath\u0027s Touch+1"],"picked":"Sentinel","floor":21}],"player_experience":394758,"relics_obtained":[{"floor":1,"key":"AddBug"},{"floor":9,"key":"Mercury Hourglass"},{"floor":11,"key":"SecretRecord"},{"floor":11,"key":"Sundial"},{"floor":12,"key":"SecretRecord"},{"floor":19,"key":"SecretRecord"}],"event_choices":[],"is_beta":false,"boss_relics":[{"not_picked":["aspiration:RunicSpoon","Tiny House"],"picked":"Astrolabe"}],"items_purged_floors":[],"is_endless":false,"potions_floor_spawned":[3,10,12,13,18,19],"killed_by":"3 Cultists","ascension_level":0}}