{"host":"1avr1135to2copjv","time":1613889508,"event":{"mods":["BaseMod","Colored Map","Colored Powertips","Filter the Spire","Minty Spire (QoL Compilation)","Relic Stats","StSLib","The Servant 0.9.4"],"gold_per_floor":[110,110,121,131,131,131,156,156,179,32,45,45,81,100,100,225,225,240,240,8,31,31,31,31,31,43,55,80,128,140,195,207,350,362,394,469,150,150,165,165,181,214,214,245,245,245,278,296,296,296,296,296,2,37,37],"floor_reached":56,"language":"ENG","playtime":2767,"items_purged":["Envenom","Shame"],"score":1610,"play_id":"82ffee77-a102-4acf-851c-977c68edf681","local_time":"20210221093828","is_ascension_mode":true,"campfire_choices":[{"data":"Neutralize","floor":6,"key":"SMITH"},{"floor":12,"key":"REST"},{"floor":15,"key":"REST"},{"data":"Wraith Form v2","floor":23,"key":"SMITH"},{"floor":30,"key":"REST"},{"floor":32,"key":"REST"},{"floor":40,"key":"RECALL"},{"data":"Footwork","floor":45,"key":"SMITH"},{"data":"After Image","floor":49,"key":"SMITH"},{"data":"Envenom","floor":52,"key":"SMITH"}],"circlet_count":0,"master_deck":["Survivor","Neutralize+1","Escape Plan","Storm of Steel+1","Slice","Glass Knife","Envenom+1","Wraith Form v2+1","Setup","Riddle With Holes","Blade Dance","Deadly Poison","Dagger Throw","Backflip","Deflect","Backflip","Flying Knee","Night Terror","Cloak And Dagger","Crippling Poison","Accuracy","Burst+1","Backstab","Acrobatics","Corpse Explosion","Terror+1","Adrenaline","Cloak And Dagger+1","PiercingWail+1","Backflip+1","Outmaneuver+1","After Image+1","Wraith Form v2","Blade Dance+1","Footwork+1","Footwork+1","Chrysalis","Accuracy+1","Concentrate+1","Blur","PiercingWail+1","Catalyst+1","Catalyst"],"relics":["Pandora\u0027s Box","Golden Idol","Vajra","Dream Catcher","Orrery","Lizard Tail","Runic Pyramid","MawBank","Ornamental Fan","Potion Belt","Bird Faced Urn","Cursed Key","FossilizedHelix","Snake Skull","Pen Nib","Gremlin Horn","Paper Crane","Sling","Centennial Puzzle","Letter Opener"],"acts_visited":["Exordium","TheCity","TheBeyond","TheEnding"],"potions_floor_usage":[31,50,55],"damage_taken":[{"damage":12,"enemies":"Jaw Worm","floor":1,"turns":2},{"damage":0,"enemies":"2 Louse","floor":3,"turns":1},{"damage":12,"enemies":"Small Slimes","floor":4,"turns":2},{"damage":8,"enemies":"Blue Slaver","floor":7,"turns":2},{"damage":0,"enemies":"2 Fungi Beasts","floor":11,"turns":2},{"damage":14,"enemies":"3 Sentries","floor":13,"turns":5},{"damage":11,"enemies":"Lots of Slimes","floor":14,"turns":3},{"damage":0,"enemies":"Slime Boss","floor":16,"turns":5},{"damage":1,"enemies":"3 Byrds","floor":18,"turns":3},{"damage":10,"enemies":"Shell Parasite","floor":21,"turns":3},{"damage":12,"enemies":"Centurion and Healer","floor":28,"turns":5},{"damage":13,"enemies":"Book of Stabbing","floor":29,"turns":3},{"damage":34,"enemies":"Slavers","floor":31,"turns":2},{"damage":2,"enemies":"Automaton","floor":33,"turns":8},{"damage":0,"enemies":"Orb Walker","floor":35,"turns":4},{"damage":0,"enemies":"Mind Bloom Boss Battle","floor":36,"turns":6},{"damage":9,"enemies":"3 Shapes","floor":39,"turns":5},{"damage":0,"enemies":"3 Darklings","floor":41,"turns":4},{"damage":10,"enemies":"Nemesis","floor":42,"turns":7},{"damage":0,"enemies":"Giant Head","floor":44,"turns":4},{"damage":0,"enemies":"Reptomancer","floor":47,"turns":6},{"damage":18,"enemies":"Writhing Mass","floor":48,"turns":5},{"damage":28,"enemies":"Time Eater","floor":50,"turns":11},{"damage":14,"enemies":"Shield and Spear","floor":54,"turns":5},{"damage":38,"enemies":"The Heart","floor":55,"turns":11}],"seed_played":"3283947188043496278","potions_obtained":[{"floor":7,"key":"Strength Potion"},{"floor":13,"key":"SpeedPotion"},{"floor":14,"key":"AttackPotion"},{"floor":28,"key":"Regen Potion"},{"floor":31,"key":"SteroidPotion"},{"floor":35,"key":"DuplicationPotion"},{"floor":39,"key":"SteroidPotion"},{"floor":48,"key":"DistilledChaos"}],"is_trial":false,"path_per_floor":["M","?","M","M","?","R","M","?","T","$","M","R","E","M","R","B",null,"M","?","$","M","$","R","?","?","T","T","M","E","R","E","R","B",null,"M","?","$","?","M","R","M","E","T","E","R","?","E","M","R","B",null,"R","$","E","B",null],"character_chosen":"THE_SILENT","items_purchased":["Orrery","Adrenaline","Snake Skull","Footwork","Sling","Centennial Puzzle"],"campfire_rested":4,"item_purchase_floors":[10,20,37,37,53,53],"current_hp_per_floor":[58,44,44,32,32,32,24,21,21,21,21,40,26,15,34,34,65,64,64,64,54,54,54,54,54,54,54,42,29,48,23,42,48,65,65,65,65,65,62,62,65,65,65,65,65,75,75,65,65,51,75,75,75,69,46],"gold":37,"neow_bonus":"BOSS_RELIC","is_daily":false,"chose_seed":false,"campfire_upgraded":5,"win_rate":0.0,"timestamp":1613889508,"path_taken":["M","?","M","M","?","R","M","?","T","?","M","R","E","M","R","BOSS","M","?","$","?","?","R","?","?","T","?","M","E","R","E","R","BOSS","M","?","$","?","M","R","?","E","T","E","R","?","E","?","R","BOSS","R","$","E","BOSS"],"items_purchased_type":["Relic","Card","Relic","Card","Relic","Relic"],"build_version":"2020-12-22","purchased_purges":2,"victory":true,"max_hp_per_floor":[70,70,70,70,65,65,65,65,65,65,65,65,65,65,65,65,65,65,65,65,65,65,65,65,65,65,65,65,65,65,65,65,65,65,65,65,65,65,65,65,65,65,65,65,65,75,75,75,75,75,75,75,75,75,75],"relic_stats":{"Gremlin Horn":[5,5],"counters":[25,114],"Golden Idol":202,"Snake Skull":[94],"Pen Nib":[8],"Letter Opener":[20],"MawBank":144,"Cursed Key":0,"Dream Catcher":4,"Lizard Tail":0,"Centennial Puzzle":[6],"Ornamental Fan":[220],"Bird Faced Urn":[72],"Pandora\u0027s Box":["Escape Plan","Storm of Steel","Slice","Glass Knife","Envenom","Wraith Form v2","Setup","Riddle With Holes","Envenom","Unload"],"obtain_stats":[{"Potion Belt":29,"Gremlin Horn":44,"Golden Idol":5,"Vajra":8,"Snake Skull":37,"Pen Nib":42,"Letter Opener":54,"Paper Crane":47,"MawBank":25,"Cursed Key":34,"Sling":53,"Dream Catcher":9,"Lizard Tail":13,"Centennial Puzzle":53,"Ornamental Fan":26,"Bird Faced Urn":31,"Orrery":10,"Pandora\u0027s Box":0,"FossilizedHelix":36,"Ring of the Snake":0,"Runic Pyramid":17},{"Potion Belt":12,"Gremlin Horn":20,"Golden Idol":3,"Vajra":4,"Snake Skull":16,"Pen Nib":19,"Letter Opener":24,"Paper Crane":21,"MawBank":10,"Cursed Key":14,"Sling":23,"Dream Catcher":4,"Lizard Tail":6,"Centennial Puzzle":23,"Ornamental Fan":10,"Bird Faced Urn":13,"Orrery":4,"Pandora\u0027s Box":0,"FossilizedHelix":16,"Ring of the Snake":0,"Runic Pyramid":8},{"Potion Belt":36,"Gremlin Horn":76,"Golden Idol":5,"Vajra":7,"Snake Skull":56,"Pen Nib":72,"Letter Opener":103,"Paper Crane":82,"MawBank":28,"Cursed Key":46,"Sling":98,"Dream Catcher":7,"Lizard Tail":14,"Centennial Puzzle":98,"Ornamental Fan":28,"Bird Faced Urn":38,"Orrery":7,"Pandora\u0027s Box":0,"FossilizedHelix":56,"Ring of the Snake":0,"Runic Pyramid":22}]},"card_choices":[{"not_picked":["Slice","Prepared"],"picked":"Blade Dance","floor":1},{"not_picked":["Poisoned Stab","Flying Knee"],"picked":"Deadly Poison","floor":3},{"not_picked":["Outmaneuver","Tactician"],"picked":"Dagger Throw","floor":4},{"not_picked":["Deflect","Dagger Spray"],"picked":"Backflip","floor":7},{"not_picked":["Riddle With Holes","Underhanded Strike"],"picked":"Deflect","floor":10},{"not_picked":["Underhanded Strike","Glass Knife"],"picked":"Backflip","floor":10},{"not_picked":["Grand Finale","Backflip"],"picked":"Flying Knee","floor":10},{"not_picked":["Slice","Deadly Poison"],"picked":"Night Terror","floor":10},{"not_picked":["Blade Dance","Dagger Throw"],"picked":"Cloak And Dagger","floor":10},{"not_picked":["Acrobatics","Dodge and Roll"],"picked":"Crippling Poison","floor":11},{"not_picked":["Acrobatics","Flechettes"],"picked":"Accuracy","floor":12},{"not_picked":["Acrobatics","Deadly Poison"],"picked":"Burst","floor":13},{"not_picked":["Acrobatics","Slice"],"picked":"Backstab","floor":14},{"not_picked":["Quick Slash","Deadly Poison"],"picked":"Acrobatics","floor":15},{"not_picked":["Adrenaline","Glass Knife"],"picked":"Corpse Explosion","floor":16},{"not_picked":["Deadly Poison","Deflect+1"],"picked":"Terror+1","floor":18},{"not_picked":["Slice+1","Noxious Fumes"],"picked":"Cloak And Dagger+1","floor":21},{"not_picked":["Setup","Crippling Poison+1"],"picked":"PiercingWail+1","floor":28},{"not_picked":["Escape Plan","Dagger Throw+1"],"picked":"Backflip+1","floor":29},{"not_picked":["Expertise","Underhanded Strike"],"picked":"Outmaneuver+1","floor":30},{"not_picked":["Riddle With Holes+1","Outmaneuver"],"picked":"After Image","floor":31},{"not_picked":["Die Die Die","Bullet Time"],"picked":"Wraith Form v2","floor":33},{"not_picked":["Heel Hook","Underhanded Strike+1"],"picked":"Blade Dance+1","floor":35},{"not_picked":["Bane+1","Underhanded Strike+1"],"picked":"Footwork+1","floor":36},{"not_picked":["Forethought","Jack Of All Trades"],"picked":"Chrysalis","floor":38},{"not_picked":["Flying Knee","Poisoned Stab+1"],"picked":"Accuracy+1","floor":39},{"not_picked":["Quick Slash","Dagger Spray"],"picked":"Concentrate+1","floor":41},{"not_picked":["Masterful Stab+1","Deflect+1"],"picked":"Blur","floor":42},{"not_picked":["Poisoned Stab","Skewer","Riddle With Holes+1"],"picked":"SKIP","floor":44},{"not_picked":["Masterful Stab+1","Deflect+1"],"picked":"PiercingWail+1","floor":47},{"not_picked":["Eviscerate+1","Grand Finale"],"picked":"Catalyst+1","floor":48},{"not_picked":["Bane+1","Dagger Throw"],"picked":"Catalyst","floor":54}],"player_experience":1075859,"relics_obtained":[{"floor":9,"key":"Dream Catcher"},{"floor":13,"key":"Lizard Tail"},{"floor":26,"key":"Ornamental Fan"},{"floor":29,"key":"Potion Belt"},{"floor":31,"key":"Bird Faced Urn"},{"floor":36,"key":"FossilizedHelix"},{"floor":42,"key":"Pen Nib"},{"floor":44,"key":"Gremlin Horn"},{"floor":47,"key":"Paper Crane"},{"floor":54,"key":"Letter Opener"}],"event_choices":[{"damage_healed":0,"gold_gain":0,"player_choice":"Entered Light","damage_taken":14,"max_hp_gain":0,"max_hp_loss":0,"event_name":"Shining Light","floor":2,"gold_loss":0,"cards_upgraded":["Storm of Steel","Unload"]},{"damage_healed":0,"gold_gain":0,"player_choice":"Lose Max HP","damage_taken":0,"relics_obtained":["Golden Idol"],"max_hp_gain":0,"max_hp_loss":5,"event_name":"Golden Idol","floor":5,"gold_loss":0},{"damage_healed":0,"gold_gain":0,"player_choice":"Success","damage_taken":3,"relics_obtained":["Vajra"],"max_hp_gain":0,"max_hp_loss":0,"event_name":"Scrap Ooze","floor":8,"gold_loss":0},{"damage_healed":0,"gold_gain":0,"player_choice":"Upgraded","damage_taken":0,"max_hp_gain":0,"max_hp_loss":0,"event_name":"Upgrade Shrine","floor":19,"gold_loss":0,"cards_upgraded":["Burst"]},{"damage_healed":0,"gold_gain":0,"player_choice":"Ignored","damage_taken":0,"max_hp_gain":0,"max_hp_loss":0,"event_name":"Ghosts","floor":24,"gold_loss":0},{"damage_healed":0,"gold_gain":0,"player_choice":"Stole Relic","damage_taken":0,"relics_obtained":["MawBank"],"max_hp_gain":0,"max_hp_loss":0,"event_name":"Addict","floor":25,"gold_loss":0,"cards_obtained":["Shame"]},{"damage_healed":0,"gold_gain":0,"player_choice":"Fight","damage_taken":0,"max_hp_gain":0,"max_hp_loss":0,"event_name":"MindBloom","floor":36,"gold_loss":0},{"damage_healed":0,"gold_gain":0,"player_choice":"Memory 1","damage_taken":0,"max_hp_gain":0,"max_hp_loss":0,"event_name":"SensoryStone","floor":38,"gold_loss":0},{"cards_removed":["Unload"],"damage_healed":0,"gold_gain":0,"player_choice":"Offered Rare","damage_taken":0,"max_hp_gain":10,"max_hp_loss":0,"event_name":"Bonfire Elementals","floor":46,"gold_loss":0}],"is_beta":false,"boss_relics":[{"not_picked":["Empty Cage","Sozu"],"picked":"Runic Pyramid"},{"not_picked":["Astrolabe","Tiny House"],"picked":"Cursed Key"}],"items_purged_floors":[20,37],"is_endless":false,"potions_floor_spawned":[7,13,14,28,31,35,39,48],"ascension_level":4}}