{"host":"0kk91h4bq4kgfj0u","time":1613943415,"event":{"mods":["BaseMod","Bestiary","Block Reminder","Colored Map","Colored Powertips","Curses Come First","Highlight Path","Minty Spire (QoL Compilation)","Relic Stats","StSLib"],"gold_per_floor":[111,137,137,137,152,152,187,187,212,212,230,245,245,272,272,373,373,393,408,408,440,450,450,450],"floor_reached":23,"language":"ENG","playtime":648,"items_purged":[],"score":289,"play_id":"99c70b20-27b4-494c-b4d6-443fcf0c8a06","local_time":"20210221163655","is_ascension_mode":true,"campfire_choices":[{"data":"Iron Wave","floor":6,"key":"SMITH"},{"floor":8,"key":"RECALL"},{"data":"Spot Weakness","floor":13,"key":"SMITH"},{"floor":15,"key":"REST"}],"circlet_count":0,"master_deck":["Strike_R","Strike_R","Strike_R","Strike_R","Strike_R","Defend_R","Defend_R+1","Defend_R+1","Defend_R","Bash","Iron Wave+1","Perfected Strike","Heavy Blade+1","Spot Weakness+1","Offering","Immolate","Exhume","Metallicize","Flex","Armaments","Power Through"],"relics":["Black Blood","Pen Nib","War Paint","Omamori","Vajra","Centennial Puzzle","Happy Flower","Red Mask"],"acts_visited":["Exordium","TheCity"],"potions_floor_usage":[16,16,21],"damage_taken":[{"damage":15,"enemies":"Cultist","floor":1,"turns":5},{"damage":2,"enemies":"Small Slimes","floor":5,"turns":4},{"damage":16,"enemies":"3 Sentries","floor":7,"turns":9},{"damage":7,"enemies":"Jaw Worm","floor":11,"turns":3},{"damage":0,"enemies":"3 Louse","floor":12,"turns":3},{"damage":27,"enemies":"Gremlin Nob","floor":14,"turns":4},{"damage":52,"enemies":"Slime Boss","floor":16,"turns":7},{"damage":30,"enemies":"2 Thieves","floor":18,"turns":3},{"damage":10,"enemies":"Shell Parasite","floor":19,"turns":4},{"damage":4,"enemies":"Masked Bandits","floor":21,"turns":3},{"damage":24,"enemies":"Snecko","floor":22,"turns":4},{"damage":50,"enemies":"Book of Stabbing","floor":23,"turns":5}],"seed_played":"-4417540813817565563","potions_obtained":[{"floor":5,"key":"SteroidPotion"},{"floor":12,"key":"DuplicationPotion"},{"floor":14,"key":"DuplicationPotion"},{"floor":16,"key":"SteroidPotion"},{"floor":18,"key":"Block Potion"}],"is_trial":false,"path_per_floor":["M","T","?","$","M","R","E","R","T","?","M","M","R","E","R","B",null,"M","M","?","?","M","E"],"character_chosen":"IRONCLAD","items_purchased":[],"campfire_rested":1,"item_purchase_floors":[],"current_hp_per_floor":[71,71,59,59,63,63,53,53,53,53,52,58,58,37,63,17,70,52,54,54,62,50,0,0],"gold":450,"neow_bonus":"TEN_PERCENT_HP_BONUS","is_daily":false,"chose_seed":false,"campfire_upgraded":2,"win_rate":0.0,"timestamp":1613943415,"path_taken":["M","?","?","?","M","R","E","R","T","?","M","M","R","E","R","BOSS","M","M","?","?","M","E"],"items_purchased_type":[],"build_version":"2020-12-22","purchased_purges":0,"victory":false,"max_hp_per_floor":[88,88,88,88,88,88,88,88,88,88,88,88,88,88,88,88,88,88,88,88,88,88,88,88],"relic_stats":{"Centennial Puzzle":[18],"Happy Flower":[4],"counters":[12,54],"Black Blood":90,"Pen Nib":[7],"War Paint":["Defend_R","Defend_R"],"obtain_stats":[{"Centennial Puzzle":14,"Happy Flower":20,"Vajra":9,"Black Blood":17,"Pen Nib":2,"Omamori":7,"Red Mask":21,"War Paint":3,"Burning Blood":0},{"Centennial Puzzle":6,"Happy Flower":9,"Vajra":3,"Black Blood":7,"Pen Nib":1,"Omamori":3,"Red Mask":10,"War Paint":1,"Burning Blood":0},{"Centennial Puzzle":28,"Happy Flower":42,"Vajra":18,"Black Blood":35,"Pen Nib":5,"Omamori":18,"Red Mask":45,"War Paint":5,"Burning Blood":0}]},"card_choices":[{"not_picked":["Warcry","Rage"],"picked":"Iron Wave","floor":1},{"not_picked":["Clash","Warcry"],"picked":"Perfected Strike","floor":5},{"not_picked":["Blood for Blood","Clash"],"picked":"Heavy Blade","floor":7},{"not_picked":["Warcry","Wild Strike"],"picked":"Spot Weakness","floor":11},{"not_picked":["Whirlwind","True Grit"],"picked":"Offering","floor":12},{"not_picked":["Sentinel","Sword Boomerang"],"picked":"Immolate","floor":14},{"not_picked":["Bludgeon","Immolate"],"picked":"Exhume","floor":16},{"not_picked":["Second Wind","Wild Strike"],"picked":"Metallicize","floor":18},{"not_picked":["True Grit","Headbutt"],"picked":"Flex","floor":19},{"not_picked":["Entrench","Twin Strike+1"],"picked":"Armaments","floor":21},{"not_picked":["Twin Strike","Clothesline"],"picked":"Power Through","floor":22}],"player_experience":899882,"relics_obtained":[{"floor":2,"key":"Pen Nib"},{"floor":7,"key":"Omamori"},{"floor":9,"key":"Vajra"},{"floor":14,"key":"Centennial Puzzle"},{"floor":21,"key":"Red Mask"}],"event_choices":[{"damage_healed":0,"gold_gain":0,"player_choice":"Success","damage_taken":12,"relics_obtained":["War Paint"],"max_hp_gain":0,"max_hp_loss":0,"event_name":"Scrap Ooze","floor":3,"gold_loss":0},{"damage_healed":0,"gold_gain":0,"player_choice":"Forge","damage_taken":0,"max_hp_gain":0,"max_hp_loss":0,"event_name":"Accursed Blacksmith","floor":10,"gold_loss":0,"cards_upgraded":["Heavy Blade"]},{"damage_healed":0,"gold_gain":0,"player_choice":"Opened","damage_taken":0,"relics_obtained":["Happy Flower"],"max_hp_gain":0,"max_hp_loss":0,"event_name":"The Mausoleum","floor":20,"gold_loss":0},{"damage_healed":0,"gold_gain":0,"player_choice":"Fought Bandits","damage_taken":0,"max_hp_gain":0,"max_hp_loss":0,"event_name":"Masked Bandits","floor":21,"gold_loss":0}],"is_beta":false,"boss_relics":[{"not_picked":["Empty Cage","Sozu"],"picked":"Black Blood"}],"items_purged_floors":[],"is_endless":false,"potions_floor_spawned":[5,12,14,16,18],"killed_by":"Book of Stabbing","ascension_level":9}}