{"host":"we8ay8el3o9pwc2d","time":1613900994,"event":{"mods":["Act Like it!","Aspiration","BaseMod","BetterRewards","Colored Map","Conspire","Downfall","Elementarium","GungeonMod","Minty Spire (QoL Compilation)","Reliquary","Robot Space Explorer","Ruina","Spire Arcade","StSLib","The Jungle","The Marked","Waifu the Spire"],"gold_per_floor":[99,109,34,50,50,61,112,132,145,164,14,27,27,53,68,173,173,23,59,72,72,72,72,72,132,187,100,100,120,134,134,144,144,144,144],"floor_reached":33,"language":"ENG","playtime":3240,"items_purged":[],"score":255,"play_id":"a6fa73b2-c077-4aae-91ba-fa9e47265e35","local_time":"20210221024954","is_ascension_mode":false,"campfire_choices":[{"floor":1,"key":"RECALL"},{"floor":11,"key":"REST"},{"data":"Slimebound:LeadByExample","floor":13,"key":"SMITH"},{"data":"Slimebound:MinionMaster","floor":18,"key":"SMITH"}],"circlet_count":0,"master_deck":["Slimebound:Strike_Slimebound","Slimebound:Strike_Slimebound","Slimebound:Strike_Slimebound","Slimebound:Tackle","Slimebound:Defend_Slimebound","Slimebound:Defend_Slimebound","Slimebound:Defend_Slimebound","Slimebound:Defend_Slimebound","Slimebound:Split","Slimebound:CorrosiveSpit","Magnetism","Slimebound:SplitLeeching","Slimebound:Nibble","Slimebound:PressTheAttack","Slimebound:Schlurp","Slimebound:GoopSpray","Slimebound:LeadByExample+1","Slimebound:HauntingLick","Slimebound:SamplingLick","Slimebound:TongueLash","Slimebound:MinionMaster+1","Slimebound:SplitBruiser","Slimebound:LeechEnergy","Slimebound:WasteNot","Slimebound:GrowthPunch+1","Slimebound:LevelUp","Slimebound:SlimeBarrage","Slimebound:SlimeSpikes"],"relics":["Slimebound:AbsorbEndCombat","Slimebound:GreedOozeRelic","WarpedTongs","downfall:HeartBlessingBlue","reliquary:ThirdArm","downfall:HeartBlessingRed","downfall:RedIOU","downfall:KnowingSkull","reliquary:HotPoker","DemoMod:ClearGuonStone"],"acts_visited":["Exordium","TheCity"],"potions_floor_usage":[12,12,14,14,16,33,33,33],"damage_taken":[{"damage":13,"enemies":"Small Slimes","floor":2,"turns":4},{"damage":6,"enemies":"Cultist","floor":4,"turns":4},{"damage":4,"enemies":"2 Louse","floor":6,"turns":3},{"damage":15,"enemies":"Lots of Slimes","floor":8,"turns":4},{"damage":3,"enemies":"2 Fungi Beasts","floor":9,"turns":3},{"damage":9,"enemies":"downfall:LooterAlt","floor":10,"turns":2},{"damage":3,"enemies":"Red Slaver","floor":12,"turns":2},{"damage":17,"enemies":"3 Sentries","floor":14,"turns":6},{"damage":3,"enemies":"2 Fungi Beasts","floor":15,"turns":3},{"damage":31,"enemies":"WA_ARCHETYPE_RETAIN","floor":16,"turns":5},{"damage":23,"enemies":"Chosen","floor":19,"turns":5},{"damage":7,"enemies":"Shell Parasite","floor":20,"turns":4},{"damage":15,"enemies":"Snecko","floor":25,"turns":5},{"damage":17,"enemies":"Chosen and Byrds","floor":26,"turns":6},{"damage":6,"enemies":"downfall:FleeingMerchant","floor":27,"turns":4},{"damage":23,"enemies":"Snake Plant","floor":29,"turns":4},{"damage":3,"enemies":"Centurion and Healer","floor":30,"turns":6},{"damage":8,"enemies":"Cultist and Chosen","floor":32,"turns":6},{"damage":35,"enemies":"SI_MIRROR_ARCHETYPE","floor":33,"turns":8}],"seed_played":"-9191214568751481223","potions_obtained":[{"floor":4,"key":"FearPotion"},{"floor":8,"key":"SkillPotion"},{"floor":9,"key":"SkillPotion"},{"floor":12,"key":"Fire Potion"},{"floor":14,"key":"Regen Potion"},{"floor":16,"key":"FearPotion"},{"floor":29,"key":"Strength Potion"},{"floor":30,"key":"LiquidMemories"},{"floor":32,"key":"conspire:TimeTravelPotion"}],"is_trial":false,"path_per_floor":["R","M","?","M","?","M","T","M","M","M","R","M","R","E","M","B",null,"R","M","M","?","?","?","T","M","M","$","?","M","M","?","M","B"],"character_chosen":"SLIMEBOUND","items_purchased":["Slimebound:LevelUp"],"campfire_rested":1,"item_purchase_floors":[27],"current_hp_per_floor":[47,38,38,36,36,34,34,27,28,21,53,52,52,43,44,33,75,75,58,57,57,57,51,51,40,29,29,29,10,15,15,11,0,0,0],"gold":144,"neow_bonus":"RANDOM_COLORLESS_2","is_daily":false,"chose_seed":false,"campfire_upgraded":2,"win_rate":0.0,"timestamp":1613900994,"path_taken":["R","M","?","M","?","M","T","?","M","M","R","M","R","E","M","BOSS","R","M","M","?","?","?","T","M","?","$","?","M","M","?","M","BOSS"],"items_purchased_type":["Card"],"build_version":"2020-12-22","purchased_purges":0,"victory":false,"max_hp_per_floor":[65,65,65,65,65,65,65,65,65,65,75,75,75,75,75,75,75,75,75,75,75,75,75,75,75,75,75,75,75,75,75,75,75,75,75],"card_choices":[{"not_picked":["Metamorphosis","Violence"],"picked":"Magnetism","floor":0},{"not_picked":["Slimebound:LeechEnergy","Slimebound:SpikyOuterGoop"],"picked":"Slimebound:SplitLeeching","floor":2},{"not_picked":["Slimebound:AcidTongue","Slimebound:LeechEnergy"],"picked":"Slimebound:Nibble","floor":4},{"not_picked":["Slimebound:FinishingTackle","Slimebound:FormOfPuddle"],"picked":"Slimebound:PressTheAttack","floor":6},{"not_picked":["Slimebound:Grow","Slimebound:Prepare"],"picked":"Slimebound:Schlurp","floor":8},{"not_picked":["Slimebound:SlimeBrawl","Slimebound:Gluttony"],"picked":"Slimebound:GoopSpray","floor":9},{"not_picked":["Slimebound:Replication","Slimebound:FlameTackle"],"picked":"Slimebound:LeadByExample","floor":10},{"not_picked":["Slimebound:SplitMire","Slimebound:SplitLeeching"],"picked":"Slimebound:HauntingLick","floor":12},{"not_picked":["Slimebound:SplitBruiser","Slimebound:ServeAndProtect"],"picked":"Slimebound:SamplingLick","floor":14},{"not_picked":["Slimebound:GrowthPunch","Slimebound:Schlurp"],"picked":"Slimebound:TongueLash","floor":15},{"not_picked":["Slimebound:MassRepurpose","Slimebound:OozeBath"],"picked":"Slimebound:MinionMaster","floor":16},{"not_picked":["Slimebound:ComboTackle+1","Slimebound:Prepare"],"picked":"Slimebound:SplitBruiser","floor":19},{"not_picked":["Slimebound:ServeAndProtect+1","Slimebound:GoopSpray","Slimebound:GoopTackle"],"picked":"SKIP","floor":20},{"not_picked":["Slimebound:Replication","Slimebound:LeechingTouch"],"picked":"Slimebound:LeechEnergy","floor":25},{"not_picked":["Slimebound:Nibble","Slimebound:Prepare"],"picked":"Slimebound:WasteNot","floor":26},{"not_picked":["Slimebound:AcidTongue","Slimebound:PressTheAttack"],"picked":"Slimebound:GrowthPunch+1","floor":27},{"not_picked":["Slimebound:SplitBruiser","Slimebound:ForwardTackle"],"picked":"Slimebound:SlimeBarrage","floor":29},{"not_picked":["Slimebound:SplitLeeching","Slimebound:SplitAcid","Slimebound:SplitBruiser"],"picked":"SKIP","floor":30},{"not_picked":["Slimebound:DivideAndConquer+1","Slimebound:SplitLeeching"],"picked":"Slimebound:SlimeSpikes","floor":32}],"player_experience":2136663,"relics_obtained":[{"floor":14,"key":"Vajra"},{"floor":24,"key":"reliquary:HotPoker"}],"event_choices":[{"damage_healed":0,"gold_gain":0,"player_choice":"Rummage","damage_taken":0,"relics_obtained":["WarpedTongs"],"max_hp_gain":0,"max_hp_loss":0,"event_name":"Accursed Blacksmith","floor":5,"gold_loss":0,"cards_obtained":["Pain"]},{"cards_removed":["Writhe"],"damage_healed":0,"gold_gain":0,"player_choice":"Card Removal","damage_taken":0,"max_hp_gain":0,"max_hp_loss":0,"event_name":"Wheel of Change","floor":31,"gold_loss":0}],"is_beta":false,"boss_relics":[{"not_picked":["conspire:SlowCooker","aspiration:WatcherSkillbook"],"picked":"reliquary:ThirdArm"}],"items_purged_floors":[],"is_endless":false,"potions_floor_spawned":[4,8,9,12,14,16,29,30,32],"killed_by":"SI_MIRROR_ARCHETYPE","ascension_level":0}}