{"host":"qp7xs8nuzfsyommi","time":1613922062,"event":{"mods":["2.2 Compatiblity","BaseMod","Colored Powertips","DeckTracker","Highlight Path","Minty Spire (QoL Compilation)","Permanent Neow","Quick Restart","StSLib"],"gold_per_floor":[34,74,74,35,85,85,145,179,179,179,249,324,350,393,393,393,393],"floor_reached":16,"language":"ENG","playtime":621,"items_purged":[],"score":254,"play_id":"952c113c-99c0-4f18-b7b6-c58b319d91a8","local_time":"20210221104102","is_ascension_mode":true,"campfire_choices":[{"floor":6.0,"key":"REST"},{"data":"HandOfGreed","floor":10.0,"key":"SMITH"},{"floor":15,"key":"RECALL"}],"circlet_count":0,"master_deck":["AscendersBane","Strike_B","Strike_B","Strike_B","Strike_B","Defend_B","Defend_B","Defend_B","Defend_B","Zap","Dualcast","HandOfGreed+1","Sweeping Beam","Hologram","BootSequence","Seek","Conserve Battery","Glacier","Seek"],"relics":["Cracked Core","Golden Idol","Pocketwatch","Calipers","Happy Flower"],"acts_visited":["Exordium"],"potions_floor_usage":[14],"damage_taken":[{"damage":7.0,"enemies":"Jaw Worm","floor":1.0,"turns":4.0},{"damage":4.0,"enemies":"Small Slimes","floor":2.0,"turns":4.0},{"damage":0.0,"enemies":"3 Sentries","floor":7.0,"turns":3.0},{"damage":1.0,"enemies":"Cultist","floor":8.0,"turns":3.0},{"damage":1.0,"enemies":"Exordium Thugs","floor":11.0,"turns":3.0},{"damage":4.0,"enemies":"3 Louse","floor":12.0,"turns":5.0},{"damage":5,"enemies":"Large Slime","floor":14,"turns":4},{"damage":39,"enemies":"Hexaghost","floor":16,"turns":12}],"seed_played":"5303425399611546978","potions_obtained":[{"floor":1.0,"key":"AttackPotion"},{"floor":12.0,"key":"Fire Potion"},{"floor":14,"key":"Fire Potion"}],"is_trial":false,"path_per_floor":["M","M","?","$","?","R","E","M","T","R","M","M","T","M","R","B"],"character_chosen":"DEFECT","items_purchased":["BootSequence"],"campfire_rested":1,"item_purchase_floors":[4],"current_hp_per_floor":[57,53,29,29,29,50,50,49,49,49,48,44,44,39,39,0,0],"gold":393,"neow_bonus":"RANDOM_COLORLESS_2","is_daily":false,"chose_seed":false,"campfire_upgraded":1,"win_rate":0.0,"timestamp":1613922062,"path_taken":["M","M","?","$","?","R","E","?","T","R","M","M","?","M","R","BOSS"],"items_purchased_type":["Card"],"build_version":"2020-12-22","purchased_purges":0,"victory":false,"max_hp_per_floor":[71,71,71,71,71,71,71,71,71,71,71,71,71,71,71,71,71],"card_choices":[{"not_picked":["Violence","Metamorphosis"],"picked":"HandOfGreed","floor":0.0},{"not_picked":["Streamline","Cold Snap"],"picked":"Sweeping Beam","floor":1.0},{"not_picked":["Ball Lightning","Streamline"],"picked":"Hologram","floor":2.0},{"not_picked":["Coolheaded","Storm"],"picked":"Seek","floor":7.0},{"not_picked":["Rebound","Ball Lightning"],"picked":"Conserve Battery","floor":8.0},{"not_picked":["Barrage","Storm"],"picked":"Glacier","floor":11.0},{"not_picked":["Fusion","Streamline","Conserve Battery"],"picked":"SKIP","floor":12.0},{"not_picked":["Reinforced Body","Sweeping Beam"],"picked":"Seek","floor":14}],"player_experience":1462933,"relics_obtained":[{"floor":7.0,"key":"Pocketwatch"},{"floor":9.0,"key":"Calipers"},{"floor":13.0,"key":"Happy Flower"}],"event_choices":[{"damage_healed":0.0,"max_hp_gain":0.0,"max_hp_loss":0.0,"gold_gain":0.0,"event_name":"Golden Idol","player_choice":"Take Damage","floor":3.0,"gold_loss":0.0,"damage_taken":24.0,"relics_obtained":["Golden Idol"]},{"damage_healed":0.0,"max_hp_gain":0.0,"max_hp_loss":0.0,"gold_gain":50.0,"event_name":"Golden Shrine","player_choice":"Pray","floor":5.0,"gold_loss":0.0,"damage_taken":0.0}],"is_beta":false,"boss_relics":[],"items_purged_floors":[],"is_endless":false,"potions_floor_spawned":[1,12,14],"killed_by":"Hexaghost","ascension_level":20}}