{"host":"or8fr2mp0k3eluj8","time":1613913591,"event":{"mods":["AchievementEnabler","BaseMod","Colored Map","DeckTracker","Keyboard Shortcuts","Minty Spire (QoL Compilation)","StSLib","SuperFastMode","everything is the same but u backflip on backflip"],"gold_per_floor":[115,138,138,151,169,202,215,249,249,274,73,86,86,99,99,202,202,217,235,16,16,115,115,115,115,115,115,126,146,1,19,19,19,19],"floor_reached":33,"language":"KOR","playtime":921,"items_purged":["Strike_R","Strike_R"],"score":334,"play_id":"8197f5fa-6a80-4e38-ae33-5085e5a823a7","local_time":"20210221221951","is_ascension_mode":true,"campfire_choices":[{"floor":13,"key":"REST"},{"data":"Uppercut","floor":15,"key":"SMITH"},{"data":"Dark Embrace","floor":23,"key":"SMITH"},{"data":"Rupture","floor":25,"key":"SMITH"},{"data":"Double Tap","floor":27,"key":"SMITH"},{"floor":32,"key":"REST"}],"circlet_count":0,"master_deck":["Strike_R","Strike_R","Strike_R","Defend_R","Defend_R","Defend_R","Defend_R","Bash","Brutality","Cleave+1","Sword Boomerang","Clash","Uppercut+1","Dropkick+1","True Grit","Headbutt+1","Double Tap+1","Second Wind","Dark Embrace+1","Rupture+1","Warcry"],"relics":["Burning Blood","Bag of Marbles","Blood Vial","Oddly Smooth Stone","Molten Egg 2","Centennial Puzzle","Runic Pyramid","Calipers","Vajra"],"acts_visited":["Exordium","TheCity"],"potions_floor_usage":[6,33,33],"damage_taken":[{"damage":16,"enemies":"Cultist","floor":1,"turns":4},{"damage":12,"enemies":"Small Slimes","floor":4,"turns":4},{"damage":3,"enemies":"2 Louse","floor":5,"turns":3},{"damage":15,"enemies":"3 Sentries","floor":6,"turns":4},{"damage":9,"enemies":"Blue Slaver","floor":7,"turns":3},{"damage":9,"enemies":"Gremlin Nob","floor":8,"turns":3},{"damage":40,"enemies":"Lagavulin","floor":10,"turns":6},{"damage":4,"enemies":"Exordium Wildlife","floor":12,"turns":3},{"damage":2,"enemies":"Exordium Thugs","floor":14,"turns":3},{"damage":48,"enemies":"Slime Boss","floor":16,"turns":8},{"damage":19,"enemies":"Shell Parasite","floor":18,"turns":5},{"damage":0,"enemies":"Chosen","floor":19,"turns":3},{"damage":28,"enemies":"Snake Plant","floor":28,"turns":3},{"damage":19,"enemies":"Snecko","floor":29,"turns":4},{"damage":34,"enemies":"Shelled Parasite and Fungi","floor":31,"turns":4},{"damage":78,"enemies":"Collector","floor":33,"turns":6}],"seed_played":"-1826102909786470418","potions_obtained":[{"floor":1,"key":"PowerPotion"},{"floor":4,"key":"PowerPotion"},{"floor":10,"key":"FairyPotion"},{"floor":12,"key":"FearPotion"},{"floor":19,"key":"Swift Potion"}],"is_trial":false,"path_per_floor":["M","T","?","M","M","E","M","E","T","E","$","M","R","M","R","B",null,"M","M","$","?","?","R","$","R","T","R","M","M","$","M","R","B"],"character_chosen":"IRONCLAD","items_purchased":["Dropkick+1","True Grit","Second Wind","Dark Embrace","Vajra"],"campfire_rested":2,"item_purchase_floors":[11,11,20,20,30],"current_hp_per_floor":[70,70,70,64,67,58,57,56,56,24,24,28,52,58,58,18,65,54,62,62,62,62,62,62,62,62,62,42,31,31,29,53,0,0],"gold":19,"neow_bonus":"ONE_RANDOM_RARE_CARD","is_daily":false,"chose_seed":false,"campfire_upgraded":4,"win_rate":0.0,"timestamp":1613913591,"path_taken":["M","?","?","M","M","E","?","E","T","E","$","M","R","M","R","BOSS","M","?","$","?","?","R","?","R","T","R","M","M","$","?","R","BOSS"],"items_purchased_type":["Card","Card","Card","Card","Relic"],"build_version":"2020-12-22","purchased_purges":2,"victory":false,"max_hp_per_floor":[80,80,80,80,80,80,80,80,80,80,80,80,80,80,80,80,80,80,80,80,80,80,80,80,80,80,80,80,80,80,80,80,80,80],"card_choices":[{"not_picked":["Uppercut","Sentinel"],"picked":"Cleave","floor":1},{"not_picked":["Havoc","Warcry"],"picked":"Sword Boomerang","floor":4},{"not_picked":["Fire Breathing","Body Slam"],"picked":"Clash","floor":5},{"not_picked":["Headbutt","Searing Blow"],"picked":"Uppercut","floor":6},{"not_picked":["Feel No Pain","Spot Weakness","Rage"],"picked":"SKIP","floor":7},{"not_picked":["True Grit","Headbutt","Limit Break"],"picked":"SKIP","floor":8},{"not_picked":["Dual Wield","Spot Weakness","Havoc"],"picked":"SKIP","floor":10},{"not_picked":["Warcry","Pommel Strike+1","Spot Weakness"],"picked":"SKIP","floor":12},{"not_picked":["Warcry","Clash+1"],"picked":"Headbutt+1","floor":14},{"not_picked":["Impervious","Fiend Fire+1"],"picked":"Double Tap","floor":16},{"not_picked":["Pummel+1","Clothesline+1","Uppercut+1"],"picked":"SKIP","floor":18},{"not_picked":["Rage+1","Anger+1","Cleave+1"],"picked":"SKIP","floor":19},{"not_picked":["Entrench","Thunderclap+1"],"picked":"Warcry","floor":28},{"not_picked":["Uppercut+1","Wild Strike+1","Power Through+1"],"picked":"SKIP","floor":29},{"not_picked":["Clash+1","Intimidate","Havoc+1"],"picked":"SKIP","floor":31}],"player_experience":423898,"relics_obtained":[{"floor":2,"key":"Bag of Marbles"},{"floor":6,"key":"Blood Vial"},{"floor":8,"key":"Oddly Smooth Stone"},{"floor":9,"key":"Molten Egg 2"},{"floor":10,"key":"Centennial Puzzle"},{"floor":26,"key":"Calipers"}],"event_choices":[{"damage_healed":0,"gold_gain":0,"player_choice":"Upgraded","damage_taken":0,"max_hp_gain":0,"max_hp_loss":0,"event_name":"Upgrade Shrine","floor":3,"gold_loss":0,"cards_upgraded":["Cleave"]},{"damage_healed":0,"gold_gain":0,"player_choice":"Read","damage_taken":0,"max_hp_gain":0,"max_hp_loss":0,"event_name":"The Library","floor":21,"gold_loss":0,"cards_obtained":["Rupture"]},{"damage_healed":0,"gold_gain":99,"player_choice":"Stole From Cult","damage_taken":0,"max_hp_gain":0,"max_hp_loss":0,"event_name":"Nest","floor":22,"gold_loss":0}],"is_beta":false,"boss_relics":[{"not_picked":["Velvet Choker","Runic Cube"],"picked":"Runic Pyramid"}],"items_purged_floors":[11,20],"is_endless":false,"potions_floor_spawned":[1,4,10,12,19,29],"killed_by":"Collector","ascension_level":5}}