{"host":"b9id4afcchnn1rfb","time":1613950824,"event":{"mods":["Act Like it!","BaseMod","Better Note","Colored Map","Colored Powertips","Hallownest","Hermit","Infinite Spire","Minty Spire (QoL Compilation)","StSLib","SuperFastMode","The Death Knight","The Necromancer"],"gold_per_floor":[118,118,130,130,140,140,154,154,154,154,164,195,195,227,227,322,322,332,332,349,363,432,432,465,465,465,480,480,480],"floor_reached":28,"language":"ENG","playtime":889,"items_purged":[],"score":390,"play_id":"bb4880ad-da5f-4508-b48a-a4827bc62f8a","local_time":"20210222004024","is_ascension_mode":true,"campfire_choices":[{"data":"Reinforced Body","floor":6,"key":"SMITH"},{"floor":8,"key":"REST"},{"data":"Zap","floor":10,"key":"SMITH"},{"data":"Self Repair","floor":15,"key":"SMITH"},{"floor":23,"key":"REST"},{"floor":25,"key":"REST"}],"circlet_count":0,"master_deck":["AscendersBane","Strike_B","Strike_B","Strike_B","Defend_B","Defend_B","Defend_B","Zap+1","Dualcast","Rebound+1","Force Field","Reinforced Body+1","Self Repair+1","Ball Lightning","Conserve Battery","Echo Form","CurseOfTheBell","White Noise+1","Amplify","Chaos+1","Coolheaded"],"relics":["Cracked Core","Tiny Chest","infinitespire:EmpoweringShard","Bag of Preparation","Calling Bell","PreservedInsect","Kunai","Mango","Meat on the Bone","Ornamental Fan"],"acts_visited":["Exordium","Exordium"],"potions_floor_usage":[12,12,27,28,28,28,28,28],"damage_taken":[{"damage":6,"enemies":"Cultist","floor":1,"turns":4},{"damage":1,"enemies":"2 Louse","floor":3,"turns":3},{"damage":0,"enemies":"Jaw Worm","floor":5,"turns":3},{"damage":32,"enemies":"Large Slime","floor":7,"turns":7},{"damage":0,"enemies":"Red Slaver","floor":11,"turns":3},{"damage":22,"enemies":"Lagavulin","floor":12,"turns":6},{"damage":18,"enemies":"Gremlin Nob","floor":14,"turns":5},{"damage":29,"enemies":"Slime Boss","floor":16,"turns":10},{"damage":27,"enemies":"Hallownest:Flukemon_and_Top","floor":18,"turns":5},{"damage":46,"enemies":"Hallownest:Guard_and_Sentry","floor":20,"turns":6},{"damage":18,"enemies":"Hallownest:monsterMisterMushroom","floor":21,"turns":7},{"damage":22,"enemies":"Hallownest:Glutton_and_Coward","floor":22,"turns":5},{"damage":46,"enemies":"Hallownest:eliteWatcherKnight","floor":24,"turns":14},{"damage":18,"enemies":"Hallownest:Warrior_and_Youth","floor":27,"turns":5},{"damage":68,"enemies":"Hallownest:3_Mistakes","floor":28,"turns":17}],"seed_played":"8991024632289679429","potions_obtained":[{"floor":3,"key":"Fruit Juice"},{"floor":7,"key":"FearPotion"},{"floor":12,"key":"DeathKnight:RimePotion"},{"floor":20,"key":"EntropicBrew"},{"floor":24,"key":"Regen Potion"}],"is_trial":false,"path_per_floor":["M","?","M","?","M","R","M","R","T","R","M","E","T","E","R","B",null,"M","?","M","M","M","R","E","R","T","M","M"],"character_chosen":"DEFECT","items_purchased":[],"campfire_rested":3,"item_purchase_floors":[],"current_hp_per_floor":[62,62,61,61,61,61,29,51,51,51,58,48,48,37,37,18,79,62,62,36,38,26,54,18,46,46,64,0,0],"gold":480,"neow_bonus":"THREE_CARDS","is_daily":false,"chose_seed":false,"campfire_upgraded":3,"win_rate":0.0,"timestamp":1613950824,"path_taken":["M","?","?","?","?","R","?","R","T","R","M","E","?","E","R","BOSS","M","?","M","M","?","R","E","R","T","M","M"],"items_purchased_type":[],"build_version":"2020-12-22","purchased_purges":0,"victory":false,"max_hp_per_floor":[75,75,75,75,75,75,75,75,75,75,75,80,80,80,80,80,94,94,94,94,94,94,94,94,94,94,94,94,94],"card_choices":[{"not_picked":["Cold Snap","Auto Shields"],"picked":"Rebound","floor":0},{"not_picked":["Double Energy","Scrape"],"picked":"Force Field","floor":1},{"not_picked":["Turbo","Aggregate"],"picked":"Reinforced Body","floor":3},{"not_picked":["Cold Snap","Reprogram","Darkness"],"picked":"SKIP","floor":5},{"not_picked":["Recycle","Chaos"],"picked":"Self Repair","floor":7},{"not_picked":["Melter","Steam"],"picked":"Ball Lightning","floor":11},{"not_picked":["Auto Shields","Darkness"],"picked":"Conserve Battery","floor":12},{"not_picked":["Cold Snap","Leap","Stack"],"picked":"SKIP","floor":14},{"not_picked":["Hyperbeam","Reboot"],"picked":"Echo Form","floor":16},{"not_picked":["Auto Shields","Consume+1"],"picked":"White Noise+1","floor":18},{"not_picked":["Auto Shields","Double Energy","Undo+1"],"picked":"SKIP","floor":20},{"not_picked":["Heatsinks","Rebound"],"picked":"Amplify","floor":21},{"not_picked":["Leap","Conserve Battery"],"picked":"Chaos+1","floor":22},{"not_picked":["Turbo","Gash+1"],"picked":"Coolheaded","floor":24},{"not_picked":["Gash","Cold Snap+1","Rip and Tear"],"picked":"SKIP","floor":27}],"player_experience":501358,"relics_obtained":[{"floor":12,"key":"Tiny Chest"},{"floor":13,"key":"infinitespire:EmpoweringShard"},{"floor":14,"key":"Bag of Preparation"},{"floor":17,"key":"PreservedInsect"},{"floor":17,"key":"Kunai"},{"floor":17,"key":"Mango"},{"floor":24,"key":"Meat on the Bone"},{"floor":26,"key":"Ornamental Fan"}],"event_choices":[{"damage_healed":0,"gold_gain":0,"player_choice":"Upgraded","damage_taken":0,"max_hp_gain":0,"max_hp_loss":0,"event_name":"Upgrade Shrine","floor":2,"gold_loss":0,"cards_upgraded":["Rebound"]},{"cards_removed":["Defend_B"],"damage_healed":0,"gold_gain":0,"player_choice":"Purged","damage_taken":0,"max_hp_gain":0,"max_hp_loss":0,"event_name":"Purifier","floor":4,"gold_loss":0}],"is_beta":false,"boss_relics":[{"not_picked":["infinitespire:Cupcake","Astrolabe"],"picked":"Calling Bell"}],"items_purged_floors":[],"is_endless":false,"potions_floor_spawned":[3,7,12,20,24],"killed_by":"Hallownest:3_Mistakes","ascension_level":10}}