{"host":"5tzvto3beate6p8b","time":1613928949,"event":{"mods":["BaseMod","Colored Map","DeckTracker","Minty Spire (QoL Compilation)","Relic Stats","StSLib","SuperFastMode"],"gold_per_floor":[118,132,145,15,26,26,26,26,26,26,45,57,77,108,108,180,180,192,192,192,204,223,223,251,251,276,276,286,306,325,1,1,78,78,91,91,3,3,3,36,55,90,90,90,120,139,174,174,174,174,174],"floor_reached":50,"language":"JPN","playtime":3679,"items_purged":["Strike_G"],"score":1414,"play_id":"690f1701-42fc-41ec-aed6-fdfd07d8e36b","local_time":"20210222023549","is_ascension_mode":true,"campfire_choices":[{"data":"Catalyst","floor":6.0,"key":"SMITH"},{"data":"Deadly Poison","floor":8.0,"key":"SMITH"},{"data":"Deadly Poison","floor":10.0,"key":"SMITH"},{"data":"Neutralize","floor":15.0,"key":"SMITH"},{"floor":23.0,"key":"REST"},{"data":"Wraith Form v2","floor":25.0,"key":"SMITH"},{"data":"Burst","floor":27.0,"key":"SMITH"},{"floor":32.0,"key":"REST"},{"floor":49,"key":"RECALL"}],"circlet_count":0,"master_deck":["AscendersBane","Strike_G","Strike_G","Defend_G","Defend_G","Defend_G","Defend_G","Defend_G","Survivor","Neutralize+1","Concentrate","Adrenaline","Deadly Poison+1","Catalyst+1","Blade Dance","Poisoned Stab","Deadly Poison+1","Bane","PiercingWail","Wraith Form v2+1","Burst+1","Blade Dance","RitualDagger","Dagger Spray","Burst","PiercingWail","Deadly Poison","Bouncing Flask+1","Noxious Fumes","Bouncing Flask+1","Backflip","PiercingWail","Acrobatics","Dodge and Roll+1","Malaise","CurseOfTheBell","Accuracy","Blind","Impatience","Thinking Ahead","Dash+1","Deflect+1","Acrobatics","Deadly Poison+1"],"relics":["Ring of the Snake","Bottled Flame","Mummified Hand","SlaversCollar","Darkstone Periapt","TungstenRod","MealTicket","Orrery","Calling Bell","Oddly Smooth Stone","White Beast Statue","WingedGreaves","Ninja Scroll","Dead Branch","Strawberry","Art of War"],"acts_visited":["Exordium","TheCity","TheBeyond"],"potions_floor_usage":[45,47,50],"damage_taken":[{"damage":8.0,"enemies":"Cultist","floor":1.0,"turns":6.0},{"damage":1.0,"enemies":"2 Louse","floor":2.0,"turns":5.0},{"damage":2.0,"enemies":"Jaw Worm","floor":3.0,"turns":4.0},{"damage":4.0,"enemies":"Red Slaver","floor":5.0,"turns":4.0},{"damage":0.0,"enemies":"2 Fungi Beasts","floor":11.0,"turns":2.0},{"damage":4.0,"enemies":"Exordium Thugs","floor":12.0,"turns":4.0},{"damage":10.0,"enemies":"3 Louse","floor":13.0,"turns":5.0},{"damage":9.0,"enemies":"Gremlin Nob","floor":14.0,"turns":3.0},{"damage":16.0,"enemies":"The Guardian","floor":16.0,"turns":7.0},{"damage":1.0,"enemies":"Chosen","floor":18.0,"turns":3.0},{"damage":13.0,"enemies":"Shell Parasite","floor":21.0,"turns":5.0},{"damage":3.0,"enemies":"Centurion and Healer","floor":22.0,"turns":6.0},{"damage":7.0,"enemies":"Gremlin Leader","floor":24.0,"turns":4.0},{"damage":11.0,"enemies":"Snecko","floor":28.0,"turns":6.0},{"damage":10.0,"enemies":"Snake Plant","floor":29.0,"turns":4.0},{"damage":10.0,"enemies":"3 Cultists","floor":30.0,"turns":7.0},{"damage":28.0,"enemies":"Automaton","floor":33.0,"turns":5.0},{"damage":52.0,"enemies":"3 Darklings","floor":35.0,"turns":8.0},{"damage":19.0,"enemies":"Nemesis","floor":40.0,"turns":7.0},{"damage":0.0,"enemies":"3 Shapes","floor":41.0,"turns":4.0},{"damage":0,"enemies":"Giant Head","floor":42,"turns":5},{"damage":0,"enemies":"Reptomancer","floor":45,"turns":4},{"damage":2,"enemies":"Writhing Mass","floor":46,"turns":6},{"damage":0,"enemies":"Giant Head","floor":47,"turns":5},{"damage":51,"enemies":"Awakened One","floor":50,"turns":17}],"seed_played":"8663404366264508324","potions_obtained":[{"floor":1.0,"key":"GhostInAJar"},{"floor":5.0,"key":"Swift Potion"},{"floor":22.0,"key":"EntropicBrew"},{"floor":28.0,"key":"FearPotion"},{"floor":33.0,"key":"SkillPotion"},{"floor":35.0,"key":"EssenceOfSteel"},{"floor":40.0,"key":"Explosive Potion"},{"floor":41.0,"key":"CunningPotion"},{"floor":42,"key":"SkillPotion"},{"floor":45,"key":"SpeedPotion"},{"floor":47,"key":"Strength Potion"}],"is_trial":false,"path_per_floor":["M","M","M","$","M","R","?","R","T","R","M","M","M","E","R","B",null,"M","?","T","M","M","R","E","R","T","R","M","M","M","$","R","B",null,"M","?","$","?","?","E","M","E","T","$","E","M","E","?","R","B"],"character_chosen":"THE_SILENT","items_purchased":["Poisoned Stab","Bouncing Flask","Noxious Fumes","Orrery","Accuracy"],"campfire_rested":2,"item_purchase_floors":[4,31,31,31,37],"current_hp_per_floor":[51,50,48,48,44,44,44,44,44,44,44,40,30,21,21,5,46,45,39,39,26,23,41,34,34,34,34,23,13,3,18,36,8,53,1,1,16,54,45,26,26,26,26,41,48,46,46,46,46,0,0],"gold":174,"neow_bonus":"TRANSFORM_TWO_CARDS","is_daily":false,"chose_seed":false,"campfire_upgraded":6,"win_rate":0.0,"timestamp":1613928949,"path_taken":["M","M","M","?","M","R","?","R","T","R","M","M","M","E","R","BOSS","M","?","?","M","M","R","E","R","T","R","M","M","?","$","R","BOSS","M","?","$","?","?","E","M","E","T","$","E","M","E","?","R","BOSS"],"items_purchased_type":["Card","Card","Card","Relic","Card"],"build_version":"2020-12-22","purchased_purges":1,"victory":false,"max_hp_per_floor":[60,60,60,60,60,60,60,60,60,60,60,60,60,60,60,60,60,60,60,60,60,60,60,60,60,60,60,60,60,60,60,60,60,66,66,66,66,54,54,54,54,54,54,54,61,61,61,61,61,61,61],"relic_stats":{"Darkstone Periapt":6,"counters":[25,136],"Mummified Hand":[26],"Dead Branch":[70],"MealTicket":45,"Art of War":[3],"obtain_stats":[{"Darkstone Periapt":20,"Dead Branch":42,"Oddly Smooth Stone":34,"White Beast Statue":34,"Calling Bell":34,"SlaversCollar":17,"Bottled Flame":9,"Mummified Hand":14,"Ninja Scroll":40,"Strawberry":45,"Orrery":31,"MealTicket":26,"WingedGreaves":34,"Art of War":47,"TungstenRod":24,"Ring of the Snake":0},{"Darkstone Periapt":10,"Dead Branch":21,"Oddly Smooth Stone":17,"White Beast Statue":17,"Calling Bell":17,"SlaversCollar":9,"Bottled Flame":4,"Mummified Hand":8,"Ninja Scroll":19,"Strawberry":22,"Orrery":16,"MealTicket":13,"WingedGreaves":17,"Art of War":24,"TungstenRod":13,"Ring of the Snake":0},{"Darkstone Periapt":43,"Dead Branch":104,"Oddly Smooth Stone":80,"White Beast Statue":80,"Calling Bell":80,"SlaversCollar":40,"Bottled Flame":19,"Mummified Hand":33,"Ninja Scroll":95,"Strawberry":108,"Orrery":75,"MealTicket":58,"WingedGreaves":80,"Art of War":119,"TungstenRod":58,"Ring of the Snake":0}],"TungstenRod":54,"Ring of the Snake":[50]},"card_choices":[{"not_picked":["Blade Dance","Deflect"],"picked":"Deadly Poison","floor":1.0},{"not_picked":["Terror","Deflect"],"picked":"Catalyst","floor":2.0},{"not_picked":["Bane","Underhanded Strike"],"picked":"Blade Dance","floor":3.0},{"not_picked":["Dodge and Roll","Dagger Spray"],"picked":"Deadly Poison","floor":5.0},{"not_picked":["All Out Attack","Tools of the Trade"],"picked":"Bane","floor":11.0},{"not_picked":["Bane","Distraction"],"picked":"PiercingWail","floor":12.0},{"not_picked":["Dagger Throw","Dodge and Roll","Flying Knee"],"picked":"SKIP","floor":13.0},{"not_picked":["Dagger Throw","Bane"],"picked":"Wraith Form v2","floor":14.0},{"not_picked":["Bullet Time","Die Die Die"],"picked":"Burst","floor":16.0},{"not_picked":["Sucker Punch+1","Calculated Gamble"],"picked":"Blade Dance","floor":18.0},{"not_picked":["Dodge and Roll","Caltrops"],"picked":"Dagger Spray","floor":21.0},{"not_picked":["Blade Dance","Endless Agony+1"],"picked":"Burst","floor":22.0},{"not_picked":["Endless Agony","Slice"],"picked":"PiercingWail","floor":24.0},{"not_picked":["Heel Hook","Dash"],"picked":"Deadly Poison","floor":28.0},{"not_picked":["Endless Agony","Slice","Prepared"],"picked":"SKIP","floor":29.0},{"not_picked":["Prepared","Deflect","Sucker Punch"],"picked":"SKIP","floor":30.0},{"not_picked":["Heel Hook","Cloak And Dagger"],"picked":"Bouncing Flask+1","floor":31.0},{"not_picked":["Slice","Setup"],"picked":"Backflip","floor":31.0},{"not_picked":["Blade Dance","Deadly Poison"],"picked":"PiercingWail","floor":31.0},{"not_picked":["Poisoned Stab","Blade Dance"],"picked":"Acrobatics","floor":31.0},{"not_picked":["Bane","Calculated Gamble"],"picked":"Dodge and Roll+1","floor":31.0},{"not_picked":["Glass Knife","Die Die Die"],"picked":"Malaise","floor":33.0},{"not_picked":["Blur","Slice+1","Deadly Poison"],"picked":"SKIP","floor":35.0},{"not_picked":["Trip","The Bomb"],"picked":"Blind","floor":39.0},{"not_picked":["Trip","Purity"],"picked":"Impatience","floor":39.0},{"not_picked":["Panacea","Dramatic Entrance"],"picked":"Thinking Ahead","floor":39.0},{"not_picked":["All Out Attack","Finisher","Dash+1"],"picked":"SKIP","floor":40.0},{"not_picked":["All Out Attack","Finisher"],"picked":"Dash+1","floor":40.0},{"not_picked":["Deadly Poison","Dodge and Roll"],"picked":"Deflect+1","floor":41.0},{"not_picked":["Backflip","Finisher"],"picked":"Acrobatics","floor":42},{"not_picked":["Flechettes","Prepared","Cloak And Dagger"],"picked":"SKIP","floor":45},{"not_picked":["Riddle With Holes","Noxious Fumes"],"picked":"Deadly Poison+1","floor":46},{"not_picked":["Doppelganger","Poisoned Stab","Deadly Poison"],"picked":"SKIP","floor":47}],"player_experience":837821,"relics_obtained":[{"floor":9.0,"key":"Bottled Flame"},{"floor":14.0,"key":"Mummified Hand"},{"floor":20.0,"key":"Darkstone Periapt"},{"floor":24.0,"key":"TungstenRod"},{"floor":26.0,"key":"MealTicket"},{"floor":34.0,"key":"Oddly Smooth Stone"},{"floor":34.0,"key":"White Beast Statue"},{"floor":34.0,"key":"WingedGreaves"},{"floor":40.0,"key":"Ninja Scroll"},{"floor":42,"key":"Dead Branch"},{"floor":45,"key":"Strawberry"},{"floor":47,"key":"Art of War"}],"event_choices":[{"damage_healed":0.0,"max_hp_gain":0.0,"max_hp_loss":0.0,"gold_gain":0.0,"event_name":"Liars Game","player_choice":"Ignored","floor":7.0,"gold_loss":0.0,"damage_taken":0.0},{"damage_healed":0.0,"max_hp_gain":0.0,"max_hp_loss":0.0,"gold_gain":0.0,"event_name":"Nest","player_choice":"Joined the Cult","floor":19.0,"gold_loss":0.0,"damage_taken":6.0,"cards_obtained":["RitualDagger"]},{"damage_healed":0.0,"max_hp_gain":0.0,"max_hp_loss":0.0,"gold_gain":0.0,"event_name":"Accursed Blacksmith","player_choice":"Forge","floor":36.0,"gold_loss":0.0,"damage_taken":0.0,"cards_upgraded":["Bouncing Flask"]},{"damage_healed":54.0,"max_hp_gain":0.0,"max_hp_loss":12.0,"gold_gain":0.0,"event_name":"The Moai Head","player_choice":"Heal","floor":38.0,"gold_loss":0.0,"damage_taken":0.0},{"damage_healed":0.0,"max_hp_gain":0.0,"max_hp_loss":0.0,"gold_gain":0.0,"event_name":"SensoryStone","player_choice":"Memory 3","floor":39.0,"gold_loss":0.0,"damage_taken":10.0},{"damage_healed":0,"gold_gain":0,"player_choice":"Ignored","damage_taken":0,"max_hp_gain":0,"max_hp_loss":0,"event_name":"Mysterious Sphere","floor":48,"gold_loss":0}],"is_beta":false,"boss_relics":[{"not_picked":["HoveringKite","WristBlade"],"picked":"SlaversCollar"},{"not_picked":["Runic Dome","SacredBark"],"picked":"Calling Bell"}],"items_purged_floors":[4],"is_endless":false,"potions_floor_spawned":[1,5,12,18,22,28,33,35,40,41,42,45,46,47],"killed_by":"Awakened One","ascension_level":20}}