{"host":"hjajo0rafoe1e6c4","time":1613872676,"event":{"mods":["AchievementEnabler","BaseMod","Colored Map","Colored Powertips","Downfall","Highlight Path","Minty Spire (QoL Compilation)","Relic Stats","Slay the Relics Exporter","StSLib"],"gold_per_floor":[99,110,110,210,45,45,99,127,127,127,142,158,186,203,219,316,316,316,333,349,11,21,21,21,121,121,121,121],"floor_reached":26,"language":"ENG","playtime":1452,"items_purged":["downfall:Malfunctioning"],"score":293,"play_id":"40a7522a-bb99-422b-859f-c1a7bfad3edd","local_time":"20210220205756","is_ascension_mode":true,"campfire_choices":[{"data":"Slimebound:Recycling","floor":1,"key":"SMITH"},{"data":"Slimebound:GrowthPunch","floor":6,"key":"SMITH"},{"data":"Slimebound:RejuvenatingLick","floor":10,"key":"SMITH"},{"floor":18,"key":"RECALL"},{"data":"Slimebound:SamplingLick","floor":23,"key":"SMITH"}],"circlet_count":0,"master_deck":["Slimebound:Strike_Slimebound","Slimebound:Tackle","Slimebound:Defend_Slimebound+1","Slimebound:Defend_Slimebound","Slimebound:Defend_Slimebound+1","Slimebound:Split+1","Slimebound:CorrosiveSpit","Slimebound:Recycling+1","Slimebound:Schlurp","Slimebound:GrowthPunch+1","Slimebound:RejuvenatingLick+1","Normality","Slimebound:SamplingLick","Slimebound:HauntingLick","Slimebound:SlimeSpikes","Slimebound:RainOfGoop","Slimebound:SamplingLick+1","Slimebound:MassRepurpose","Slimebound:GoopSpray","Slimebound:SamplingLick","Slimebound:Grow+1","Slimebound:SpikyOuterGoop","Slimebound:LeechEnergy+1"],"relics":["Slimebound:AbsorbEndCombat","PreservedInsect","Pen Nib","Juzu Bracelet","SlaversCollar","Bottled Flame","HornCleat","Toy Ornithopter"],"acts_visited":["Exordium","TheCity"],"potions_floor_usage":[],"damage_taken":[{"damage":19,"enemies":"Jaw Worm","floor":2,"turns":4},{"damage":4,"enemies":"downfall:FleeingMerchant","floor":5,"turns":4},{"damage":31,"enemies":"Gremlin Nob","floor":8,"turns":4},{"damage":0,"enemies":"Small Slimes","floor":11,"turns":3},{"damage":1,"enemies":"Cultist","floor":12,"turns":4},{"damage":3,"enemies":"Lagavulin","floor":13,"turns":6},{"damage":3,"enemies":"Red Slaver","floor":14,"turns":4},{"damage":1,"enemies":"2 Fungi Beasts","floor":15,"turns":3},{"damage":0,"enemies":"SI_SHIV_ARCHETYPE","floor":16,"turns":7},{"damage":24,"enemies":"Chosen","floor":19,"turns":6},{"damage":22,"enemies":"Spheric Guardian","floor":20,"turns":7},{"damage":6,"enemies":"downfall:FleeingMerchant","floor":21,"turns":4},{"damage":19,"enemies":"Snake Plant","floor":22,"turns":3},{"damage":10,"enemies":"downfall:LadyInBlue","floor":25,"turns":8}],"seed_played":"-3314147998003535560","potions_obtained":[{"floor":8,"key":"SmokeBomb"},{"floor":11,"key":"ColorlessPotion"},{"floor":12,"key":"SteroidPotion"},{"floor":14,"key":"AttackPotion"},{"floor":25,"key":"Slimebound:SpawnSlimePotion"},{"floor":25,"key":"Slimebound:SlimyTonguePotion"}],"is_trial":false,"path_per_floor":["R","M","?","?","$","R","T","E","?","R","M","M","E","M","M","B",null,"R","M","M","$","M","R","T","?","?"],"character_chosen":"SLIMEBOUND","items_purchased":["Slimebound:GrowthPunch","Bottled Flame","Slimebound:SpikyOuterGoop"],"campfire_rested":0,"item_purchase_floors":[5,21,21],"current_hp_per_floor":[65,50,50,50,52,52,52,21,21,21,27,30,33,34,39,47,65,65,47,29,29,14,14,14,12,0,0,0],"gold":121,"neow_bonus":"ONE_RANDOM_RARE_CARD","is_daily":false,"chose_seed":false,"campfire_upgraded":4,"win_rate":0.0,"timestamp":1613872676,"path_taken":["R","M","?","?","?","R","T","E","?","R","M","M","E","M","M","BOSS","R","M","M","$","M","R","T","?","?"],"items_purchased_type":["Card","Relic","Card"],"build_version":"2020-12-22","purchased_purges":1,"victory":false,"max_hp_per_floor":[65,65,65,65,65,65,65,65,65,65,65,65,65,65,65,65,65,65,65,65,65,65,65,65,65,65,65,65],"relic_stats":{"counters":[14,66],"PreservedInsect":165,"Pen Nib":[3],"Juzu Bracelet":1,"obtain_stats":[{"SlaversCollar":17,"Bottled Flame":21,"HornCleat":24,"PreservedInsect":7,"Pen Nib":8,"Slimebound:AbsorbEndCombat":0,"Juzu Bracelet":13,"Toy Ornithopter":25},{"SlaversCollar":9,"Bottled Flame":12,"HornCleat":13,"PreservedInsect":2,"Pen Nib":3,"Slimebound:AbsorbEndCombat":0,"Juzu Bracelet":6,"Toy Ornithopter":14},{"SlaversCollar":38,"Bottled Flame":55,"HornCleat":58,"PreservedInsect":8,"Pen Nib":12,"Slimebound:AbsorbEndCombat":0,"Juzu Bracelet":24,"Toy Ornithopter":66}],"Toy Ornithopter":0},"card_choices":[{"not_picked":["Slimebound:Recollect","Slimebound:Gluttony"],"picked":"Slimebound:Schlurp","floor":2},{"not_picked":["Slimebound:LeadByExample","Slimebound:FinishingTackle","Slimebound:FlameTackle"],"picked":"SKIP","floor":5},{"not_picked":["Slimebound:RollThrough","Slimebound:LeechingTouch"],"picked":"Slimebound:RejuvenatingLick","floor":8},{"not_picked":["Slimebound:RollThrough","Slimebound:ComboTackle"],"picked":"Slimebound:SamplingLick","floor":11},{"not_picked":["Slimebound:PressTheAttack","Slimebound:DisruptingSlam"],"picked":"Slimebound:HauntingLick","floor":12},{"not_picked":["Slimebound:FlameTackle","Slimebound:Chomp"],"picked":"Slimebound:SlimeSpikes","floor":13},{"not_picked":["Slimebound:SplitAcid","Slimebound:ItLooksTasty"],"picked":"Slimebound:RainOfGoop","floor":14},{"not_picked":["Slimebound:Prepare","Slimebound:GoopTackle"],"picked":"Slimebound:SamplingLick","floor":15},{"not_picked":["Slimebound:MinionMaster","Slimebound:Teamwork"],"picked":"Slimebound:MassRepurpose","floor":16},{"not_picked":["Slimebound:SplitAcid","Slimebound:SplitBruiser"],"picked":"Slimebound:GoopSpray","floor":19},{"not_picked":["Slimebound:Gluttony","Slimebound:LeechEnergy"],"picked":"Slimebound:SamplingLick","floor":20},{"not_picked":["Slimebound:ForwardTackle","Slimebound:SplitAcid"],"picked":"Slimebound:Grow+1","floor":21},{"not_picked":["Slimebound:SplitAcid","Slimebound:HauntingLick","Slimebound:Dissolve"],"picked":"SKIP","floor":22},{"not_picked":["Slimebound:ComboTackle","Slimebound:SlimeTap"],"picked":"Slimebound:LeechEnergy+1","floor":25}],"player_experience":314010,"relics_obtained":[{"floor":7,"key":"PreservedInsect"},{"floor":8,"key":"Pen Nib"},{"floor":13,"key":"Juzu Bracelet"},{"floor":24,"key":"HornCleat"},{"floor":25,"key":"Toy Ornithopter"}],"event_choices":[],"is_beta":false,"boss_relics":[{"not_picked":["Empty Cage","Astrolabe"],"picked":"SlaversCollar"}],"items_purged_floors":[5],"is_endless":false,"potions_floor_spawned":[8,11,12,14,25],"ascension_level":2}}