{"host":"4gkev1dtxxhiue3x","time":1613895545,"event":{"mods":["AchievementEnabler","BaseMod","Better Altar","Better Match","Better Note","Better Sensory Stone","Better Skull","Better Third Choice","Colored Powertips","Friendly Minions","Hermit","Minty Spire (QoL Compilation)","Relic Stats","Robot Space Explorer","Shop Mod","StSLib","The Disciple","The Hierophant"],"gold_per_floor":[112,124,136,153,165,165,178,194,194,275,275,165,225,275,275,363,413,439,379,379],"floor_reached":19,"language":"ENG","playtime":1420,"items_purged":["hierophant:Strike_Hierophant"],"score":184,"play_id":"8513c2ae-c1d7-417c-83f6-133d65ee59e9","local_time":"20210221091905","is_ascension_mode":true,"campfire_choices":[{"data":"hierophant:Chorus","floor":6.0,"key":"SMITH"},{"floor":11.0,"key":"REST"},{"floor":15.0,"key":"REST"}],"circlet_count":0,"master_deck":["hierophant:Strike_Hierophant","hierophant:Strike_Hierophant","hierophant:Strike_Hierophant","hierophant:Punish","hierophant:Defend_Hierophant","hierophant:Defend_Hierophant","hierophant:Defend_Hierophant","hierophant:Defend_Hierophant","hierophant:ChurchCoffers","hierophant:Chorus+1","hierophant:FlamingChariot","hierophant:ThreeLashes","hierophant:FieryStrike","hierophant:Sermon","hierophant:DisplayOfPower","hierophant:BulkyChest","hierophant:AuricBeam","hierophant:Glossolalia","hierophant:OrnateBuckler","hierophant:Doubloon","hierophant:Generosity","hierophant:LocustPlague+1","hierophant:AuricBeam+1"],"relics":["hierophant:PropheticMaskRelic","NeowsBlessing","Darkstone Periapt","Bottled Lightning","Tiny House"],"acts_visited":["Exordium","TheCity"],"potions_floor_usage":[],"damage_taken":[{"damage":0.0,"enemies":"Cultist","floor":1.0,"turns":1.0},{"damage":0.0,"enemies":"Jaw Worm","floor":2.0,"turns":1.0},{"damage":0.0,"enemies":"Small Slimes","floor":3.0,"turns":1.0},{"damage":12.0,"enemies":"Exordium Wildlife","floor":4.0,"turns":4.0},{"damage":10.0,"enemies":"Looter","floor":5.0,"turns":2.0},{"damage":1.0,"enemies":"Exordium Thugs","floor":7.0,"turns":3.0},{"damage":7.0,"enemies":"3 Louse","floor":8.0,"turns":3.0},{"damage":30.0,"enemies":"3 Sentries","floor":10.0,"turns":8.0},{"damage":11.0,"enemies":"Blue Slaver","floor":13.0,"turns":3.0},{"damage":0.0,"enemies":"Large Slime","floor":14.0,"turns":3.0},{"damage":36.0,"enemies":"The Guardian","floor":16.0,"turns":8.0},{"damage":35,"enemies":"3 Byrds","floor":18,"turns":6},{"damage":40,"enemies":"2 Thieves","floor":19,"turns":3}],"seed_played":"-140162802443895579","potions_obtained":[{"floor":1.0,"key":"ColorlessPotion"},{"floor":3.0,"key":"DuplicationPotion"},{"floor":5.0,"key":"EntropicBrew"},{"floor":8.0,"key":"Strength Potion"},{"floor":14.0,"key":"DuplicationPotion"},{"floor":17,"key":"Regen Potion"}],"is_trial":false,"path_per_floor":["M","M","M","M","M","R","M","M","T","E","R","$","M","M","R","B",null,"M","M"],"character_chosen":"HIEROPHANT","items_purchased":["hierophant:Glossolalia"],"campfire_rested":2,"item_purchase_floors":[12],"current_hp_per_floor":[75,75,75,63,53,53,52,45,45,15,37,37,26,26,48,12,80,45,5,5],"gold":379,"neow_bonus":"THREE_ENEMY_KILL","is_daily":false,"chose_seed":false,"campfire_upgraded":1,"win_rate":0.0,"timestamp":1613895545,"path_taken":["M","?","M","M","M","R","M","?","T","E","R","$","M","M","R","BOSS","M","M"],"items_purchased_type":["Card"],"build_version":"2020-12-22","purchased_purges":1,"victory":false,"max_hp_per_floor":[75,75,75,75,75,75,75,75,75,75,75,75,75,75,75,75,80,80,80,80],"relic_stats":{"Darkstone Periapt":0,"counters":[13,46],"obtain_stats":[{"Darkstone Periapt":9,"Tiny House":17,"NeowsBlessing":0,"hierophant:PropheticMaskRelic":0,"Bottled Lightning":10},{"Darkstone Periapt":7,"Tiny House":11,"NeowsBlessing":0,"hierophant:PropheticMaskRelic":0,"Bottled Lightning":8},{"Darkstone Periapt":15,"Tiny House":37,"NeowsBlessing":0,"hierophant:PropheticMaskRelic":0,"Bottled Lightning":23}]},"card_choices":[{"not_picked":["hierophant:Blessing","hierophant:Empathy"],"picked":"hierophant:Chorus","floor":1.0},{"not_picked":["hierophant:Remorse","hierophant:RecallFunds"],"picked":"hierophant:FlamingChariot","floor":2.0},{"not_picked":["hierophant:Purify","hierophant:EyeForCoin"],"picked":"hierophant:ThreeLashes","floor":3.0},{"not_picked":["hierophant:Encroach","hierophant:Shelter"],"picked":"hierophant:FieryStrike","floor":4.0},{"not_picked":["hierophant:OrnateJavelin","hierophant:Prophecy"],"picked":"hierophant:Sermon","floor":5.0},{"not_picked":["hierophant:Shelter","hierophant:PristineSoul"],"picked":"hierophant:DisplayOfPower","floor":7.0},{"not_picked":["hierophant:AuricBeam","hierophant:CursedGold"],"picked":"hierophant:BulkyChest","floor":8.0},{"not_picked":["hierophant:Purify","hierophant:Remorse"],"picked":"hierophant:AuricBeam","floor":10.0},{"not_picked":["hierophant:SealAway","hierophant:Shelter"],"picked":"hierophant:OrnateBuckler","floor":13.0},{"not_picked":["hierophant:Sermon","hierophant:SealAway"],"picked":"hierophant:Generosity","floor":14.0},{"not_picked":["hierophant:DeathKnell","hierophant:BulkyChest"],"picked":"hierophant:LocustPlague","floor":16.0},{"not_picked":["hierophant:HolyVerse","hierophant:Repentance"],"picked":"hierophant:AuricBeam+1","floor":18}],"player_experience":220726,"relics_obtained":[{"floor":9.0,"key":"Darkstone Periapt"},{"floor":10.0,"key":"Bottled Lightning"}],"event_choices":[],"is_beta":false,"boss_relics":[{"not_picked":["Busted Crown","SacredBark"],"picked":"Tiny House"}],"items_purged_floors":[12],"is_endless":false,"potions_floor_spawned":[1,3,5,8,14],"killed_by":"2 Thieves","ascension_level":1}}