{"host":"ow66nzv2xecjoor3","time":1613941288,"event":{"mods":["BaseMod","Bestiary","Block Reminder","Colored Powertips","Curses Come First","Highlight Path","Keyboard Shortcuts","Minty Spire (QoL Compilation)","Permanent Neow","Relic Stats","StSLib","UnlockEverythingMod"],"gold_per_floor":[113,130,141,151,151,185,195,195,195,226,226,256,276,288,288,363,363,375,26,45,73,84,115,115,126,126,137,137,137,25,35,35,112,112,129,144,156,175,193,227,240,274,297,297,330,330,360,27,27,27,27],"floor_reached":50,"language":"ENG","playtime":2510,"items_purged":["Strike_P"],"score":1441,"play_id":"5c7ffc31-2eb6-41a0-95f0-ea525f13c40f","local_time":"20210221150128","is_ascension_mode":true,"campfire_choices":[{"floor":8.0,"key":"REST"},{"data":"Protect","floor":15.0,"key":"SMITH"},{"data":"Scrawl","floor":24.0,"key":"SMITH"},{"floor":32.0,"key":"REST"},{"data":"1","floor":44,"key":"LIFT"},{"data":"2","floor":46,"key":"LIFT"},{"floor":49,"key":"RECALL"}],"circlet_count":0,"master_deck":["AscendersBane","Strike_P+1","Strike_P","Strike_P","Defend_P+1","Defend_P","Defend_P","Defend_P+1","Eruption","Vigilance","Tantrum","SandsOfTime+1","CrushJoints+1","Protect+1","Adaptation","CutThroughFate","DeusExMachina","WheelKick+1","FlurryOfBlows+1","FollowUp+1","Scrawl+1","CurseOfTheBell","DevaForm","Consecrate+1","MentalFortress+1","WheelKick+1","Tantrum+1","SashWhip+1","Wireheading+1","FearNoEvil+1","Devotion","MentalFortress+1","Prostrate+1","LessonLearned+1","CutThroughFate+1","FearNoEvil+1","WheelKick+1","DeceiveReality+1","Wireheading","TalkToTheHand+1","Protect+1","EmptyBody","Tantrum+1"],"relics":["PureWater","Regal Pillow","Molten Egg 2","Darkstone Periapt","Letter Opener","Calling Bell","Toy Ornithopter","Singing Bowl","Turnip","Orrery","Red Mask","Gremlin Horn","Girya","Incense Burner","Fusion Hammer","Bronze Scales","Yang","FossilizedHelix","Ornamental Fan","Calipers"],"acts_visited":["Exordium","TheCity","TheBeyond"],"potions_floor_usage":[37,41,45,50],"damage_taken":[{"damage":0.0,"enemies":"Small Slimes","floor":1.0,"turns":2.0},{"damage":0.0,"enemies":"Cultist","floor":2.0,"turns":2.0},{"damage":0.0,"enemies":"Jaw Worm","floor":3.0,"turns":1.0},{"damage":16.0,"enemies":"Lots of Slimes","floor":4.0,"turns":4.0},{"damage":23.0,"enemies":"3 Sentries","floor":6.0,"turns":5.0},{"damage":4.0,"enemies":"2 Fungi Beasts","floor":7.0,"turns":3.0},{"damage":3.0,"enemies":"Gremlin Nob","floor":10.0,"turns":3.0},{"damage":20.0,"enemies":"3 Sentries","floor":12.0,"turns":6.0},{"damage":0.0,"enemies":"Blue Slaver","floor":13.0,"turns":1.0},{"damage":0.0,"enemies":"Large Slime","floor":14.0,"turns":3.0},{"damage":2.0,"enemies":"The Guardian","floor":16.0,"turns":6.0},{"damage":0.0,"enemies":"3 Byrds","floor":18.0,"turns":3.0},{"damage":0.0,"enemies":"Chosen","floor":20.0,"turns":2.0},{"damage":24.0,"enemies":"Masked Bandits","floor":21.0,"turns":3.0},{"damage":15.0,"enemies":"Snake Plant","floor":22.0,"turns":6.0},{"damage":10.0,"enemies":"Slavers","floor":23.0,"turns":2.0},{"damage":7.0,"enemies":"Snecko","floor":25.0,"turns":3.0},{"damage":16.0,"enemies":"Centurion and Healer","floor":27.0,"turns":4.0},{"damage":6.0,"enemies":"Snake Plant","floor":31.0,"turns":3.0},{"damage":8.0,"enemies":"Champ","floor":33.0,"turns":7.0},{"damage":5,"enemies":"3 Shapes","floor":35,"turns":7},{"damage":10,"enemies":"Orb Walker","floor":36,"turns":4},{"damage":15,"enemies":"Transient","floor":37,"turns":6},{"damage":7,"enemies":"Jaw Worm Horde","floor":38,"turns":5},{"damage":3,"enemies":"3 Darklings","floor":39,"turns":3},{"damage":0,"enemies":"Giant Head","floor":40,"turns":4},{"damage":9,"enemies":"Sphere and 2 Shapes","floor":41,"turns":7},{"damage":0,"enemies":"Nemesis","floor":42,"turns":5},{"damage":0,"enemies":"Giant Head","floor":45,"turns":5},{"damage":0,"enemies":"Nemesis","floor":47,"turns":5},{"damage":67,"enemies":"Time Eater","floor":50,"turns":9}],"seed_played":"9102912355533615051","potions_obtained":[{"floor":1.0,"key":"LiquidBronze"},{"floor":5.0,"key":"AttackPotion"},{"floor":7.0,"key":"SneckoOil"},{"floor":10.0,"key":"SmokeBomb"},{"floor":12.0,"key":"EssenceOfSteel"},{"floor":14.0,"key":"PowerPotion"},{"floor":16.0,"key":"AttackPotion"},{"floor":20.0,"key":"PowerPotion"},{"floor":23.0,"key":"FearPotion"},{"floor":31.0,"key":"Regen Potion"},{"floor":37,"key":"BottledMiracle"},{"floor":42,"key":"DistilledChaos"},{"floor":47,"key":"LiquidMemories"}],"is_trial":false,"path_per_floor":["M","M","M","M","?","E","M","R","T","E","?","E","M","M","R","B",null,"M","$","M","?","M","E","R","M","T","M","T","?","$","M","R","B",null,"M","M","M","M","M","E","M","E","T","R","E","R","E","$","R","B"],"character_chosen":"WATCHER","items_purchased":["Orrery","Tantrum+1","SashWhip+1","CultistPotion","Calipers"],"campfire_rested":2,"item_purchase_floors":[19,19,19,30,48],"current_hp_per_floor":[61,61,61,45,45,22,18,53,53,50,50,30,30,30,30,28,64,71,73,75,51,38,33,33,26,26,22,22,22,22,16,56,48,75,70,60,65,58,55,55,53,53,53,53,58,58,58,58,58,0,0],"gold":27,"neow_bonus":"THREE_CARDS","is_daily":false,"chose_seed":false,"campfire_upgraded":2,"win_rate":0.0,"timestamp":1613941288,"path_taken":["M","M","M","M","?","E","?","R","T","E","?","E","M","M","R","BOSS","M","?","M","?","M","E","R","M","T","M","?","?","$","M","R","BOSS","M","?","M","M","M","E","M","E","T","R","E","R","E","$","R","BOSS"],"items_purchased_type":["Relic","Card","Card","Potion","Relic"],"build_version":"2020-12-22","purchased_purges":1,"victory":false,"max_hp_per_floor":[68,68,68,68,68,68,68,68,68,68,68,68,68,68,68,68,74,76,78,80,80,82,82,82,82,82,84,84,84,84,84,84,84,84,84,84,84,84,84,84,86,86,86,86,86,86,86,86,86,86,86],"relic_stats":{"Darkstone Periapt":6,"Regal Pillow":30,"Singing Bowl":12,"Gremlin Horn":[8,9],"counters":[31,129],"Ornamental Fan":[8],"Bronze Scales":[81],"Yang":[47],"Turnip":[10],"Letter Opener":[100],"obtain_stats":[{"Darkstone Periapt":10,"Girya":26,"Regal Pillow":6,"Calipers":48,"Singing Bowl":17,"Gremlin Horn":23,"Yang":42,"Incense Burner":28,"Letter Opener":11,"Calling Bell":17,"Ornamental Fan":47,"Bronze Scales":40,"Orrery":19,"Molten Egg 2":9,"Turnip":17,"Fusion Hammer":34,"Red Mask":21,"PureWater":0,"Toy Ornithopter":17,"FossilizedHelix":45},{"Darkstone Periapt":7,"Girya":17,"Regal Pillow":5,"Calipers":30,"Singing Bowl":11,"Gremlin Horn":16,"Yang":28,"Incense Burner":18,"Letter Opener":7,"Calling Bell":11,"Ornamental Fan":30,"Bronze Scales":26,"Orrery":12,"Molten Egg 2":6,"Turnip":11,"Fusion Hammer":20,"Red Mask":14,"PureWater":0,"Toy Ornithopter":11,"FossilizedHelix":29},{"Darkstone Periapt":20,"Girya":55,"Regal Pillow":14,"Calipers":120,"Singing Bowl":36,"Gremlin Horn":52,"Yang":110,"Incense Burner":59,"Letter Opener":20,"Calling Bell":36,"Ornamental Fan":120,"Bronze Scales":98,"Orrery":39,"Molten Egg 2":17,"Turnip":36,"Fusion Hammer":69,"Red Mask":44,"PureWater":0,"Toy Ornithopter":36,"FossilizedHelix":115}],"Toy Ornithopter":40},"card_choices":[{"not_picked":["FlyingSleeves","InnerPeace"],"picked":"Tantrum","floor":0.0},{"not_picked":["FollowUp","JustLucky"],"picked":"SandsOfTime","floor":1.0},{"not_picked":["EmptyBody","PathToVictory"],"picked":"CrushJoints","floor":2.0},{"not_picked":["BowlingBash","EmptyBody"],"picked":"Protect","floor":3.0},{"not_picked":["Wireheading","BattleHymn"],"picked":"Adaptation","floor":4.0},{"not_picked":["EmptyMind","InnerPeace"],"picked":"CutThroughFate","floor":6.0},{"not_picked":["JustLucky","Study"],"picked":"DeusExMachina","floor":7.0},{"not_picked":["InnerPeace","Prostrate"],"picked":"WheelKick+1","floor":10.0},{"not_picked":["CrushJoints+1","ClearTheMind","BowlingBash+1"],"picked":"SKIP","floor":12.0},{"not_picked":["CarveReality+1","Adaptation"],"picked":"FlurryOfBlows+1","floor":13.0},{"not_picked":["BowlingBash+1","FlurryOfBlows+1"],"picked":"FollowUp+1","floor":14.0},{"not_picked":["Judgement","Brilliance+1"],"picked":"Scrawl","floor":16.0},{"not_picked":["Evaluate","InnerPeace","Collect"],"picked":"Singing Bowl","floor":18.0},{"not_picked":["FlyingSleeves+1","Study+1"],"picked":"DevaForm","floor":19.0},{"not_picked":["InnerPeace","PathToVictory"],"picked":"Consecrate+1","floor":19.0},{"not_picked":["Collect","WheelKick+1"],"picked":"MentalFortress+1","floor":19.0},{"not_picked":["Study","Protect+1"],"picked":"WheelKick+1","floor":19.0},{"not_picked":["CutThroughFate+1","FlyingSleeves+1","BowlingBash+1"],"picked":"Singing Bowl","floor":19.0},{"not_picked":["CrushJoints+1","CarveReality+1","Consecrate+1"],"picked":"Singing Bowl","floor":20.0},{"not_picked":["Tantrum+1","DeceiveReality"],"picked":"Wireheading+1","floor":21.0},{"not_picked":["Consecrate+1","Nirvana","CrushJoints+1"],"picked":"Singing Bowl","floor":22.0},{"not_picked":["Protect","EmptyBody"],"picked":"FearNoEvil+1","floor":23.0},{"not_picked":["SignatureMove+1","SashWhip+1"],"picked":"Devotion","floor":25.0},{"not_picked":["LikeWater","Consecrate+1","SignatureMove+1"],"picked":"Singing Bowl","floor":27.0},{"not_picked":["Consecrate+1","WreathOfFlame"],"picked":"Prostrate","floor":31.0},{"not_picked":["Alpha","ConjureBlade"],"picked":"LessonLearned+1","floor":33.0},{"not_picked":["BowlingBash+1","Adaptation"],"picked":"CutThroughFate+1","floor":35},{"not_picked":["Adaptation+1","BowlingBash+1"],"picked":"FearNoEvil+1","floor":36},{"not_picked":["ForeignInfluence+1","Consecrate+1"],"picked":"WheelKick+1","floor":37},{"not_picked":["SandsOfTime+1","Judgement","DeceiveReality+1"],"picked":"SKIP","floor":38},{"not_picked":["SandsOfTime+1","Judgement"],"picked":"DeceiveReality+1","floor":38},{"not_picked":["PathToVictory","Protect"],"picked":"Wireheading","floor":39},{"not_picked":["WreathOfFlame","EmptyBody"],"picked":"TalkToTheHand+1","floor":40},{"not_picked":["Conclude+1","ThirdEye","Swivel"],"picked":"Singing Bowl","floor":41},{"not_picked":["Collect+1","Vengeance"],"picked":"Protect+1","floor":42},{"not_picked":["FlurryOfBlows+1","EmptyFist+1"],"picked":"EmptyBody","floor":45},{"not_picked":["LikeWater","EmptyMind"],"picked":"Tantrum+1","floor":47}],"player_experience":2931451,"relics_obtained":[{"floor":6.0,"key":"Regal Pillow"},{"floor":9.0,"key":"Molten Egg 2"},{"floor":10.0,"key":"Darkstone Periapt"},{"floor":17.0,"key":"Toy Ornithopter"},{"floor":17.0,"key":"Singing Bowl"},{"floor":17.0,"key":"Turnip"},{"floor":21.0,"key":"Red Mask"},{"floor":23.0,"key":"Gremlin Horn"},{"floor":26.0,"key":"Girya"},{"floor":28.0,"key":"Incense Burner"},{"floor":40,"key":"Bronze Scales"},{"floor":42,"key":"Yang"},{"floor":45,"key":"FossilizedHelix"},{"floor":47,"key":"Ornamental Fan"}],"event_choices":[{"damage_healed":0.0,"max_hp_gain":0.0,"max_hp_loss":0.0,"gold_gain":0.0,"event_name":"Lab","player_choice":"Got Potions","floor":5.0,"gold_loss":0.0,"damage_taken":0.0},{"damage_healed":0.0,"max_hp_gain":0.0,"max_hp_loss":0.0,"gold_gain":0.0,"event_name":"WeMeetAgain","player_choice":"Gave Potion","floor":11.0,"gold_loss":0.0,"damage_taken":0.0,"relics_obtained":["Letter Opener"]},{"damage_healed":0.0,"max_hp_gain":0.0,"max_hp_loss":0.0,"gold_gain":0.0,"event_name":"Masked Bandits","player_choice":"Fought Bandits","floor":21.0,"gold_loss":0.0,"damage_taken":0.0},{"damage_healed":0.0,"max_hp_gain":0.0,"max_hp_loss":0.0,"gold_gain":0.0,"event_name":"Duplicator","player_choice":"Copied","floor":29.0,"gold_loss":0.0,"damage_taken":0.0,"cards_obtained":["MentalFortress"]}],"is_beta":false,"boss_relics":[{"not_picked":["Velvet Choker","Tiny House"],"picked":"Calling Bell"},{"not_picked":["SlaversCollar","Runic Pyramid"],"picked":"Fusion Hammer"}],"items_purged_floors":[19],"is_endless":false,"potions_floor_spawned":[1,7,10,12,14,16,20,22,23,25,31,33,36,37,42,47],"killed_by":"Time Eater","ascension_level":20}}