{"host":"c64dsqyrqv0ei9yn","time":1613908327,"event":{"mods":["Act Like it!","Arknights","BaseMod","Bestiary","CapriCore","Chen","Colored Map","Colored Powertips","Curses Come First","Hermit","Koishi","LagranYue(ùfäiòNÅEåé)","MarisaÅiñ∂âJÅ@ñÇóùçπÅj","Minty Spire (QoL Compilation)","Prisma Mod","Random Character Button","ReimuÅiîé??öÎÅj","RemiliaÅiÂQïƒ‰ª?Åj","StSLib","The Administrix","The Alterego","The Immortal","The Marked","The Saiyan","The Senshi","The Servant 0.9.4","The Wild Card","TheSwordswoman","Waifu the Spire","WarShipGirlsR/??è≠èóR mod","slay the spire mod where everything is the same but ironclad has a cowboy hat"],"gold_per_floor":[112,123,142,152,118,118,118,138,138,148,148,168,168,184,184,287,287,305,6,17,30,30,30,42,42,42,53,65,65,65,65],"floor_reached":30,"language":"ENG","playtime":1607,"items_purged":[],"score":228,"play_id":"d032acea-8bb7-4d09-b84a-669b2f550f85","local_time":"20210221115207","is_ascension_mode":false,"campfire_choices":[{"data":"Chen:MeditateFrenzy","floor":6,"key":"SMITH"},{"data":"Chen:Adaptability","floor":11,"key":"SMITH"},{"data":"Chen:BlueOniRedOni","floor":13,"key":"SMITH"},{"floor":15,"key":"REST"},{"floor":23,"key":"REST"},{"floor":25,"key":"REST"}],"circlet_count":0,"master_deck":["Chen:Strike+1","Chen:Strike+1","Chen:Strike+1","Chen:Strike+1","Chen:Defend+1","Chen:Defend+1","Chen:Defend+1","Chen:Defend+1","Chen:PounceTurnTail","Chen:GlitterPoke","Chen:Salvo","Chen:Sneak","Chen:Tear","Chen:MeditateFrenzy+1","Chen:Assault","Chen:Adaptability+1","Chen:BlueOniRedOni+1","Chen:ResistTemptation","Chen:Clarity","Chen:Spray","Chen:ResistTemptation","Chen:Sweep"],"relics":["Chen:Catnip","NeowsBlessing","Mastiff:ReiMu","Busted Crown","Bottled Lightning","Mercury Hourglass"],"acts_visited":["Exordium","TheCity"],"potions_floor_usage":[],"damage_taken":[{"damage":0,"enemies":"Small Slimes","floor":1,"turns":1},{"damage":0,"enemies":"Cultist","floor":2,"turns":1},{"damage":0,"enemies":"2 Louse","floor":3,"turns":1},{"damage":22,"enemies":"Exordium Wildlife","floor":4,"turns":5},{"damage":7,"enemies":"Blue Slaver","floor":8,"turns":3},{"damage":0,"enemies":"Large Slime","floor":10,"turns":4},{"damage":0,"enemies":"Red Slaver","floor":12,"turns":3},{"damage":3,"enemies":"Looter","floor":14,"turns":2},{"damage":33,"enemies":"The Guardian","floor":16,"turns":9},{"damage":2,"enemies":"3 Byrds","floor":18,"turns":3},{"damage":17,"enemies":"Shell Parasite","floor":20,"turns":6},{"damage":33,"enemies":"Snecko","floor":21,"turns":5},{"damage":14,"enemies":"Snake Plant","floor":24,"turns":4},{"damage":18,"enemies":"Sentry and Sphere","floor":27,"turns":4},{"damage":26,"enemies":"Shelled Parasite and Fungi","floor":28,"turns":5},{"damage":6,"enemies":"3 Cultists","floor":30,"turns":2}],"seed_played":"1811817160107529421","potions_obtained":[{"floor":2,"key":"PowerPotion"},{"floor":8,"key":"Strength Potion"},{"floor":10,"key":"Ancient Potion"}],"is_trial":false,"path_per_floor":["M","M","M","M","$","R","?","M","T","M","R","M","R","M","R","B",null,"M","$","M","M","?","R","M","R","T","M","M","$","M"],"character_chosen":"CHEN","items_purchased":["Chen:Assault","Chen:Spray","Bottled Lightning"],"campfire_rested":3,"item_purchase_floors":[5,19,19],"current_hp_per_floor":[70,70,70,48,48,48,48,41,41,41,41,41,41,38,59,26,70,68,68,51,18,18,39,25,46,46,28,2,2,0,0],"gold":65,"neow_bonus":"THREE_ENEMY_KILL","is_daily":false,"chose_seed":false,"campfire_upgraded":3,"win_rate":0.0,"timestamp":1613908327,"path_taken":["M","M","M","M","$","R","?","M","T","M","R","?","R","?","R","BOSS","M","$","?","M","?","R","M","R","T","M","M","?","M"],"items_purchased_type":["Card","Card","Relic"],"build_version":"2020-12-22","purchased_purges":0,"victory":false,"max_hp_per_floor":[70,70,70,70,70,70,70,70,70,70,70,70,70,70,70,70,70,70,70,70,70,70,70,70,70,70,70,70,70,70,70],"card_choices":[{"not_picked":["Chen:TauntHiss","Chen:Panic"],"picked":"Chen:Salvo","floor":1},{"not_picked":["Chen:PentagramFlight","Chen:TauntHiss"],"picked":"Chen:Sneak","floor":2},{"not_picked":["Chen:Sweep","Chen:Adaptability"],"picked":"Chen:Tear","floor":3},{"not_picked":["Chen:Shot","Chen:Spray"],"picked":"Chen:MeditateFrenzy","floor":4},{"not_picked":["Chen:PentagramFlight","Chen:Panic","Chen:RecklessLeap"],"picked":"SKIP","floor":8},{"not_picked":["Chen:FinalSpellCard","Chen:Tear"],"picked":"Chen:Adaptability","floor":10},{"not_picked":["Chen:RecklessLeap","Chen:Scratch"],"picked":"Chen:BlueOniRedOni","floor":12},{"not_picked":["Chen:Shot","Chen:BlueOniRedOni"],"picked":"Chen:ResistTemptation","floor":14},{"not_picked":["Chen:Possession","Chen:FinalSpellCard"],"picked":"Chen:Clarity","floor":16},{"not_picked":["Chen:Unpredictable"],"picked":"SKIP","floor":18},{"not_picked":["Chen:Sneak"],"picked":"SKIP","floor":20},{"not_picked":["Chen:Deceitful"],"picked":"SKIP","floor":21},{"not_picked":["Chen:Scratch"],"picked":"SKIP","floor":24},{"not_picked":[],"picked":"Chen:ResistTemptation","floor":27},{"not_picked":[],"picked":"Chen:Sweep","floor":28}],"player_experience":122356,"relics_obtained":[{"floor":9,"key":"Mastiff:ReiMu"},{"floor":26,"key":"Mercury Hourglass"}],"event_choices":[{"cards_removed":["Chen:Strike"],"damage_healed":0,"gold_gain":0,"player_choice":"Card Removal","damage_taken":0,"max_hp_gain":0,"max_hp_loss":0,"event_name":"Wheel of Change","floor":7,"gold_loss":0},{"damage_healed":0,"gold_gain":0,"player_choice":"Simplicity","damage_taken":0,"max_hp_gain":0,"max_hp_loss":0,"event_name":"Back to Basics","floor":22,"gold_loss":0,"cards_upgraded":["Chen:Strike","Chen:Strike","Chen:Strike","Chen:Strike","Chen:Defend","Chen:Defend","Chen:Defend","Chen:Defend"]}],"is_beta":false,"boss_relics":[{"not_picked":["Snecko Eye","Tiny House"],"picked":"Busted Crown"}],"items_purged_floors":[],"is_endless":false,"potions_floor_spawned":[2,8,10,14,16,20,24,27],"killed_by":"3 Cultists","ascension_level":0}}