{"host":"8dpalrttb7ksmhgg","time":1613951058,"event":{"mods":["Act Like it!","Aspiration","Astrologer","BaseMod","Beaked The Cultist","Better Skull","BetterRewards","Conspire","Downfall","Energized Spire","Friendly Minions","GifTheSpireLib","Halation","HornydragonMod","Hubris","Hyrulean Relics","Infinite Spire","Mimic Mod","Minty Spire (QoL Compilation)","Pale of the Ancients","Replay The Spire","Retaliation","Shop Mod","Somnambulant","StSLib","Stuff the Spire","The Blackbeard","The Bug Knight","The Construct","The Disciple","The Gatherer","The Hierophant","The Jungle","The Mystic","The Necromancer","The Poker Player","The Sage","Wandering Minibosses","[IsaacMod]????"],"gold_per_floor":[114,129,149,149,24,24,24],"floor_reached":6,"language":"ENG","playtime":596,"items_purged":["hubris:Gluttony"],"score":36,"play_id":"8f781907-260c-4fac-8db2-8bfefca5dbbb","local_time":"20210221184418","is_ascension_mode":false,"campfire_choices":[],"circlet_count":0,"master_deck":["Strike_Br","Strike_Br","Strike_Br","Strike_Br","Defend_Br","Defend_Br","Defend_Br","Defend_Br","SecondHand","PatternShift","LockedAnchor","HandsUpC","EscortCommand","WindUp"],"relics":["Chronometer","HushsDoor","aspiration:Nostalgia","m_SeaBlood","BookofShadows","Ring of Fangs","ReplayTheSpireMod:Ring of Challenge"],"acts_visited":["Exordium"],"potions_floor_usage":[],"damage_taken":[{"damage":0,"enemies":"Small Slimes","floor":1,"turns":4},{"damage":0,"enemies":"2 Louse","floor":2,"turns":4},{"damage":0,"enemies":"Cultist","floor":3,"turns":3},{"damage":0,"enemies":"3 Sentries","floor":6,"turns":2}],"seed_played":"1189104554272170353","potions_obtained":[{"floor":2,"key":"Swift Potion"},{"floor":3,"key":"Swift Potion"}],"is_trial":false,"path_per_floor":["M","M","M","?","$","E"],"character_chosen":"CHRONO_CLASS","items_purchased":["WindUp"],"campfire_rested":0,"item_purchase_floors":[5],"current_hp_per_floor":[65,65,65,65,65,65,65],"gold":24,"neow_bonus":"NOSTALGIA","is_daily":false,"chose_seed":false,"campfire_upgraded":0,"win_rate":0.0,"timestamp":1613951058,"path_taken":["M","M","M","?","$","E"],"items_purchased_type":["Card"],"build_version":"2020-12-22","purchased_purges":1,"victory":false,"max_hp_per_floor":[65,65,65,65,65,65,65],"card_choices":[{"not_picked":[],"picked":"ChaosCard","floor":0},{"not_picked":["HandsUpB","LockedScales"],"picked":"LockedAnchor","floor":1},{"not_picked":["Flex","Limit Break"],"picked":"HandsUpC","floor":2},{"not_picked":["LockedMawBank","Bomb"],"picked":"EscortCommand","floor":3}],"player_experience":717562,"relics_obtained":[{"floor":4,"key":"Ring of Fangs"},{"floor":4,"key":"ReplayTheSpireMod:Ring of Challenge"}],"event_choices":[],"is_beta":false,"boss_relics":[],"items_purged_floors":[5],"is_endless":false,"potions_floor_spawned":[2,3],"killed_by":"3 Sentries","ascension_level":0}}