{"host":"tnmp9bkutp0enjo6","time":1613917277,"event":{"mods":["2.2 Compatiblity","AchievementEnabler","Bard","BaseMod","Block Reminder","Colored Powertips","Highlight Path","Minty Spire (QoL Compilation)","Quick Restart","Random Character Button","Rare Cards Sparkle","Relic Stats","StSLib","The Poker Player","The Problem Sleuth","The Senshi"],"gold_per_floor":[114,124,124,135,155,187,187,218,244,278,291,291,326,355,367,480,492,519,531,562,574,586,615,655,681,742,754,766,805,817,848,860,977,989,1018,1030,1042,1054,1080,1092,1139,1151,1163,638,650,664,0,0,0,0,0],"floor_reached":50,"language":"ENG","playtime":6778,"items_purged":[],"score":671,"play_id":"37036bec-562f-43ae-af34-9183fb4e3481","local_time":"20210221152117","is_ascension_mode":true,"campfire_choices":[{"floor":7.0,"key":"REST"},{"floor":15.0,"key":"REST"},{"floor":27.0,"key":"REST"},{"floor":32.0,"key":"REST"},{"floor":40.0,"key":"RECALL"},{"floor":42.0,"key":"REST"},{"floor":49.0,"key":"REST"}],"circlet_count":0,"master_deck":["Defend_G+1","Defend_G+1","Defend_G+1","Defend_G+1","Defend_G+1","Survivor","Neutralize","Blade Dance","Outmaneuver","Accuracy","Poisoned Stab","Bouncing Flask+1","After Image","Backflip","Blade Dance","PiercingWail","Venomology","Accuracy","Slice","Footwork","Noxious Fumes","Bane","A Thousand Cuts","Bite","Bite","Bite","Bite","Bite","Poisoned Stab","A Thousand Cuts","Poisoned Stab+1","Madness","Madness","Cloak And Dagger","Distraction","Blur+1","Bouncing Flask","Caltrops","Flash of Steel","Slice","Infinite Blades+1","Parasite","Deadly Poison","Accuracy","Crippling Poison","Dramatic Entrance","Dramatic Entrance","Dark Shackles","Riddle With Holes+1"],"relics":["Ring of the Snake","Bag of Preparation","Strawberry","War Paint","MawBank","Sozu","MutagenicStrength","theSleuth:SaltedMelon","theSleuth:SaltedMelon","FossilizedHelix","Regal Pillow","Oddly Smooth Stone","Philosopher\u0027s Stone","Paper Crane","Dream Catcher","Mercury Hourglass","Bronze Scales","PreservedInsect","HandDrill","Meat on the Bone","Anchor"],"acts_visited":["Exordium","TheCity","TheBeyond"],"potions_floor_usage":[],"damage_taken":[{"damage":0.0,"enemies":"2 Louse","floor":1.0,"turns":5.0},{"damage":0.0,"enemies":"Cultist","floor":2.0,"turns":4.0},{"damage":1.0,"enemies":"Small Slimes","floor":4.0,"turns":4.0},{"damage":10.0,"enemies":"Exordium Wildlife","floor":5.0,"turns":5.0},{"damage":12.0,"enemies":"Lagavulin","floor":6.0,"turns":9.0},{"damage":30.0,"enemies":"3 Sentries","floor":8.0,"turns":9.0},{"damage":17.0,"enemies":"Gremlin Nob","floor":10.0,"turns":4.0},{"damage":8.0,"enemies":"Large Slime","floor":11.0,"turns":7.0},{"damage":0.0,"enemies":"Exordium Thugs","floor":12.0,"turns":1.0},{"damage":9.0,"enemies":"Lagavulin","floor":13.0,"turns":6.0},{"damage":3.0,"enemies":"Exordium Wildlife","floor":14.0,"turns":5.0},{"damage":34.0,"enemies":"Slime Boss","floor":16.0,"turns":9.0},{"damage":27.0,"enemies":"2 Thieves","floor":18.0,"turns":4.0},{"damage":0.0,"enemies":"Chosen","floor":20.0,"turns":4.0},{"damage":7.0,"enemies":"Centurion and Healer","floor":23.0,"turns":7.0},{"damage":9.0,"enemies":"Book of Stabbing","floor":24.0,"turns":7.0},{"damage":0.0,"enemies":"Snake Plant","floor":25.0,"turns":4.0},{"damage":49.0,"enemies":"Gremlin Leader","floor":29.0,"turns":8.0},{"damage":21.0,"enemies":"Shelled Parasite and Fungi","floor":31.0,"turns":5.0},{"damage":49.0,"enemies":"Collector","floor":33.0,"turns":9.0},{"damage":20.0,"enemies":"Orb Walker","floor":35.0,"turns":4.0},{"damage":16.0,"enemies":"3 Darklings","floor":39.0,"turns":8.0},{"damage":49.0,"enemies":"Nemesis","floor":41.0,"turns":7.0},{"damage":22.0,"enemies":"Sphere and 2 Shapes","floor":45.0,"turns":4.0},{"damage":5.0,"enemies":"Writhing Mass","floor":46.0,"turns":6.0},{"damage":72,"enemies":"Donu and Deca","floor":50,"turns":4}],"seed_played":"8043386719577096893","potions_obtained":[{"floor":4.0,"key":"SneckoOil"},{"floor":5.0,"key":"Swift Potion"},{"floor":6.0,"key":"SmokeBomb"},{"floor":8.0,"key":"EssenceOfSteel"},{"floor":16.0,"key":"Weak Potion"}],"is_trial":false,"path_per_floor":["M","M","?","M","M","E","R","E","T","E","M","M","E","M","R","B",null,"M","?","M","?","?","M","E","M","T","R","?","E","?","M","R","B",null,"M","?","?","T","M","R","E","R","T","$","M","M","$","?","R","B"],"character_chosen":"THE_SILENT","items_purchased":["Bronze Scales","PreservedInsect","Bouncing Flask","Caltrops","Flash of Steel","Slice","HandDrill","Meat on the Bone","Accuracy","Crippling Poison","Anchor"],"campfire_rested":6,"item_purchase_floors":[44,44,44,44,44,44,47,47,47,47,47],"current_hp_per_floor":[63,63,68,67,57,45,70,47,47,30,22,22,13,10,37,3,91,64,64,64,64,64,57,48,48,48,92,74,25,25,14,52,19,70,54,45,45,45,43,45,4,43,43,43,27,32,32,22,61,0,0],"gold":0,"neow_bonus":"TWENTY_PERCENT_HP_BONUS","is_daily":false,"chose_seed":false,"campfire_upgraded":0,"win_rate":0.0,"timestamp":1613917277,"path_taken":["M","M","?","?","M","E","R","E","T","E","M","M","E","M","R","BOSS","M","?","M","?","?","?","E","M","T","R","?","E","?","M","R","BOSS","M","?","?","?","M","R","E","R","T","$","M","?","$","?","R","BOSS"],"items_purchased_type":["Relic","Relic","Card","Card","Card","Card","Relic","Relic","Card","Card","Relic"],"build_version":"2020-12-22","purchased_purges":0,"victory":false,"max_hp_per_floor":[84,84,84,84,84,84,84,91,91,91,91,91,91,91,91,91,91,91,91,91,91,91,91,91,91,91,93,98,98,68,68,70,70,70,70,70,70,70,70,72,72,74,74,74,74,74,74,74,76,76,76],"relic_stats":{"Regal Pillow":60,"counters":[26,149],"PreservedInsect":0,"Bag of Preparation":[42],"War Paint":["Defend_G","Bouncing Flask"],"MawBank":372,"Mercury Hourglass":[48],"Sozu":7,"Dream Catcher":2,"Bronze Scales":[30],"HandDrill":[2],"obtain_stats":[{"theSleuth:SaltedMelon":22,"Regal Pillow":26,"Oddly Smooth Stone":29,"PreservedInsect":44,"Bag of Preparation":6,"War Paint":10,"Paper Crane":38,"MawBank":13,"Mercury Hourglass":43,"Sozu":17,"Dream Catcher":41,"Anchor":47,"Strawberry":8,"MutagenicStrength":21,"Bronze Scales":44,"Philosopher\u0027s Stone":34,"HandDrill":47,"FossilizedHelix":24,"Ring of the Snake":0,"Meat on the Bone":47},{"theSleuth:SaltedMelon":14,"Regal Pillow":17,"Oddly Smooth Stone":18,"PreservedInsect":23,"Bag of Preparation":5,"War Paint":7,"Paper Crane":21,"MawBank":10,"Mercury Hourglass":23,"Sozu":12,"Dream Catcher":23,"Anchor":25,"Strawberry":6,"MutagenicStrength":14,"Bronze Scales":23,"Philosopher\u0027s Stone":20,"HandDrill":25,"FossilizedHelix":16,"Ring of the Snake":0,"Meat on the Bone":25},{"theSleuth:SaltedMelon":76,"Regal Pillow":94,"Oddly Smooth Stone":102,"PreservedInsect":135,"Bag of Preparation":27,"War Paint":40,"Paper Crane":120,"MawBank":54,"Mercury Hourglass":135,"Sozu":68,"Dream Catcher":135,"Anchor":145,"Strawberry":36,"MutagenicStrength":76,"Bronze Scales":135,"Philosopher\u0027s Stone":116,"HandDrill":145,"FossilizedHelix":90,"Ring of the Snake":0,"Meat on the Bone":145}],"Ring of the Snake":[52],"Meat on the Bone":0},"card_choices":[{"not_picked":["Quick Slash","Dodge and Roll"],"picked":"Blade Dance","floor":1.0},{"not_picked":["Riddle With Holes","Leg Sweep"],"picked":"Slice","floor":2.0},{"not_picked":["Escape Plan","Dagger Spray"],"picked":"Outmaneuver","floor":4.0},{"not_picked":["Flying Knee","Deadly Poison"],"picked":"Accuracy","floor":5.0},{"not_picked":["Quick Slash","Dagger Spray"],"picked":"Poisoned Stab","floor":6.0},{"not_picked":["Terror","Tactician"],"picked":"Bouncing Flask","floor":8.0},{"not_picked":["Deadly Poison","Night Terror"],"picked":"After Image","floor":10.0},{"not_picked":["Leg Sweep","Bane"],"picked":"Backflip","floor":11.0},{"not_picked":["Slice","Acrobatics"],"picked":"Blade Dance","floor":13.0},{"not_picked":["Finisher","Outmaneuver"],"picked":"PiercingWail","floor":14.0},{"not_picked":["Glass Knife","Phantasmal Killer"],"picked":"Venomology","floor":16.0},{"not_picked":["Tactician+1","Sucker Punch"],"picked":"Accuracy","floor":18.0},{"not_picked":["Acrobatics","Finisher"],"picked":"Slice","floor":20.0},{"not_picked":["Dagger Throw","Leg Sweep"],"picked":"Footwork","floor":23.0},{"not_picked":["Blade Dance+1","Masterful Stab"],"picked":"Noxious Fumes","floor":24.0},{"not_picked":["Prepared+1","Backflip"],"picked":"Bane","floor":25.0},{"not_picked":["Unload","Prepared"],"picked":"A Thousand Cuts","floor":29.0},{"not_picked":["Riddle With Holes","Choke"],"picked":"Poisoned Stab","floor":31.0},{"not_picked":["Adrenaline","Tools of the Trade"],"picked":"A Thousand Cuts","floor":33.0},{"not_picked":["Setup","Backflip+1"],"picked":"Poisoned Stab+1","floor":35.0},{"not_picked":["Slice+1","Reflex+1"],"picked":"Cloak And Dagger","floor":39.0},{"not_picked":["PiercingWail","Bullet Time"],"picked":"Distraction","floor":41.0},{"not_picked":["Bane+1","Calculated Gamble+1"],"picked":"Blur+1","floor":42.0},{"not_picked":["Deadly Poison","Leg Sweep+1"],"picked":"Infinite Blades+1","floor":45.0},{"not_picked":["Sucker Punch+1","Dash+1"],"picked":"Deadly Poison","floor":46.0},{"not_picked":["Transmutation","Swift Strike"],"picked":"Dramatic Entrance","floor":48.0},{"not_picked":["Bandage Up","Flash of Steel"],"picked":"Dramatic Entrance","floor":48.0},{"not_picked":["Jack Of All Trades","Purity"],"picked":"Dark Shackles","floor":48.0},{"not_picked":["Reflex","Calculated Gamble+1"],"picked":"Riddle With Holes+1","floor":49.0}],"player_experience":187128,"relics_obtained":[{"floor":6.0,"key":"Bag of Preparation"},{"floor":8.0,"key":"Strawberry"},{"floor":10.0,"key":"War Paint"},{"floor":13.0,"key":"MawBank"},{"floor":24.0,"key":"FossilizedHelix"},{"floor":26.0,"key":"Regal Pillow"},{"floor":29.0,"key":"Oddly Smooth Stone"},{"floor":38.0,"key":"Paper Crane"},{"floor":41.0,"key":"Dream Catcher"},{"floor":43.0,"key":"Mercury Hourglass"}],"event_choices":[{"cards_removed":["Slice"],"damage_healed":5.0,"max_hp_gain":0.0,"max_hp_loss":0.0,"gold_gain":0.0,"event_name":"Bonfire Elementals","player_choice":"Offered Common","floor":3.0,"gold_loss":0.0,"damage_taken":0.0},{"cards_removed":["Slice"],"damage_healed":5.0,"max_hp_gain":0.0,"max_hp_loss":0.0,"gold_gain":0.0,"event_name":"Bonfire Elementals","player_choice":"Offered Special","floor":3.0,"gold_loss":0.0,"damage_taken":0.0},{"damage_healed":0.0,"max_hp_gain":0.0,"max_hp_loss":0.0,"gold_gain":0.0,"event_name":"Back to Basics","player_choice":"Simplicity","floor":19.0,"gold_loss":0.0,"damage_taken":0.0,"cards_upgraded":["Strike_G","Strike_G","Strike_G","Strike_G","Strike_G","Defend_G","Defend_G","Defend_G","Defend_G"]},{"damage_healed":0.0,"max_hp_gain":0.0,"max_hp_loss":0.0,"gold_gain":0.0,"event_name":"Drug Dealer","player_choice":"Inject Mutagens","floor":21.0,"gold_loss":0.0,"damage_taken":0.0,"relics_obtained":["MutagenicStrength"]},{"damage_healed":0.0,"max_hp_gain":5.0,"max_hp_loss":0.0,"gold_gain":0.0,"event_name":"Forgotten Altar","player_choice":"Shed Blood","floor":28.0,"gold_loss":0.0,"damage_taken":23.0},{"damage_healed":0.0,"max_hp_gain":0.0,"max_hp_loss":30.0,"gold_gain":0.0,"event_name":"Vampires","player_choice":"Became a vampire","floor":30.0,"gold_loss":0.0,"damage_taken":0.0,"cards_obtained":["Bite","Bite","Bite","Bite","Bite"]},{"damage_healed":0.0,"max_hp_gain":0.0,"max_hp_loss":0.0,"gold_gain":0.0,"event_name":"Winding Halls","player_choice":"Embrace Madness","floor":36.0,"gold_loss":0.0,"damage_taken":9.0,"cards_obtained":["Madness","Madness"]},{"damage_healed":0.0,"max_hp_gain":0.0,"max_hp_loss":0.0,"gold_gain":0.0,"event_name":"Tomb of Lord Red Mask","player_choice":"Ignored","floor":37.0,"gold_loss":0.0,"damage_taken":0.0},{"damage_healed":0.0,"max_hp_gain":0.0,"max_hp_loss":0.0,"gold_gain":0.0,"event_name":"SensoryStone","player_choice":"Memory 3","floor":48.0,"gold_loss":0.0,"damage_taken":10.0}],"is_beta":false,"boss_relics":[{"not_picked":["Ectoplasm","Tiny House"],"picked":"Sozu"},{"not_picked":["Runic Dome","Pandora\u0027s Box"],"picked":"Philosopher\u0027s Stone"}],"items_purged_floors":[],"is_endless":false,"potions_floor_spawned":[4,5,6,8,16,23,29,33,41],"killed_by":"Donu and Deca","ascension_level":2}}