{"host":"vlqej45p0v31lhdi","time":1613868110,"event":{"mods":["AchievementEnabler","BaseMod","Bestiary","Colored Powertips","Minty Spire (QoL Compilation)","Relic Stats"],"gold_per_floor":[36,73,223,223,276,302,302,65,65,65,65,65],"floor_reached":11,"language":"ENG","playtime":592,"items_purged":[],"score":142,"play_id":"77fd879e-eb9f-4d0e-bed4-1b3d99710367","local_time":"20210220184150","is_ascension_mode":true,"campfire_choices":[{"data":"HandOfGreed","floor":7,"key":"SMITH"},{"data":"Rupture","floor":10,"key":"SMITH"}],"circlet_count":0,"master_deck":["AscendersBane","Strike_R","Strike_R","Strike_R","Strike_R","Strike_R","Defend_R","Defend_R","Defend_R","Defend_R","Bash","HandOfGreed+1","Shrug It Off","Seeing Red","Doubt","Shrug It Off","Fiend Fire","Apotheosis+1","Rupture+1"],"relics":["Burning Blood","Toxic Egg 2","CeramicFish"],"acts_visited":["Exordium"],"potions_floor_usage":[6,6],"damage_taken":[{"damage":0,"enemies":"2 Louse","floor":1,"turns":2},{"damage":0,"enemies":"Cultist","floor":2,"turns":2},{"damage":13,"enemies":"Small Slimes","floor":5,"turns":4},{"damage":44,"enemies":"Lagavulin","floor":6,"turns":6},{"damage":32,"enemies":"3 Sentries","floor":11,"turns":5}],"seed_played":"-7342150165922951949","potions_obtained":[{"floor":4,"key":"PowerPotion"},{"floor":4,"key":"AttackPotion"}],"is_trial":false,"path_per_floor":["M","M","?","?","M","E","R","$","T","R","E"],"character_chosen":"IRONCLAD","items_purchased":["Apotheosis+1","Rupture"],"campfire_rested":0,"item_purchase_floors":[8,8],"current_hp_per_floor":[74,75,75,75,68,30,30,30,30,30,0,0],"gold":65,"neow_bonus":"RANDOM_COLORLESS_2","is_daily":false,"chose_seed":false,"campfire_upgraded":2,"win_rate":0.0,"timestamp":1613868110,"path_taken":["M","M","?","?","?","E","R","$","T","R","E"],"items_purchased_type":["Card","Card"],"build_version":"2020-12-22","purchased_purges":0,"victory":false,"max_hp_per_floor":[75,75,75,75,75,75,75,75,75,75,75,75],"relic_stats":{"counters":[5,19],"CeramicFish":0,"obtain_stats":[{"CeramicFish":9,"Toxic Egg 2":6,"Burning Blood":0},{"CeramicFish":4,"Toxic Egg 2":4,"Burning Blood":0},{"CeramicFish":14,"Toxic Egg 2":14,"Burning Blood":0}],"Burning Blood":19},"card_choices":[{"not_picked":["Thinking Ahead","Sadistic Nature"],"picked":"HandOfGreed","floor":0},{"not_picked":["Wild Strike","Warcry"],"picked":"Shrug It Off","floor":1},{"not_picked":["Uppercut","Carnage"],"picked":"Seeing Red","floor":2},{"not_picked":["Armaments","Havoc"],"picked":"Shrug It Off","floor":5},{"not_picked":["Seeing Red+1","Dropkick"],"picked":"Fiend Fire","floor":6}],"player_experience":3092778,"relics_obtained":[{"floor":6,"key":"Toxic Egg 2"},{"floor":9,"key":"CeramicFish"}],"event_choices":[{"damage_healed":0,"gold_gain":150,"player_choice":"AGREE","damage_taken":0,"max_hp_gain":0,"max_hp_loss":0,"event_name":"Liars Game","floor":3,"gold_loss":0,"cards_obtained":["Doubt"]},{"damage_healed":0,"gold_gain":0,"player_choice":"Got Potions","damage_taken":0,"max_hp_gain":0,"max_hp_loss":0,"event_name":"Lab","floor":4,"gold_loss":0}],"is_beta":false,"boss_relics":[],"items_purged_floors":[],"is_endless":false,"potions_floor_spawned":[5],"killed_by":"3 Sentries","ascension_level":20}}