{"host":"u21q392b5xaj11fl","time":1613871038,"event":{"mods":["2.2 Compatiblity","Bard","BaseMod","Better Note","Colored Map","Colored Powertips","Conspire","Custom Start","Downfall","Faster Ascension Climbing","GifTheSpireLib","Gremlin Skip","Highlight Path","Hubris","Infinite Spire","Mad Scientist","Marisa????????","Mimic Mod","Minty Spire (QoL Compilation)","Monster B Gone","Permanent Neow","Potionbrewer","Quick Restart","READ ME - Guardian Mod","Relic Sorter","Replay The Spire","Shop Mod","Somnambulant","StSLib","Stuff the Spire","SuperFastMode","The Construct","The Disciple","The Servant 0.9.4"],"gold_per_floor":[111,128,48,64,14,14,39,53,53,89,142,207,207,282,282,381,381,457,498,498,498,556,642,697,246,246,328,370,106,164,226,226,378,378,485,554,627,502,608,608,734,734,734,870,658,658,761,878,878,918,918,918,345,450,478,478,478],"floor_reached":55,"language":"ENG","playtime":4866,"items_purged":["hexamod:Strike","hexamod:Strike","hexamod:Strike","conspire:Blindness"],"score":1854,"play_id":"1fcdeaff-5848-41ff-a8d0-65c6f8460b0f","local_time":"20210220193038","is_ascension_mode":true,"campfire_choices":[{"data":"hexamod:SwordOfDarkness","floor":6.0,"key":"SMITH"},{"floor":13.0,"key":"REST"},{"floor":15.0,"key":"REST"},{"floor":32.0,"key":"REST"},{"floor":40.0,"key":"REST"},{"data":"hexamod:ForkedFlame","floor":42.0,"key":"SMITH"},{"floor":49,"key":"RECALL"},{"data":"infinitespire:Gouge","floor":52,"key":"SMITH"}],"circlet_count":0,"master_deck":["AscendersBane","hexamod:Defend","hexamod:Defend","hexamod:Defend","hexamod:Defend+1","hexamod:Sear","hexamod:Float+1","hexamod:HeatMetal+1","hexamod:ShieldOfDarkness","hexamod:FourthSeal","hexamod:SwordOfDarkness+1","hexamod:StepThrough","hexamod:SecondSeal","hexamod:WildfireWeapon","hexamod:SuperheatedStrike","hexamod:Toasty+1","hexamod:ExtraCrispy+1","hexamod:SecondSeal","infinitespire:Gouge+1","hexamod:SpectersWail+1","hexamod:FirstSeal","hexamod:PhantomFireball","hexamod:StepThrough","hexamod:ShieldOfDarkness+1","hexamod:ForkedFlame+1","hexamod:NightmareStrike+1","hexamod:RadiantFlame","hexamod:ThermalTransfer+1","hexamod:Hexaguard","hexamod:Hexaguard","hexamod:EtherealExpedition+1","hexamod:SixthSeal","hexamod:SwordOfDarkness","hexamod:PowerFromBeyond"],"relics":["hexamod:SpiritBrand","hubris:ToyBattleship","infinitespire:FocusingShard","Replay:Bandana","ReplayTheSpireMod:TigerMarble","SacredBark","Cursed Key","StuffTheSpire:Nightcore","infinitespire:Lucky Rock","MerchantsRug","Gremlin Food","StuffTheSpire:Gunfinga","infinitespire:EvilPickle","Honey Jar","hubris:Zylophone","Replay:Multitool","Nunchaku","Pear","Kunai","infinitespire:Satchel"],"acts_visited":["Exordium","TheCity","TheBeyond","TheEnding"],"potions_floor_usage":[44,45,48,48,50,54,55,55],"damage_taken":[{"damage":0.0,"enemies":"Small Slimes","floor":1.0,"turns":3.0},{"damage":2.0,"enemies":"Jaw Worm","floor":2.0,"turns":3.0},{"damage":0.0,"enemies":"2 Louse","floor":4.0,"turns":3.0},{"damage":16.0,"enemies":"3 Sentries","floor":7.0,"turns":9.0},{"damage":0.0,"enemies":"Gremlin Gang","floor":8.0,"turns":5.0},{"damage":3.0,"enemies":"Lagavulin","floor":10.0,"turns":6.0},{"damage":1.0,"enemies":"Lots of Slimes","floor":11.0,"turns":5.0},{"damage":28.0,"enemies":"3 Sentries","floor":12.0,"turns":6.0},{"damage":2.0,"enemies":"The Guardian","floor":16.0,"turns":11.0},{"damage":17.0,"enemies":"3 Byrds","floor":18.0,"turns":5.0},{"damage":0.0,"enemies":"Chosen","floor":19.0,"turns":4.0},{"damage":0.0,"enemies":"Snecko","floor":22.0,"turns":3.0},{"damage":18.0,"enemies":"Gremlin Leader","floor":23.0,"turns":6.0},{"damage":0.0,"enemies":"Centurion and Healer","floor":24.0,"turns":3.0},{"damage":0.0,"enemies":"Book of Stabbing","floor":27.0,"turns":4.0},{"damage":0.0,"enemies":"Snake Plant","floor":28.0,"turns":2.0},{"damage":0.0,"enemies":"3 Cultists","floor":30.0,"turns":4.0},{"damage":24.0,"enemies":"Slavers","floor":31.0,"turns":2.0},{"damage":28.0,"enemies":"Pondfish","floor":33.0,"turns":9.0},{"damage":24.0,"enemies":"3 Shapes","floor":35.0,"turns":4.0},{"damage":0.0,"enemies":"Mind Bloom Boss Battle","floor":36.0,"turns":4.0},{"damage":0.0,"enemies":"Orb Walker","floor":37.0,"turns":3.0},{"damage":14.0,"enemies":"Writhing Mass","floor":39.0,"turns":5.0},{"damage":10.0,"enemies":"R_Hoarder","floor":41.0,"turns":4.0},{"damage":0,"enemies":"Giant Head","floor":44,"turns":5},{"damage":12,"enemies":"3 Darklings","floor":47,"turns":3},{"damage":5,"enemies":"Maw","floor":48,"turns":5},{"damage":31,"enemies":"Donu and Deca","floor":50,"turns":9},{"damage":40,"enemies":"Shield and Spear","floor":54,"turns":6},{"damage":87,"enemies":"The Heart","floor":55,"turns":3}],"seed_played":"8248638753305103460","potions_obtained":[{"floor":4.0,"key":"potionbrewer:AcidPotion"},{"floor":4.0,"key":"Languid Potion"},{"floor":7.0,"key":"DistilledChaos"},{"floor":7.0,"key":"LiquidMemories"},{"floor":11.0,"key":"Weak Potion"},{"floor":12.0,"key":"potionbrewer:StunPotion"},{"floor":16.0,"key":"DistilledChaos"},{"floor":18.0,"key":"infinitespire:BlackPotion"},{"floor":22.0,"key":"Fire Potion"},{"floor":23.0,"key":"Swift Potion"},{"floor":24.0,"key":"ColorlessPotion"},{"floor":27.0,"key":"FearPotion"},{"floor":33.0,"key":"potionbrewer:MidasPotion"},{"floor":35.0,"key":"Toxic Potion"},{"floor":36.0,"key":"potionbrewer:ToxicPotion"},{"floor":37.0,"key":"potionbrewer:BlacksmithPotion"},{"floor":37.0,"key":"Swift Potion"},{"floor":39.0,"key":"hexamod:EctoCoolerPotion"},{"floor":41.0,"key":"Slimebound:ThreeZeroPotion"},{"floor":44,"key":"Doom Potion"},{"floor":47,"key":"potionbrewer:InfectionPotion"},{"floor":48,"key":"Fruit Juice"},{"floor":48,"key":"Fire Potion"},{"floor":54,"key":"Reflective Coating"}],"is_trial":false,"path_per_floor":["M","M","$","M","?","R","E","M","T","E","M","E","R","?","R","B",null,"M","M","?","AVR","M","E","M","$","T","E","M","$","M","E","R","B",null,"M","?","M","$","M","R","E","R","T","E","$","?","M","M","R","B",null,"R","$","E","B"],"character_chosen":"THE_SPIRIT","items_purchased":["hexamod:FourthSeal","hexamod:FirstSeal","hexamod:PhantomFireball","MerchantsRug","Fire Potion","LifebloodPotion","hexamod:ForkedFlame","Fruit Juice","LifebloodPotion","Pear","Kunai"],"campfire_rested":4,"item_purchase_floors":[3,25,25,25,25,25,29,45,53,53,53],"current_hp_per_floor":[57,55,55,55,55,55,39,39,39,36,35,7,25,14,32,30,55,38,38,38,38,38,20,21,21,21,21,21,21,28,11,30,9,50,33,40,40,40,33,52,64,64,64,64,74,84,72,84,84,60,86,86,96,77,0,0,0],"gold":478,"neow_bonus":"UPGRADE_CARD","is_daily":false,"chose_seed":false,"campfire_upgraded":3,"win_rate":0.0,"timestamp":1613871038,"path_taken":["M","M","$","M","?","R","E","M","T","E","M","E","R","?","R","BOSS","M","M","?","AVR","M","E","M","$","T","E","?","?","M","E","R","BOSS","M","?","M","$","M","R","E","R","T","E","$","?","M","?","R","BOSS","R","$","E","BOSS"],"items_purchased_type":["Card","Card","Card","Relic","Potion","Potion","Card","Potion","Potion","Relic","Relic"],"build_version":"2020-12-22","purchased_purges":4,"victory":false,"max_hp_per_floor":[63,63,63,63,63,63,63,63,63,63,63,63,63,63,63,63,63,63,63,63,63,63,63,64,64,64,64,64,64,64,64,64,64,64,64,64,64,64,64,64,64,64,64,64,74,84,84,94,94,94,94,94,104,104,104,104,104],"card_choices":[{"not_picked":["hexamod:EtherealExpedition","hexamod:PowerFromBeyond"],"picked":"hexamod:HeatMetal","floor":1.0},{"not_picked":["hexamod:PowerFromBeyond","hexamod:SpectralAdrenaline"],"picked":"hexamod:ShieldOfDarkness","floor":2.0},{"not_picked":["hexamod:PhantomCloak","hexamod:GhostShield"],"picked":"hexamod:SwordOfDarkness","floor":4.0},{"not_picked":["hexamod:ApocalypticArmor","hexamod:InspiringFlames"],"picked":"hexamod:StepThrough","floor":7.0},{"not_picked":["hexamod:HeatMetal","hexamod:FastForward"],"picked":"hexamod:SecondSeal","floor":8.0},{"not_picked":["hexamod:AdvancingGuard","hexamod:InspiringFlames","hexamod:HeatMetal"],"picked":"SKIP","floor":10.0},{"not_picked":["hexamod:ThermalTransfer","hexamod:DynamicBlow"],"picked":"hexamod:WildfireWeapon","floor":11.0},{"not_picked":["hexamod:SkipABeat","hexamod:CatchUp"],"picked":"hexamod:SuperheatedStrike","floor":12.0},{"not_picked":["hexamod:UnleashSpirits","hexamod:GhostOfSpirePresent"],"picked":"hexamod:Toasty","floor":16.0},{"not_picked":["hexamod:RadiantFlame+1","hexamod:BacktrackSmack"],"picked":"hexamod:ExtraCrispy","floor":18.0},{"not_picked":["hexamod:ThermalTransfer","hexamod:FastForward"],"picked":"hexamod:SecondSeal","floor":19.0},{"not_picked":["hexamod:PhantomCloak","hexamod:SwordOfDarkness"],"picked":"hexamod:SpectersWail+1","floor":22.0},{"not_picked":["hexamod:SpectersWail","hexamod:RainOfEmbers","hexamod:BacktrackSmack"],"picked":"SKIP","floor":23.0},{"not_picked":["hexamod:ExtraCrispy+1","hexamod:GhostOfSpirePast","hexamod:NecessarySacrifice"],"picked":"SKIP","floor":24.0},{"not_picked":["hexamod:EtherealExpedition","hexamod:NightmareStrike","hexamod:RainOfEmbers"],"picked":"SKIP","floor":27.0},{"not_picked":["hexamod:SwordOfDarkness","hexamod:ChargedBarrage","hexamod:PhantomFireball"],"picked":"SKIP","floor":28.0},{"not_picked":["hexamod:HauntingEcho+1","hexamod:RecurringNightmare"],"picked":"hexamod:StepThrough","floor":30.0},{"not_picked":["hexamod:SkipABeat","hexamod:RecurringNightmare"],"picked":"hexamod:ShieldOfDarkness+1","floor":31.0},{"not_picked":["hexamod:TimeOfNeed","hexamod:ParanormalForm"],"picked":"hexamod:ForkedFlame","floor":33.0},{"not_picked":["hexamod:HauntingEcho","hexamod:HeatCrush"],"picked":"hexamod:NightmareStrike","floor":35.0},{"not_picked":["hexamod:BurningTouch","hexamod:HauntingEcho"],"picked":"hexamod:RadiantFlame","floor":36.0},{"not_picked":["hexamod:AdvancingGuard","hexamod:NightmareStrike+1"],"picked":"hexamod:ThermalTransfer+1","floor":37.0},{"not_picked":["hexamod:ShieldOfDarkness","hexamod:Firestarter"],"picked":"hexamod:Hexaguard","floor":39.0},{"not_picked":["hexamod:NightmareStrike","hexamod:StepThrough"],"picked":"hexamod:Hexaguard","floor":41.0},{"not_picked":["hexamod:StepThrough","hexamod:PhantomFireball"],"picked":"hexamod:EtherealExpedition+1","floor":44},{"not_picked":["hexamod:RainOfEmbers","hexamod:GhostLash"],"picked":"hexamod:SixthSeal","floor":47},{"not_picked":["hexamod:BurningTouch","hexamod:ThermalTransfer"],"picked":"hexamod:SwordOfDarkness","floor":48},{"not_picked":["hexamod:FourthSeal","hexamod:SuperheatedStrike"],"picked":"hexamod:PowerFromBeyond","floor":54}],"player_experience":339088,"relics_obtained":[{"floor":7.0,"key":"hubris:ToyBattleship"},{"floor":9.0,"key":"infinitespire:FocusingShard"},{"floor":10.0,"key":"Replay:Bandana"},{"floor":12.0,"key":"ReplayTheSpireMod:TigerMarble"},{"floor":23.0,"key":"infinitespire:Lucky Rock"},{"floor":27.0,"key":"Gremlin Food"},{"floor":31.0,"key":"StuffTheSpire:Gunfinga"},{"floor":36.0,"key":"hubris:Zylophone"},{"floor":41.0,"key":"Replay:Multitool"},{"floor":44,"key":"Nunchaku"},{"floor":54,"key":"infinitespire:Satchel"}],"event_choices":[{"cards_removed":["hexamod:Strike"],"damage_healed":0.0,"max_hp_gain":0.0,"max_hp_loss":0.0,"gold_gain":0.0,"event_name":"The Cleric","player_choice":"Card Removal","floor":5.0,"gold_loss":50.0,"damage_taken":0.0},{"damage_healed":0.0,"max_hp_gain":0.0,"max_hp_loss":0.0,"gold_gain":75.0,"event_name":"World of Goop","player_choice":"Gather Gold","floor":14.0,"gold_loss":0.0,"damage_taken":11.0},{"cards_removed":["hexamod:FourthSeal"],"damage_healed":0.0,"max_hp_gain":0.0,"max_hp_loss":0.0,"gold_gain":0.0,"event_name":"betterNote:BetterNote","player_choice":"Take \u0026 Give","floor":20.0,"gold_loss":0.0,"damage_taken":0.0,"cards_obtained":["infinitespire:Gouge"]},{"damage_healed":0.0,"max_hp_gain":0.0,"max_hp_loss":0.0,"gold_gain":0.0,"event_name":"MindBloom","player_choice":"Fight","floor":36.0,"gold_loss":0.0,"damage_taken":0.0},{"cards_removed":["hexamod:ForkedFlame"],"damage_healed":0,"gold_gain":0,"player_choice":"Offered Rare","damage_taken":0,"max_hp_gain":10,"max_hp_loss":0,"event_name":"Bonfire Elementals","floor":46,"gold_loss":0}],"is_beta":false,"boss_relics":[{"not_picked":["hubris:BlackHole","hubris:GrandSneckoEye"],"picked":"SacredBark"},{"not_picked":["hexamod:UnbrokenSoul","infinitespire:Cupcake"],"picked":"Honey Jar"}],"items_purged_floors":[25,29,38,45],"is_endless":false,"potions_floor_spawned":[4,7,10,11,12,18,19,22,24,37,41,48],"killed_by":"The Heart","ascension_level":14}}