{"host":"dxw0slwvk2p0izr3","time":1613880342,"event":{"mods":["BaseMod","Downfall","Minty Spire (QoL Compilation)","Replay The Spire","Shop Mod","StSLib"],"gold_per_floor":[99,99,99,99,99,9,9,40,50,85,85,115,115,133,150,150,150,150],"floor_reached":16,"language":"ZHS","playtime":767,"items_purged":["bronze:Strike"],"score":128,"play_id":"ae5f681a-59f5-4e3b-bf06-5e03f8a99f75","local_time":"20210221120542","is_ascension_mode":true,"campfire_choices":[{"data":"bronze:Goto","floor":1.0,"key":"SMITH"},{"data":"bronze:Separator","floor":11,"key":"SMITH"},{"data":"bronze:Invalidate","floor":13,"key":"SMITH"}],"circlet_count":0,"master_deck":["bronze:Strike","bronze:Strike","bronze:Strike","bronze:Defend","bronze:Defend","bronze:Defend","bronze:Defend","bronze:Replicate","bronze:Goto+1","bronze:Separator+1","bronze:WildBeam","bronze:Separator","bronze:Philosophize","bronze:BronzeOrb","bronze:Invalidate+1"],"relics":["bronze:BronzeCore","downfall:HeartsMalice","Mirror","Replay:Baseball","Darkstone Periapt","Potion Belt"],"acts_visited":["Exordium"],"potions_floor_usage":[12],"damage_taken":[{"damage":0.0,"enemies":"Jaw Worm","floor":2.0,"turns":1.0},{"damage":0.0,"enemies":"Cultist","floor":3.0,"turns":1.0},{"damage":0.0,"enemies":"2 Louse","floor":4.0,"turns":1.0},{"damage":0.0,"enemies":"downfall:FleeingMerchant","floor":6.0,"turns":4.0},{"damage":8.0,"enemies":"3 Sentries","floor":8.0,"turns":4.0},{"damage":12,"enemies":"Gremlin Gang","floor":9,"turns":4},{"damage":21,"enemies":"Replay:BlueRogue","floor":10,"turns":6},{"damage":18,"enemies":"3 Sentries","floor":12,"turns":4},{"damage":0,"enemies":"downfall:LooterAlt","floor":14,"turns":2},{"damage":1,"enemies":"2 Fungi Beasts","floor":15,"turns":2},{"damage":29,"enemies":"DF_ARCHETYPE_STREAMLINE","floor":16,"turns":4}],"seed_played":"9073450275734877411","potions_obtained":[{"floor":5.0,"key":"Fire Potion"},{"floor":5.0,"key":"Explosive Potion"},{"floor":5.0,"key":"Dexterity Potion"},{"floor":8,"key":"Regen Potion"},{"floor":9,"key":"bronze:BurnAndBuffPotion"},{"floor":15,"key":"SmokeBomb"}],"is_trial":false,"path_per_floor":["R","M","M","M","?","$","T","E","M","E","R","E","R","M","M","B"],"character_chosen":"THE_AUTOMATON","items_purchased":[],"campfire_rested":0,"item_purchase_floors":[],"current_hp_per_floor":[70,70,70,70,70,70,70,62,50,29,29,23,23,23,22,0,0,0],"gold":150,"neow_bonus":"THREE_ENEMY_KILL","is_daily":false,"chose_seed":false,"campfire_upgraded":3,"win_rate":0.0,"timestamp":1613880342,"path_taken":["R","M","M","M","?","$","T","E","M","E","R","E","R","?","M","BOSS"],"items_purchased_type":[],"build_version":"2020-12-22","purchased_purges":1,"victory":false,"max_hp_per_floor":[70,70,70,70,70,70,70,70,70,70,70,70,70,70,70,70,70,70],"card_choices":[{"not_picked":["bronze:DelayedSlice","bronze:Turbo"],"picked":"bronze:Separator","floor":2.0},{"not_picked":["bronze:ChildClass","bronze:MaxOutput"],"picked":"bronze:WildBeam","floor":3.0},{"not_picked":["bronze:Branch","bronze:Deprecate"],"picked":"bronze:Separator","floor":4.0},{"not_picked":["bronze:Constructor","bronze:CloningBeam"],"picked":"bronze:Philosophize","floor":6.0},{"not_picked":["bronze:BurnOut","bronze:DigitalCarnage"],"picked":"bronze:BronzeOrb","floor":8},{"not_picked":["bronze:BitShift","bronze:Separator","bronze:Philosophize"],"picked":"SKIP","floor":9},{"not_picked":["bronze:CutThrough","bronze:ForLoop","bronze:Frontload"],"picked":"SKIP","floor":10},{"not_picked":["bronze:Refactor","bronze:Overload"],"picked":"bronze:Invalidate","floor":12},{"not_picked":["bronze:FollowUp","bronze:Refactor","bronze:Invalidate"],"picked":"SKIP","floor":14},{"not_picked":["bronze:Overheat","bronze:Overload","bronze:Separator"],"picked":"SKIP","floor":15}],"player_experience":113932,"relics_obtained":[{"floor":7.0,"key":"Mirror"},{"floor":8,"key":"Replay:Baseball"},{"floor":10,"key":"Darkstone Periapt"},{"floor":12,"key":"Potion Belt"}],"event_choices":[{"damage_healed":0.0,"max_hp_gain":0.0,"max_hp_loss":0.0,"gold_gain":0.0,"event_name":"Lab","player_choice":"Got Potions","floor":5.0,"gold_loss":0.0,"damage_taken":0.0}],"is_beta":false,"boss_relics":[],"items_purged_floors":[6],"is_endless":false,"potions_floor_spawned":[8,9,10,15],"killed_by":"DF_ARCHETYPE_STREAMLINE","ascension_level":2}}