{"host":"8kqih82z00stt9q9","time":1613918068,"event":{"mods":["BaseMod","Bestiary","Hermit","Marisa（F雨　魔理沙）","Minty Spire (QoL Compilation)","Reliquary","Replay The Spire","Robot Space Explorer","SOS（斯巴达之子）","StSLib","The Bug Knight","The Cursed","The Hierophant","【功能Mod】聪明的最终Boss","【遗物卡牌】REMEMod"],"gold_per_floor":[116,116,136,152,152,184,196,209,209,244,244,256,256,267,267,365,365,383,397,397,410,410,436,453,453,479,530,549,578,81,98,198,301,301,318,328,428,441,138,138,171,190,217,242,289,326,364,394,406,343,355,367,8,30,12],"floor_reached":56,"language":"ZHS","playtime":3864,"items_purged":[],"score":1573,"play_id":"ba9d7d72-0fda-4366-bf1a-67b50dffd499","local_time":"20210221223428","is_ascension_mode":false,"campfire_choices":[{"floor":11.0,"key":"RECALL"},{"data":"RobotSpaceExplorer:LaserBurst","floor":13.0,"key":"SMITH"},{"data":"RobotSpaceExplorer:DoubleFind","floor":15.0,"key":"SMITH"},{"data":"RobotSpaceExplorer:PowerCollector","floor":40.0,"key":"SMITH"},{"data":"RobotSpaceExplorer:Accelerator","floor":49.0,"key":"SMITH"},{"data":"RobotSpaceExplorer:Blaster","floor":52.0,"key":"SMITH"}],"circlet_count":0,"master_deck":["RobotSpaceExplorer:Strike","RobotSpaceExplorer:Defend","RobotSpaceExplorer:Defend+1","RobotSpaceExplorer:Scan+1","RobotSpaceExplorer:MiniLasers","RobotSpaceExplorer:Counterblock","RobotSpaceExplorer:PowerGlove","RobotSpaceExplorer:ScrapMissile","RobotSpaceExplorer:TurboDodge+1","RobotSpaceExplorer:SurgingShield","RobotSpaceExplorer:MiniBoosters","RobotSpaceExplorer:Accelerator+1","RobotSpaceExplorer:LaserBurst+1","RobotSpaceExplorer:MiniDrones","RobotSpaceExplorer:DoubleFind+1","RobotSpaceExplorer:PowerCollector+1","RobotSpaceExplorer:Probe","RobotSpaceExplorer:Arsenal+1","Ghostly","Ghostly","Ghostly","Ghostly","Ghostly","RobotSpaceExplorer:DroneSwarm+1","RobotSpaceExplorer:GlueSpray+1","J.A.X.","RobotSpaceExplorer:Counterblock+1","RobotSpaceExplorer:ScrapToss","RobotSpaceExplorer:DoubleFind","RobotSpaceExplorer:ScrapMissile+1","RobotSpaceExplorer:Counterblock+1","RobotSpaceExplorer:Fix","RobotSpaceExplorer:IronShell","RobotSpaceExplorer:BigMissile","RobotSpaceExplorer:Ammunition+1","RobotSpaceExplorer:Arsenal","RobotSpaceExplorer:Blaster+1","RobotSpaceExplorer:BlastShield","RobotSpaceExplorer:StunGrenade+1","RobotSpaceExplorer:MiniBoosters+1","RobotSpaceExplorer:Pulsar+1","RobotSpaceExplorer:Ammunition+1","RobotSpaceExplorer:Fix+1","RobotSpaceExplorer:GlueShot","RobotSpaceExplorer:Discharger+1","RobotSpaceExplorer:MiniDrones+1","RobotSpaceExplorer:SurgingStrike+1","RobotSpaceExplorer:DoubleBlock+1","RobotSpaceExplorer:Discharger","RobotSpaceExplorer:SlimeMissile","Pot Of Greed","Pot Of Greed+1","Pot Of Greed","Pot Of Greed","Pot Of Greed","RobotSpaceExplorer:ScrapMissile","RobotSpaceExplorer:Exploration","RobotSpaceExplorer:Electropulse+1","RobotSpaceExplorer:JunkDive+1","RobotSpaceExplorer:Probe+1","RobotSpaceExplorer:MiniBoosters+1","RobotSpaceExplorer:MiniDrones","RobotSpaceExplorer:DoubleFind+1","RobotSpaceExplorer:Counterblock+1","Pot Of Greed","RobotSpaceExplorer:PowerGlove","RobotSpaceExplorer:DualCore","Panache","RobotSpaceExplorer:TrailblazerForm"],"relics":["RobotSpaceExplorer:RoboCore","REME_ComplimentaryCards","War Paint","Replay:Mystery Machine","SlaversCollar","Lizard Tail","Bag of Marbles","Replay:PocketPolymizer","reliquary:ExpiredCoupon","White Beast Statue","Red Mask","Guide Book","Ginger","REME_IWantAll","Eternal Feather","reliquary:PorcupineQuills","Black Star","Lantern","HandDrill","Gambling Chip","Pen Nib","MawBank","Centennial Puzzle","Grinning Jar","Replay:Rubber Ducky","reliquary:Buckler","REME_PuzzleBoxRelic","Membership Card","Strawberry","CaptainsWheel","RobotSpaceExplorer:FoglandsKnife"],"acts_visited":["Exordium","TheCity","TheBeyond","TheEnding"],"potions_floor_usage":[55,55,55],"damage_taken":[{"damage":5.0,"enemies":"Jaw Worm","floor":1.0,"turns":6.0},{"damage":2.0,"enemies":"Small Slimes","floor":3.0,"turns":3.0},{"damage":1.0,"enemies":"Cultist","floor":4.0,"turns":3.0},{"damage":20.0,"enemies":"Gremlin Nob","floor":6.0,"turns":4.0},{"damage":0.0,"enemies":"Looter","floor":7.0,"turns":3.0},{"damage":2.0,"enemies":"Blue Slaver","floor":8.0,"turns":4.0},{"damage":7.0,"enemies":"Lagavulin","floor":10.0,"turns":8.0},{"damage":1.0,"enemies":"Exordium Wildlife","floor":12.0,"turns":6.0},{"damage":0.0,"enemies":"3 Louse","floor":14.0,"turns":1.0},{"damage":0.0,"enemies":"Slime Boss","floor":16.0,"turns":4.0},{"damage":23.0,"enemies":"2 Thieves","floor":18.0,"turns":4.0},{"damage":5.0,"enemies":"3 Byrds","floor":19.0,"turns":3.0},{"damage":7.0,"enemies":"Snecko","floor":21.0,"turns":6.0},{"damage":1.0,"enemies":"REME_1_Revenger","floor":23.0,"turns":5.0},{"damage":0.0,"enemies":"Shelled Parasite and Fungi","floor":24.0,"turns":6.0},{"damage":10.0,"enemies":"Centurion and Healer","floor":28.0,"turns":7.0},{"damage":0.0,"enemies":"Masked Bandits","floor":29.0,"turns":3.0},{"damage":4.0,"enemies":"Snake Plant","floor":31.0,"turns":3.0},{"damage":2.0,"enemies":"Colosseum Slavers","floor":32.0,"turns":5.0},{"damage":2.0,"enemies":"Colosseum Nobs","floor":32.0,"turns":4.0},{"damage":3.0,"enemies":"Automaton","floor":33.0,"turns":8.0},{"damage":2.0,"enemies":"3 Shapes","floor":35.0,"turns":3.0},{"damage":0.0,"enemies":"3 Darklings","floor":36.0,"turns":3.0},{"damage":6.0,"enemies":"Sphere and 2 Shapes","floor":38.0,"turns":4.0},{"damage":3.0,"enemies":"Nemesis","floor":41.0,"turns":5.0},{"damage":10.0,"enemies":"Transient","floor":42.0,"turns":5.0},{"damage":1.0,"enemies":"Maw","floor":44.0,"turns":7.0},{"damage":4.0,"enemies":"Reptomancer","floor":45.0,"turns":5.0},{"damage":0.0,"enemies":"Giant Head","floor":47.0,"turns":6.0},{"damage":0.0,"enemies":"4 Shapes","floor":48.0,"turns":2.0},{"damage":0.0,"enemies":"Time Eater","floor":50.0,"turns":5.0},{"damage":6.0,"enemies":"Shield and Spear","floor":54.0,"turns":4.0},{"damage":5,"enemies":"The Heart","floor":55,"turns":7}],"seed_played":"3602896764256695651","potions_obtained":[{"floor":3.0,"key":"Strength Potion"},{"floor":6.0,"key":"Strength Potion"},{"floor":7.0,"key":"DistilledChaos"},{"floor":12.0,"key":"FearPotion"},{"floor":14.0,"key":"REME_GoldPotion"},{"floor":16.0,"key":"SkillPotion"},{"floor":19.0,"key":"EssenceOfSteel"},{"floor":21.0,"key":"LiquidBronze"},{"floor":23.0,"key":"Toxic Potion"},{"floor":28.0,"key":"LiquidMemories"},{"floor":29.0,"key":"Swift Potion"},{"floor":31.0,"key":"Adrenaline Potion"},{"floor":32.0,"key":"BlessingOfTheForge"},{"floor":33.0,"key":"Adrenaline Potion"},{"floor":35.0,"key":"ColorlessPotion"},{"floor":36.0,"key":"Fire Potion"},{"floor":38.0,"key":"SpeedPotion"},{"floor":41.0,"key":"Adrenaline Potion"},{"floor":42.0,"key":"Fire Potion"},{"floor":44.0,"key":"SpeedPotion"},{"floor":45.0,"key":"PowerPotion"},{"floor":47.0,"key":"DuplicationPotion"},{"floor":48.0,"key":"FearPotion"},{"floor":54.0,"key":"LiquidBronze"}],"is_trial":false,"path_per_floor":["M","?","M","M","?","E","M","M","T","E","R","M","R","M","R","B",null,"M","M","?","M","?","E","M","?","T","?","M","?","$","M","R","B",null,"M","M","?","M","$","R","E","M","T","M","E","T","E","M","R","B",null,"R","$","E","B",null],"character_chosen":"RobotSpaceExplorer","items_purchased":["Guide Book","RobotSpaceExplorer:Counterblock+1","Ginger","Lantern","HandDrill","Membership Card","Strawberry","Panache","REME_GoldPotion","LiquidMemories"],"campfire_rested":0,"item_purchase_floors":[30,30,30,39,39,53,53,53,53,53],"current_hp_per_floor":[77,77,75,74,74,54,54,52,52,45,45,44,44,44,44,44,82,59,54,54,47,41,40,40,40,40,30,20,20,20,16,15,21,47,45,47,47,44,44,50,53,46,46,45,44,44,51,60,65,65,65,65,72,66,72],"gold":12,"neow_bonus":"TEN_PERCENT_HP_BONUS","is_daily":false,"chose_seed":false,"campfire_upgraded":5,"win_rate":0.0,"timestamp":1613918068,"path_taken":["M","?","M","M","?","E","M","M","T","E","R","?","R","M","R","BOSS","M","M","?","M","?","E","M","?","T","?","M","?","$","?","R","BOSS","M","M","?","M","$","R","E","?","T","M","E","?","E","?","R","BOSS","R","$","E","BOSS"],"items_purchased_type":["Relic","Card","Relic","Relic","Relic","Relic","Relic","Card","Potion","Potion"],"build_version":"2020-12-22","purchased_purges":0,"victory":true,"max_hp_per_floor":[82,82,82,82,82,82,82,82,82,82,82,82,82,82,82,82,82,82,82,82,82,41,41,41,41,41,41,41,41,41,41,44,47,47,47,47,47,50,50,50,53,56,56,56,59,59,62,65,65,65,65,65,72,72,72],"card_choices":[{"not_picked":["RobotSpaceExplorer:GlueShot","RobotSpaceExplorer:ImprovisedAttack"],"picked":"RobotSpaceExplorer:Counterblock","floor":1.0},{"not_picked":["RobotSpaceExplorer:MetalStrike","RobotSpaceExplorer:Calculate"],"picked":"RobotSpaceExplorer:PowerGlove","floor":3.0},{"not_picked":["RobotSpaceExplorer:FranticSearch","RobotSpaceExplorer:StarDust"],"picked":"RobotSpaceExplorer:ScrapMissile","floor":4.0},{"not_picked":["RobotSpaceExplorer:SwiftStep","RobotSpaceExplorer:ShovelStrike"],"picked":"RobotSpaceExplorer:SurgingShield","floor":6.0},{"not_picked":["RobotSpaceExplorer:GlueSpray","RobotSpaceExplorer:SlimeMissile"],"picked":"RobotSpaceExplorer:MiniBoosters","floor":7.0},{"not_picked":["RobotSpaceExplorer:DoubleBlock","RobotSpaceExplorer:ShockKick"],"picked":"RobotSpaceExplorer:Accelerator","floor":8.0},{"not_picked":["RobotSpaceExplorer:Blitz","RobotSpaceExplorer:ScrapShield"],"picked":"RobotSpaceExplorer:LaserBurst","floor":10.0},{"not_picked":["RobotSpaceExplorer:MiniBoosters","RobotSpaceExplorer:IronShell"],"picked":"RobotSpaceExplorer:MiniDrones","floor":12.0},{"not_picked":["RobotSpaceExplorer:ScrapShield","RobotSpaceExplorer:Blitz"],"picked":"RobotSpaceExplorer:DoubleFind","floor":14.0},{"not_picked":["RobotSpaceExplorer:Accelerator","RobotSpaceExplorer:ShockMissile"],"picked":"RobotSpaceExplorer:Exploration","floor":16.0},{"not_picked":["RobotSpaceExplorer:SelfCleaning+1","RobotSpaceExplorer:MiniDrones+1"],"picked":"RobotSpaceExplorer:PowerCollector","floor":18.0},{"not_picked":["RobotSpaceExplorer:ShockKick","RobotSpaceExplorer:StunGrenade"],"picked":"RobotSpaceExplorer:Probe","floor":19.0},{"not_picked":["RobotSpaceExplorer:ImprovisedAttack","RobotSpaceExplorer:MakeshiftVolley+1"],"picked":"RobotSpaceExplorer:Arsenal","floor":21.0},{"not_picked":["RobotSpaceExplorer:ScrapMissile","RobotSpaceExplorer:GlueSpray+1"],"picked":"RobotSpaceExplorer:DroneSwarm","floor":23.0},{"not_picked":["RobotSpaceExplorer:MetalStrike","RobotSpaceExplorer:StunGrenade+1"],"picked":"RobotSpaceExplorer:GlueSpray+1","floor":24.0},{"not_picked":["RobotSpaceExplorer:SurgingShield","RobotSpaceExplorer:MakeshiftVolley"],"picked":"RobotSpaceExplorer:Counterblock+1","floor":27.0},{"not_picked":["RobotSpaceExplorer:Pulsar","RobotSpaceExplorer:GearShield"],"picked":"RobotSpaceExplorer:ScrapToss","floor":27.0},{"not_picked":["RobotSpaceExplorer:ShockKick+1","RobotSpaceExplorer:ImprovisedAttack"],"picked":"RobotSpaceExplorer:DoubleFind","floor":28.0},{"not_picked":["RobotSpaceExplorer:FrostMissile+1","RobotSpaceExplorer:SwiftStep+1"],"picked":"RobotSpaceExplorer:ScrapMissile+1","floor":29.0},{"not_picked":["RobotSpaceExplorer:FrostMissile","RobotSpaceExplorer:ShockKick+1"],"picked":"RobotSpaceExplorer:Fix","floor":31.0},{"not_picked":["RobotSpaceExplorer:BigMissile","RobotSpaceExplorer:Exploration","RobotSpaceExplorer:Ammunition+1"],"picked":"Singing Bowl","floor":32.0},{"not_picked":["RobotSpaceExplorer:Arsenal","RobotSpaceExplorer:Blaster","RobotSpaceExplorer:BlastShield"],"picked":"Singing Bowl","floor":33.0},{"not_picked":["RobotSpaceExplorer:StarDust","RobotSpaceExplorer:Pulsar"],"picked":"RobotSpaceExplorer:StunGrenade+1","floor":35.0},{"not_picked":["RobotSpaceExplorer:GearShield","RobotSpaceExplorer:FranticSearch"],"picked":"RobotSpaceExplorer:MiniBoosters+1","floor":36.0},{"not_picked":["RobotSpaceExplorer:Pulsar+1","RobotSpaceExplorer:Ammunition+1","RobotSpaceExplorer:Fix+1"],"picked":"Singing Bowl","floor":38.0},{"not_picked":["RobotSpaceExplorer:Discharger+1","RobotSpaceExplorer:MiniDrones","RobotSpaceExplorer:SurgingStrike+1"],"picked":"Singing Bowl","floor":41.0},{"not_picked":["RobotSpaceExplorer:DoubleBlock+1","RobotSpaceExplorer:Discharger","RobotSpaceExplorer:SlimeMissile"],"picked":"Singing Bowl","floor":42.0},{"not_picked":["RobotSpaceExplorer:FrostMissile","RobotSpaceExplorer:ShovelStrike","RobotSpaceExplorer:ShockKick"],"picked":"SKIP","floor":44.0},{"not_picked":["RobotSpaceExplorer:ScrapMissile","RobotSpaceExplorer:Exploration","RobotSpaceExplorer:Electropulse+1"],"picked":"Singing Bowl","floor":45.0},{"not_picked":["RobotSpaceExplorer:JunkDive+1","RobotSpaceExplorer:Probe+1","RobotSpaceExplorer:MiniBoosters+1"],"picked":"Singing Bowl","floor":47.0},{"not_picked":["RobotSpaceExplorer:MiniDrones","RobotSpaceExplorer:DoubleFind+1","RobotSpaceExplorer:Counterblock+1"],"picked":"Singing Bowl","floor":48.0},{"not_picked":["RobotSpaceExplorer:Pulsar","RobotSpaceExplorer:ShovelStrike+1"],"picked":"RobotSpaceExplorer:TrailblazerForm","floor":54.0}],"player_experience":20170,"relics_obtained":[{"floor":6.0,"key":"War Paint"},{"floor":10.0,"key":"Replay:Mystery Machine"},{"floor":21.0,"key":"Bag of Marbles"},{"floor":23.0,"key":"Replay:PocketPolymizer"},{"floor":26.0,"key":"reliquary:ExpiredCoupon"},{"floor":27.0,"key":"White Beast Statue"},{"floor":29.0,"key":"Red Mask"},{"floor":32.0,"key":"REME_IWantAll"},{"floor":32.0,"key":"Eternal Feather"},{"floor":33.0,"key":"reliquary:PorcupineQuills"},{"floor":41.0,"key":"Gambling Chip"},{"floor":41.0,"key":"Pen Nib"},{"floor":43.0,"key":"MawBank"},{"floor":45.0,"key":"Centennial Puzzle"},{"floor":45.0,"key":"Grinning Jar"},{"floor":46.0,"key":"Replay:Rubber Ducky"},{"floor":47.0,"key":"reliquary:Buckler"},{"floor":47.0,"key":"REME_PuzzleBoxRelic"},{"floor":54.0,"key":"CaptainsWheel"},{"floor":54.0,"key":"RobotSpaceExplorer:FoglandsKnife"}],"event_choices":[{"damage_healed":0.0,"max_hp_gain":0.0,"max_hp_loss":0.0,"gold_gain":0.0,"cards_transformed":["RobotSpaceExplorer:Defend"],"event_name":"Transmorgrifier","player_choice":"Transformed","floor":5.0,"gold_loss":0.0,"damage_taken":0.0,"cards_obtained":["RobotSpaceExplorer:TurboDodge"]},{"damage_healed":0.0,"max_hp_gain":0.0,"max_hp_loss":41.0,"gold_gain":0.0,"event_name":"Ghosts","player_choice":"Became a Ghost","floor":22.0,"gold_loss":0.0,"damage_taken":0.0,"cards_obtained":["Ghostly","Ghostly","Ghostly","Ghostly","Ghostly"]},{"damage_healed":0.0,"max_hp_gain":0.0,"max_hp_loss":0.0,"gold_gain":0.0,"event_name":"Drug Dealer","player_choice":"Obtain J.A.X.","floor":25.0,"gold_loss":0.0,"damage_taken":0.0,"cards_obtained":["J.A.X."]},{"damage_healed":0.0,"max_hp_gain":0.0,"max_hp_loss":0.0,"gold_gain":0.0,"event_name":"Masked Bandits","player_choice":"Fought Bandits","floor":29.0,"gold_loss":0.0,"damage_taken":0.0},{"damage_healed":0.0,"max_hp_gain":0.0,"max_hp_loss":0.0,"gold_gain":0.0,"event_name":"Colosseum","player_choice":"Fight","floor":32.0,"gold_loss":0.0,"damage_taken":0.0},{"damage_healed":0.0,"max_hp_gain":0.0,"max_hp_loss":0.0,"gold_gain":0.0,"event_name":"Colosseum","player_choice":"Fought Nobs","floor":32.0,"gold_loss":0.0,"damage_taken":0.0},{"damage_healed":0.0,"max_hp_gain":0.0,"max_hp_loss":0.0,"gold_gain":100.0,"event_name":"Golden Shrine","player_choice":"Pray","floor":37.0,"gold_loss":0.0,"damage_taken":0.0}],"is_beta":false,"boss_relics":[{"not_picked":["Painkiller Herb","Philosopher\u0027s Stone"],"picked":"SlaversCollar"},{"not_picked":["Replay:Bronze Core","Ring of Chaos"],"picked":"Black Star"}],"items_purged_floors":[],"is_endless":false,"potions_floor_spawned":[3,6,7,12,14,16,19,21,23,28,29,31,32,32,33,35,36,38,41,42,44,45,47,48,54],"ascension_level":0}}