{"host":"JIN","time":1613873995,"event":{"mods":["BaseMod","Custom Start","DeckTracker","Hermit","Minty Spire (QoL Compilation)","Shop Mod","StSLib","SuperFastMode"],"gold_per_floor":[113,88,138,209,259,259,293,293,293,66,116,136,171,221,221,311,311,329,379,402,452,502,502,552,552,575,123,159,182,182,231,231,338,338,351,373,80,130,189,242,242,128,128,149,149,185,208,561,561,561,561],"floor_reached":50,"language":"KOR","playtime":1988,"items_purged":["Heavy Blade","Defend_R"],"score":1265,"play_id":"00032838-d562-4838-8ee8-2d165ee268a6","local_time":"20210221111955","is_ascension_mode":true,"campfire_choices":[{"data":"True Grit","floor":6.0,"key":"SMITH"},{"data":"Dark Embrace","floor":8.0,"key":"SMITH"},{"data":"Power Through","floor":15.0,"key":"SMITH"},{"data":"Seeing Red","floor":23,"key":"SMITH"},{"data":"Burning Pact","floor":25,"key":"SMITH"},{"data":"Evolve","floor":30,"key":"SMITH"},{"data":"Barricade","floor":32,"key":"SMITH"},{"data":"Mayhem","floor":41,"key":"SMITH"},{"data":"Juggernaut","floor":45,"key":"SMITH"},{"data":"Berserk","floor":49,"key":"SMITH"}],"circlet_count":0,"master_deck":["Strike_R","Strike_R","Strike_R","Defend_R+1","Defend_R+1","Bash","Dark Embrace+1","Shrug It Off","True Grit+1","Whirlwind","Feel No Pain","Power Through+1","Metallicize","Shockwave","Juggernaut+1","Burning Pact+1","Iron Wave+1","Power Through","Seeing Red+1","Feel No Pain","Mayhem+1","Wild Strike","Evolve+1","Barricade+1","Berserk+1","Reckless Charge","Reckless Charge","Disarm+1","Fire Breathing+1","Feel No Pain"],"relics":["Black Blood","Question Card","Prayer Wheel","Membership Card","The Courier","Smiling Mask","Omamori","SsserpentHead","Golden Idol","Black Star","StrikeDummy","Du-Vu Doll","Toy Ornithopter","Sundial","Juzu Bracelet","Shovel","Turnip","Centennial Puzzle","Pen Nib","Letter Opener","Bronze Scales","Anchor","Pantograph","Regal Pillow","Orichalcum","Matryoshka","Vajra","Art of War","CeramicFish","Busted Crown","ClockworkSouvenir","Paper Frog","Ice Cream","The Courier","Lantern","Prayer Wheel","Strawberry","War Paint","Molten Egg 2","PreservedInsect","Bottled Tornado","Old Coin","Gambling Chip"],"acts_visited":["Exordium","TheCity","TheBeyond"],"potions_floor_usage":[16,29],"damage_taken":[{"damage":14.0,"enemies":"Jaw Worm","floor":1.0,"turns":4.0},{"damage":0.0,"enemies":"2 Louse","floor":4.0,"turns":2.0},{"damage":56.0,"enemies":"Gremlin Nob","floor":7.0,"turns":5.0},{"damage":1.0,"enemies":"Cultist","floor":12.0,"turns":4.0},{"damage":12.0,"enemies":"3 Sentries","floor":13.0,"turns":10.0},{"damage":97,"enemies":"Slime Boss","floor":16,"turns":22},{"damage":22,"enemies":"2 Thieves","floor":18,"turns":5},{"damage":21,"enemies":"Chosen","floor":20,"turns":6},{"damage":25,"enemies":"Gremlin Leader","floor":28,"turns":11},{"damage":19,"enemies":"Shelled Parasite and Fungi","floor":29,"turns":5},{"damage":54,"enemies":"Book of Stabbing","floor":31,"turns":6},{"damage":11,"enemies":"Champ","floor":33,"turns":14},{"damage":19,"enemies":"3 Shapes","floor":35,"turns":4},{"damage":20,"enemies":"3 Darklings","floor":36,"turns":6},{"damage":40,"enemies":"Nemesis","floor":40,"turns":7},{"damage":5,"enemies":"Spire Growth","floor":44,"turns":5},{"damage":20,"enemies":"Reptomancer","floor":46,"turns":6},{"damage":15,"enemies":"Sphere and 2 Shapes","floor":47,"turns":4},{"damage":3,"enemies":"Nemesis","floor":48,"turns":5},{"damage":119,"enemies":"Awakened One","floor":50,"turns":8}],"seed_played":"8122667864520759463","potions_obtained":[{"floor":12.0,"key":"Weak Potion"},{"floor":16,"key":"Dexterity Potion"},{"floor":28,"key":"Regen Potion"},{"floor":29,"key":"Dexterity Potion"},{"floor":46,"key":"Block Potion"}],"is_trial":false,"path_per_floor":["M","?","?","M","?","R","E","R","T","$","?","M","E","?","R","B",null,"M","?","M","?","?","R","?","R","T","$","E","M","R","E","R","B",null,"M","M","$","?","?","E","R","$","T","M","R","E","M","E","R","B"],"character_chosen":"IRONCLAD","items_purchased":["Juzu Bracelet","Power Through","Shovel","Anchor","Pantograph","Regal Pillow","Orichalcum","Feel No Pain","Mayhem","ClockworkSouvenir","Paper Frog","Ice Cream","Strawberry"],"campfire_rested":0,"item_purchase_floors":[10,10,10,27,27,27,27,27,27,37,37,37,42],"current_hp_per_floor":[60,60,60,66,66,66,16,16,16,16,16,21,36,25,25,9,59,49,49,40,40,40,40,40,40,40,40,27,37,37,65,65,75,75,68,60,60,60,60,32,32,39,39,46,46,38,35,44,44,0,0],"gold":561,"neow_bonus":"REMOVE_CARD","is_daily":false,"chose_seed":false,"campfire_upgraded":10,"win_rate":0.0,"timestamp":1613873995,"path_taken":["M","?","?","?","?","R","E","R","T","$","?","M","E","?","R","BOSS","M","?","M","?","?","R","?","R","T","$","E","M","R","E","R","BOSS","M","M","$","?","?","E","R","$","T","M","R","E","M","E","R","BOSS"],"items_purchased_type":["Relic","Card","Relic","Relic","Relic","Relic","Relic","Card","Card","Relic","Relic","Relic","Relic"],"build_version":"2020-12-18","purchased_purges":2,"victory":false,"max_hp_per_floor":[75,75,75,75,75,75,75,75,75,75,75,75,75,75,75,75,75,75,75,75,75,75,75,75,75,75,75,75,75,75,75,75,75,75,75,75,75,75,75,75,75,82,82,82,82,82,82,82,82,82,82],"card_choices":[{"not_picked":["Cleave","Perfected Strike","Clothesline"],"picked":"Dark Embrace","floor":1.0},{"not_picked":["Warcry","Body Slam","Thunderclap"],"picked":"Shrug It Off","floor":1.0},{"not_picked":["Havoc","Dropkick","Bloodletting"],"picked":"True Grit","floor":4.0},{"not_picked":["Rage","Sentinel","Cleave"],"picked":"Whirlwind","floor":4.0},{"not_picked":["Spot Weakness","Iron Wave","Juggernaut"],"picked":"Feel No Pain","floor":7.0},{"not_picked":["Sword Boomerang","Body Slam","True Grit"],"picked":"Metallicize","floor":12.0},{"not_picked":["Clothesline","Clash","Armaments","Cleave"],"picked":"SKIP","floor":12.0},{"not_picked":["Sword Boomerang","Havoc","Heavy Blade"],"picked":"Shockwave","floor":13.0},{"not_picked":["Limit Break","Immolate","Fiend Fire"],"picked":"Juggernaut","floor":16},{"not_picked":["Blood for Blood","Armaments","Hemokinesis"],"picked":"Burning Pact","floor":18},{"not_picked":["Combust","Thunderclap","Shrug It Off"],"picked":"Iron Wave+1","floor":18},{"not_picked":["Havoc","Dual Wield","Iron Wave"],"picked":"Power Through","floor":20},{"not_picked":["Blood for Blood","Havoc","Shrug It Off","Spot Weakness"],"picked":"SKIP","floor":20},{"not_picked":["Bloodletting+1","Pummel","Rampage"],"picked":"Wild Strike","floor":28},{"not_picked":["Clash","Pummel","Carnage"],"picked":"Evolve","floor":29},{"not_picked":["Dual Wield","Warcry","Entrench","Perfected Strike"],"picked":"SKIP","floor":29},{"not_picked":["Combust","Pummel+1","Anger"],"picked":"Barricade","floor":31},{"not_picked":["Bludgeon","Corruption","Barricade"],"picked":"Berserk","floor":33},{"not_picked":["Cleave","Bloodletting"],"picked":"SKIP","floor":35},{"not_picked":["Shrug It Off","True Grit"],"picked":"SKIP","floor":35},{"not_picked":["Anger"],"picked":"Reckless Charge","floor":36},{"not_picked":["Fiend Fire","Pummel+1"],"picked":"SKIP","floor":36},{"not_picked":["Flex"],"picked":"Disarm+1","floor":40},{"not_picked":["Armaments","Rage"],"picked":"SKIP","floor":44},{"not_picked":["Inflame","Thunderclap+1"],"picked":"SKIP","floor":44},{"not_picked":["Heavy Blade+1","Perfected Strike+1"],"picked":"SKIP","floor":46},{"not_picked":["Flame Barrier+1"],"picked":"Fire Breathing+1","floor":47},{"not_picked":["Thunderclap+1","Blood for Blood+1"],"picked":"SKIP","floor":47},{"not_picked":["Berserk"],"picked":"Feel No Pain","floor":48}],"player_experience":1258621,"relics_obtained":[{"floor":7.0,"key":"Du-Vu Doll"},{"floor":7.0,"key":"Toy Ornithopter"},{"floor":9.0,"key":"Sundial"},{"floor":13.0,"key":"Turnip"},{"floor":13.0,"key":"Centennial Puzzle"},{"floor":26,"key":"Bronze Scales"},{"floor":28,"key":"Matryoshka"},{"floor":28,"key":"Vajra"},{"floor":31,"key":"Art of War"},{"floor":31,"key":"CeramicFish"},{"floor":40,"key":"Lantern"},{"floor":40,"key":"Prayer Wheel"},{"floor":43,"key":"War Paint"},{"floor":43,"key":"Molten Egg 2"},{"floor":46,"key":"PreservedInsect"},{"floor":46,"key":"Bottled Tornado"},{"floor":48,"key":"Old Coin"},{"floor":48,"key":"Gambling Chip"}],"event_choices":[{"cards_removed":["Defend_R"],"damage_healed":0.0,"max_hp_gain":0.0,"max_hp_loss":0.0,"gold_gain":0.0,"event_name":"The Cleric","player_choice":"Card Removal","floor":2.0,"gold_loss":75.0,"damage_taken":0.0},{"damage_healed":0.0,"max_hp_gain":0.0,"max_hp_loss":0.0,"gold_gain":0.0,"cards_transformed":["Strike_R"],"event_name":"Transmorgrifier","player_choice":"Transformed","floor":3.0,"gold_loss":0.0,"damage_taken":0.0,"cards_obtained":["Heavy Blade"]},{"damage_healed":0.0,"max_hp_gain":0.0,"max_hp_loss":0.0,"gold_gain":0.0,"event_name":"Big Fish","player_choice":"Box","floor":5.0,"gold_loss":0.0,"damage_taken":0.0,"relics_obtained":["StrikeDummy"],"cards_obtained":["Regret"]},{"damage_healed":0.0,"max_hp_gain":0.0,"max_hp_loss":0.0,"gold_gain":0.0,"event_name":"Shining Light","player_choice":"Ignored","floor":11.0,"gold_loss":0.0,"damage_taken":0.0},{"damage_healed":0.0,"max_hp_gain":0.0,"max_hp_loss":0.0,"gold_gain":0.0,"event_name":"Scrap Ooze","player_choice":"Success","floor":14.0,"gold_loss":0.0,"damage_taken":11.0,"relics_obtained":["Pen Nib"]},{"damage_healed":0,"gold_gain":0,"player_choice":"Ignored","damage_taken":0,"max_hp_gain":0,"max_hp_loss":0,"event_name":"Ghosts","floor":19,"gold_loss":0},{"damage_healed":0,"gold_gain":0,"player_choice":"Ignored","damage_taken":0,"max_hp_gain":0,"max_hp_loss":0,"event_name":"Vampires","floor":21,"gold_loss":0},{"damage_healed":0,"gold_gain":0,"player_choice":"Read","damage_taken":0,"max_hp_gain":0,"max_hp_loss":0,"event_name":"The Library","floor":22,"gold_loss":0,"cards_obtained":["Seeing Red"]},{"damage_healed":0,"gold_gain":0,"player_choice":"Opened","damage_taken":0,"relics_obtained":["Letter Opener"],"max_hp_gain":0,"max_hp_loss":0,"event_name":"The Mausoleum","floor":24,"gold_loss":0,"cards_obtained":["Writhe"]},{"damage_healed":0,"gold_gain":0,"player_choice":"Gave Potion","damage_taken":0,"relics_obtained":["The Courier"],"max_hp_gain":0,"max_hp_loss":0,"event_name":"WeMeetAgain","floor":38,"gold_loss":0},{"damage_healed":0,"gold_gain":0,"player_choice":"Copied","damage_taken":0,"max_hp_gain":0,"max_hp_loss":0,"event_name":"Duplicator","floor":39,"gold_loss":0,"cards_obtained":["Reckless Charge"]}],"is_beta":true,"boss_relics":[{"not_picked":["Ectoplasm","Sozu"],"picked":"Black Blood"},{"not_picked":["Runic Dome","SlaversCollar"],"picked":"Busted Crown"}],"items_purged_floors":[27,42],"is_endless":false,"potions_floor_spawned":[12,16,28,29,31,46],"killed_by":"Awakened One","ascension_level":20}}