{"host":"dd8lqbxt1rnwhzth","time":1613879887,"event":{"mods":["Act Like it!","Aspiration","Bard","BaseMod","Beaked The Cultist","BetterRewards","Challenge The Spire","Colored Map","Conspire","Halation","Hermit","Highlight Path","Hubris","Infinite Spire","Jorbs\u0027s Wanderer Trilogy","Marisa????????","Minty Spire (QoL Compilation)","Rare Cards Sparkle","Replay The Spire","Ruina","Shop Mod","StSLib","SuperFastMode","Synergy Search","The Bladedancer","The Construct","The Cursed","The Disciple","The Elementalist","The Forsaken","The Hierophant","The Judge","The Mystic","The Necromancer","The Runesmith","The Servant 0.9.4","The Valiant","The Wild Card","TheBandit","egg"],"gold_per_floor":[288,288,314,342,373,373,373,73,104,137,162,162,162,162,191,223,250,281],"floor_reached":19,"language":"ENG","playtime":1790,"items_purged":["Strike_P"],"score":520,"play_id":"12dc2d94-7ce9-46d3-babd-1d17553bbbfc","local_time":"20210221002807","daily_mods":["challengethespire:Bronze Difficulty","challengethespire:Modded Elite Rush","Uncertain Future"],"is_ascension_mode":false,"campfire_choices":[{"data":"Eruption","floor":2,"key":"SMITH"},{"data":"Ragnarok","floor":7,"key":"SMITH"},{"data":"TalkToTheHand","floor":13,"key":"SMITH"},{"data":"Wallop","floor":14,"key":"SMITH"}],"circlet_count":0,"master_deck":["Eruption+1","Vigilance","Protect+1","Wallop+1","MentalFortress","Ragnarok+1","ThirdEye+1","BowlingBash+1","Collect+1","Alpha+1","JustLucky","WaveOfTheHand+1","Replay:Anticipation+1","SashWhip+1","TalkToTheHand+1","PathToVictory+1","PathToVictory+1","Weave","Evaluate+1","BattleHymn","Wallop+1","TalkToTheHand+1","Vault+1","ClearTheMind+1","JustLucky+1","DevaForm"],"relics":["PureWater","Black Star","Sling","PreservedInsect","Toxic Egg 2","Akabeko","Boot","Omamori","Simple Rune","hubris:FunFungus","hubris:Metronome","Pandora\u0027s Box","Bag of Preparation","Molten Egg 2","Blood Vial","construct:BoolHorns","GoldenEye","conspire:Dentures","infinitespire:Eraser","Painkiller Herb","infinitespire:WardingShard","Gremlin Horn","halation:AfternoonTea","Whetstone","conspire:TopHat","infinitespire:PuzzleCube","Letter Opener","infinitespire:Broken Mirror"],"acts_visited":["Exordium"],"potions_floor_usage":[18,18],"damage_taken":[{"damage":0,"enemies":"3 Sentries","floor":3,"turns":4},{"damage":0,"enemies":"Lagavulin","floor":4,"turns":4},{"damage":0,"enemies":"Replay:BlueRogue","floor":5,"turns":1},{"damage":0,"enemies":"conspire:Head Lice","floor":9,"turns":2},{"damage":0,"enemies":"Replay:Snechameleon","floor":10,"turns":2},{"damage":0,"enemies":"conspire:SneckoGhost","floor":11,"turns":1},{"damage":0,"enemies":"Giant Head","floor":15,"turns":4},{"damage":0,"enemies":"Nemesis","floor":16,"turns":3},{"damage":2,"enemies":"beaked:SuperParasite","floor":17,"turns":7},{"damage":0,"enemies":"Shield and Spear","floor":18,"turns":2}],"seed_played":"3084635536431215624","potions_obtained":[{"floor":15,"key":"Death Potion"}],"is_trial":true,"path_per_floor":["$","R","E","E","E","T","R","$","E","E","E","T","T","T","E","E","E","E",null],"character_chosen":"WATCHER","items_purchased":["Toxic Egg 2","Protect+1","Wallop","MentalFortress","DuplicationPotion","AttackPotion","Weak Potion","Bag of Preparation","PathToVictory+1","Weave","Evaluate+1"],"campfire_rested":0,"item_purchase_floors":[1,1,1,1,1,1,1,8,8,8,8],"current_hp_per_floor":[72,72,72,72,72,72,72,72,72,72,72,72,72,72,72,72,70,72],"gold":281,"neow_bonus":"","is_daily":false,"chose_seed":false,"campfire_upgraded":4,"win_rate":0.0,"timestamp":1613879887,"path_taken":["$","R","E","E","E","T","R","$","E","E","E","T","T","T","E","E","E","E"],"items_purchased_type":["Relic","Card","Card","Card","Potion","Potion","Potion","Relic","Card","Card","Card"],"build_version":"2020-12-22","purchased_purges":1,"victory":true,"max_hp_per_floor":[72,72,72,72,72,72,72,72,72,72,72,72,72,72,72,72,72,72],"card_choices":[],"player_experience":498641,"relics_obtained":[{"floor":3,"key":"Akabeko"},{"floor":3,"key":"Boot"},{"floor":4,"key":"Omamori"},{"floor":4,"key":"Simple Rune"},{"floor":5,"key":"hubris:FunFungus"},{"floor":5,"key":"hubris:Metronome"},{"floor":9,"key":"Molten Egg 2"},{"floor":9,"key":"Blood Vial"},{"floor":10,"key":"construct:BoolHorns"},{"floor":10,"key":"GoldenEye"},{"floor":11,"key":"conspire:Dentures"},{"floor":11,"key":"infinitespire:Eraser"},{"floor":15,"key":"infinitespire:WardingShard"},{"floor":15,"key":"Gremlin Horn"},{"floor":16,"key":"halation:AfternoonTea"},{"floor":16,"key":"Whetstone"},{"floor":17,"key":"conspire:TopHat"},{"floor":17,"key":"infinitespire:PuzzleCube"},{"floor":18,"key":"Letter Opener"},{"floor":18,"key":"infinitespire:Broken Mirror"}],"event_choices":[],"is_beta":false,"boss_relics":[{"not_picked":["halation:LoveArrow","hubris:VirtuousBlindfold"],"picked":"Pandora\u0027s Box"},{"not_picked":["Empty Cage","ReplayTheSpireMod:DimensionalGlitch"],"picked":"Painkiller Herb"}],"items_purged_floors":[1],"is_endless":false,"potions_floor_spawned":[4,9,10,15],"ascension_level":0}}