{"host":"06x7ibqulglyn97c","time":1613948514,"event":{"mods":["AchievementEnabler","BaseMod","Minty Spire (QoL Compilation)","Rare Cards Sparkle","Relic Sorter","Relic Stats","StSLib","The Awakened One except there are too many feathers"],"gold_per_floor":[116,116,116,116,116,116,132,110,110,185,221,221,221,235,235,235,235],"floor_reached":16,"language":"ENG","playtime":468,"items_purged":[],"score":139,"play_id":"72c1fdbd-4042-40b7-afa3-1ad34069b502","local_time":"20210221230154","is_ascension_mode":true,"campfire_choices":[{"floor":6,"key":"REST"},{"floor":13,"key":"REST"},{"floor":15,"key":"REST"}],"circlet_count":0,"master_deck":["Strike_B","Strike_B","Strike_B","Strike_B","Defend_B","Defend_B","Defend_B","Zap","Dualcast","Conserve Battery","Hologram","Conserve Battery","Leap","Rebound"],"relics":["Cracked Core","Strawberry","Golden Idol","Meat on the Bone","Darkstone Periapt","WingedGreaves"],"acts_visited":["Exordium"],"potions_floor_usage":[16,16],"damage_taken":[{"damage":0,"enemies":"2 Louse","floor":1,"turns":2},{"damage":0,"enemies":"Cultist","floor":7,"turns":4},{"damage":57,"enemies":"Lagavulin","floor":11,"turns":7},{"damage":4,"enemies":"Small Slimes","floor":14,"turns":4},{"damage":70,"enemies":"Hexaghost","floor":16,"turns":11}],"seed_played":"-3392343799633819296","potions_obtained":[{"floor":7,"key":"LiquidBronze"},{"floor":11,"key":"FearPotion"}],"is_trial":false,"path_per_floor":["M","?","$","?","?","R","M","$","T","?","E","T","R","M","R","B"],"character_chosen":"DEFECT","items_purchased":["Conserve Battery"],"campfire_rested":3,"item_purchase_floors":[8],"current_hp_per_floor":[75,75,75,55,55,79,79,79,79,68,23,23,47,43,67,0,0],"gold":235,"neow_bonus":"RANDOM_COMMON_RELIC","is_daily":false,"chose_seed":false,"campfire_upgraded":0,"win_rate":0.0,"timestamp":1613948514,"path_taken":["M","?","?","?","?","R","M","$","T","?","E","?","R","?","R","BOSS"],"items_purchased_type":["Card"],"build_version":"2020-12-22","purchased_purges":0,"victory":false,"max_hp_per_floor":[82,82,82,82,82,82,82,82,82,82,82,82,82,82,82,82,82],"relic_stats":{"Darkstone Periapt":0,"counters":[5,28],"Golden Idol":13,"obtain_stats":[{"Darkstone Periapt":11,"Golden Idol":4,"Strawberry":0,"WingedGreaves":12,"Cracked Core":0,"Meat on the Bone":9},{"Darkstone Periapt":3,"Golden Idol":1,"Strawberry":0,"WingedGreaves":3,"Cracked Core":0,"Meat on the Bone":2},{"Darkstone Periapt":13,"Golden Idol":2,"Strawberry":0,"WingedGreaves":13,"Cracked Core":0,"Meat on the Bone":6}],"Meat on the Bone":12},"card_choices":[{"not_picked":["Stack","Recycle"],"picked":"Conserve Battery","floor":1},{"not_picked":["Sweeping Beam","Gash"],"picked":"Hologram","floor":7},{"not_picked":["Compile Driver","Static Discharge"],"picked":"Leap","floor":11},{"not_picked":["Aggregate","Hologram"],"picked":"Rebound","floor":14}],"player_experience":690533,"relics_obtained":[{"floor":9,"key":"Meat on the Bone"},{"floor":11,"key":"Darkstone Periapt"},{"floor":12,"key":"WingedGreaves"}],"event_choices":[{"cards_removed":["Defend_B"],"damage_healed":0,"gold_gain":0,"player_choice":"Offered Basic","damage_taken":0,"max_hp_gain":0,"max_hp_loss":0,"event_name":"Bonfire Elementals","floor":2,"gold_loss":0},{"damage_healed":0,"gold_gain":0,"player_choice":"Take Damage","damage_taken":20,"relics_obtained":["Golden Idol"],"max_hp_gain":0,"max_hp_loss":0,"event_name":"Golden Idol","floor":4,"gold_loss":0},{"damage_healed":0,"gold_gain":0,"player_choice":"Ignored","damage_taken":0,"max_hp_gain":0,"max_hp_loss":0,"event_name":"Golden Wing","floor":5,"gold_loss":0},{"damage_healed":0,"gold_gain":75,"player_choice":"Gather Gold","damage_taken":11,"max_hp_gain":0,"max_hp_loss":0,"event_name":"World of Goop","floor":10,"gold_loss":0}],"is_beta":false,"boss_relics":[],"items_purged_floors":[],"is_endless":false,"potions_floor_spawned":[7,11],"killed_by":"Hexaghost","ascension_level":9}}