{"host":"ju1b3c4x8n2jtjm7","time":1613899884,"event":{"mods":["AchievementEnabler","BaseMod","Colored Map","Colored Powertips","DeckTracker","Highlight Path","Minty Spire (QoL Compilation)","Quick Restart","Rare Cards Sparkle","Relic Stats"],"gold_per_floor":[114,132,132,82,82,82,101,101,401,442,25,40,40,40,40,165,165,186,64,77,77,90,90,128,128,197,197,233,233,148,163,163,289,289,309,377,377,29,43,83,98,98,98,128,179,41,77,97,97,97,97,97,97,140,140],"floor_reached":56,"language":"ENG","playtime":4184,"items_purged":["Strike_B","Strike_B","Storm+1","Strike_B+1"],"score":2107,"play_id":"39f76bf7-70dc-4735-865c-8c55d7f504b9","local_time":"20210221103124","is_ascension_mode":true,"campfire_choices":[{"data":"Streamline","floor":6.0,"key":"SMITH"},{"data":"Coolheaded","floor":13.0,"key":"SMITH"},{"data":"Turbo","floor":15.0,"key":"SMITH"},{"data":"Coolheaded","floor":23,"key":"SMITH"},{"data":"Meteor Strike","floor":25,"key":"SMITH"},{"data":"Buffer","floor":27,"key":"SMITH"},{"data":"Streamline","floor":32,"key":"SMITH"},{"floor":42,"key":"RECALL"},{"data":"Chill","floor":49,"key":"SMITH"},{"floor":52,"key":"REST"}],"circlet_count":0,"master_deck":["AscendersBane","Streamline+1","Turbo+1","Chill+1","Compile Driver+1","Coolheaded+1","Meteor Strike+1","Coolheaded+1","Buffer+1","Streamline+1","Echo Form+1","Sunder+1"],"relics":["Cracked Core","Blood Vial","Golden Idol","Old Coin","Calipers","Lantern","Whetstone","Snecko Eye","Shuriken","Eternal Feather","Bag of Marbles","Matryoshka","Astrolabe","Emotion Chip","PrismaticShard","Regal Pillow","MawBank","Bag of Preparation","DataDisk","Oddly Smooth Stone"],"acts_visited":["Exordium","TheCity","TheBeyond","TheEnding"],"potions_floor_usage":[22,55],"damage_taken":[{"damage":1.0,"enemies":"Cultist","floor":1.0,"turns":4.0},{"damage":0.0,"enemies":"Small Slimes","floor":2.0,"turns":2.0},{"damage":3.0,"enemies":"2 Louse","floor":7.0,"turns":2.0},{"damage":24.0,"enemies":"Gremlin Nob","floor":10.0,"turns":4.0},{"damage":1.0,"enemies":"2 Fungi Beasts","floor":12.0,"turns":3.0},{"damage":24,"enemies":"Slime Boss","floor":16,"turns":10},{"damage":2,"enemies":"3 Byrds","floor":18,"turns":4},{"damage":2,"enemies":"Chosen","floor":20,"turns":4},{"damage":6,"enemies":"Shelled Parasite and Fungi","floor":22,"turns":2},{"damage":11,"enemies":"Gremlin Leader","floor":24,"turns":3},{"damage":0,"enemies":"Book of Stabbing","floor":28,"turns":2},{"damage":0,"enemies":"3 Cultists","floor":31,"turns":3},{"damage":0,"enemies":"Automaton","floor":33,"turns":4},{"damage":0,"enemies":"3 Shapes","floor":35,"turns":2},{"damage":0,"enemies":"2 Orb Walkers","floor":36,"turns":2},{"damage":0,"enemies":"3 Darklings","floor":39,"turns":2},{"damage":0,"enemies":"Nemesis","floor":40,"turns":3},{"damage":0,"enemies":"Writhing Mass","floor":41,"turns":2},{"damage":0,"enemies":"Jaw Worm Horde","floor":44,"turns":2},{"damage":0,"enemies":"Reptomancer","floor":45,"turns":2},{"damage":0,"enemies":"Giant Head","floor":47,"turns":1},{"damage":0,"enemies":"Transient","floor":48,"turns":1},{"damage":0,"enemies":"Donu and Deca","floor":50,"turns":2},{"damage":0,"enemies":"Shield and Spear","floor":54,"turns":2},{"damage":3,"enemies":"The Heart","floor":55,"turns":4}],"seed_played":"3393051952857206630","potions_obtained":[{"floor":1.0,"key":"SteroidPotion"},{"floor":10.0,"key":"DuplicationPotion"},{"floor":20,"key":"Weak Potion"},{"floor":24,"key":"Dexterity Potion"},{"floor":28,"key":"GamblersBrew"},{"floor":36,"key":"Ancient Potion"},{"floor":47,"key":"Strength Potion"}],"is_trial":false,"path_per_floor":["M","M","?","?","?","R","M","?","T","E","$","M","R","?","R","B",null,"M","$","M","?","M","R","E","R","T","R","E","?","?","M","R","B",null,"M","?","?","$","M","E","M","R","T","M","E","$","E","M","R","B",null,"R","$","E","B",null],"character_chosen":"DEFECT","items_purchased":["Coolheaded","Lantern","Whetstone","Coolheaded","PrismaticShard","GamblersBrew"],"campfire_rested":1,"item_purchase_floors":[11,11,11,19,38,38],"current_hp_per_floor":[74,74,56,56,56,56,55,48,48,26,26,27,27,32,32,10,63,63,63,63,63,59,59,50,50,50,56,58,58,58,60,66,68,78,80,81,81,81,81,81,81,81,81,81,81,81,81,81,81,81,81,81,81,81,78],"gold":140,"neow_bonus":"TEN_PERCENT_HP_BONUS","is_daily":false,"chose_seed":false,"campfire_upgraded":8,"win_rate":0.0,"timestamp":1613899884,"path_taken":["M","M","?","?","?","R","M","?","T","E","$","M","R","?","R","BOSS","M","$","M","?","M","R","E","R","T","R","E","?","?","M","R","BOSS","M","?","?","?","M","E","M","R","T","?","E","?","E","M","R","BOSS","R","$","E","BOSS"],"items_purchased_type":["Card","Relic","Relic","Card","Relic","Potion"],"build_version":"2020-12-22","purchased_purges":4,"victory":true,"max_hp_per_floor":[82,82,82,82,76,76,76,76,76,76,76,76,76,81,81,81,81,81,81,81,81,81,81,81,81,81,81,81,81,81,81,81,81,81,81,81,81,81,81,81,81,81,81,81,81,81,81,81,81,81,81,81,81,81,81],"relic_stats":{"Regal Pillow":0,"counters":[25,72],"Golden Idol":209,"Astrolabe":["Echo Form","Sunder","Storm"],"Eternal Feather":12,"Bag of Preparation":[10],"Whetstone":["Strike_B","Compile Driver"],"MawBank":36,"Blood Vial":25,"Emotion Chip":[3,0,1,0,2],"Shuriken":[50],"Snecko Eye":[175,175,148,177],"obtain_stats":[{"Lantern":11,"Regal Pillow":40,"Calipers":10,"Golden Idol":5,"Astrolabe":34,"Oddly Smooth Stone":54,"Eternal Feather":26,"Bag of Preparation":45,"Whetstone":11,"PrismaticShard":38,"MawBank":43,"Old Coin":9,"Blood Vial":3,"Emotion Chip":36,"DataDisk":47,"Matryoshka":30,"Shuriken":24,"Snecko Eye":17,"Bag of Marbles":28,"Cracked Core":0},{"Lantern":4,"Regal Pillow":17,"Calipers":4,"Golden Idol":2,"Astrolabe":13,"Oddly Smooth Stone":24,"Eternal Feather":10,"Bag of Preparation":20,"Whetstone":4,"PrismaticShard":15,"MawBank":18,"Old Coin":3,"Blood Vial":2,"Emotion Chip":15,"DataDisk":21,"Matryoshka":11,"Shuriken":10,"Snecko Eye":6,"Bag of Marbles":11,"Cracked Core":0},{"Lantern":12,"Regal Pillow":56,"Calipers":12,"Golden Idol":6,"Astrolabe":47,"Oddly Smooth Stone":68,"Eternal Feather":38,"Bag of Preparation":62,"Whetstone":12,"PrismaticShard":51,"MawBank":58,"Old Coin":8,"Blood Vial":6,"Emotion Chip":51,"DataDisk":63,"Matryoshka":40,"Shuriken":38,"Snecko Eye":25,"Bag of Marbles":40,"Cracked Core":0}]},"card_choices":[{"not_picked":["Static Discharge","Glacier"],"picked":"Streamline","floor":1.0},{"not_picked":["Leap","Chaos"],"picked":"Turbo","floor":2.0},{"not_picked":["Melter","Ball Lightning"],"picked":"Chill","floor":7.0},{"not_picked":["Aggregate","Gash"],"picked":"Compile Driver","floor":10.0},{"not_picked":["Steam Power","Hologram","Undo"],"picked":"SKIP","floor":12.0},{"not_picked":["Core Surge","Rainbow"],"picked":"Meteor Strike","floor":16},{"not_picked":["Go for the Eyes","Heatsinks","Doom and Gloom"],"picked":"SKIP","floor":18},{"not_picked":["Leap","Streamline+1","Coolheaded+1"],"picked":"SKIP","floor":20},{"not_picked":["Steam Power","Genetic Algorithm+1","Reprogram+1"],"picked":"SKIP","floor":22},{"not_picked":["Beam Cell","Genetic Algorithm","White Noise"],"picked":"SKIP","floor":24},{"not_picked":["Redo+1","Streamline","Reinforced Body"],"picked":"SKIP","floor":28},{"not_picked":["Tempest+1","Turbo","Genetic Algorithm"],"picked":"SKIP","floor":31},{"not_picked":["Go for the Eyes+1","Turbo","Stack"],"picked":"SKIP","floor":35},{"not_picked":["Bandage Up","Scrape+1","Dagger Spray+1"],"picked":"SKIP","floor":39},{"not_picked":["Ball Lightning+1","Bane","Turbo"],"picked":"SKIP","floor":40},{"not_picked":["Consume+1","White Noise+1","Prostrate+1"],"picked":"SKIP","floor":41},{"not_picked":["Sweeping Beam","ClearTheMind","Rebound"],"picked":"SKIP","floor":44},{"not_picked":["Genetic Algorithm","FlurryOfBlows+1","Blood for Blood"],"picked":"SKIP","floor":45},{"not_picked":["Twin Strike+1","Dagger Throw+1","Perfected Strike+1"],"picked":"SKIP","floor":47},{"not_picked":["PanicButton+1","Nirvana","Thunderclap+1"],"picked":"SKIP","floor":48},{"not_picked":["Chill+1","Entrench+1","Undo"],"picked":"SKIP","floor":54}],"player_experience":442541,"relics_obtained":[{"floor":9.0,"key":"Old Coin"},{"floor":10.0,"key":"Calipers"},{"floor":24,"key":"Shuriken"},{"floor":26,"key":"Eternal Feather"},{"floor":28,"key":"Bag of Marbles"},{"floor":36,"key":"Emotion Chip"},{"floor":40,"key":"Regal Pillow"},{"floor":43,"key":"MawBank"},{"floor":45,"key":"Bag of Preparation"},{"floor":47,"key":"DataDisk"},{"floor":54,"key":"Oddly Smooth Stone"}],"event_choices":[{"damage_healed":0.0,"max_hp_gain":0.0,"max_hp_loss":0.0,"gold_gain":0.0,"event_name":"Scrap Ooze","player_choice":"Success","floor":3.0,"gold_loss":0.0,"damage_taken":18.0,"relics_obtained":["Blood Vial"]},{"cards_removed":["Defend_B"],"damage_healed":0.0,"max_hp_gain":0.0,"max_hp_loss":0.0,"gold_gain":0.0,"event_name":"The Cleric","player_choice":"Card Removal","floor":4.0,"gold_loss":50.0,"damage_taken":0.0},{"damage_healed":0.0,"max_hp_gain":0.0,"max_hp_loss":6.0,"gold_gain":0.0,"event_name":"Golden Idol","player_choice":"Lose Max HP","floor":5.0,"gold_loss":0.0,"damage_taken":0.0,"relics_obtained":["Golden Idol"]},{"cards_removed":["Strike_B"],"damage_healed":0.0,"max_hp_gain":0.0,"max_hp_loss":0.0,"gold_gain":0.0,"event_name":"Golden Wing","player_choice":"Card Removal","floor":8.0,"gold_loss":0.0,"damage_taken":7.0},{"damage_healed":0.0,"max_hp_gain":5.0,"max_hp_loss":0.0,"gold_gain":0.0,"event_name":"Big Fish","player_choice":"Donut","floor":14.0,"gold_loss":0.0,"damage_taken":0.0},{"damage_healed":0,"gold_gain":0,"cards_transformed":["Defend_B","Defend_B"],"player_choice":"Became Test Subject","damage_taken":0,"max_hp_gain":0,"max_hp_loss":0,"event_name":"Drug Dealer","floor":21,"gold_loss":0,"cards_obtained":["Buffer","Streamline"]},{"damage_healed":0,"gold_gain":0,"player_choice":"Ignored","damage_taken":0,"max_hp_gain":0,"max_hp_loss":0,"event_name":"Vampires","floor":29,"gold_loss":0},{"damage_healed":0,"gold_gain":0,"player_choice":"Obtained Relic","damage_taken":0,"relics_obtained":["Matryoshka"],"max_hp_gain":0,"max_hp_loss":0,"event_name":"Addict","floor":30,"gold_loss":85},{"damage_healed":0,"gold_gain":0,"player_choice":"Fight","damage_taken":0,"max_hp_gain":0,"max_hp_loss":0,"event_name":"Mysterious Sphere","floor":36,"gold_loss":0},{"damage_healed":0,"gold_gain":0,"player_choice":"Ignored","damage_taken":0,"max_hp_gain":0,"max_hp_loss":0,"event_name":"Tomb of Lord Red Mask","floor":37,"gold_loss":0}],"is_beta":false,"boss_relics":[{"not_picked":["Pandora\u0027s Box","Coffee Dripper"],"picked":"Snecko Eye"},{"not_picked":["Sozu","SlaversCollar"],"picked":"Astrolabe"}],"items_purged_floors":[11,19,38,46],"is_endless":false,"potions_floor_spawned":[1,10,20,24,28,35,36,40,45,47,54],"ascension_level":10}}