{"host":"bvp2uifzy1c463d9","time":1613877846,"event":{"mods":["AchievementEnabler","BaseMod","Better Note","Block Reminder","Bossed Relics","Colored Map","Colored Powertips","Highlight Path","Minty Spire (QoL Compilation)","Relic Sorter","Relic Stats","Replay The Spire","StSLib","The Blue Laboratory"],"gold_per_floor":[115,133,60,60,60,60,88,100,100,135,135,161,111,127,127,227,227,245,133,145,145,2,2,2],"floor_reached":23,"language":"ENG","playtime":951,"items_purged":["Strike_B"],"score":267,"play_id":"b86a7bd3-55ae-42c7-868b-6de7b3c33297","local_time":"20210220212406","is_ascension_mode":true,"campfire_choices":[{"data":"Time Bomb","floor":6,"key":"SMITH"},{"data":"BasicCrystalCard","floor":11,"key":"SMITH"},{"floor":15,"key":"REST"}],"circlet_count":0,"master_deck":["Strike_B","Strike_B","Defend_B","Defend_B","Defend_B","Defend_B","Zap","Dualcast","BasicCrystalCard+1","Time Bomb+1","Stack+1","Chill","Conserve Battery","Ball Lightning","Reboot","Coolheaded","Rainbow","Loop+1","Panic Button+1","Cold Snap","Voices"],"relics":["Cracked Core","NeowsBlessing","Boot","Ancient Tea Set","Replay:Bottled Flurry","MealTicket","Frozen Egg 2","Astrolabe","Ring of Peace","Replay:Antivirus Software"],"acts_visited":["Exordium","TheCity"],"potions_floor_usage":[],"damage_taken":[{"damage":0,"enemies":"Small Slimes","floor":1,"turns":1},{"damage":0,"enemies":"Jaw Worm","floor":2,"turns":1},{"damage":0,"enemies":"Gremlin Nob","floor":7,"turns":1},{"damage":0,"enemies":"Cultist","floor":8,"turns":4},{"damage":5,"enemies":"3 Sentries","floor":10,"turns":8},{"damage":23,"enemies":"Gremlin Nob","floor":12,"turns":4},{"damage":12,"enemies":"Large Slime","floor":14,"turns":6},{"damage":4,"enemies":"Slime Boss","floor":16,"turns":10},{"damage":7,"enemies":"Spheric Guardian","floor":18,"turns":4},{"damage":3,"enemies":"3 Byrds","floor":20,"turns":4},{"damage":78,"enemies":"Gremlin Leader","floor":23,"turns":6}],"seed_played":"-9222605834160280905","potions_obtained":[{"floor":2,"key":"Adrenaline Potion"},{"floor":7,"key":"blueLaboratory:HorrorPotion"},{"floor":10,"key":"blueLaboratory:BottledHope"},{"floor":14,"key":"Explosive Potion"}],"is_trial":false,"path_per_floor":["M","M","$","?","?","R","E","M","T","E","R","E","?","M","R_BF","B",null,"M","$","M","?","$","E"],"character_chosen":"DEFECT","items_purchased":["Time Bomb","Panic Button+1","Replay:Antivirus Software"],"campfire_rested":1,"item_purchase_floors":[3,19,22],"current_hp_per_floor":[75,75,75,75,68,68,68,68,68,63,63,40,40,28,50,46,75,68,75,72,72,75,0,0],"gold":2,"neow_bonus":"THREE_ENEMY_KILL","is_daily":false,"chose_seed":false,"campfire_upgraded":2,"win_rate":0.0,"timestamp":1613877846,"path_taken":["M","M","$","?","?","R","E","M","T","E","R","E","?","M","R_BF","BOSS","M","$","M","?","$","E"],"items_purchased_type":["Card","Card","Relic"],"build_version":"2020-12-22","purchased_purges":1,"victory":false,"max_hp_per_floor":[75,75,75,75,75,75,75,75,75,75,75,75,75,75,75,75,75,75,75,75,75,75,75,75],"relic_stats":{"counters":[11,49],"Astrolabe":[],"MealTicket":10,"Boot":[9],"obtain_stats":[{"NeowsBlessing":0,"Astrolabe":17,"Ring of Peace":21,"MealTicket":10,"Replay:Bottled Flurry":9,"Frozen Egg 2":12,"Replay:Antivirus Software":22,"Cracked Core":0,"Boot":5,"Ancient Tea Set":7},{"NeowsBlessing":0,"Astrolabe":8,"Ring of Peace":10,"MealTicket":5,"Replay:Bottled Flurry":4,"Frozen Egg 2":6,"Replay:Antivirus Software":10,"Cracked Core":0,"Boot":2,"Ancient Tea Set":3},{"NeowsBlessing":0,"Astrolabe":35,"Ring of Peace":43,"MealTicket":15,"Replay:Bottled Flurry":7,"Frozen Egg 2":19,"Replay:Antivirus Software":43,"Cracked Core":0,"Boot":2,"Ancient Tea Set":3}]},"card_choices":[{"not_picked":["Go for the Eyes","Sweeping Beam"],"picked":"Panic Button","floor":1},{"not_picked":["Beam Cell","Melter"],"picked":"BasicCrystalCard","floor":2},{"not_picked":["Reprogram","Compile Driver"],"picked":"Chill","floor":7},{"not_picked":["Hologram","Recycle"],"picked":"Conserve Battery","floor":8},{"not_picked":["Melter","Go for the Eyes"],"picked":"Ball Lightning","floor":10},{"not_picked":["BasicCrystalCard","Fusion"],"picked":"Reboot","floor":12},{"not_picked":["BasicCrystalCard","Fusion"],"picked":"Coolheaded","floor":14},{"not_picked":["Fission","Reboot"],"picked":"Rainbow","floor":16},{"not_picked":["Ball Lightning","Recycle"],"picked":"Loop+1","floor":18},{"not_picked":["Time Bomb","ReplaySort"],"picked":"Cold Snap","floor":20}],"player_experience":265731,"relics_obtained":[{"floor":7,"key":"Ancient Tea Set"},{"floor":9,"key":"Replay:Bottled Flurry"},{"floor":10,"key":"MealTicket"},{"floor":12,"key":"Frozen Egg 2"},{"floor":21,"key":"Ring of Peace"}],"event_choices":[{"damage_healed":0,"gold_gain":0,"player_choice":"Success","damage_taken":7,"relics_obtained":["Boot"],"max_hp_gain":0,"max_hp_loss":0,"event_name":"Scrap Ooze","floor":5,"gold_loss":0},{"cards_removed":["Strike_B"],"damage_healed":0,"gold_gain":0,"player_choice":"Card Removal","damage_taken":0,"max_hp_gain":0,"max_hp_loss":0,"event_name":"The Cleric","floor":13,"gold_loss":50}],"is_beta":false,"boss_relics":[{"not_picked":["Pandora\u0027s Box","Honey Jar"],"picked":"Astrolabe"}],"items_purged_floors":[19],"is_endless":false,"potions_floor_spawned":[2,7,10,12,14,20],"killed_by":"Gremlin Leader","ascension_level":3}}