{"host":"lrlpjk0euiz9m2wl","time":1613919124,"event":{"mods":["AchievementEnabler","BaseMod","BetterRewards","Minty Spire (QoL Compilation)","StSLib"],"gold_per_floor":[109,128,78,91,105,139,139,171,171,189,209,229,229,245,245,342,342,352,96,115,130,144,177,205,205,231,249,298,310,342,371,383,500,512,542,554,566,596,238,238,273,288,339,189,221,76,102,116,116,116,116,116,116,150,150],"floor_reached":56,"language":"ENG","playtime":3727,"items_purged":["Strike_R","Defend_R","Seeing Red","Good Instincts"],"score":1598,"play_id":"781f4124-c72a-413e-836b-9254b03efaf5","local_time":"20210221155204","is_ascension_mode":false,"campfire_choices":[{"data":"Inflame","floor":7,"key":"SMITH"},{"data":"Heavy Blade","floor":13,"key":"SMITH"},{"floor":15,"key":"RECALL"},{"floor":32,"key":"REST"}],"circlet_count":0,"master_deck":["Strike_R+1","Strike_R+1","Strike_R+1","Defend_R+1","Defend_R+1","Defend_R+1","Bash","Shrug It Off","Body Slam","Inflame+1","Good Instincts+1","Heavy Blade+1","Perfected Strike","Reaper","Shockwave","Twin Strike","Inflame","Flame Barrier","Pommel Strike","Rampage","Feed","Double Tap+1","Pommel Strike","Limit Break","Inflame+1","Heavy Blade","Perfected Strike+1","Offering","Madness","Madness","Heavy Blade+1","Pommel Strike","Inflame+1","Demon Form"],"relics":["Burning Blood","Thread and Needle","Lantern","OrangePellets","Vajra","Centennial Puzzle","Orichalcum","Fusion Hammer","White Beast Statue","Red Mask","Oddly Smooth Stone","MawBank","Coffee Dripper","Bronze Scales","Bottled Tornado","War Paint","Strawberry","TungstenRod","Pen Nib","Mango","Eternal Feather"],"acts_visited":["Exordium","TheCity","TheBeyond","TheEnding"],"potions_floor_usage":[48,55,55],"damage_taken":[{"damage":0,"enemies":"Jaw Worm","floor":1,"turns":4},{"damage":0,"enemies":"2 Louse","floor":2,"turns":2},{"damage":0,"enemies":"Small Slimes","floor":4,"turns":2},{"damage":8,"enemies":"Blue Slaver","floor":5,"turns":6},{"damage":38,"enemies":"Lagavulin","floor":6,"turns":11},{"damage":1,"enemies":"Gremlin Nob","floor":8,"turns":4},{"damage":0,"enemies":"Large Slime","floor":10,"turns":3},{"damage":0,"enemies":"Exordium Wildlife","floor":11,"turns":2},{"damage":0,"enemies":"2 Fungi Beasts","floor":12,"turns":3},{"damage":0,"enemies":"Looter","floor":14,"turns":2},{"damage":11,"enemies":"Slime Boss","floor":16,"turns":8},{"damage":10,"enemies":"Spheric Guardian","floor":18,"turns":4},{"damage":4,"enemies":"2 Thieves","floor":20,"turns":3},{"damage":2,"enemies":"3 Cultists","floor":21,"turns":4},{"damage":11,"enemies":"Sentry and Sphere","floor":22,"turns":5},{"damage":9,"enemies":"Book of Stabbing","floor":23,"turns":4},{"damage":0,"enemies":"Masked Bandits","floor":24,"turns":3},{"damage":5,"enemies":"Snake Plant","floor":27,"turns":2},{"damage":6,"enemies":"Shelled Parasite and Fungi","floor":30,"turns":5},{"damage":6,"enemies":"Centurion and Healer","floor":31,"turns":10},{"damage":80,"enemies":"Automaton","floor":33,"turns":8},{"damage":0,"enemies":"3 Shapes","floor":35,"turns":2},{"damage":6,"enemies":"3 Darklings","floor":38,"turns":3},{"damage":23,"enemies":"Nemesis","floor":41,"turns":3},{"damage":0,"enemies":"Sphere and 2 Shapes","floor":42,"turns":3},{"damage":6,"enemies":"Giant Head","floor":45,"turns":4},{"damage":24,"enemies":"Reptomancer","floor":47,"turns":3},{"damage":11,"enemies":"Maw","floor":48,"turns":3},{"damage":59,"enemies":"Awakened One","floor":50,"turns":7},{"damage":33,"enemies":"Shield and Spear","floor":54,"turns":4},{"damage":114,"enemies":"The Heart","floor":55,"turns":8}],"seed_played":"-2373977631101521323","potions_obtained":[{"floor":1,"key":"Weak Potion"},{"floor":6,"key":"Strength Potion"},{"floor":8,"key":"Strength Potion"},{"floor":23,"key":"Energy Potion"},{"floor":27,"key":"EssenceOfSteel"},{"floor":33,"key":"SpeedPotion"},{"floor":35,"key":"SteroidPotion"},{"floor":41,"key":"SneckoOil"},{"floor":48,"key":"Fruit Juice"}],"is_trial":false,"path_per_floor":["M","M","?","M","M","E","R","E","T","M","M","M","R","M","R","B",null,"M","$","M","M","M","E","?","?","T","M","T","?","M","M","R","B",null,"M","?","?","M","$","R","E","M","T","$","E","$","E","M","R","B",null,"R","$","E","B",null],"character_chosen":"IRONCLAD","items_purchased":["Shrug It Off","Body Slam","Good Instincts","Lantern","OrangePellets","Inflame","Limit Break","Bottled Tornado","Pen Nib"],"campfire_rested":1,"item_purchase_floors":[0,0,0,0,0,0,19,39,46],"current_hp_per_floor":[80,80,80,80,80,53,53,70,70,80,80,80,80,80,80,78,83,82,82,86,89,92,89,92,92,92,95,95,95,98,101,101,30,104,104,91,91,94,94,94,85,91,98,98,114,114,110,110,110,84,133,133,133,109,16],"gold":150,"neow_bonus":"","is_daily":false,"chose_seed":false,"campfire_upgraded":2,"win_rate":0.0,"timestamp":1613919124,"path_taken":["M","M","?","M","M","E","R","E","T","M","M","M","R","M","R","BOSS","M","$","M","M","M","E","?","?","T","M","?","?","?","M","R","BOSS","M","?","?","?","$","R","E","M","T","$","E","$","E","M","R","BOSS","R","$","E","BOSS"],"items_purchased_type":["Card","Card","Card","Relic","Relic","Card","Card","Relic","Relic"],"build_version":"2020-12-22","purchased_purges":4,"victory":true,"max_hp_per_floor":[80,80,80,80,80,80,80,80,80,80,80,80,80,80,80,83,83,86,86,86,89,92,92,92,92,92,95,95,95,98,101,101,104,104,104,104,104,107,107,107,107,107,114,114,114,114,128,133,133,133,133,133,133,136,136],"card_choices":[{"not_picked":["Hemokinesis","Bloodletting"],"picked":"Heavy Blade","floor":1},{"not_picked":["Sever Soul","Power Through"],"picked":"Perfected Strike","floor":2},{"not_picked":["Thunderclap","Pummel"],"picked":"Reaper","floor":4},{"not_picked":["Anger","Dark Embrace"],"picked":"Shockwave","floor":5},{"not_picked":["Dropkick","Heavy Blade"],"picked":"Twin Strike","floor":6},{"not_picked":["Pommel Strike","Bloodletting"],"picked":"Inflame","floor":8},{"not_picked":["Reckless Charge","Burning Pact"],"picked":"Flame Barrier","floor":10},{"not_picked":["Power Through","Clothesline"],"picked":"Pommel Strike","floor":11},{"not_picked":["Flex","Blood for Blood"],"picked":"Rampage","floor":12},{"not_picked":["Headbutt","Shrug It Off"],"picked":"Feed","floor":14},{"not_picked":["Immolate","Reaper"],"picked":"Double Tap","floor":16},{"not_picked":["True Grit","Armaments"],"picked":"Pommel Strike","floor":18},{"not_picked":["Ghostly Armor","Body Slam","Havoc+1"],"picked":"SKIP","floor":20},{"not_picked":["Shrug It Off","Thunderclap"],"picked":"Inflame+1","floor":21},{"not_picked":["Shrug It Off","Hemokinesis","Thunderclap+1"],"picked":"SKIP","floor":22},{"not_picked":["Uppercut","Flame Barrier"],"picked":"Heavy Blade","floor":23},{"not_picked":["Exhume","Thunderclap"],"picked":"Seeing Red","floor":24},{"not_picked":["Disarm","Shrug It Off","Heavy Blade"],"picked":"SKIP","floor":27},{"not_picked":["Dropkick","Combust"],"picked":"Perfected Strike+1","floor":30},{"not_picked":["Sword Boomerang","Blood for Blood","Anger"],"picked":"SKIP","floor":31},{"not_picked":["Corruption","Bludgeon"],"picked":"Offering","floor":33},{"not_picked":["Anger+1","Rampage","Shrug It Off+1"],"picked":"SKIP","floor":35},{"not_picked":["Dark Embrace+1","Power Through"],"picked":"Heavy Blade+1","floor":38},{"not_picked":["Cleave+1","Feel No Pain"],"picked":"Pommel Strike","floor":41},{"not_picked":["Rage","Sever Soul","Blood for Blood"],"picked":"SKIP","floor":42},{"not_picked":["Reaper","Evolve+1","Anger+1"],"picked":"SKIP","floor":45},{"not_picked":["Clash","Burning Pact+1","Headbutt"],"picked":"SKIP","floor":47},{"not_picked":["Combust+1","Dark Embrace"],"picked":"Inflame+1","floor":48},{"not_picked":["Pummel","Perfected Strike+1"],"picked":"Demon Form","floor":54}],"player_experience":110699,"relics_obtained":[{"floor":6,"key":"Vajra"},{"floor":8,"key":"Centennial Puzzle"},{"floor":9,"key":"Orichalcum"},{"floor":23,"key":"White Beast Statue"},{"floor":24,"key":"Red Mask"},{"floor":28,"key":"MawBank"},{"floor":37,"key":"Bronze Scales"},{"floor":41,"key":"War Paint"},{"floor":43,"key":"Strawberry"},{"floor":45,"key":"TungstenRod"},{"floor":47,"key":"Mango"},{"floor":54,"key":"Eternal Feather"}],"event_choices":[{"cards_removed":["Strike_R"],"damage_healed":0,"gold_gain":0,"player_choice":"Card Removal","damage_taken":0,"max_hp_gain":0,"max_hp_loss":0,"event_name":"The Cleric","floor":3,"gold_loss":50},{"damage_healed":0,"gold_gain":0,"player_choice":"Fought Bandits","damage_taken":0,"max_hp_gain":0,"max_hp_loss":0,"event_name":"Masked Bandits","floor":24,"gold_loss":0},{"damage_healed":0,"gold_gain":0,"player_choice":"Opened","damage_taken":0,"relics_obtained":["Oddly Smooth Stone"],"max_hp_gain":0,"max_hp_loss":0,"event_name":"The Mausoleum","floor":25,"gold_loss":0},{"damage_healed":0,"gold_gain":0,"player_choice":"Simplicity","damage_taken":0,"max_hp_gain":0,"max_hp_loss":0,"event_name":"Back to Basics","floor":29,"gold_loss":0,"cards_upgraded":["Strike_R","Strike_R","Strike_R","Defend_R","Defend_R","Defend_R"]},{"damage_healed":0,"gold_gain":0,"player_choice":"Embrace Madness","damage_taken":13,"max_hp_gain":0,"max_hp_loss":0,"event_name":"Winding Halls","floor":36,"gold_loss":0,"cards_obtained":["Madness","Madness"]},{"damage_healed":0,"gold_gain":0,"player_choice":"Relic","damage_taken":0,"max_hp_gain":0,"max_hp_loss":0,"event_name":"Wheel of Change","floor":37,"gold_loss":0}],"is_beta":false,"boss_relics":[{"not_picked":["SacredBark","Runic Cube"],"picked":"Fusion Hammer"},{"not_picked":["Black Star","Black Blood"],"picked":"Coffee Dripper"}],"items_purged_floors":[0,19,39,44],"is_endless":false,"potions_floor_spawned":[1,6,8,11,12,18,21,23,24,27,30,31,33,35,38,41,42,45,47,48,54],"ascension_level":0}}