{"host":"4i5my69dv6e41930","time":1613890019,"event":{"mods":["AchievementEnabler","BaseMod","Minty Spire (QoL Compilation)","Relic Stats"],"gold_per_floor":[117,4,4,24,24,51,63,63,109,109,123,143,143,176,176,250,250,260,100,131,141,141,141,152,181,261,290,308,318,318,334,334,411,411,429,274,496,508,524,554,565,579,579,454,454,465,465,41,41,41,41,41,41,41,71,71,71],"floor_reached":56,"language":"ENG","playtime":6723,"items_purged":["Masterful Stab+1","Dagger Throw","Normality","Poisoned Stab"],"score":1958,"play_id":"789ea9a4-d14e-4c6c-b8fc-c970799d674f","local_time":"20210221014659","is_ascension_mode":true,"campfire_choices":[{"data":"Neutralize","floor":8.0,"key":"SMITH"},{"data":"Dagger Spray","floor":10.0,"key":"SMITH"},{"data":"Blade Dance","floor":15.0,"key":"SMITH"},{"data":"Deadly Poison","floor":23.0,"key":"SMITH"},{"floor":30.0,"key":"REST"},{"data":"Footwork","floor":32.0,"key":"SMITH"},{"data":"Noxious Fumes","floor":45.0,"key":"SMITH"},{"floor":49.0,"key":"RECALL"},{"data":"Survivor","floor":53.0,"key":"SMITH"}],"circlet_count":0,"master_deck":["AscendersBane","Defend_G","Defend_G","Defend_G","Defend_G","Defend_G","Survivor+1","Neutralize+1","Footwork+1","Backflip","Die Die Die","Dagger Spray+1","Blade Dance+1","Deadly Poison+1","Leg Sweep","Wraith Form v2+1","Noxious Fumes+1","Deflect+1","PiercingWail+1","Burst","Backflip","Well Laid Plans+1","Corpse Explosion","Noxious Fumes+1","Backflip","PiercingWail","Burst","PiercingWail+1","Wraith Form v2+1","Backflip+1"],"relics":["Ring of the Snake","NeowsBlessing","PreservedInsect","Toy Ornithopter","Bottled Flame","Astrolabe","Red Mask","Lantern","Pear","Matryoshka","Cursed Key","Incense Burner","Potion Belt","DollysMirror","Art of War"],"acts_visited":["Exordium","TheCity","TheBeyond","TheEnding"],"potions_floor_usage":[56,56,56],"damage_taken":[{"damage":0.0,"enemies":"Small Slimes","floor":1.0,"turns":1.0},{"damage":0.0,"enemies":"2 Louse","floor":4.0,"turns":1.0},{"damage":0.0,"enemies":"3 Sentries","floor":6.0,"turns":1.0},{"damage":4.0,"enemies":"Cultist","floor":7.0,"turns":3.0},{"damage":3.0,"enemies":"Large Slime","floor":11.0,"turns":7.0},{"damage":0.0,"enemies":"Looter","floor":12.0,"turns":3.0},{"damage":2.0,"enemies":"Gremlin Nob","floor":14.0,"turns":3.0},{"damage":29.0,"enemies":"Slime Boss","floor":16.0,"turns":9.0},{"damage":1.0,"enemies":"Chosen","floor":18.0,"turns":5.0},{"damage":22.0,"enemies":"Masked Bandits","floor":20.0,"turns":4.0},{"damage":1.0,"enemies":"Spheric Guardian","floor":21.0,"turns":6.0},{"damage":13.0,"enemies":"3 Cultists","floor":24.0,"turns":5.0},{"damage":14.0,"enemies":"Book of Stabbing","floor":25.0,"turns":6.0},{"damage":11.0,"enemies":"Gremlin Leader","floor":27.0,"turns":7.0},{"damage":8.0,"enemies":"Sentry and Sphere","floor":28.0,"turns":7.0},{"damage":11.0,"enemies":"Snake Plant","floor":29.0,"turns":5.0},{"damage":0.0,"enemies":"Centurion and Healer","floor":31.0,"turns":6.0},{"damage":10.0,"enemies":"Automaton","floor":33.0,"turns":9.0},{"damage":0.0,"enemies":"Orb Walker","floor":35.0,"turns":5.0},{"damage":0.0,"enemies":"3 Shapes","floor":38.0,"turns":2.0},{"damage":0.0,"enemies":"Sphere and 2 Shapes","floor":39.0,"turns":4.0},{"damage":15.0,"enemies":"Nemesis","floor":40.0,"turns":9.0},{"damage":12.0,"enemies":"4 Shapes","floor":41.0,"turns":5.0},{"damage":15.0,"enemies":"Transient","floor":42.0,"turns":6.0},{"damage":0.0,"enemies":"Sphere and 2 Shapes","floor":46.0,"turns":3.0},{"damage":8.0,"enemies":"Donu and Deca","floor":50.0,"turns":9.0},{"damage":20.0,"enemies":"Time Eater","floor":51.0,"turns":19.0},{"damage":14.0,"enemies":"Shield and Spear","floor":55.0,"turns":7.0},{"damage":72,"enemies":"The Heart","floor":56,"turns":10}],"seed_played":"-5312581650727308312","potions_obtained":[{"floor":6.0,"key":"EntropicBrew"},{"floor":14.0,"key":"SkillPotion"},{"floor":21.0,"key":"SkillPotion"},{"floor":25.0,"key":"LiquidBronze"},{"floor":27.0,"key":"SpeedPotion"},{"floor":35.0,"key":"SpeedPotion"},{"floor":40.0,"key":"Fruit Juice"},{"floor":42.0,"key":"ColorlessPotion"},{"floor":55.0,"key":"Dexterity Potion"}],"is_trial":false,"path_per_floor":["M","$","?","M","?","E","M","R","T","R","M","M","?","E","R","B",null,"M","$","?","M","?","R","M","E","T","E","M","M","R","M","R","B",null,"M","$","?","M","M","E","M","M","T","$","R","M","?","$","R","B","B",null,"R","$","E","B"],"character_chosen":"THE_SILENT","items_purchased":["Footwork","Poisoned Stab","DuplicationPotion","SkillPotion","DollysMirror","Swift Potion","SpeedPotion"],"campfire_rested":1,"item_purchase_floors":[2,2,19,36,48,48,48],"current_hp_per_floor":[59,59,64,64,64,64,60,60,60,60,57,57,50,48,48,24,59,58,58,51,50,50,50,37,28,38,27,24,18,42,42,42,32,69,69,69,69,69,69,59,47,47,47,47,47,47,47,47,47,39,24,71,71,71,57,0,0],"gold":71,"neow_bonus":"THREE_ENEMY_KILL","is_daily":false,"chose_seed":false,"campfire_upgraded":7,"win_rate":0.0,"timestamp":1613890019,"path_taken":["M","$","?","M","?","E","M","R","T","R","M","?","?","E","R","BOSS","M","$","?","M","?","R","?","E","T","E","M","M","R","M","R","BOSS","M","$","?","M","M","E","M","M","T","$","R","M","?","$","R","BOSS","BOSS","R","$","E","BOSS"],"items_purchased_type":["Card","Card","Potion","Potion","Relic","Potion","Potion"],"build_version":"2020-12-22","purchased_purges":4,"victory":false,"max_hp_per_floor":[66,66,71,71,71,71,71,71,71,71,71,71,71,71,71,71,71,71,71,71,71,71,71,71,71,81,81,81,81,81,81,81,81,81,81,81,81,81,81,81,81,86,86,86,86,86,86,86,86,86,86,86,86,86,86,86,86],"relic_stats":{"counters":[29,167],"Astrolabe":["Masterful Stab","Noxious Fumes","Deflect"],"PreservedInsect":241,"Art of War":[5],"Cursed Key":1,"obtain_stats":[{"Potion Belt":43,"Lantern":25,"Pear":26,"NeowsBlessing":0,"Astrolabe":17,"PreservedInsect":6,"Incense Burner":40,"Cursed Key":34,"Bottled Flame":14,"Matryoshka":27,"DollysMirror":48,"Red Mask":20,"Art of War":55,"Toy Ornithopter":9,"Ring of the Snake":0},{"Potion Belt":24,"Lantern":13,"Pear":13,"NeowsBlessing":0,"Astrolabe":8,"PreservedInsect":3,"Incense Burner":22,"Cursed Key":18,"Bottled Flame":7,"Matryoshka":14,"DollysMirror":25,"Red Mask":10,"Art of War":28,"Toy Ornithopter":4,"Ring of the Snake":0},{"Potion Belt":119,"Lantern":54,"Pear":54,"NeowsBlessing":0,"Astrolabe":28,"PreservedInsect":3,"Incense Burner":108,"Cursed Key":88,"Bottled Flame":19,"Matryoshka":61,"DollysMirror":122,"Red Mask":37,"Art of War":157,"Toy Ornithopter":6,"Ring of the Snake":0}],"Toy Ornithopter":70,"Ring of the Snake":[58]},"card_choices":[{"not_picked":["PiercingWail","Backflip"],"picked":"Dagger Throw","floor":1.0},{"not_picked":["Slice","Poisoned Stab"],"picked":"Backflip","floor":4.0},{"not_picked":["Outmaneuver","Setup","Flying Knee"],"picked":"SKIP","floor":6.0},{"not_picked":["Outmaneuver","Setup","Flying Knee"],"picked":"SKIP","floor":6.0},{"not_picked":["Calculated Gamble","Dagger Throw"],"picked":"Dagger Spray","floor":7.0},{"not_picked":["Sucker Punch","Acrobatics"],"picked":"Blade Dance","floor":11.0},{"not_picked":["Dagger Spray","Poisoned Stab"],"picked":"Deadly Poison","floor":12.0},{"not_picked":["Outmaneuver","Prepared"],"picked":"Leg Sweep","floor":14.0},{"not_picked":["A Thousand Cuts","Glass Knife"],"picked":"Wraith Form v2","floor":16.0},{"not_picked":["Deadly Poison","Dagger Throw"],"picked":"PiercingWail+1","floor":18.0},{"not_picked":["Acrobatics","Riddle With Holes+1"],"picked":"Burst","floor":20.0},{"not_picked":["Sucker Punch","Dodge and Roll"],"picked":"Backflip","floor":21.0},{"not_picked":["Sucker Punch","Escape Plan"],"picked":"Well Laid Plans+1","floor":24.0},{"not_picked":["Backstab+1","Blade Dance"],"picked":"Corpse Explosion","floor":25.0},{"not_picked":["Dagger Spray","Well Laid Plans","Slice"],"picked":"SKIP","floor":27.0},{"not_picked":["Backflip","Accuracy+1"],"picked":"Noxious Fumes","floor":28.0},{"not_picked":["Outmaneuver","Eviscerate"],"picked":"Backflip","floor":29.0},{"not_picked":["Concentrate","Reflex"],"picked":"PiercingWail","floor":31.0},{"not_picked":["Envenom","Glass Knife"],"picked":"Burst","floor":33.0},{"not_picked":["Reflex","Slice","Dagger Spray"],"picked":"SKIP","floor":35.0},{"not_picked":["Dagger Throw","Underhanded Strike+1","Infinite Blades+1"],"picked":"SKIP","floor":38.0},{"not_picked":["Prepared","Dagger Throw","Underhanded Strike"],"picked":"SKIP","floor":39.0},{"not_picked":["Skewer","Quick Slash+1","Phantasmal Killer"],"picked":"SKIP","floor":40.0},{"not_picked":["Sucker Punch","Noxious Fumes","Skewer+1"],"picked":"SKIP","floor":41.0},{"not_picked":["Sucker Punch","Noxious Fumes","Skewer+1"],"picked":"SKIP","floor":41.0},{"not_picked":["Flechettes","Deflect"],"picked":"PiercingWail+1","floor":42.0},{"not_picked":["Poisoned Stab+1","Choke+1","Skewer+1"],"picked":"SKIP","floor":46.0},{"not_picked":["Finisher","Masterful Stab+1"],"picked":"Backflip+1","floor":55.0}],"player_experience":88359,"relics_obtained":[{"floor":6.0,"key":"PreservedInsect"},{"floor":9.0,"key":"Toy Ornithopter"},{"floor":14.0,"key":"Bottled Flame"},{"floor":20.0,"key":"Red Mask"},{"floor":25.0,"key":"Lantern"},{"floor":26.0,"key":"Pear"},{"floor":27.0,"key":"Matryoshka"},{"floor":40.0,"key":"Incense Burner"},{"floor":43.0,"key":"Potion Belt"},{"floor":55.0,"key":"Art of War"}],"event_choices":[{"damage_healed":0.0,"max_hp_gain":5.0,"max_hp_loss":0.0,"gold_gain":0.0,"event_name":"Big Fish","player_choice":"Donut","floor":3.0,"gold_loss":0.0,"damage_taken":0.0},{"damage_healed":0.0,"max_hp_gain":0.0,"max_hp_loss":0.0,"gold_gain":0.0,"cards_transformed":["Strike_G"],"event_name":"Transmorgrifier","player_choice":"Transformed","floor":5.0,"gold_loss":0.0,"damage_taken":0.0,"cards_obtained":["Die Die Die"]},{"cards_removed":["Strike_G"],"damage_healed":0.0,"max_hp_gain":0.0,"max_hp_loss":0.0,"gold_gain":0.0,"event_name":"Golden Wing","player_choice":"Card Removal","floor":13.0,"gold_loss":0.0,"damage_taken":7.0},{"damage_healed":0.0,"max_hp_gain":0.0,"max_hp_loss":0.0,"gold_gain":0.0,"event_name":"Masked Bandits","player_choice":"Fought Bandits","floor":20.0,"gold_loss":0.0,"damage_taken":0.0},{"damage_healed":0.0,"max_hp_gain":0.0,"max_hp_loss":0.0,"gold_gain":0.0,"event_name":"Upgrade Shrine","player_choice":"Upgraded","floor":22.0,"gold_loss":0.0,"damage_taken":0.0,"cards_upgraded":["Wraith Form v2"]},{"damage_healed":0.0,"max_hp_gain":0.0,"max_hp_loss":0.0,"gold_gain":222.0,"event_name":"Tomb of Lord Red Mask","player_choice":"Wore Mask","floor":37.0,"gold_loss":0.0,"damage_taken":0.0},{"damage_healed":0.0,"max_hp_gain":0.0,"max_hp_loss":0.0,"gold_gain":0.0,"event_name":"SecretPortal","player_choice":"Ignored","floor":47.0,"gold_loss":0.0,"damage_taken":0.0}],"is_beta":false,"boss_relics":[{"not_picked":["Runic Dome","Velvet Choker"],"picked":"Astrolabe"},{"not_picked":["WristBlade","Fusion Hammer"],"picked":"Cursed Key"}],"items_purged_floors":[19,36,44,48],"is_endless":false,"potions_floor_spawned":[6,14,21,25,27,35,40,42,55],"killed_by":"The Heart","ascension_level":20}}