{"host":"w97dq1whmpm6b2tc","time":1613942846,"event":{"mods":["BaseMod","Challenge The Spire","Downfall","Minty Spire (QoL Compilation)","StSLib"],"gold_per_floor":[99,119,28,40,56,41,66,91,1,0,14,14,14,47,65,162,162,162,162,182,202,202,234,234,139,39,70,82,113,13,26,36,133,133,133,156,172,183,201,201,224,243,274,291,320,220,230,245,264,264,264,293,57,57,57,57],"floor_reached":57,"language":"ENG","playtime":10302,"items_purged":["champ:Defend","champ:Defend","champ:Strike","champ:Defend"],"score":1622,"play_id":"99fc5724-d16d-4a56-bca7-f875d2414392","local_time":"20210221232726","is_ascension_mode":true,"campfire_choices":[{"data":"champ:Taunt","floor":1,"key":"SMITH"},{"floor":13,"key":"REST"},{"floor":18,"key":"RECALL"},{"data":"champ:ShieldSlam","floor":26,"key":"SMITH"},{"data":"champ:BerserkersShout","floor":30,"key":"SMITH"},{"data":"champ:RapidStrikes","floor":35,"key":"SMITH"},{"data":"champ:Improvising","floor":46,"key":"SMITH"},{"data":"champ:AdrenalArmor","floor":54,"key":"SMITH"}],"circlet_count":0,"master_deck":["champ:Strike","champ:Strike","champ:Strike","champ:Defend","champ:Execute","champ:Taunt+1","champ:RapidStrikes+1","champ:AdrenalArmor","champ:ShieldSlam+1","champ:BerserkersShout+1","champ:MurderStrike","champ:AdrenalArmor+1","champ:AdrenalArmor+1","champ:BerserkersShout+1","champ:BerserkersShout+1","champ:Improvising+1","champ:DancingMaster","champ:EnchantShield+1","champ:BringItOn+1","champ:RageSigil+1","champ:RageSigil+1"],"relics":["champ:ChampionCrown","champ:DeflectingBracers","Centennial Puzzle","Toxic Egg 2","The Courier","Busted Crown","champ:GladiatorsBookOfMartialProwess","Strawberry","Kunai","downfall:HeartBlessingRed","Calipers","Potion Belt","downfall:HeartBlessingGreen","Runic Pyramid","TungstenRod","Guardian:PocketSentry","Bottled Tornado","Mummified Hand","downfall:HeartBlessingBlue","Bottled Lightning","HandDrill"],"acts_visited":["Exordium","TheCity","TheBeyond","TheEnding"],"potions_floor_usage":[9,16,16,23,39,55,56,56,56],"damage_taken":[{"damage":27,"enemies":"Cultist","floor":2,"turns":4},{"damage":10,"enemies":"downfall:FleeingMerchant","floor":3,"turns":4},{"damage":26,"enemies":"Jaw Worm","floor":4,"turns":4},{"damage":10,"enemies":"2 Louse","floor":5,"turns":2},{"damage":60,"enemies":"downfall:FleeingMerchant","floor":6,"turns":4},{"damage":67,"enemies":"Gremlin Nob","floor":8,"turns":4},{"damage":22,"enemies":"downfall:FleeingMerchant","floor":9,"turns":4},{"damage":38,"enemies":"downfall:FleeingMerchant","floor":10,"turns":4},{"damage":29,"enemies":"2 Fungi Beasts","floor":11,"turns":3},{"damage":52,"enemies":"Lagavulin","floor":14,"turns":5},{"damage":31,"enemies":"Blue Slaver","floor":15,"turns":3},{"damage":91,"enemies":"DF_ARCHETYPE_STREAMLINE","floor":16,"turns":6},{"damage":73,"enemies":"3 Byrds","floor":20,"turns":5},{"damage":65,"enemies":"Spheric Guardian","floor":21,"turns":3},{"damage":106,"enemies":"Slavers","floor":23,"turns":5},{"damage":90,"enemies":"downfall:FleeingMerchant","floor":25,"turns":4},{"damage":65,"enemies":"Gremlin Leader","floor":27,"turns":2},{"damage":88,"enemies":"3 Cultists","floor":28,"turns":4},{"damage":65,"enemies":"Slavers","floor":29,"turns":5},{"damage":69,"enemies":"Centurion and Healer","floor":31,"turns":4},{"damage":75,"enemies":"Snake Plant","floor":32,"turns":4},{"damage":160,"enemies":"IC_MUSHROOM_ARCHETYPE","floor":33,"turns":6},{"damage":90,"enemies":"3 Darklings","floor":37,"turns":4},{"damage":70,"enemies":"downfall:FleeingMerchant","floor":38,"turns":3},{"damage":98,"enemies":"3 Shapes","floor":39,"turns":4},{"damage":77,"enemies":"Sphere and 2 Shapes","floor":42,"turns":3},{"damage":116,"enemies":"Reptomancer","floor":43,"turns":4},{"damage":69,"enemies":"Spire Growth","floor":44,"turns":3},{"damage":69,"enemies":"Nemesis","floor":45,"turns":3},{"damage":121,"enemies":"Transient","floor":47,"turns":5},{"damage":85,"enemies":"3 Darklings","floor":48,"turns":4},{"damage":102,"enemies":"Maw","floor":49,"turns":5},{"damage":189,"enemies":"WA_ARCHETYPE_DIVINITY","floor":50,"turns":8},{"damage":166,"enemies":"downfall:CharBossMerchant","floor":52,"turns":6},{"damage":199,"enemies":"downfall:NeowBoss","floor":55,"turns":8},{"damage":224,"enemies":"downfall:NeowBossFinal","floor":56,"turns":7}],"seed_played":"3884217675537310278","potions_obtained":[{"floor":8,"key":"sneckomod:MuddlingPotion"},{"floor":11,"key":"Block Potion"},{"floor":14,"key":"DistilledChaos"},{"floor":16,"key":"champ:CounterPotion"},{"floor":22,"key":"CultistPotion"},{"floor":27,"key":"champ:TechniquePotion"},{"floor":28,"key":"Energy Potion"},{"floor":31,"key":"LiquidBronze"},{"floor":33,"key":"SkillPotion"},{"floor":44,"key":"LiquidBronze"},{"floor":48,"key":"LiquidBronze"}],"is_trial":false,"path_per_floor":["R","M","$","M","M","$","T","E","$","$","M","?","R","E","M","B",null,"R","?","M","M","?","E","T","$","R","E","M","E","R","M","M","B",null,"R","?","M","$","M","?","T","M","E","M","E","R","M","M","M","B",null,"E","$","R","B","B",null],"character_chosen":"THE_CHAMP","items_purchased":["champ:ShieldSlam","TungstenRod","HandDrill"],"campfire_rested":1,"item_purchase_floors":[3,38,53],"current_hp_per_floor":[63,56,56,55,55,45,45,23,20,19,13,13,40,32,32,32,90,90,90,87,87,87,83,83,68,68,68,65,50,50,50,50,50,97,97,97,97,97,97,97,97,97,87,97,97,107,107,107,107,107,107,107,107,107,107,46],"gold":57,"neow_bonus":"ONE_RARE_RELIC","is_daily":false,"chose_seed":false,"campfire_upgraded":6,"win_rate":0.0,"timestamp":1613942846,"path_taken":["R","M","?","M","M","?","T","E","?","$","M","?","R","E","M","BOSS","R","?","M","M","?","E","T","?","R","E","?","E","R","M","M","BOSS","R","?","M","$","M","?","T","M","E","?","E","R","?","M","M","BOSS","E","$","R","BOSS","BOSS"],"items_purchased_type":["Card","Relic","Relic"],"build_version":"2020-12-22","purchased_purges":4,"victory":true,"max_hp_per_floor":[90,90,90,90,90,90,90,90,90,90,90,90,90,90,90,90,90,90,90,90,90,90,97,97,97,97,97,97,97,97,97,97,97,97,97,97,97,97,97,97,97,97,97,97,97,107,107,107,107,107,107,107,107,107,107,107],"card_choices":[{"not_picked":["champ:Backstep","champ:CrownThrow"],"picked":"champ:RapidStrikes","floor":2},{"not_picked":["champ:BringItOn","champ:FanOfKnives"],"picked":"champ:AdrenalArmor","floor":3},{"not_picked":["champ:FlashCut","champ:TornadoPunch"],"picked":"champ:BerserkersShout","floor":4},{"not_picked":["champ:PerfectedStrike","champ:FaceSlap"],"picked":"champ:MurderStrike","floor":5},{"not_picked":["champ:EnGarde","champ:TornadoPunch"],"picked":"champ:AdrenalArmor","floor":6},{"not_picked":["champ:IgnorePain+1","champ:Circumvent+1"],"picked":"champ:AdrenalArmor+1","floor":8},{"not_picked":["champ:ShieldWall","champ:DefensiveShout+1"],"picked":"champ:BerserkersShout+1","floor":9},{"not_picked":["champ:GutPunch","champ:Backstep+1","champ:Parry+1"],"picked":"SKIP","floor":10},{"not_picked":["champ:Backstep+1","champ:AdrenalArmor+1"],"picked":"champ:BerserkersShout+1","floor":11},{"not_picked":["champ:DefensiveShout+1","champ:Shatter","champ:Haymaker"],"picked":"SKIP","floor":14},{"not_picked":["champ:ArenaPreparation+1","champ:DefensiveShout+1"],"picked":"champ:Improvising","floor":15},{"not_picked":["champ:Haymaker"],"picked":"SKIP","floor":20},{"not_picked":["champ:Backstep+1"],"picked":"SKIP","floor":21},{"not_picked":["champ:PreciseThrust"],"picked":"SKIP","floor":23},{"not_picked":["champ:Shatter"],"picked":"SKIP","floor":25},{"not_picked":["champ:DefensiveStyle"],"picked":"SKIP","floor":27},{"not_picked":["champ:CrownThrow+1"],"picked":"SKIP","floor":28},{"not_picked":["champ:Encircle"],"picked":"SKIP","floor":29},{"not_picked":[],"picked":"champ:DancingMaster","floor":31},{"not_picked":["champ:FanOfKnives"],"picked":"SKIP","floor":32},{"not_picked":["champ:PreciseThrust+1"],"picked":"SKIP","floor":37},{"not_picked":["champ:Haymaker"],"picked":"SKIP","floor":38},{"not_picked":["champ:FocusedDefense+1"],"picked":"SKIP","floor":39},{"not_picked":["champ:Haymaker+1"],"picked":"SKIP","floor":42},{"not_picked":["champ:BladeFlurry+1"],"picked":"SKIP","floor":43},{"not_picked":["champ:StanceDance+1"],"picked":"SKIP","floor":44},{"not_picked":["champ:Shatter+1"],"picked":"SKIP","floor":45},{"not_picked":[],"picked":"champ:BringItOn+1","floor":47},{"not_picked":[],"picked":"champ:RageSigil+1","floor":48},{"not_picked":[],"picked":"champ:RageSigil+1","floor":49},{"not_picked":["champ:Duel+1"],"picked":"SKIP","floor":52}],"player_experience":3807410,"relics_obtained":[{"floor":7,"key":"Centennial Puzzle"},{"floor":8,"key":"Toxic Egg 2"},{"floor":14,"key":"The Courier"},{"floor":23,"key":"Strawberry"},{"floor":24,"key":"Kunai"},{"floor":27,"key":"Calipers"},{"floor":29,"key":"Potion Belt"},{"floor":41,"key":"Guardian:PocketSentry"},{"floor":43,"key":"Bottled Tornado"},{"floor":45,"key":"Mummified Hand"},{"floor":52,"key":"Bottled Lightning"}],"event_choices":[],"is_beta":false,"boss_relics":[{"not_picked":["Velvet Choker","Tiny House"],"picked":"Busted Crown"},{"not_picked":["SlaversCollar","champ:PowerArmor"],"picked":"Runic Pyramid"}],"items_purged_floors":[9,25,38,53],"is_endless":false,"potions_floor_spawned":[8,11,14,16,27,28,31,33,37,44,45,47,48],"ascension_level":1}}