{"host":"t5kis9necmbui802","time":1613882859,"event":{"mods":["100% Spire Juice","Act Like it!","BaseMod","CapriCore","Chen","Colored Powertips","Downfall","Gensokyo","Hermit","HololiveMod","Koishi","KomeijiMod","Lobotomy","LobotomyExtend","Minty Spire (QoL Compilation)","MostiFishMod","Prisma Mod","Replay The Spire","Robot Space Explorer","Shop Mod","Spicy Shops","StSLib","The Alterego","The Immortal","TheWitcher","Uncapped","Yuri Mod","Yuyuko","noobMod"],"gold_per_floor":[99,111,126,37,37,49,72,172,184,218,242,42,67,67,85,196,196,196,224,259,259,64,93,144,176,288,321,283,283,29,50,81,208,208,108,133,133,133,157,157,180,180,232,232,255,280,306,306,333,359,359,359,422,55,55,61,85],"floor_reached":58,"language":"ZHS","playtime":5029,"items_purged":["Guardian:Defend_Guardian","downfall:Malfunctioning"],"score":1363,"play_id":"65b8c3b1-fb76-4db4-9965-40498077df81","local_time":"20210221124739","is_ascension_mode":false,"campfire_choices":[{"floor":1,"key":"RECALL"},{"data":"Guardian:TwinSlam","floor":12,"key":"SMITH"},{"floor":18,"key":"DIG"},{"data":"Guardian:Repulse","floor":35,"key":"SMITH"},{"data":"expansioncontent:DashGenerateEvil","floor":40,"key":"SMITH"},{"data":"Guardian:FierceBash","floor":44,"key":"SMITH"},{"data":"Guardian:BodySlam","floor":55,"key":"SMITH"}],"circlet_count":0,"master_deck":["Guardian:Strike_Guardian","Guardian:Strike_Guardian","Guardian:Strike_Guardian","Guardian:Strike_Guardian","Guardian:Defend_Guardian","Guardian:Defend_Guardian","Guardian:CurlUp","Guardian:TwinSlam+1","Guardian:Defend_Guardian","Guardian:TimeBomb","Guardian:PrimingBeam","Guardian:EvasiveProtocol","Guardian:ConstructionForm","Guardian:TimeCapacitor","Guardian:StasisStrike","Guardian:Recover+1","Guardian:Orbwalk","Guardian:BronzeOrb+1","Guardian:AncientConstruct","Guardian:Repulse+1","Guardian:FloatingOrbs","Guardian:Harden","Guardian:ShieldCharger+1","Guardian:DecasProtection+1","Guardian:ChargeCore","Guardian:GuardianWhirl","Guardian:RevengeProtocol","PanicButton","Guardian:RollAttack+1","Guardian:PiercingHide","Guardian:Orbwalk","Guardian:Incinerate+1","Guardian:RevengeProtocol+1","Guardian:Planning","Guardian:PolyBeam","Guardian:BaubleBeam","Replay:BasicMightCard","MostiFishMod:Awakening","Doubt","Guardian:FierceBash+1","Guardian:SpikerProtocol","Guardian:SpikerProtocol","expansioncontent:DashGenerateEvil+1","Guardian:SpikerProtocol+1","Guardian:Emergency+1","Guardian:ShieldSpikes+1","Guardian:Suspension+1","Necronomicurse","Guardian:Repulse","Guardian:AncientConstruct","Guardian:Repulse+1","Guardian:ConstructionForm","Guardian:BodySlam+1","Guardian:WalkerClaw+1","Guardian:CrystalBeam+1"],"relics":["Guardian:ModeShifter","DaveBox","ice","BloodWine","LetterFromLob","SynthV:C4","Replay:Bandana","downfall:HeartBlessingRed","downfall:HeartBlessingBlue","Guardian:StasisSlotReductionRelic","Toy Ornithopter","Bag of Preparation","ReplayTheSpireMod:TigerMarble","downfall:GremlinSack","Art of War","MerchantsRug","HoshigumaDish","Pet Ghost","Necronomicon","ImprovedEquipment","Hololive_Finger","downfall:HeartBlessingGreen","Anchor","Replay:Baseball","Happy Flower","Bronze Scales","Pen Nib","Letter Opener"],"acts_visited":["Exordium","TheCity","TheBeyond","TheEnding"],"potions_floor_usage":[10,16,22,23,56,56,56],"damage_taken":[{"damage":2,"enemies":"Small Slimes","floor":2,"turns":6},{"damage":6,"enemies":"Cultist","floor":3,"turns":3},{"damage":0,"enemies":"downfall:FleeingMerchant","floor":4,"turns":4},{"damage":6,"enemies":"Jaw Worm","floor":6,"turns":4},{"damage":6,"enemies":"3 Louse","floor":9,"turns":4},{"damage":40,"enemies":"Gremlin Nob","floor":10,"turns":4},{"damage":6,"enemies":"Lots of Slimes","floor":11,"turns":3},{"damage":3,"enemies":"Red Slaver","floor":13,"turns":3},{"damage":0,"enemies":"Exordium Wildlife","floor":15,"turns":4},{"damage":94,"enemies":"IC_STATUS_ARCHETYPE","floor":16,"turns":14},{"damage":0,"enemies":"Spheric Guardian","floor":19,"turns":4},{"damage":10,"enemies":"Shell Parasite","floor":20,"turns":4},{"damage":0,"enemies":"downfall:FleeingMerchant","floor":22,"turns":4},{"damage":0,"enemies":"Snake Plant","floor":23,"turns":3},{"damage":13,"enemies":"Gremlin Leader","floor":25,"turns":6},{"damage":3,"enemies":"Gremlin Leader","floor":26,"turns":4},{"damage":0,"enemies":"Snecko","floor":27,"turns":3},{"damage":12,"enemies":"downfall:FleeingMerchant","floor":28,"turns":4},{"damage":0,"enemies":"downfall:FleeingMerchant","floor":30,"turns":3},{"damage":0,"enemies":"Sentry and Sphere","floor":31,"turns":2},{"damage":9,"enemies":"Centurion and Healer","floor":32,"turns":2},{"damage":8,"enemies":"WA_ARCHETYPE_CALM","floor":33,"turns":5},{"damage":0,"enemies":"Orb Walker","floor":36,"turns":2},{"damage":0,"enemies":"3 Shapes","floor":39,"turns":1},{"damage":0,"enemies":"Giant Head","floor":43,"turns":5},{"damage":0,"enemies":"3 Darklings","floor":45,"turns":2},{"damage":0,"enemies":"Maw","floor":46,"turns":6},{"damage":0,"enemies":"Transient","floor":47,"turns":5},{"damage":0,"enemies":"4 Shapes","floor":49,"turns":1},{"damage":11,"enemies":"SI_POISON_ARCHETYPE","floor":50,"turns":8},{"damage":0,"enemies":"downfall:CharBossMerchant","floor":53,"turns":5},{"damage":0,"enemies":"downfall:NeowBoss","floor":56,"turns":9},{"damage":62,"enemies":"downfall:NeowBossFinal","floor":57,"turns":7}],"seed_played":"-7334800596857571436","potions_obtained":[{"floor":6,"key":"Fire Potion"},{"floor":13,"key":"Fire Potion"},{"floor":15,"key":"champ:CounterPotion"},{"floor":19,"key":"FearPotion"},{"floor":25,"key":"AttackPotion"},{"floor":31,"key":"Elixir"},{"floor":32,"key":"ColorlessPotion"},{"floor":33,"key":"CultistPotion"}],"is_trial":false,"path_per_floor":["R","M","M","$","?","M","T","?","M","E","M","R","M","E","M","B",null,"R","M","M","?","$","M","T","E","?","M","$","?","$","M","M","B",null,"R","M","?","?","M","R","T","?","E","R","M","M","M","T","M","B",null,null,"E","$","R","B","B",null],"character_chosen":"GUARDIAN","items_purchased":["SynthV:C4","Guardian:FloatingOrbs","Toy Ornithopter","DiscerningMonocle","Guardian:RevengeProtocol+1","Guardian:Planning","Guardian:Gem_Purple","Guardian:PolyBeam","Guardian:BaubleBeam","Replay:BasicMightCard","MostiFishMod:Awakening","Art of War","Gremlin Food","MerchantsRug","HoshigumaDish","TakeMeEscape","Flashbang","SkillPotion","LiquidBronze","Adrenaline Potion","Pet Ghost","Guardian:SpikerProtocol","ImprovedEquipment","expansioncontent:DashGenerateEvil","Bronze Scales","Pen Nib","Letter Opener"],"campfire_rested":0,"item_purchase_floors":[4,22,22,28,28,28,28,28,28,28,28,28,28,28,28,28,28,28,28,28,28,30,30,30,54,54,54],"current_hp_per_floor":[88,88,82,82,82,88,88,88,82,51,54,64,61,61,73,18,98,98,98,88,68,68,73,73,60,57,57,45,29,38,38,29,21,103,103,103,103,103,103,103,103,103,103,103,103,103,103,103,103,92,92,103,103,103,103,103,41],"gold":85,"neow_bonus":"TEN_PERCENT_HP_BONUS","is_daily":false,"chose_seed":false,"campfire_upgraded":5,"win_rate":0.0,"timestamp":1613882859,"path_taken":["R","M","M","$","?","?","T","?","M","E","M","R","M","E","M","BOSS","R","M","M","?","$","M","T","E","?","?","?","?","$","M","M","BOSS","R","M","?","?","M","R","T","?","E","R","M","M","M","?","M","BOSS","E","$","R","BOSS","BOSS"],"items_purchased_type":["Relic","Card","Relic","Relic","Card","Card","Card","Card","Card","Card","Card","Relic","Relic","Relic","Relic","Relic","Potion","Potion","Potion","Potion","Relic","Card","Relic","Card","Relic","Relic","Relic"],"build_version":"2020-12-22","purchased_purges":2,"victory":true,"max_hp_per_floor":[88,88,88,88,88,88,88,88,88,88,88,98,98,98,98,98,98,98,98,98,103,103,103,103,103,103,103,103,103,103,103,103,103,103,103,103,103,103,103,103,103,103,103,103,103,103,103,103,103,103,103,103,103,103,103,103,103],"card_choices":[{"not_picked":["Guardian:TemporalStrike","Guardian:ShieldSpikes"],"picked":"Guardian:DonusPower","floor":2},{"not_picked":["Guardian:Preprogram","Guardian:Gem_Lightblue"],"picked":"Guardian:Gem_Yellow","floor":3},{"not_picked":["Guardian:Gem_Fragmented","Guardian:Incinerate","Guardian:Suspension"],"picked":"SKIP","floor":4},{"not_picked":["Guardian:RollAttack","Guardian:PrismaticBarrier","Guardian:Suspension"],"picked":"SKIP","floor":6},{"not_picked":["Guardian:ChargeCore","Guardian:BronzeOrb"],"picked":"Guardian:TimeBomb","floor":9},{"not_picked":["Guardian:Emergency","Guardian:BodySlam"],"picked":"Guardian:PrimingBeam","floor":10},{"not_picked":["Guardian:Planning","Guardian:ChargeCore"],"picked":"Guardian:EvasiveProtocol","floor":11},{"not_picked":["Guardian:WalkerClaw","Guardian:PrimingBeam"],"picked":"Guardian:ConstructionForm","floor":13},{"not_picked":["Guardian:TemporalStrike","Guardian:RollAttack"],"picked":"Guardian:TimeCapacitor","floor":15},{"not_picked":["Guardian:ExploitGems","Guardian:Gem_Synthetic"],"picked":"Guardian:StasisStrike","floor":16},{"not_picked":["Guardian:Gem_Yellow","Guardian:Gem_Cyan"],"picked":"Guardian:Recover+1","floor":19},{"not_picked":["Guardian:Gem_Green","Guardian:ChargeCore+1"],"picked":"Guardian:Orbwalk","floor":19},{"not_picked":["Guardian:VentSteam+1","Guardian:ShieldCharger"],"picked":"Guardian:BronzeOrb+1","floor":20},{"not_picked":["Guardian:CrystalBeam+1","Guardian:Preprogram"],"picked":"Guardian:AncientConstruct","floor":20},{"not_picked":["Guardian:ChargeCore","Guardian:Gem_White"],"picked":"Guardian:Repulse","floor":22},{"not_picked":["Guardian:VentSteam","Guardian:SentryBeam+1"],"picked":"Guardian:Harden","floor":23},{"not_picked":["Guardian:Gem_Red","Guardian:GuardianWhirl"],"picked":"Guardian:ShieldCharger+1","floor":23},{"not_picked":["Guardian:BronzeArmor+1","Guardian:CrystalBeam"],"picked":"Guardian:DecasProtection+1","floor":25},{"not_picked":["Guardian:ShieldSpikes","Guardian:Gem_Yellow"],"picked":"Guardian:RollAttack+1","floor":26},{"not_picked":["Guardian:Gem_Yellow","Guardian:Preprogram"],"picked":"Guardian:PiercingHide","floor":27},{"not_picked":["Guardian:DecasProtection+1","Guardian:Gem_Crimson"],"picked":"Guardian:Orbwalk","floor":27},{"not_picked":["Guardian:Clone","Guardian:Gem_Cyan"],"picked":"Guardian:Incinerate+1","floor":28},{"not_picked":["Guardian:PolyBeam","Guardian:Gem_Lightblue"],"picked":"Guardian:FierceBash","floor":30},{"not_picked":["Guardian:ShieldCharger","Guardian:Gem_Fragmented"],"picked":"Guardian:SpikerProtocol+1","floor":31},{"not_picked":["Guardian:GuardianWhirl","Guardian:Gem_Green","Guardian:TemporalStrike"],"picked":"SKIP","floor":31},{"not_picked":["Guardian:VentSteam","Guardian:RollAttack"],"picked":"Guardian:Emergency+1","floor":32},{"not_picked":["Guardian:TemporalShield","Guardian:ShieldSpikes","Guardian:TemporalStrike"],"picked":"SKIP","floor":32},{"not_picked":["Guardian:RevengeProtocol","Guardian:BaubleBeam"],"picked":"Guardian:Gem_Synthetic","floor":33},{"not_picked":["Guardian:ShieldCharger+1","Guardian:VentSteam"],"picked":"Guardian:ShieldSpikes+1","floor":36},{"not_picked":["Guardian:Gem_Green","Guardian:Reroute"],"picked":"Guardian:Suspension+1","floor":36},{"not_picked":["Guardian:Gem_Lightblue","Guardian:Reroute"],"picked":"Guardian:Repulse","floor":39},{"not_picked":["Guardian:Reroute","Guardian:RollAttack","Guardian:ShieldCharger"],"picked":"SKIP","floor":39},{"not_picked":["Guardian:ChargeCore","Guardian:BronzeOrb"],"picked":"Guardian:AncientConstruct","floor":43},{"not_picked":["Guardian:TemporalShield+1","Guardian:Recover+1","Guardian:Gem_Purple"],"picked":"SKIP","floor":45},{"not_picked":["Guardian:Preprogram","Guardian:TemporalShield+1","Guardian:Gem_Red"],"picked":"SKIP","floor":45},{"not_picked":["Guardian:PrimingBeam","Guardian:CrystalBeam"],"picked":"Guardian:Repulse+1","floor":46},{"not_picked":["Guardian:TemporalStrike","Guardian:Gem_Cyan"],"picked":"Guardian:ConstructionForm","floor":46},{"not_picked":["Guardian:Suspension","Guardian:Planning"],"picked":"Guardian:BodySlam","floor":47},{"not_picked":["Guardian:Gem_Red","Guardian:ShieldCharger+1","Guardian:CrystalBeam"],"picked":"SKIP","floor":47},{"not_picked":["Guardian:SpikerProtocol+1","Guardian:Suspension"],"picked":"Guardian:WalkerClaw+1","floor":49},{"not_picked":["Guardian:PrismaticBarrier","Guardian:BronzeArmor"],"picked":"Guardian:CrystalBeam+1","floor":49},{"not_picked":["Guardian:PrimingBeam","Guardian:Gem_Red","Guardian:Recover+1"],"picked":"SKIP","floor":53}],"player_experience":421202,"relics_obtained":[{"floor":2,"key":"LetterFromLob"},{"floor":10,"key":"Replay:Bandana"},{"floor":18,"key":"Prayer Wheel"},{"floor":24,"key":"Bag of Preparation"},{"floor":25,"key":"ReplayTheSpireMod:TigerMarble"},{"floor":26,"key":"downfall:GremlinSack"},{"floor":29,"key":"Necronomicon"},{"floor":41,"key":"Anchor"},{"floor":43,"key":"Replay:Baseball"},{"floor":48,"key":"Dream Catcher"},{"floor":53,"key":"Happy Flower"}],"event_choices":[{"cards_removed":["Guardian:DonusPower"],"damage_healed":0,"gold_gain":0,"player_choice":"Took Card","damage_taken":0,"max_hp_gain":0,"max_hp_loss":0,"event_name":"NoteForYourself","floor":5,"gold_loss":0,"cards_obtained":["Guardian:Defend_Guardian"]},{"cards_removed":["Guardian:Defend_Guardian"],"damage_healed":0,"gold_gain":0,"player_choice":"Removed Skill","damage_taken":0,"max_hp_gain":0,"max_hp_loss":0,"event_name":"Falling","floor":37,"gold_loss":0}],"is_beta":false,"boss_relics":[{"not_picked":["Pandora\u0027s Box","Guardian:ModeShifterPlus"],"picked":"Guardian:StasisSlotReductionRelic"},{"not_picked":["Replay:Drink Me","Runic Pyramid"],"picked":"Hololive_Finger"}],"items_purged_floors":[22,28],"is_endless":false,"potions_floor_spawned":[6,13,15,19,25,31,32,33,39,45,46],"ascension_level":0}}