{"host":"af4pzp5tm7cfibaw","time":1613879606,"event":{"mods":["AchievementEnabler","BaseMod","BetterRewards","Highlight Path","Minty Spire (QoL Compilation)","StSLib","SuperFastMode"],"gold_per_floor":[114,214,224,98,109,109,135,135,135,148,148,165,194,144,144,240,240,258,269,18,35,35,64,64,64,64,64,93,112,211,221,221,320,320,334,334,353,363,378,378,388,400,479,281,313,313,333,6,6,6],"floor_reached":51,"language":"ENG","playtime":1867,"items_purged":["Strike_R","Defend_R","Warcry"],"score":1121,"play_id":"8f1b48df-86e7-414f-bb0d-6b94460f3667","local_time":"20210221165326","is_ascension_mode":true,"campfire_choices":[{"data":"Uppercut","floor":6.0,"key":"SMITH"},{"floor":8.0,"key":"REST"},{"data":"Armaments","floor":11.0,"key":"SMITH"},{"floor":15.0,"key":"REST"},{"floor":25.0,"key":"REST"},{"floor":27.0,"key":"REST"},{"data":"Perfected Strike","floor":32.0,"key":"SMITH"},{"floor":40.0,"key":"REST"},{"data":"Heavy Blade","floor":49.0,"key":"SMITH"}],"circlet_count":0,"master_deck":["Strike_R","Strike_R","Strike_R","Strike_R","Defend_R","Defend_R","Defend_R","Bash","Spot Weakness","Uppercut+1","Heavy Blade+1","Shrug It Off","Armaments+1","Perfected Strike+1","Perfected Strike+1","Feed+1","Pommel Strike+1","Battle Trance","Shrug It Off","Havoc","Bloodletting","Carnage+1","Spot Weakness+1","Demon Form+1","Clothesline+1","Armaments","Spot Weakness+1","Pommel Strike+1","Shrug It Off"],"relics":["Burning Blood","Smiling Mask","FossilizedHelix","The Courier","Molten Egg 2","Snecko Eye","PreservedInsect","Pen Nib","Omamori","Enchiridion","White Beast Statue","Potion Belt","Busted Crown","Eternal Feather","Gremlin Horn","Anchor","Toy Ornithopter","Toolbox"],"acts_visited":["Exordium","TheCity","TheBeyond"],"potions_floor_usage":[50,50,50],"damage_taken":[{"damage":5.0,"enemies":"2 Louse","floor":1.0,"turns":4.0},{"damage":6.0,"enemies":"Cultist","floor":3.0,"turns":3.0},{"damage":11.0,"enemies":"Small Slimes","floor":5.0,"turns":3.0},{"damage":30.0,"enemies":"Gremlin Nob","floor":7.0,"turns":4.0},{"damage":6.0,"enemies":"Blue Slaver","floor":10.0,"turns":3.0},{"damage":0.0,"enemies":"3 Louse","floor":12.0,"turns":3.0},{"damage":21.0,"enemies":"Lagavulin","floor":13.0,"turns":7.0},{"damage":53.0,"enemies":"Hexaghost","floor":16.0,"turns":8.0},{"damage":0.0,"enemies":"2 Thieves","floor":18.0,"turns":4.0},{"damage":0.0,"enemies":"Spheric Guardian","floor":19.0,"turns":3.0},{"damage":27.0,"enemies":"Snake Plant","floor":21.0,"turns":3.0},{"damage":31.0,"enemies":"Slavers","floor":23.0,"turns":4.0},{"damage":23.0,"enemies":"Book of Stabbing","floor":28.0,"turns":3.0},{"damage":10.0,"enemies":"Sentry and Sphere","floor":29.0,"turns":4.0},{"damage":0.0,"enemies":"Snecko","floor":31.0,"turns":2.0},{"damage":82.0,"enemies":"Champ","floor":33.0,"turns":7.0},{"damage":15.0,"enemies":"3 Darklings","floor":35.0,"turns":4.0},{"damage":0.0,"enemies":"Orb Walker","floor":37.0,"turns":2.0},{"damage":28.0,"enemies":"3 Darklings","floor":38.0,"turns":3.0},{"damage":11.0,"enemies":"4 Shapes","floor":39.0,"turns":3.0},{"damage":11.0,"enemies":"Sphere and 2 Shapes","floor":41.0,"turns":4.0},{"damage":11.0,"enemies":"Jaw Worm Horde","floor":42.0,"turns":3.0},{"damage":4.0,"enemies":"Giant Head","floor":45.0,"turns":5.0},{"damage":4.0,"enemies":"Maw","floor":47.0,"turns":4.0},{"damage":59,"enemies":"Awakened One","floor":50,"turns":6}],"seed_played":"-7756883004241583904","potions_obtained":[{"floor":3.0,"key":"FairyPotion"},{"floor":7.0,"key":"SkillPotion"},{"floor":13.0,"key":"FairyPotion"},{"floor":28.0,"key":"ColorlessPotion"},{"floor":29.0,"key":"SpeedPotion"},{"floor":31.0,"key":"FairyPotion"},{"floor":33.0,"key":"SkillPotion"},{"floor":35.0,"key":"Weak Potion"},{"floor":37.0,"key":"BlessingOfTheForge"},{"floor":38.0,"key":"SteroidPotion"},{"floor":39.0,"key":"Dexterity Potion"},{"floor":41.0,"key":"CultistPotion"},{"floor":42.0,"key":"PowerPotion"},{"floor":45.0,"key":"Dexterity Potion"},{"floor":47.0,"key":"Swift Potion"}],"is_trial":false,"path_per_floor":["M","?","M","$","M","R","E","R","T","M","R","M","E","$","R","B",null,"M","M","$","M","$","E","?","R","T","R","E","M","?","M","R","B",null,"M","?","M","M","M","R","M","M","T","$","E","?","M","$","R","B",null],"character_chosen":"IRONCLAD","items_purchased":["Uppercut","PreservedInsect","Pen Nib","Gremlin Horn","Toy Ornithopter","Toolbox","Shrug It Off"],"campfire_rested":5,"item_purchase_floors":[4,20,20,44,48,48,48],"current_hp_per_floor":[73,73,73,73,68,68,44,68,68,68,68,74,59,59,80,33,68,78,84,84,63,63,38,22,47,47,72,59,59,59,65,65,37,81,72,72,82,60,59,90,89,84,84,84,86,86,92,92,107,62],"gold":6,"neow_bonus":"RANDOM_COMMON_RELIC","is_daily":false,"chose_seed":false,"campfire_upgraded":4,"win_rate":0.0,"timestamp":1613879606,"path_taken":["M","?","M","?","M","R","E","R","T","?","R","M","E","$","R","BOSS","M","M","$","M","$","E","?","R","T","R","E","M","?","M","R","BOSS","M","?","?","M","M","R","M","M","T","$","E","?","M","$","R","BOSS"],"items_purchased_type":["Card","Relic","Relic","Relic","Relic","Relic","Card"],"build_version":"2020-12-22","purchased_purges":3,"victory":true,"max_hp_per_floor":[80,80,80,80,80,80,80,80,80,80,80,80,80,80,80,80,80,84,84,84,84,84,84,84,84,84,84,88,92,92,92,92,96,96,96,96,100,100,104,104,108,108,108,108,108,108,112,112,112,112],"card_choices":[{"not_picked":["True Grit","Sword Boomerang","Flex"],"picked":"SKIP","floor":1.0},{"not_picked":["Fire Breathing","Disarm"],"picked":"Spot Weakness","floor":3.0},{"not_picked":["Cleave","Thunderclap"],"picked":"Heavy Blade","floor":5.0},{"not_picked":["Clothesline","Fiend Fire"],"picked":"Shrug It Off","floor":7.0},{"not_picked":["Heavy Blade","Body Slam"],"picked":"Armaments","floor":10.0},{"not_picked":["Metallicize","Twin Strike"],"picked":"Perfected Strike","floor":12.0},{"not_picked":["Headbutt+1","Burning Pact"],"picked":"Perfected Strike+1","floor":13.0},{"not_picked":["Berserk","Barricade"],"picked":"Feed+1","floor":16.0},{"not_picked":["Shrug It Off","Inflame"],"picked":"Pommel Strike+1","floor":18.0},{"not_picked":["Iron Wave+1","Warcry"],"picked":"Battle Trance","floor":19.0},{"not_picked":["Dual Wield","Clash+1"],"picked":"Shrug It Off","floor":21.0},{"not_picked":["Barricade","Flame Barrier"],"picked":"Havoc","floor":23.0},{"not_picked":["Cleave+1","Rupture"],"picked":"Bloodletting","floor":28.0},{"not_picked":["Anger+1","Iron Wave+1"],"picked":"Carnage+1","floor":29.0},{"not_picked":["Shrug It Off","Sword Boomerang+1"],"picked":"Spot Weakness+1","floor":31.0},{"not_picked":["Impervious","Barricade"],"picked":"Demon Form","floor":33.0},{"not_picked":[],"picked":"Clothesline+1","floor":35.0},{"not_picked":["Power Through"],"picked":"SKIP","floor":37.0},{"not_picked":[],"picked":"Armaments","floor":38.0},{"not_picked":["Blood for Blood+1"],"picked":"SKIP","floor":39.0},{"not_picked":[],"picked":"Warcry","floor":41.0},{"not_picked":[],"picked":"Spot Weakness+1","floor":42.0},{"not_picked":["Body Slam+1"],"picked":"SKIP","floor":45.0},{"not_picked":[],"picked":"Pommel Strike+1","floor":47.0}],"player_experience":330337,"relics_obtained":[{"floor":7.0,"key":"FossilizedHelix"},{"floor":9.0,"key":"The Courier"},{"floor":13.0,"key":"Molten Egg 2"},{"floor":23.0,"key":"Omamori"},{"floor":24.0,"key":"Enchiridion"},{"floor":26.0,"key":"White Beast Statue"},{"floor":28.0,"key":"Potion Belt"},{"floor":43.0,"key":"Eternal Feather"},{"floor":45.0,"key":"Anchor"}],"event_choices":[{"damage_healed":0.0,"max_hp_gain":0.0,"max_hp_loss":0.0,"gold_gain":100.0,"event_name":"Golden Shrine","player_choice":"Pray","floor":2.0,"gold_loss":0.0,"damage_taken":0.0},{"damage_healed":0.0,"max_hp_gain":0.0,"max_hp_loss":0.0,"gold_gain":0.0,"event_name":"Cursed Tome","player_choice":"Obtained Book","floor":24.0,"gold_loss":0.0,"damage_taken":16.0},{"damage_healed":0.0,"max_hp_gain":0.0,"max_hp_loss":0.0,"gold_gain":99.0,"event_name":"Nest","player_choice":"Stole From Cult","floor":30.0,"gold_loss":0.0,"damage_taken":0.0},{"damage_healed":0.0,"max_hp_gain":0.0,"max_hp_loss":0.0,"gold_gain":0.0,"event_name":"The Woman in Blue","player_choice":"Bought 0 Potions","floor":36.0,"gold_loss":0.0,"damage_taken":0.0},{"damage_healed":0.0,"max_hp_gain":0.0,"max_hp_loss":0.0,"gold_gain":0.0,"event_name":"Accursed Blacksmith","player_choice":"Forge","floor":46.0,"gold_loss":0.0,"damage_taken":0.0,"cards_upgraded":["Demon Form"]}],"is_beta":false,"boss_relics":[{"not_picked":["Cursed Key","Velvet Choker"],"picked":"Snecko Eye"},{"not_picked":["Runic Dome","Sozu"],"picked":"Busted Crown"}],"items_purged_floors":[4,14,48],"is_endless":false,"potions_floor_spawned":[3,7,13,16,21,28,29,31,33,35,37,38,39,41,42,45,47],"ascension_level":9}}