{"host":"6vlgvs18q6xl6x95","time":1613924921,"event":{"mods":["BaseMod","Colored Powertips","Downfall","HololiveMod","Lobotomy","LobotomyExtend","Minty Spire (QoL Compilation)","Quick Restart","Replay The Spire","Shop Mod","StSLib","The Animator","WarShipGirlsR/战舰少女R mod","[IsaacMod]以撒尖塔","noobMod"],"gold_per_floor":[115,135,150,150,164,198,214,214,214,214,232,248,298,327,327,428,428,428,461,206,218,250,277,277,309,332,358,390,214,214,247,247,325,325,359,359,405,431,471,513,513,555,555,603,645,685,722,760,760,788,804,804,804,718,775,821],"floor_reached":57,"language":"ZHS","playtime":3417,"items_purged":["rmod:defend"],"score":2386,"play_id":"bf16abe8-cc57-4bba-a7b3-a35c5f471e09","local_time":"20210222002841","is_ascension_mode":false,"campfire_choices":[{"floor":8,"key":"RECALL"},{"data":"rmod:basicallowance","floor":10,"key":"SMITH"},{"data":"rmod:supriseattacks","floor":15,"key":"SMITH"},{"data":"rmod:seals","floor":24,"key":"SMITH"},{"data":"rmod:highspeedmaneuver","floor":32,"key":"SMITH"},{"data":"rmod:expedition","floor":49,"key":"SMITH"},{"data":"rmod:expedition+1","floor":53,"key":"SMITH"}],"circlet_count":0,"master_deck":["rmod:strick","rmod:strick","rmod:defend","rmod:defend","rmod:defend","rmod:maingunfire","rmod:intelligenceanalysis","rmod:sl","rmod:diaomin","rmod:openingtorpedo","rmod:supriseattacks+1","BigBadWolf","rmod:windflower","rmod:expedition","DespairKnight","rmod:garrisonisland","rmod:chargemoney","rmod:seals+1","rmod:chargemoney","rmod:mineteam","rmod:highspeedmaneuver+1","rmod:acesubmarine","rmod:goodsister+1","rmod:fletcher","rmod:goodsister+1","rmod:aluminumsupply+1","rmod:punchline+1","rmod:mineteam","GalaxyChild","rmod:expedition+2","QueenOfHatred","rmod:secretscript+1","rmod:aviationdawn+1","ReplayTheSpireMod:Brewmster+1","Discovery+1"],"relics":["rmod:firstchargereward","HushsDoor","ice","SteamSale","CogitoBucket","LetterFromLob","Simple Rune","GuppysPaw","Onion Ring","ReplayTheSpireMod:Lightbulb","Gremlin Horn","ChampionBelt","NineLifeCat","PreservedInsect","Replay:Wax Seal","Orichalcum","MerchantsRug","Gremlin Food","Question Card","BookOfRevelations","Replay:Mystery Machine","Iron Hammer","Pear","rmod:extraamm","MagicMushroom","GuppysHead","Ornamental Fan","YumHeart","Replay:Bandana","HowToJump","Singing Bowl","Snack Pack","Golden Egg","Nunchaku","Lizard Tail","Thread and Needle","Pet Ghost","Sundial","Membership Card","BookofShadows","StoneCalendar","Leech"],"acts_visited":["Exordium","TheCity","TheBeyond","TheEnding"],"potions_floor_usage":[55,55,55],"damage_taken":[{"damage":0,"enemies":"2 Louse","floor":1,"turns":2},{"damage":1,"enemies":"Jaw Worm","floor":2,"turns":3},{"damage":0,"enemies":"Small Slimes","floor":3,"turns":2},{"damage":11,"enemies":"Looter","floor":5,"turns":4},{"damage":160,"enemies":"Gremlin Nob","floor":6,"turns":13},{"damage":32,"enemies":"Gremlin Gang","floor":7,"turns":2},{"damage":0,"enemies":"Large Slime","floor":11,"turns":1},{"damage":0,"enemies":"Lots of Slimes","floor":12,"turns":1},{"damage":13,"enemies":"Hiden Room Battle","floor":13,"turns":2},{"damage":0,"enemies":"Replay:BlueRogue","floor":14,"turns":1},{"damage":0,"enemies":"Slime Boss","floor":16,"turns":2},{"damage":0,"enemies":"Slavers","floor":19,"turns":1},{"damage":0,"enemies":"2 Thieves","floor":21,"turns":2},{"damage":0,"enemies":"Gremlin Leader","floor":22,"turns":2},{"damage":8,"enemies":"Book of Stabbing","floor":23,"turns":2},{"damage":0,"enemies":"Slavers","floor":25,"turns":1},{"damage":0,"enemies":"Book of Stabbing","floor":27,"turns":2},{"damage":0,"enemies":"Slavers","floor":28,"turns":2},{"damage":0,"enemies":"Book of Stabbing","floor":31,"turns":2},{"damage":0,"enemies":"Champ","floor":33,"turns":4},{"damage":0,"enemies":"Giant Head","floor":35,"turns":2},{"damage":0,"enemies":"2 Orb Walkers","floor":37,"turns":2},{"damage":0,"enemies":"R_Hoarder","floor":38,"turns":2},{"damage":0,"enemies":"Reptomancer","floor":39,"turns":2},{"damage":0,"enemies":"Nemesis","floor":40,"turns":3},{"damage":0,"enemies":"R_Hoarder","floor":42,"turns":2},{"damage":0,"enemies":"Giant Head","floor":44,"turns":3},{"damage":0,"enemies":"R_Hoarder","floor":45,"turns":2},{"damage":0,"enemies":"Nemesis","floor":46,"turns":3},{"damage":0,"enemies":"Reptomancer","floor":47,"turns":1},{"damage":0,"enemies":"Nemesis","floor":48,"turns":1},{"damage":0,"enemies":"Replay:Hell Engine","floor":50,"turns":3},{"damage":0,"enemies":"Time Eater","floor":51,"turns":3},{"damage":0,"enemies":"Shield and Spear","floor":55,"turns":1},{"damage":0,"enemies":"LittleHush","floor":56,"turns":10}],"seed_played":"5343965030908756396","potions_obtained":[{"floor":3,"key":"Block Potion"},{"floor":5,"key":"Explosive Potion"},{"floor":6,"key":"Energy Potion"},{"floor":27,"key":"Adrenaline Potion"}],"is_trial":false,"path_per_floor":["M","M","M","?","M","E","M","R","T","R","M","M","?","E","R","B",null,"M","?","$","M","M","E","R","M","T","E","M","$","$","M","R","B",null,"M","?","?","M","M","E","?","M","T","M","E","M","E","M","R","B","B",null,"R","$","E","B",null],"character_chosen":"PRAEFECT","items_purchased":["NineLifeCat","rmod:expedition","Replay:Wax Seal","rmod:chargemoney","Orichalcum","MerchantsRug","rmod:mineteam","Pear","GuppysHead","Membership Card","BookofShadows","StoneCalendar","rmod:aviationdawn","ReplayTheSpireMod:Brewmster","Discovery"],"campfire_rested":0,"item_purchase_floors":[17,17,20,20,20,20,29,29,34,54,54,54,54,54,54],"current_hp_per_floor":[75,74,74,74,63,80,62,62,62,62,69,74,71,78,78,80,15,15,15,15,15,18,20,20,20,20,22,22,32,32,34,34,42,39,39,39,40,40,40,46,46,48,48,53,53,55,55,57,57,75,99,99,99,99,101,1139],"gold":821,"neow_bonus":"","is_daily":false,"chose_seed":false,"campfire_upgraded":6,"win_rate":0.0,"timestamp":1613924921,"path_taken":["M","M","M","?","M","E","M","R","T","R","M","M","?","E","R","BOSS","M","?","$","M","M","E","R","M","T","E","?","?","$","M","R","BOSS","M","?","?","M","M","E","?","M","T","M","E","M","E","M","R","BOSS","BOSS","R","$","E","BOSS"],"items_purchased_type":["Relic","Card","Relic","Card","Relic","Relic","Card","Relic","Relic","Relic","Relic","Relic","Card","Card","Card"],"build_version":"2020-12-22","purchased_purges":1,"victory":true,"max_hp_per_floor":[75,75,75,75,75,80,80,80,80,80,80,80,80,80,80,80,15,15,15,15,15,18,20,20,20,20,22,22,32,32,34,34,42,39,39,39,40,40,40,46,46,48,48,53,53,55,55,57,57,75,99,99,99,99,101,1139],"card_choices":[{"not_picked":[],"picked":"Bomb","floor":0},{"not_picked":["rmod:shuttlebombing","rmod:ring"],"picked":"rmod:intelligenceanalysis","floor":1},{"not_picked":["rmod:diamondstrike","rmod:aviationdawn"],"picked":"rmod:sl","floor":2},{"not_picked":["rmod:generalist","Bomb"],"picked":"rmod:diaomin","floor":3},{"not_picked":["rmod:aviationdawn","rmod:guardianhero"],"picked":"rmod:openingtorpedo","floor":5},{"not_picked":["Bomb","rmod:diaomin"],"picked":"rmod:supriseattacks","floor":6},{"not_picked":["rmod:aggressivemary","rmod:aviationdawn","rmod:luckystar"],"picked":"SKIP","floor":7},{"not_picked":["rmod:selfconfidence","rmod:u235"],"picked":"rmod:launchingtorpedo","floor":11},{"not_picked":["PunishingBird","OSAHOGD"],"picked":"BigBadWolf","floor":12},{"not_picked":["rmod:ammunitionsupply","rmod:circuitoustactics","rmod:combined"],"picked":"SKIP","floor":12},{"not_picked":["rmod:firesupport","rmod:tearstotiara"],"picked":"Bomb","floor":13},{"not_picked":["rmod:heivgo","rmod:aluminumsupply","rmod:timeschanged"],"picked":"SKIP","floor":14},{"not_picked":["rmod:supriseattacks","rmod:u235"],"picked":"rmod:windflower","floor":16},{"not_picked":["PlagueDoctor","OSAHOGD"],"picked":"DespairKnight","floor":19},{"not_picked":["rmod:diamondstrike","rmod:supportaircraftcarrier"],"picked":"rmod:garrisonisland","floor":19},{"not_picked":["rmod:fuelsupply","rmod:guardianhero","rmod:steelsupply"],"picked":"SKIP","floor":21},{"not_picked":["rmod:steelsupply","rmod:robin","rmod:tearstotiara"],"picked":"SKIP","floor":22},{"not_picked":["rmod:concentratefire","rmod:firesupport"],"picked":"rmod:seals","floor":23},{"not_picked":["rmod:diamondstrike","rmod:shuttlebombing","rmod:overbreakdown","rmod:firesupport"],"picked":"SKIP","floor":25},{"not_picked":["rmod:aluminumsupply+1","rmod:tearstotiara","rmod:supportescort","rmod:overbreakdown"],"picked":"SKIP","floor":27},{"not_picked":["rmod:diamondstrike+1","rmod:guardianhero","rmod:supportescort"],"picked":"rmod:chargemoney","floor":28},{"not_picked":["rmod:combined","rmod:firesupport","rmod:unsinkable"],"picked":"rmod:highspeedmaneuver","floor":31},{"not_picked":["rmod:seals","rmod:expeditionaryescort","rmod:saltedfish"],"picked":"rmod:acesubmarine","floor":33},{"not_picked":["rmod:slowdown","rmod:advancebysurprise+1","rmod:luckystar","rmod:gendarmerie"],"picked":"SKIP","floor":35},{"not_picked":["rmod:diaomin","rmod:aviationdawn","rmod:firesupport"],"picked":"rmod:goodsister+1","floor":37},{"not_picked":["rmod:highspeedshooting","rmod:aluminumsupply","rmod:shuttlebombing"],"picked":"rmod:goodsister+1","floor":38},{"not_picked":["rmod:wife","rmod:capitalist","rmod:sl+1"],"picked":"rmod:aluminumsupply+1","floor":39},{"not_picked":["LongBird","MHz"],"picked":"WhitesApple","floor":39},{"not_picked":["rmod:aluminumsupply","rmod:generalist","rmod:fuelsupply","rmod:supportescort"],"picked":"Singing Bowl","floor":40},{"not_picked":["rmod:ammunitionsupply+1","rmod:victimresponsibility","rmod:combined","rmod:firesupport"],"picked":"Singing Bowl","floor":42},{"not_picked":["rmod:goodfighter+1","rmod:circuitoustactics","rmod:fuelsupply"],"picked":"rmod:punchline+1","floor":44},{"not_picked":["rmod:garrisonisland","rmod:unsinkable","rmod:highspeedshooting"],"picked":"rmod:mineteam","floor":45},{"not_picked":["HeroicMonk","DreamingCurrent"],"picked":"GalaxyChild","floor":45},{"not_picked":["rmod:aviationdawn","rmod:punchline","rmod:overbreakdown"],"picked":"rmod:expedition","floor":46},{"not_picked":["SilentOrchestra","QueenBee"],"picked":"QueenOfHatred","floor":47},{"not_picked":["rmod:slowdown+1","rmod:overbreakdown","rmod:acesubmarine"],"picked":"rmod:secretscript","floor":47},{"not_picked":["rmod:tearstotiara","rmod:aluminumsupply","rmod:combined","rmod:launchingtorpedo"],"picked":"Singing Bowl","floor":48},{"not_picked":["rmod:rockthrower","rmod:unsinkable+1","rmod:aluminumsupply","rmod:goodsister+1"],"picked":"Singing Bowl","floor":55}],"player_experience":114078,"relics_obtained":[{"floor":1,"key":"LetterFromLob"},{"floor":6,"key":"Simple Rune"},{"floor":9,"key":"GuppysPaw"},{"floor":13,"key":"Onion Ring"},{"floor":13,"key":"ReplayTheSpireMod:Lightbulb"},{"floor":14,"key":"Gremlin Horn"},{"floor":19,"key":"PreservedInsect"},{"floor":22,"key":"Gremlin Food"},{"floor":23,"key":"Question Card"},{"floor":25,"key":"BookOfRevelations"},{"floor":27,"key":"Replay:Mystery Machine"},{"floor":28,"key":"Iron Hammer"},{"floor":31,"key":"rmod:extraamm"},{"floor":35,"key":"Ornamental Fan"},{"floor":37,"key":"YumHeart"},{"floor":38,"key":"Replay:Bandana"},{"floor":39,"key":"HowToJump"},{"floor":40,"key":"Singing Bowl"},{"floor":42,"key":"Snack Pack"},{"floor":43,"key":"Golden Egg"},{"floor":44,"key":"Nunchaku"},{"floor":45,"key":"Lizard Tail"},{"floor":46,"key":"Thread and Needle"},{"floor":47,"key":"Pet Ghost"},{"floor":48,"key":"Sundial"},{"floor":55,"key":"Leech"}],"event_choices":[{"damage_healed":0,"gold_gain":0,"player_choice":"Fight","damage_taken":0,"max_hp_gain":0,"max_hp_loss":0,"event_name":"HidenRoomEvent","floor":13,"gold_loss":0},{"damage_healed":0,"gold_gain":0,"player_choice":"Fight","damage_taken":0,"max_hp_gain":0,"max_hp_loss":0,"event_name":"Mysterious Sphere","floor":37,"gold_loss":0},{"cards_removed":["WhitesApple"],"damage_healed":0,"gold_gain":0,"player_choice":"Removed Skill","damage_taken":0,"max_hp_gain":0,"max_hp_loss":0,"event_name":"Falling","floor":41,"gold_loss":0}],"is_beta":false,"boss_relics":[{"not_picked":["Replay:Bronze Core","Honey Jar"],"picked":"ChampionBelt"},{"not_picked":[]},{"not_picked":["Philosopher\u0027s Stone","Velvet Choker"],"picked":"MagicMushroom"},{"not_picked":[]}],"items_purged_floors":[20],"is_endless":false,"potions_floor_spawned":[3,5,6,7,13,14,19,21,27,28,33,37,38,44,45,46,48],"ascension_level":20}}