{"host":"t0bo9kmlst92gdfh","time":1613888116,"event":{"mods":["BaseMod","Block Reminder","Colored Powertips","DeckTracker","Jorbs\u0027s Wanderer Trilogy","Minty Spire (QoL Compilation)","Relic Stats","StSLib"],"gold_per_floor":[114,114,64,82,82,111,36,36,36,36,65,12,12,42,42,138,188,201,211,29,46,46,46,46],"floor_reached":23,"language":"ENG","playtime":1559,"items_purged":["stsjorbsmod:Defend_Wanderer","stsjorbsmod:Defend_Wanderer"],"score":230,"play_id":"9b52ab80-4715-4b95-84a6-f19d5be7cb34","local_time":"20210220221516","is_ascension_mode":false,"campfire_choices":[{"floor":8,"key":"REST"},{"data":"stsjorbsmod:BurningFlask","floor":10,"key":"SMITH"},{"floor":15,"key":"REST"}],"circlet_count":0,"master_deck":["stsjorbsmod:ForbiddenGrimoire+1","stsjorbsmod:Strike_Wanderer","stsjorbsmod:Defend_Wanderer+1","stsjorbsmod:FreshAdventure+1","stsjorbsmod:EyeOfTheStorm","stsjorbsmod:Patron","stsjorbsmod:ScorchingRay+1","stsjorbsmod:BurningFlask+1","stsjorbsmod:Prestidigitation","stsjorbsmod:ArcaneWeapon+1","stsjorbsmod:GatherPower","stsjorbsmod:ChatteringStrike+1","stsjorbsmod:MagicMirror","stsjorbsmod:Pyromancy","stsjorbsmod:DisguiseSelf","stsjorbsmod:Hurt"],"relics":["stsjorbsmod:GrimoireRelic","CaptainsWheel","Strawberry","War Paint","Incense Burner","stsjorbsmod:AlchemistsFireRelic","Tiny House"],"acts_visited":["Exordium","TheCity"],"potions_floor_usage":[6,16],"damage_taken":[{"damage":0,"enemies":"Small Slimes","floor":1,"turns":3},{"damage":1,"enemies":"Jaw Worm","floor":4,"turns":3},{"damage":28,"enemies":"3 Sentries","floor":6,"turns":6},{"damage":6,"enemies":"Lagavulin","floor":11,"turns":5},{"damage":29,"enemies":"3 Sentries","floor":14,"turns":6},{"damage":33,"enemies":"Hexaghost","floor":16,"turns":7},{"damage":3,"enemies":"Chosen","floor":18,"turns":4},{"damage":5,"enemies":"2 Thieves","floor":19,"turns":3},{"damage":1,"enemies":"Centurion and Healer","floor":21,"turns":5},{"damage":79,"enemies":"Gremlin Leader","floor":23,"turns":3}],"seed_played":"8437398126765441695","potions_obtained":[{"floor":1,"key":"DistilledChaos"},{"floor":11,"key":"SpeedPotion"},{"floor":14,"key":"SkillPotion"},{"floor":17,"key":"FearPotion"},{"floor":21,"key":"SpeedPotion"}],"is_trial":false,"path_per_floor":["M","?","?","M","?","E","$","R","T","R","E","$","$","E","R","B",null,"M","M","$","M","?","E"],"character_chosen":"WANDERER","items_purchased":["stsjorbsmod:ArcaneWeapon","stsjorbsmod:MagicMirror"],"campfire_rested":2,"item_purchase_floors":[12,20],"current_hp_per_floor":[68,73,73,73,48,28,28,52,52,52,47,47,47,19,43,10,85,83,79,79,79,79,0,0],"gold":46,"neow_bonus":"TRANSFORM_CARD","is_daily":false,"chose_seed":false,"campfire_upgraded":1,"win_rate":0.0,"timestamp":1613888116,"path_taken":["M","?","?","M","?","E","?","R","T","R","E","?","$","E","R","BOSS","M","M","$","M","?","E"],"items_purchased_type":["Card","Card"],"build_version":"2020-12-22","purchased_purges":2,"victory":false,"max_hp_per_floor":[68,73,73,73,73,80,80,80,80,80,80,80,80,80,80,80,85,85,85,85,85,85,85,85],"relic_stats":{"counters":[10,45],"War Paint":["stsjorbsmod:ScorchingRay","stsjorbsmod:Defend_Wanderer"],"obtain_stats":[{"CaptainsWheel":5,"Tiny House":17,"Strawberry":6,"stsjorbsmod:GrimoireRelic":0,"Incense Burner":11,"stsjorbsmod:AlchemistsFireRelic":14,"War Paint":9},{"CaptainsWheel":2,"Tiny House":6,"Strawberry":3,"stsjorbsmod:GrimoireRelic":0,"Incense Burner":4,"stsjorbsmod:AlchemistsFireRelic":5,"War Paint":3},{"CaptainsWheel":6,"Tiny House":30,"Strawberry":12,"stsjorbsmod:GrimoireRelic":0,"Incense Burner":17,"stsjorbsmod:AlchemistsFireRelic":23,"War Paint":12}]},"card_choices":[{"not_picked":["stsjorbsmod:Will","stsjorbsmod:Prestidigitation"],"picked":"stsjorbsmod:ScorchingRay","floor":1},{"not_picked":["stsjorbsmod:Prepare","stsjorbsmod:OldPocket"],"picked":"stsjorbsmod:BurningFlask","floor":4},{"not_picked":["stsjorbsmod:TinyHut","stsjorbsmod:Rest","stsjorbsmod:OldPocket"],"picked":"SKIP","floor":6},{"not_picked":["stsjorbsmod:SchoolsOfMagic","stsjorbsmod:Counterspell"],"picked":"stsjorbsmod:Prestidigitation","floor":11},{"not_picked":["stsjorbsmod:Aid","stsjorbsmod:Will","stsjorbsmod:UnseenServant"],"picked":"SKIP","floor":14},{"not_picked":["stsjorbsmod:SiphonEnergy","stsjorbsmod:CorrodingBarrier"],"picked":"stsjorbsmod:GatherPower","floor":16},{"not_picked":["stsjorbsmod:Index","stsjorbsmod:HedgeWizard"],"picked":"stsjorbsmod:ChatteringStrike+1","floor":18},{"not_picked":["stsjorbsmod:RayOfFrost","stsjorbsmod:Prepare+1","stsjorbsmod:SchoolsOfMagic+1"],"picked":"SKIP","floor":19},{"not_picked":["stsjorbsmod:FracturedMind","stsjorbsmod:ChatteringStrike"],"picked":"stsjorbsmod:Pyromancy","floor":21}],"player_experience":57874,"relics_obtained":[{"floor":6,"key":"Strawberry"},{"floor":9,"key":"War Paint"},{"floor":11,"key":"Incense Burner"},{"floor":14,"key":"stsjorbsmod:AlchemistsFireRelic"}],"event_choices":[{"damage_healed":0,"gold_gain":0,"player_choice":"Donut","damage_taken":0,"max_hp_gain":5,"max_hp_loss":0,"event_name":"Big Fish","floor":2,"gold_loss":0},{"cards_removed":["stsjorbsmod:Strike_Wanderer"],"damage_healed":0,"gold_gain":0,"player_choice":"Card Removal","damage_taken":0,"max_hp_gain":0,"max_hp_loss":0,"event_name":"The Cleric","floor":3,"gold_loss":50},{"damage_healed":0,"gold_gain":0,"player_choice":"Success","damage_taken":25,"relics_obtained":["CaptainsWheel"],"max_hp_gain":0,"max_hp_loss":0,"event_name":"Scrap Ooze","floor":5,"gold_loss":0},{"damage_healed":0,"gold_gain":0,"cards_transformed":["stsjorbsmod:Strike_Wanderer","stsjorbsmod:Defend_Wanderer"],"player_choice":"Became Test Subject","damage_taken":0,"max_hp_gain":0,"max_hp_loss":0,"event_name":"Drug Dealer","floor":22,"gold_loss":0,"cards_obtained":["stsjorbsmod:DisguiseSelf","stsjorbsmod:Hurt"]}],"is_beta":false,"boss_relics":[{"not_picked":["SacredBark","Philosopher\u0027s Stone"],"picked":"Tiny House"}],"items_purged_floors":[7,20],"is_endless":false,"potions_floor_spawned":[1,11,14,21],"killed_by":"Gremlin Leader","ascension_level":0}}