{"host":"lg1piimdyocafd6j","time":1613922532,"event":{"mods":["AchievementEnabler","BaseMod","Better Third Choice","BetterRewards","Colored Map","Colored Powertips","Downfall","Minty Spire (QoL Compilation)","Quick Restart","Rare Cards Sparkle","Remove Card Discount Mod","Shop Mod","StSLib","SuperFastMode"],"gold_per_floor":[109,109,125,145,64,64,64,82,130,149,149,165,195,219,219,315,315,334,332,359,359,376,376,395,395,395,407,407,426,212,212,212,307,307,327,340,340,291,513,542,298,348,348,200,216,216,234,254,254,254,254,254,64,96,96],"floor_reached":56,"language":"ENG","playtime":2881,"items_purged":["Defend_B","Defend_B","Dualcast","Zap","Defend_B","Strike_B","Strike_B","Strike_B","Strike_B","Defend_B","BootSequence+1","Leap+1"],"score":1302,"play_id":"5e2e3d6a-210c-4772-a21f-8243c69f7d31","local_time":"20210221164852","is_ascension_mode":false,"campfire_choices":[{"floor":11,"key":"RECALL"},{"floor":15,"key":"REST"},{"data":"Echo Form","floor":23,"key":"SMITH"},{"floor":25,"key":"REST"},{"floor":28,"key":"REST"},{"floor":32,"key":"REST"},{"floor":46,"key":"REST"},{"floor":49,"key":"REST"},{"floor":52,"key":"REST"}],"circlet_count":0,"master_deck":["Leap+1","Darkness+1","Leap+1","Darkness+1","Echo Form+1","Multi-Cast+1","Conserve Battery+1","Redo+1","Conserve Battery+1","Loop+1","Multi-Cast+1","Conserve Battery+1","Redo+1","Redo+1","Conserve Battery+1","Lockon+1","Redo+1"],"relics":["Toxic Egg 2","Symbiotic Virus","MerchantsRug","Bag of Preparation","Odd Mushroom","SlaversCollar","Red Mask","MutagenicStrength","Lizard Tail","Lantern","Runic Pyramid","Blue Candle","Ginger","Cables","Mango","TungstenRod","DollysMirror","Membership Card","Anchor"],"acts_visited":["Exordium","TheCity","TheBeyond","TheEnding"],"potions_floor_usage":[47,54,54],"damage_taken":[{"damage":0,"enemies":"Cultist","floor":1,"turns":5},{"damage":0,"enemies":"2 Louse","floor":3,"turns":3},{"damage":2,"enemies":"Jaw Worm","floor":4,"turns":6},{"damage":0,"enemies":"2 Fungi Beasts","floor":8,"turns":2},{"damage":0,"enemies":"Exordium Thugs","floor":10,"turns":4},{"damage":13,"enemies":"Gremlin Gang","floor":12,"turns":4},{"damage":21,"enemies":"3 Sentries","floor":13,"turns":7},{"damage":5,"enemies":"The Mushroom Lair","floor":14,"turns":3},{"damage":0,"enemies":"Hexaghost","floor":16,"turns":6},{"damage":0,"enemies":"Spheric Guardian","floor":18,"turns":4},{"damage":15,"enemies":"Masked Bandits","floor":20,"turns":5},{"damage":7,"enemies":"Shell Parasite","floor":22,"turns":3},{"damage":0,"enemies":"Snecko","floor":24,"turns":3},{"damage":0,"enemies":"Snake Plant","floor":27,"turns":3},{"damage":6,"enemies":"Cultist and Chosen","floor":29,"turns":5},{"damage":13,"enemies":"Collector","floor":33,"turns":5},{"damage":4,"enemies":"3 Darklings","floor":35,"turns":4},{"damage":7,"enemies":"3 Shapes","floor":36,"turns":3},{"damage":13,"enemies":"Nemesis","floor":40,"turns":3},{"damage":0,"enemies":"Mind Bloom Boss Battle","floor":42,"turns":2},{"damage":0,"enemies":"Maw","floor":45,"turns":3},{"damage":4,"enemies":"4 Shapes","floor":47,"turns":3},{"damage":4,"enemies":"Writhing Mass","floor":48,"turns":3},{"damage":6,"enemies":"Awakened One","floor":50,"turns":7},{"damage":0,"enemies":"Shield and Spear","floor":54,"turns":5},{"damage":76,"enemies":"The Heart","floor":55,"turns":7}],"seed_played":"-4469649725236045010","potions_obtained":[{"floor":4,"key":"Ancient Potion"},{"floor":13,"key":"DistilledChaos"},{"floor":16,"key":"Dexterity Potion"},{"floor":47,"key":"Fruit Juice"},{"floor":48,"key":"ColorlessPotion"}],"is_trial":false,"path_per_floor":["M","$","M","M","$","?","?","M","T","M","R","M","E","?","R","B",null,"M","$","?","?","M","R","M","R","T","M","R","M","$","?","R","B",null,"M","M","?","$","?","E","$","?","T","$","M","R","M","M","R","B",null,"R","$","E","B",null],"character_chosen":"DEFECT","items_purchased":["Toxic Egg 2","Symbiotic Virus","MerchantsRug","Leap+1","Leap+1","Darkness+1","Lantern","Loop","Conserve Battery+1","Cables","DollysMirror","Redo+1","Membership Card"],"campfire_rested":7,"item_purchase_floors":[0,0,0,0,0,5,30,30,38,41,44,53,53],"current_hp_per_floor":[75,75,75,73,73,73,73,73,73,73,73,60,39,34,56,56,75,75,75,60,60,53,53,53,75,75,75,75,69,69,69,75,62,75,71,64,59,59,59,46,46,60,60,60,60,86,87,83,94,88,94,94,94,94,18],"gold":96,"neow_bonus":"","is_daily":false,"chose_seed":false,"campfire_upgraded":1,"win_rate":0.0,"timestamp":1613922532,"path_taken":["M","$","M","M","$","?","?","?","T","M","R","M","E","?","R","BOSS","M","$","?","?","M","R","M","R","T","?","R","M","$","?","R","BOSS","M","?","?","?","?","E","$","?","T","$","M","R","M","M","R","BOSS","R","$","E","BOSS"],"items_purchased_type":["Relic","Relic","Relic","Card","Card","Card","Relic","Card","Card","Relic","Relic","Card","Relic"],"build_version":"2020-12-22","purchased_purges":12,"victory":true,"max_hp_per_floor":[75,75,75,75,75,75,75,75,75,75,75,75,75,75,75,75,75,75,75,75,75,75,75,75,75,75,75,75,75,75,75,75,75,75,75,75,75,75,75,75,75,89,89,89,89,89,94,94,94,94,94,94,94,94,94],"card_choices":[{"not_picked":["Steam+1","Go for the Eyes","Compile Driver"],"picked":"SKIP","floor":1},{"not_picked":["Steam+1","Self Repair"],"picked":"Darkness+1","floor":3},{"not_picked":["Compile Driver","Gash"],"picked":"Leap+1","floor":4},{"not_picked":["Streamline","Sweeping Beam"],"picked":"Echo Form","floor":8},{"not_picked":["Consume+1","Streamline","Go for the Eyes"],"picked":"SKIP","floor":10},{"not_picked":["Coolheaded+1","Go for the Eyes","Doom and Gloom"],"picked":"SKIP","floor":12},{"not_picked":["Coolheaded+1","Stack+1"],"picked":"BootSequence+1","floor":13},{"not_picked":["Thunder Strike","Seek+1"],"picked":"Multi-Cast+1","floor":16},{"not_picked":["Undo+1","Fusion+1"],"picked":"Conserve Battery+1","floor":18},{"not_picked":["Cold Snap","Sweeping Beam+1"],"picked":"Redo+1","floor":22},{"not_picked":["Aggregate+1","Hologram+1","Storm"],"picked":"SKIP","floor":24},{"not_picked":["Thunder Strike","Streamline"],"picked":"Conserve Battery+1","floor":27},{"not_picked":["Coolheaded+1","Rebound","Barrage"],"picked":"SKIP","floor":29},{"not_picked":["Thunder Strike","Machine Learning"],"picked":"Multi-Cast+1","floor":33},{"not_picked":["Force Field+1","Streamline","Glacier+1"],"picked":"SKIP","floor":35},{"not_picked":["Compile Driver","Static Discharge+1","Reinforced Body+1"],"picked":"SKIP","floor":36},{"not_picked":["Go for the Eyes+1","BootSequence+1","Sweeping Beam"],"picked":"SKIP","floor":40},{"not_picked":["Hologram+1","Coolheaded+1"],"picked":"Redo+1","floor":42},{"not_picked":["Barrage","Rebound","Stack+1"],"picked":"SKIP","floor":45},{"not_picked":["Rebound","Go for the Eyes+1"],"picked":"Conserve Battery+1","floor":47},{"not_picked":["Rip and Tear","Go for the Eyes+1"],"picked":"Lockon+1","floor":48},{"not_picked":["Sweeping Beam+1","Steam+1","Amplify+1"],"picked":"SKIP","floor":54}],"player_experience":173921,"relics_obtained":[{"floor":13,"key":"Bag of Preparation"},{"floor":14,"key":"Odd Mushroom"},{"floor":20,"key":"Red Mask"},{"floor":26,"key":"Lizard Tail"},{"floor":40,"key":"Ginger"},{"floor":42,"key":"Mango"},{"floor":43,"key":"TungstenRod"},{"floor":54,"key":"Anchor"}],"event_choices":[{"damage_healed":0,"gold_gain":0,"player_choice":"Leave","damage_taken":0,"max_hp_gain":0,"max_hp_loss":0,"event_name":"The Cleric","floor":6,"gold_loss":0},{"damage_healed":0,"gold_gain":0,"player_choice":"Ignored","damage_taken":0,"max_hp_gain":0,"max_hp_loss":0,"event_name":"Upgrade Shrine","floor":7,"gold_loss":0},{"damage_healed":0,"gold_gain":0,"player_choice":"Fought Mushrooms","damage_taken":0,"max_hp_gain":0,"max_hp_loss":0,"event_name":"Mushrooms","floor":14,"gold_loss":0},{"damage_healed":0,"gold_gain":0,"player_choice":"Fought Bandits","damage_taken":0,"max_hp_gain":0,"max_hp_loss":0,"event_name":"Masked Bandits","floor":20,"gold_loss":0},{"damage_healed":0,"gold_gain":0,"player_choice":"Inject Mutagens","damage_taken":0,"relics_obtained":["MutagenicStrength"],"max_hp_gain":0,"max_hp_loss":0,"event_name":"Drug Dealer","floor":21,"gold_loss":0},{"damage_healed":0,"gold_gain":0,"player_choice":"Forge","damage_taken":0,"max_hp_gain":0,"max_hp_loss":0,"event_name":"Accursed Blacksmith","floor":31,"gold_loss":0,"cards_upgraded":["Loop"]},{"damage_healed":0,"gold_gain":222,"player_choice":"Wore Mask","damage_taken":0,"max_hp_gain":0,"max_hp_loss":0,"event_name":"Tomb of Lord Red Mask","floor":39,"gold_loss":0},{"damage_healed":0,"gold_gain":0,"player_choice":"Fight","damage_taken":0,"max_hp_gain":0,"max_hp_loss":0,"event_name":"MindBloom","floor":42,"gold_loss":0}],"is_beta":false,"boss_relics":[{"not_picked":["Runic Dome","Nuclear Battery"],"picked":"SlaversCollar"},{"not_picked":["Tiny House","Astrolabe"],"picked":"Runic Pyramid"}],"items_purged_floors":[0,0,0,0,5,5,5,5,5,5,19,38],"is_endless":false,"potions_floor_spawned":[4,13,16,20,24,27,33,40,42,47,48],"ascension_level":0}}