{"host":"7fwnp8pk7osg3ahc","time":1613884724,"event":{"mods":["2.2 Compatiblity","BaseMod","Downfall","Marisa????????","Minty Spire (QoL Compilation)","Replay The Spire","StSLib","The Servant 0.9.4"],"gold_per_floor":[111,211,225,245,263,298,298,14,14,14,14,14,34,51,51,146,146,158,169,169,187,201,226,226,126,149,149,24,24,24,43,43,56,56,151,151,171,4,17,28,28,57,57,0,46,46,66,85,116,132,132,132],"floor_reached":53,"language":"ENG","playtime":2139,"items_purged":["Strike_B","Strike_B","Strike_B"],"score":791,"play_id":"4c1ac647-5838-4074-8152-83fb9d0a01c1","local_time":"20210220231844","is_ascension_mode":false,"campfire_choices":[{"data":"Redo","floor":7,"key":"SMITH"},{"floor":10,"key":"REST"},{"data":"Redo","floor":12,"key":"SMITH"},{"data":"Redo","floor":15,"key":"SMITH"},{"data":"1","floor":24,"key":"LIFT"},{"data":"2","floor":27,"key":"LIFT"},{"data":"3","floor":32,"key":"LIFT"},{"floor":34,"key":"REST"},{"floor":43,"key":"REST"},{"floor":51,"key":"REST"}],"circlet_count":0,"master_deck":["Defend_B+1","Defend_B+1","Defend_B+1","Zap","Dualcast","Cold Snap","FTL","Redo+1","Echo Form","Redo+1","Madness","FTL","Redo+1","Conserve Battery","Electrodynamics","ReplayTheSpireMod:Reroute Power","Conserve Battery","FIFO Queue","Buffer","Go for the Eyes","Master of Strategy","Good Instincts","Flash of Steel","Beam Cell","Madness","Madness","Defragment+1","Barrage"],"relics":["Cracked Core","NeowsBlessing","Du-Vu Doll","ReplayTheSpireMod:CursedCoin","Geode","Girya","Fusion Hammer","StoneCalendar","Replay:Rubber Ducky","Replay:Drink Me","ReplayTheSpireMod:ShopPack","Replay:Bottled Eggs","Red Mask","Replay:Baseball","ReplayTheSpireMod:Lightbulb"],"acts_visited":["Exordium","TheCity","TheBeyond"],"potions_floor_usage":[16,23,23,23,52,52,52],"damage_taken":[{"damage":0,"enemies":"Jaw Worm","floor":1,"turns":1},{"damage":0,"enemies":"Cultist","floor":3,"turns":1},{"damage":0,"enemies":"Small Slimes","floor":4,"turns":1},{"damage":18,"enemies":"Exordium Thugs","floor":5,"turns":7},{"damage":19,"enemies":"Gremlin Nob","floor":6,"turns":4},{"damage":6,"enemies":"2 Fungi Beasts","floor":13,"turns":2},{"damage":10,"enemies":"Looter","floor":14,"turns":2},{"damage":18,"enemies":"Hexaghost","floor":16,"turns":9},{"damage":2,"enemies":"3 Byrds","floor":18,"turns":3},{"damage":8,"enemies":"Chosen","floor":19,"turns":4},{"damage":16,"enemies":"Snake Plant","floor":21,"turns":3},{"damage":10,"enemies":"Sentry and Sphere","floor":22,"turns":4},{"damage":4,"enemies":"Gremlin Leader","floor":23,"turns":6},{"damage":0,"enemies":"Chosen and Byrds","floor":31,"turns":7},{"damage":2,"enemies":"3 Cultists","floor":33,"turns":2},{"damage":19,"enemies":"Champ","floor":35,"turns":8},{"damage":7,"enemies":"3 Shapes","floor":37,"turns":4},{"damage":7,"enemies":"3 Darklings","floor":39,"turns":3},{"damage":0,"enemies":"Spire Growth","floor":40,"turns":5},{"damage":0,"enemies":"R_Hoarder","floor":42,"turns":7},{"damage":4,"enemies":"Jaw Worm Horde","floor":47,"turns":2},{"damage":0,"enemies":"3 Darklings","floor":48,"turns":3},{"damage":0,"enemies":"Giant Head","floor":49,"turns":7},{"damage":0,"enemies":"Maw","floor":50,"turns":5},{"damage":10,"enemies":"Time Eater","floor":52,"turns":9}],"seed_played":"-2752608556970966720","potions_obtained":[{"floor":1,"key":"LiquidBronze"},{"floor":6,"key":"Dexterity Potion"},{"floor":14,"key":"Venom Potion"},{"floor":16,"key":"Fire Potion"},{"floor":20,"key":"PotionOfCapacity"},{"floor":20,"key":"EssenceOfSteel"},{"floor":20,"key":"EssenceOfDarkness"},{"floor":23,"key":"Explosive Potion"},{"floor":31,"key":"FearPotion"},{"floor":33,"key":"Languid Potion"},{"floor":40,"key":"Reflective Coating"},{"floor":47,"key":"SpeedPotion"},{"floor":50,"key":"FocusPotion"}],"is_trial":false,"path_per_floor":["M","?","M","M","M","E","R","$","T","R","$","R","M","M","R","B",null,"M","M","?","M","M","E","R","$","T","R","$","PTL","PTL","M","R","M","R","B",null,"M","$","M","M","?","E","R","?","T","$","M","M","E","M","R","B",null],"character_chosen":"DEFECT","items_purchased":["ReplayTheSpireMod:CursedCoin","Redo","Madness","FTL","Geode","Go for the Eyes","ReplayTheSpireMod:ShopPack"],"campfire_rested":4,"item_purchase_floors":[8,8,8,8,8,38,38],"current_hp_per_floor":[75,75,75,75,57,38,38,38,38,60,60,60,54,44,44,26,75,73,65,65,49,39,35,35,35,35,35,35,35,35,35,35,33,55,36,57,50,50,43,43,36,36,53,53,53,53,49,49,49,49,57,47],"gold":132,"neow_bonus":"THREE_ENEMY_KILL","is_daily":false,"chose_seed":false,"campfire_upgraded":3,"win_rate":0.0,"timestamp":1613884724,"path_taken":["M","?","M","?","M","E","R","$","T","R","$","R","M","M","R","BOSS","M","M","?","M","M","E","R","?","T","R","$","PTL","PTL","M","R","M","R","BOSS","M","$","M","M","?","E","R","?","T","$","M","?","E","M","R","BOSS"],"items_purchased_type":["Relic","Card","Card","Card","Relic","Card","Relic"],"build_version":"2020-12-22","purchased_purges":3,"victory":true,"max_hp_per_floor":[75,75,75,75,75,75,75,75,75,75,75,75,75,75,75,75,75,75,75,75,75,75,75,75,75,75,75,75,75,75,75,75,75,75,75,57,57,57,57,57,57,57,57,57,57,57,57,57,57,57,57,57],"card_choices":[{"not_picked":["ReplayTheSpireMod:Repulse","ReplaySort"],"picked":"Cold Snap","floor":1},{"not_picked":["Hologram","Panic Button"],"picked":"FTL","floor":3},{"not_picked":["Compile Driver","Ball Lightning"],"picked":"Redo","floor":4},{"not_picked":["Turbo","Doom and Gloom","Force Field"],"picked":"SKIP","floor":5},{"not_picked":["Ball Lightning","Turbo"],"picked":"Echo Form","floor":6},{"not_picked":["Steam","FTL"],"picked":"Redo","floor":13},{"not_picked":["Melter","Skim"],"picked":"Conserve Battery","floor":14},{"not_picked":["Rainbow","Meteor Strike"],"picked":"Electrodynamics","floor":16},{"not_picked":["Stack","Redo","Aggregate+1"],"picked":"SKIP","floor":18},{"not_picked":["BasicCrystalCard","Compile Driver"],"picked":"ReplayTheSpireMod:Reroute Power","floor":19},{"not_picked":["Gash","Storm"],"picked":"Conserve Battery","floor":21},{"not_picked":["Heatsinks+1","Gash"],"picked":"FIFO Queue","floor":22},{"not_picked":["Turbo","Coolheaded+1","Reprogram"],"picked":"SKIP","floor":23},{"not_picked":["Ball Lightning","Scrape","Fission"],"picked":"SKIP","floor":31},{"not_picked":["BasicCrystalCard","Stack","Hologram"],"picked":"SKIP","floor":33},{"not_picked":["Biased Cognition","Hyperbeam"],"picked":"Buffer","floor":35},{"not_picked":["Leap+1","Compile Driver","Beam Cell"],"picked":"SKIP","floor":37},{"not_picked":["Metamorphosis","Thinking Ahead"],"picked":"Master of Strategy","floor":38},{"not_picked":["The Bomb","Secret Weapon"],"picked":"Good Instincts","floor":38},{"not_picked":["Replay:Parry","Replay:Sssssssssstrike"],"picked":"Flash of Steel","floor":38},{"not_picked":["ReplayTheSpireMod:Omega Cannon","Turbo","Leap+1"],"picked":"SKIP","floor":39},{"not_picked":["Rebound","Hologram"],"picked":"Beam Cell","floor":40},{"not_picked":["ReplayTheSpireMod:Reroute Power","Turbo","Hologram"],"picked":"SKIP","floor":42},{"not_picked":["Panic Button+1","Steam"],"picked":"Defragment+1","floor":47},{"not_picked":["Reprogram+1","Steam","Heatsinks"],"picked":"SKIP","floor":48},{"not_picked":["Self Repair","Barrage","ReplayTheSpireMod:System Scan"],"picked":"SKIP","floor":49},{"not_picked":["Self Repair","ReplayTheSpireMod:System Scan"],"picked":"Barrage","floor":49},{"not_picked":["Redo","Static Discharge+1","Leap+1"],"picked":"SKIP","floor":50}],"player_experience":638744,"relics_obtained":[{"floor":6,"key":"Du-Vu Doll"},{"floor":9,"key":"Girya"},{"floor":23,"key":"StoneCalendar"},{"floor":26,"key":"Replay:Rubber Ducky"},{"floor":42,"key":"Replay:Bottled Eggs"},{"floor":45,"key":"Replay:Baseball"},{"floor":49,"key":"ReplayTheSpireMod:Lightbulb"}],"event_choices":[{"damage_healed":0,"gold_gain":100,"player_choice":"Pray","damage_taken":0,"max_hp_gain":0,"max_hp_loss":0,"event_name":"Golden Shrine","floor":2,"gold_loss":0},{"damage_healed":0,"gold_gain":0,"player_choice":"Got Potions","damage_taken":0,"max_hp_gain":0,"max_hp_loss":0,"event_name":"Lab","floor":20,"gold_loss":0},{"damage_healed":0,"gold_gain":0,"player_choice":"Embrace Madness","damage_taken":7,"max_hp_gain":0,"max_hp_loss":0,"event_name":"Winding Halls","floor":41,"gold_loss":0,"cards_obtained":["Madness","Madness"]},{"damage_healed":0,"gold_gain":0,"player_choice":"Paid","damage_taken":0,"relics_obtained":["Red Mask"],"max_hp_gain":0,"max_hp_loss":0,"event_name":"Tomb of Lord Red Mask","floor":44,"gold_loss":57}],"is_beta":false,"boss_relics":[{"not_picked":["Snecko Eye","Coffee Dripper"],"picked":"Fusion Hammer"},{"not_picked":["Ring of Chaos","Painkiller Herb"],"picked":"Replay:Drink Me"}],"items_purged_floors":[8,25,28],"is_endless":false,"potions_floor_spawned":[1,6,14,16,21,23,31,33,40,42,47,48,50],"ascension_level":0}}