{"host":"zxd2l8an9de7z7b9","time":1613931656,"event":{"mods":["100% Spire Juice","2.2 Compatiblity","AchievementEnabler","BaseMod","CapriCore","Colored Map","Colored Powertips","Marisa£¨Ùöéë¡¡Øª×âÞÞ£©","Minty Spire (QoL Compilation)","Rare Cards Sparkle","StSLib","SuperFastMode","Td1madao Mod","everything is the same but u backflip on backflip"],"gold_per_floor":[119,136,106,126,138,138,169,169,241,241,259,272,129,162,162,266,266,250,261,360,378,378,378,378],"floor_reached":23,"language":"KOR","playtime":771,"items_purged":["Strike_B"],"score":228,"play_id":"1c3e4590-4bdc-4abc-82ea-9ecc718f9ce7","local_time":"20210222032056","is_ascension_mode":false,"campfire_choices":[{"data":"Darkness","floor":6,"key":"SMITH"},{"data":"Loop","floor":10,"key":"SMITH"},{"data":"Consume","floor":15,"key":"SMITH"}],"circlet_count":0,"master_deck":["Strike_B","Strike_B","Defend_B","Defend_B","Defend_B","Defend_B","Zap","Dualcast","Glacier","Ball Lightning","Hologram","Coolheaded","Darkness+1","Loop+1","Zap","Consume+1","Chaos","Blizzard","Capacitor","Echo Form","Fission","Coolheaded+1","Hologram"],"relics":["Cracked Core","Unceasing Top","Bottled Flame","Regal Pillow","Black Star"],"acts_visited":["Exordium","TheCity"],"potions_floor_usage":[5,7,14,16,16,21,23],"damage_taken":[{"damage":3,"enemies":"Jaw Worm","floor":1,"turns":5},{"damage":0,"enemies":"Cultist","floor":2,"turns":3},{"damage":1,"enemies":"2 Louse","floor":4,"turns":2},{"damage":3,"enemies":"Gremlin Gang","floor":5,"turns":3},{"damage":13,"enemies":"Lagavulin","floor":7,"turns":6},{"damage":6,"enemies":"2 Fungi Beasts","floor":11,"turns":3},{"damage":3,"enemies":"Looter","floor":12,"turns":4},{"damage":0,"enemies":"3 Sentries","floor":14,"turns":6},{"damage":15,"enemies":"Slime Boss","floor":16,"turns":6},{"damage":30,"enemies":"2 Thieves","floor":18,"turns":4},{"damage":17,"enemies":"Spheric Guardian","floor":19,"turns":6},{"damage":8,"enemies":"Snake Plant","floor":21,"turns":5},{"damage":23,"enemies":"Gremlin Leader","floor":23,"turns":5}],"seed_played":"8433752027221805196","potions_obtained":[{"floor":1,"key":"Explosive Potion"},{"floor":3,"key":"Weak Potion"},{"floor":3,"key":"LiquidMemories"},{"floor":5,"key":"LiquidMemories"},{"floor":12,"key":"EssenceOfSteel"},{"floor":14,"key":"BlessingOfTheForge"},{"floor":18,"key":"DuplicationPotion"},{"floor":21,"key":"Swift Potion"}],"is_trial":false,"path_per_floor":["M","M","?","M","M","R","E","?","T","R","M","M","$","E","R","B",null,"M","M","?","M","?","E"],"character_chosen":"DEFECT","items_purchased":["Capacitor"],"campfire_rested":0,"item_purchase_floors":[13],"current_hp_per_floor":[72,72,72,71,68,68,55,55,55,55,49,46,46,46,46,31,75,45,28,28,20,45,22,22],"gold":378,"neow_bonus":"TRANSFORM_CARD","is_daily":false,"chose_seed":false,"campfire_upgraded":3,"win_rate":0.0,"timestamp":1613931656,"path_taken":["M","M","?","?","M","R","E","?","T","R","?","M","$","E","R","BOSS","M","?","?","M","?","E"],"items_purchased_type":["Card"],"build_version":"2020-12-22","purchased_purges":1,"victory":false,"max_hp_per_floor":[75,75,75,75,75,75,75,75,75,75,75,75,75,75,75,75,75,75,75,75,75,75,75,75],"card_choices":[{"not_picked":["Skim","Reprogram"],"picked":"Ball Lightning","floor":1},{"not_picked":["FTL","Reprogram"],"picked":"Hologram","floor":2},{"not_picked":["Hologram","Melter"],"picked":"Coolheaded","floor":4},{"not_picked":["Compile Driver","Heatsinks"],"picked":"Darkness","floor":5},{"not_picked":["Steam Power","Buffer"],"picked":"Loop","floor":7},{"not_picked":["Beam Cell","Consume"],"picked":"Chaos","floor":11},{"not_picked":["Leap","Tempest"],"picked":"Blizzard","floor":12},{"not_picked":["Ball Lightning","Turbo"],"picked":"Echo Form","floor":14},{"not_picked":["Thunder Strike","Buffer"],"picked":"Fission","floor":16},{"not_picked":["Gash","Sweeping Beam"],"picked":"Coolheaded+1","floor":18},{"not_picked":["Leap","Streamline+1","Rebound+1"],"picked":"SKIP","floor":19},{"not_picked":["Leap","Streamline+1","Rebound+1"],"picked":"SKIP","floor":19},{"not_picked":["Streamline+1","Barrage+1"],"picked":"Hologram","floor":21}],"player_experience":431678,"relics_obtained":[{"floor":7,"key":"Unceasing Top"},{"floor":9,"key":"Bottled Flame"},{"floor":14,"key":"Regal Pillow"}],"event_choices":[{"damage_healed":0,"gold_gain":0,"player_choice":"Bought 2 Potions","damage_taken":0,"max_hp_gain":0,"max_hp_loss":0,"event_name":"The Woman in Blue","floor":3,"gold_loss":0},{"damage_healed":0,"gold_gain":0,"player_choice":"2 cards matched","damage_taken":0,"max_hp_gain":0,"max_hp_loss":0,"event_name":"Match and Keep!","floor":8,"gold_loss":0,"cards_obtained":["Zap","Consume"]},{"damage_healed":0,"gold_gain":99,"player_choice":"Stole From Cult","damage_taken":0,"max_hp_gain":0,"max_hp_loss":0,"event_name":"Nest","floor":20,"gold_loss":0},{"damage_healed":25,"gold_gain":0,"player_choice":"Heal","damage_taken":0,"max_hp_gain":0,"max_hp_loss":0,"event_name":"The Library","floor":22,"gold_loss":0}],"is_beta":false,"boss_relics":[{"not_picked":["Runic Dome","Cursed Key"],"picked":"Black Star"}],"items_purged_floors":[13],"is_endless":false,"potions_floor_spawned":[1,5,12,14,18,21],"killed_by":"Gremlin Leader","ascension_level":0}}