{"host":"38p8qnzhmsyj15s2","time":1613919991,"event":{"mods":["AchievementEnabler","Act Like it!","Aspiration","Bard","BaseMod","BetterRewards","Challenge The Spire","Colored Powertips","Conspire","DeckTracker","Defuse TimeMaze Blight","Downfall","Energized Spire","GifTheSpireLib","Halation","Hermit","Hubris","Infinite Spire","Jorbs\u0027s Wanderer Trilogy","Minty Spire (QoL Compilation)","Quick Restart","Random Character Button","Rare Cards Sparkle","Relic Sorter","Replay The Spire","StSLib","The Cursed","The Hayseed","The Hierophant","The Jungle","The Servant 0.9.4","TheFirefly","Wandering Minibosses","everything is the same but u backflip on backflip"],"gold_per_floor":[13,13,25,39,39,39,73,61,85,85,119,119,137,171,171,271,271,236,287,37,56,56,56,56,90,90,90,101,191,191,208,208,309,309,329,343,343,343,343,343,343,343,343,343,343],"floor_reached":44,"language":"ENG","playtime":4262,"items_purged":["stsjorbsmod:PollutedStrike","ReplayTheSpireMod:Uncanny Aura"],"score":544,"play_id":"41e49642-c7f2-42dd-8d4c-6a6adf8db287","local_time":"20210221150631","is_ascension_mode":false,"campfire_choices":[{"data":"Blade Dance","floor":6.0,"key":"SMITH"},{"data":"Neutralize","floor":10.0,"key":"SMITH"},{"floor":23.0,"key":"REST"},{"data":"After Image","floor":27.0,"key":"SMITH"},{"floor":30.0,"key":"REST"},{"floor":32.0,"key":"REST"},{"data":"A Thousand Cuts","floor":40.0,"key":"SMITH"}],"circlet_count":0,"master_deck":["conspire:GhostlyStrike","conspire:GhostlyStrike","conspire:GhostlyDefend","conspire:GhostlyDefend","conspire:GhostlyDefend","Survivor","Neutralize+1","Blade Dance+1","Blade Dance","Fluid Movement","ReplayTheSpireMod:Speed Training","Venomology","conspire:DoublingDagger+1","ReplayTheSpireMod:Scrap Shanks","Envenom","Deflect","hubris:Counter+1","Infinite Blades","ReplayTheSpireMod:Necrogeddon","infinitespire:Menacing","infinitespire:Menacing","After Image+1","Expertise","Prepared+1","A Thousand Cuts+1","Hidden Blade+1"],"relics":["aspiration:AnachronicSnailShell","aspiration:Legacy_Headhunter","Nunchaku","Incense Burner","energizedSpire:NeverEndingSparkler","ReplayFunnel","Omamori","ReplayTheSpireMod:CursedCoin","halation:NonexistentMirror","halation:LettersToHer","wanderingMiniBosses:ThiefScarf","Ring of the Snake","Juzu Bracelet","Regal Pillow","aspiration:FutureDiary","Tingsha","Empty Cage","InkBottle","ReplayTheSpireMod:Ring of Collecting","Ring of Fangs","conspire:Flyswatter","ReplayTheSpireMod:Ring of Addiction","Chameleon Ring","Toy Ornithopter","Quantum Egg"],"acts_visited":["Exordium","TheCity","TheBeyond"],"potions_floor_usage":[],"damage_taken":[{"damage":0.0,"enemies":"2 Louse","floor":1.0,"turns":3.0},{"damage":0.0,"enemies":"Small Slimes","floor":3.0,"turns":4.0},{"damage":0.0,"enemies":"Cultist","floor":4.0,"turns":2.0},{"damage":8.0,"enemies":"Lagavulin","floor":7.0,"turns":5.0},{"damage":0.0,"enemies":"3 Louse","floor":8.0,"turns":6.0},{"damage":5.0,"enemies":"Replay:BlueRogue","floor":11.0,"turns":5.0},{"damage":4.0,"enemies":"Blue Slaver","floor":13.0,"turns":3.0},{"damage":3.0,"enemies":"Gremlin Nob","floor":14.0,"turns":5.0},{"damage":10.0,"enemies":"Slime Boss","floor":16.0,"turns":10.0},{"damage":18.0,"enemies":"Chosen","floor":18.0,"turns":7.0},{"damage":34.0,"enemies":"conspire:MimicChest","floor":19.0,"turns":8.0},{"damage":2.0,"enemies":"Spheric Guardian","floor":21.0,"turns":6.0},{"damage":7.0,"enemies":"Gremlin Leader","floor":25.0,"turns":7.0},{"damage":3.0,"enemies":"Shelled Parasite and Fungi","floor":28.0,"turns":7.0},{"damage":20.0,"enemies":"3 Cultists","floor":29.0,"turns":8.0},{"damage":5.0,"enemies":"Chosen and Byrds","floor":31.0,"turns":6.0},{"damage":3.0,"enemies":"hubris:MusketHawk","floor":33.0,"turns":8.0},{"damage":0.0,"enemies":"3 Shapes","floor":35.0,"turns":4.0},{"damage":73.0,"enemies":"3 Darklings","floor":36.0,"turns":13.0},{"damage":0,"enemies":"Spire Growth","floor":44,"turns":1}],"seed_played":"2765645516097582197","potions_obtained":[{"floor":3.0,"key":"GamblersBrew"},{"floor":4.0,"key":"champ:CounterPotion"},{"floor":8.0,"key":"Elixir"},{"floor":13.0,"key":"Reflective Coating"},{"floor":15.0,"key":"Energy Potion"},{"floor":15.0,"key":"FairyPotion"},{"floor":16.0,"key":"Ancient Potion"},{"floor":19.0,"key":"CultistPotion"},{"floor":25.0,"key":"SkillPotion"},{"floor":29.0,"key":"hexamod:SoulburnPotion"},{"floor":35.0,"key":"Weak Potion"},{"floor":36.0,"key":"AttackPotion"},{"floor":43.0,"key":"AttackPotion"}],"is_trial":false,"path_per_floor":["M","?","M","M","?","R","E","M","T","R","E","?","M","E","R","B",null,"M","?","$","M","AVR","R","?","E","T","R","M","M","R","M","R","B",null,"M","M","?","AVR","?","R","T","?","T","M"],"character_chosen":"THE_SILENT","items_purchased":["Infinite Blades","Omamori","ReplayTheSpireMod:CursedCoin","ReplayTheSpireMod:Necrogeddon"],"campfire_rested":3,"item_purchase_floors":[20,20,20,20],"current_hp_per_floor":[70,70,70,70,63,63,55,55,55,55,50,50,46,43,43,33,70,52,18,18,16,16,37,37,30,30,30,27,7,43,38,70,67,70,70,68,68,68,68,68,68,68,68,68,68],"gold":343,"neow_bonus":"REMOVE_TWO","is_daily":false,"chose_seed":false,"campfire_upgraded":4,"win_rate":0.0,"timestamp":1613919991,"path_taken":["M","?","M","M","?","R","E","M","T","R","E","?","M","E","R","BOSS","M","?","$","M","AVR","R","?","E","T","R","?","M","R","M","R","BOSS","M","M","?","AVR","?","R","?","?","T","M"],"items_purchased_type":["Card","Relic","Relic","Card"],"build_version":"2020-12-22","purchased_purges":2,"victory":false,"max_hp_per_floor":[70,70,70,70,70,70,70,70,70,70,70,70,70,70,70,70,70,70,70,70,70,70,70,70,70,70,70,70,70,70,70,70,70,70,70,70,70,70,70,70,70,70,70,70,70],"card_choices":[{"not_picked":["Poisoned Stab","Deadly Poison"],"picked":"Blade Dance","floor":1.0},{"not_picked":["Predator","Deadly Poison"],"picked":"Blade Dance","floor":3.0},{"not_picked":["Deflect","Noxious Fumes"],"picked":"Fluid Movement","floor":4.0},{"not_picked":["Expertise","Underhanded Strike"],"picked":"ReplayTheSpireMod:Speed Training","floor":7.0},{"not_picked":["Hidden Blade","Dagger Spray"],"picked":"Venomology","floor":8.0},{"not_picked":["Prepared","Tactician"],"picked":"conspire:DoublingDagger","floor":11.0},{"not_picked":["Dagger Spray","Backflip"],"picked":"Well Laid Plans","floor":13.0},{"not_picked":["Distraction","hubris:SlightOfHand"],"picked":"ReplayTheSpireMod:Scrap Shanks","floor":14.0},{"not_picked":["Doppelganger","Tools of the Trade"],"picked":"Envenom","floor":16.0},{"not_picked":["ReplayTheSpireMod:The Works","hubris:SlightOfHand"],"picked":"Deflect","floor":18.0},{"not_picked":["Hidden Blade","Atom Bomb"],"picked":"hubris:Counter+1","floor":19.0},{"not_picked":["Dagger Spray","Sucker Punch+1","hubris:TrickCloak"],"picked":"SKIP","floor":21.0},{"not_picked":["Hidden Blade","Underhanded Strike"],"picked":"After Image","floor":25.0},{"not_picked":["ReplayTheSpireMod:The Works","Blade Dance","Dagger Throw"],"picked":"SKIP","floor":28.0},{"not_picked":["Deflect","Flechettes"],"picked":"Expertise","floor":29.0},{"not_picked":["Replay:Poison Smokescreen+1","Dodge and Roll+1"],"picked":"Prepared+1","floor":31.0},{"not_picked":["Corpse Explosion","ReplayTheSpireMod:From All Sides"],"picked":"A Thousand Cuts","floor":33.0},{"not_picked":["Leg Sweep","Predator"],"picked":"Hidden Blade+1","floor":35.0},{"not_picked":["Dagger Spray+1","Masterful Stab+1","Catalyst"],"picked":"SKIP","floor":36.0}],"player_experience":38001,"relics_obtained":[{"floor":7.0,"key":"aspiration:AnachronicSnailShell"},{"floor":9.0,"key":"Nunchaku"},{"floor":11.0,"key":"Incense Burner"},{"floor":14.0,"key":"Juzu Bracelet"},{"floor":19.0,"key":"ReplayFunnel"},{"floor":25.0,"key":"halation:LettersToHer"},{"floor":26.0,"key":"halation:LettersToHer"},{"floor":26.0,"key":"Regal Pillow"},{"floor":29.0,"key":"wanderingMiniBosses:ThiefScarf"},{"floor":29.0,"key":"Ring of the Snake"},{"floor":29.0,"key":"Juzu Bracelet"},{"floor":29.0,"key":"Regal Pillow"},{"floor":41.0,"key":"halation:LettersToHer"},{"floor":41.0,"key":"InkBottle"},{"floor":42.0,"key":"ReplayTheSpireMod:Ring of Collecting"},{"floor":42.0,"key":"Ring of Fangs"},{"floor":43.0,"key":"halation:LettersToHer"},{"floor":43.0,"key":"conspire:Flyswatter"},{"floor":43.0,"key":"ReplayTheSpireMod:Ring of Addiction"},{"floor":43.0,"key":"Chameleon Ring"},{"floor":43.0,"key":"Toy Ornithopter"}],"event_choices":[{"damage_healed":0.0,"max_hp_gain":0.0,"max_hp_loss":0.0,"gold_gain":0.0,"event_name":"conspire:LoneGhost","player_choice":"Agree","floor":2.0,"gold_loss":0.0,"damage_taken":0.0},{"cards_removed":["conspire:GhostlyStrike"],"damage_healed":0.0,"max_hp_gain":0.0,"max_hp_loss":0.0,"gold_gain":0.0,"event_name":"Golden Wing","player_choice":"Card Removal","floor":5.0,"gold_loss":0.0,"damage_taken":7.0},{"damage_healed":0.0,"max_hp_gain":0.0,"max_hp_loss":0.0,"gold_gain":0.0,"event_name":"Upgrade Shrine","player_choice":"Upgraded","floor":12.0,"gold_loss":0.0,"damage_taken":0.0,"cards_upgraded":["conspire:DoublingDagger"]},{"damage_healed":0.0,"max_hp_gain":0.0,"max_hp_loss":0.0,"gold_gain":0.0,"cards_transformed":["conspire:GhostlyDefend"],"event_name":"Transmorgrifier","player_choice":"Transformed","floor":24.0,"gold_loss":0.0,"damage_taken":0.0,"cards_obtained":["ReplayTheSpireMod:Uncanny Aura"]},{"damage_healed":0.0,"max_hp_gain":0.0,"max_hp_loss":0.0,"gold_gain":0.0,"event_name":"SecretPortal","player_choice":"Ignored","floor":37.0,"gold_loss":0.0,"damage_taken":0.0},{"cards_removed":["Well Laid Plans"],"damage_healed":0.0,"max_hp_gain":0.0,"max_hp_loss":0.0,"gold_gain":0.0,"event_name":"Wheel of Change","player_choice":"Card Removal","floor":39.0,"gold_loss":0.0,"damage_taken":0.0}],"is_beta":false,"boss_relics":[{"not_picked":["energizedSpire:RedRose","Runic Dome"],"picked":"energizedSpire:NeverEndingSparkler"},{"not_picked":["aspiration:RunicSpoon","halation:MonkeysPaw"],"picked":"aspiration:FutureDiary"}],"items_purged_floors":[22,38],"is_endless":false,"potions_floor_spawned":[3,4,8,13,16,19,25,29,35,36],"killed_by":"Spire Growth","ascension_level":0}}