{"host":"vxy6xn7iqo09pby3","time":1613939058,"event":{"mods":["2.2 Compatiblity","AchievementEnabler","Act Like it!","Aspiration","BaseMod","Beaked The Cultist","Better Note","BetterRewards","Block Reminder","Challenge The Spire","Colored Map","Colored Powertips","Conspire","Downfall","Gremlin Mod","Halation","Hallownest","Hermit","Highlight Path","Hubris","Infinite Spire","Jorbs\u0027s Wanderer Trilogy","Mimic Mod","Minty Spire (QoL Compilation)","Permanent Neow","Quick Restart","Random Character Button","Relic Sorter","Relic Stats","Replay The Spire","Shop Mod","Spicy Shops","StSLib","The Animator","The Construct","The Cursed","The Disciple","The Jungle","The Mystic","The Necromancer","The Runesmith","Trackpad","everything is the same but u backflip on backflip"],"gold_per_floor":[114,114,114,64,82,112,112,60,108,124,140,154,166,93,93,190,190,207,227,227,227,227,227],"floor_reached":22,"language":"ENG","playtime":1381,"items_purged":[],"score":214,"play_id":"36ce6149-b4de-40a3-ad62-88e980fafa9b","local_time":"20210221142418","is_ascension_mode":true,"campfire_choices":[{"data":"Replay:Bootleg Shield Generator","floor":7,"key":"SMITH"},{"floor":15,"key":"REST"}],"circlet_count":0,"master_deck":["construct:Strike_Gold+1","construct:Strike_Gold","construct:Strike_Gold","construct:Strike_Gold","construct:Defend_Gold+1","construct:Defend_Gold","construct:Defend_Gold","construct:Defend_Gold","construct:Defend_Gold","construct:AttackMode","construct:DefenseMode","Replay:Bootleg Shield Generator+1","construct:Autoturret","construct:Zapper","construct:Synchronize","construct:Autoturret+1","infinitespire:Starlight","infinitespire:SealOfDarkness+"],"relics":["construct:ClockworkPhoenix","conspire:RunicOctahedron","hubris:GlazedTorus","halation:EternalFortune","halation:PrussianBluePaint","hubris:TenFootPole"],"acts_visited":["Exordium","TheCity"],"potions_floor_usage":[6,19],"damage_taken":[{"damage":3,"enemies":"2 Louse","floor":1,"turns":3},{"damage":6,"enemies":"Jaw Worm","floor":5,"turns":3},{"damage":37,"enemies":"Lagavulin","floor":6,"turns":6},{"damage":2,"enemies":"Cultist","floor":10,"turns":15},{"damage":8,"enemies":"Exordium Wildlife","floor":11,"turns":37},{"damage":6,"enemies":"Blue Slaver","floor":12,"turns":12},{"damage":1,"enemies":"Large Slime","floor":13,"turns":27},{"damage":26,"enemies":"The Guardian","floor":16,"turns":12},{"damage":36,"enemies":"3 Byrds","floor":18,"turns":5},{"damage":46,"enemies":"2 Thieves","floor":19,"turns":4},{"damage":0,"enemies":"Cultist and Chosen","floor":22,"turns":1}],"seed_played":"7156470768163537174","potions_obtained":[{"floor":1,"key":"Toxic Potion"},{"floor":6,"key":"Milkshake"},{"floor":13,"key":"GamblersBrew"},{"floor":16,"key":"SteroidPotion"}],"is_trial":false,"path_per_floor":["M","?","?","?","M","E","R","$","T","M","M","M","M","$","R","B",null,"M","M","?","AVR","M"],"character_chosen":"THE_CONSTRUCT_MOD","items_purchased":["construct:Autoturret","construct:Synchronize"],"campfire_rested":1,"item_purchase_floors":[8,14],"current_hp_per_floor":[82,65,68,68,62,25,25,25,25,23,15,9,8,8,34,8,88,52,9,12,12,12,12],"gold":227,"neow_bonus":"RANDOM_COLORLESS","is_daily":false,"chose_seed":false,"campfire_upgraded":1,"win_rate":0.0,"timestamp":1613939058,"path_taken":["M","?","?","?","M","E","R","?","T","M","M","M","M","$","R","BOSS","M","M","?","AVR","M"],"items_purchased_type":["Card","Card"],"build_version":"2020-12-22","purchased_purges":0,"victory":false,"max_hp_per_floor":[85,85,88,88,88,88,88,88,88,88,88,88,88,88,88,88,88,88,91,94,94,94,94],"relic_stats":{"counters":[11,119],"obtain_stats":[{"halation:PrussianBluePaint":6,"halation:EternalFortune":3,"conspire:RunicOctahedron":17,"hubris:TenFootPole":9,"construct:ClockworkPhoenix":0,"hubris:GlazedTorus":21},{"halation:PrussianBluePaint":3,"halation:EternalFortune":1,"conspire:RunicOctahedron":8,"hubris:TenFootPole":3,"construct:ClockworkPhoenix":0,"hubris:GlazedTorus":10},{"halation:PrussianBluePaint":12,"halation:EternalFortune":3,"conspire:RunicOctahedron":110,"hubris:TenFootPole":12,"construct:ClockworkPhoenix":0,"hubris:GlazedTorus":118}]},"card_choices":[{"not_picked":["ReplayTheSpireMod:Private Reserves","Enlightenment"],"picked":"Replay:Bootleg Shield Generator","floor":0},{"not_picked":["construct:Backfire","construct:ScrapCannon","construct:VentSteam"],"picked":"SKIP","floor":1},{"not_picked":["construct:FocusedBeam","construct:SweepLaser","construct:Analyze"],"picked":"SKIP","floor":5},{"not_picked":["construct:BatteryAcid","construct:Construct_Overclock","construct:Backup"],"picked":"SKIP","floor":6},{"not_picked":["construct:Failsafe","construct:FlakBarrage","construct:Electrocute"],"picked":"SKIP","floor":10},{"not_picked":["construct:Overcharge","construct:Missile"],"picked":"construct:Zapper","floor":11},{"not_picked":["construct:FocusedBeam","construct:Versatility","construct:ScrapCannon"],"picked":"SKIP","floor":12},{"not_picked":["construct:Forcefield","construct:Backfire","construct:Analyze"],"picked":"SKIP","floor":13},{"not_picked":["construct:Disrupt+1","construct:HeavyBolt+1"],"picked":"construct:Autoturret+1","floor":18},{"not_picked":["construct:Electrocute","construct:FocusedBeam","construct:VentSteam"],"picked":"SKIP","floor":19}],"player_experience":124515,"relics_obtained":[{"floor":6,"key":"halation:PrussianBluePaint"},{"floor":9,"key":"hubris:TenFootPole"},{"floor":19,"key":"halation:EternalFortune"}],"event_choices":[{"damage_healed":0,"gold_gain":0,"player_choice":"Entered Light","damage_taken":17,"max_hp_gain":0,"max_hp_loss":0,"event_name":"Shining Light","floor":2,"gold_loss":0,"cards_upgraded":["construct:Strike_Gold","construct:Defend_Gold"]},{"cards_removed":["construct:Strike_Gold"],"damage_healed":0,"gold_gain":0,"player_choice":"Card Removal","damage_taken":0,"max_hp_gain":0,"max_hp_loss":0,"event_name":"The Cleric","floor":4,"gold_loss":50}],"is_beta":false,"boss_relics":[{"not_picked":["hubris:GrandSneckoEye","Coffee Dripper"],"picked":"conspire:RunicOctahedron"}],"items_purged_floors":[],"is_endless":false,"potions_floor_spawned":[1,6,13,16,18],"killed_by":"Cultist and Chosen","ascension_level":3}}