{"host":"6fh0uvaoh3e0g6do","time":1613936528,"event":{"mods":["AchievementEnabler","BaseMod","BetterRewards","Colored Map","Colored Powertips","Highlight Path","Hubris","Infinite Spire","Minty Spire (QoL Compilation)","Quick Restart","Replay The Spire","StSLib"],"gold_per_floor":[118,118,118,145,162,162,162,180,180,197,197,197,212,223,223,319,319,335,0,12,12,12,34,34,51,51,51,51,51],"floor_reached":29,"language":"ENG","playtime":1457,"items_purged":[],"score":258,"play_id":"bf7a807f-0643-4e8c-95dd-d940a60c52f4","local_time":"20210221124208","is_ascension_mode":false,"campfire_choices":[{"data":"Noxious Fumes","floor":6,"key":"SMITH"},{"floor":12,"key":"REST"},{"floor":15,"key":"REST"},{"floor":28,"key":"REST"}],"circlet_count":0,"master_deck":["Defend_G","Defend_G","Defend_G","Defend_G","Survivor","Neutralize","Noxious Fumes+1","Noxious Fumes+1","Tactician+1","hubris:Sniper","Deflect","Deflect","Dodge and Roll","Replay:Bag of Tricks","Acrobatics","Sadistic Nature+1","Poisoned Stab","Bite","Bite","Bite","Bite","Bite","Delirium","Calculated Gamble","Deflect"],"relics":["Ring of the Snake","Replay:Wax Seal","Letter Opener","Counterbalance","Juzu Bracelet","hubris:Icosahedron","Anchor","ReplayTheSpireMod:Ninjato","Black Star","Bronze Scales","Pet Ghost","Bag of Preparation","hubris:Teleporter","hubris:TinFlute"],"acts_visited":["Exordium","TheCity"],"potions_floor_usage":[14,16,18,20,23],"damage_taken":[{"damage":2,"enemies":"Small Slimes","floor":1,"turns":4},{"damage":0,"enemies":"Jaw Worm","floor":5,"turns":5},{"damage":1,"enemies":"Cultist","floor":8,"turns":3},{"damage":3,"enemies":"Blue Slaver","floor":10,"turns":5},{"damage":0,"enemies":"2 Fungi Beasts","floor":13,"turns":3},{"damage":0,"enemies":"Exordium Wildlife","floor":14,"turns":3},{"damage":36,"enemies":"Fading Forest","floor":16,"turns":11},{"damage":0,"enemies":"3 Byrds","floor":18,"turns":3},{"damage":11,"enemies":"Chosen","floor":20,"turns":6},{"damage":35,"enemies":"Replay:Snechameleon","floor":23,"turns":6},{"damage":21,"enemies":"Centurion and Healer","floor":25,"turns":5},{"damage":24,"enemies":"Gremlin Leader","floor":29,"turns":6}],"seed_played":"-1318450202748921820","potions_obtained":[{"floor":5,"key":"SpeedPotion"},{"floor":13,"key":"ColorlessPotion"},{"floor":16,"key":"Energy Potion"},{"floor":18,"key":"SkillPotion"},{"floor":20,"key":"FearPotion"}],"is_trial":false,"path_per_floor":["M","?","?","T","M","R","?","M","T","M","?","R","M","M","R","B",null,"M","$","M","?","?","E","?","M","T","R","E"],"character_chosen":"THE_SILENT","items_purchased":["Replay:Wax Seal","Letter Opener","Noxious Fumes","Noxious Fumes","Sadistic Nature","Bronze Scales"],"campfire_rested":3,"item_purchase_floors":[0,0,0,0,19,19],"current_hp_per_floor":[36,36,36,36,36,36,36,35,35,32,18,39,39,39,60,34,70,70,70,59,49,49,18,18,1,1,15,0,0],"gold":51,"neow_bonus":"","is_daily":false,"chose_seed":false,"campfire_upgraded":1,"win_rate":0.0,"timestamp":1613936528,"path_taken":["M","?","?","?","M","R","?","M","T","M","?","R","M","M","R","BOSS","M","$","M","?","?","E","?","M","T","R","E"],"items_purchased_type":["Relic","Relic","Card","Card","Card","Relic"],"build_version":"2020-12-22","purchased_purges":0,"victory":false,"max_hp_per_floor":[70,70,70,70,70,70,70,70,70,70,70,70,70,70,70,70,70,70,70,70,49,49,49,49,49,49,49,49,49],"card_choices":[{"not_picked":["Dodge and Roll","hubris:SlightOfHand"],"picked":"Tactician","floor":1},{"not_picked":["hubris:SlightOfHand","Hidden Blade"],"picked":"hubris:Sniper","floor":5},{"not_picked":["PiercingWail","Escape Plan"],"picked":"Deflect","floor":8},{"not_picked":["Blur","ReplayTheSpireMod:Tripwire"],"picked":"Deflect","floor":10},{"not_picked":["hubris:TrickCloak","hubris:SlightOfHand"],"picked":"Dodge and Roll","floor":13},{"not_picked":["Glass Knife","Flying Knee","hubris:SlightOfHand"],"picked":"SKIP","floor":14},{"not_picked":["Glass Knife","Venomology"],"picked":"Replay:Bag of Tricks","floor":16},{"not_picked":["Endless Agony","Slice"],"picked":"Acrobatics","floor":18},{"not_picked":["ReplayTheSpireMod:Tripwire","Hidden Blade+1"],"picked":"Poisoned Stab","floor":20},{"not_picked":["Skewer","hubris:Counter"],"picked":"Calculated Gamble","floor":23},{"not_picked":["Blade Dance","Backflip"],"picked":"Deflect","floor":25}],"player_experience":35069,"relics_obtained":[{"floor":4,"key":"Anchor"},{"floor":9,"key":"ReplayTheSpireMod:Ninjato"},{"floor":23,"key":"Bag of Preparation"},{"floor":23,"key":"hubris:Teleporter"},{"floor":26,"key":"hubris:TinFlute"}],"event_choices":[{"damage_healed":0,"gold_gain":0,"player_choice":"Ignored","damage_taken":0,"max_hp_gain":0,"max_hp_loss":0,"event_name":"Liars Game","floor":3,"gold_loss":0},{"damage_healed":0,"gold_gain":0,"player_choice":"Entered Light","damage_taken":14,"max_hp_gain":0,"max_hp_loss":0,"event_name":"Shining Light","floor":11,"gold_loss":0,"cards_upgraded":["Tactician","Noxious Fumes"]},{"damage_healed":0,"gold_gain":0,"player_choice":"Became a vampire","damage_taken":0,"max_hp_gain":0,"max_hp_loss":21,"event_name":"Vampires","floor":21,"gold_loss":0,"cards_obtained":["Bite","Bite","Bite","Bite","Bite"]}],"is_beta":false,"boss_relics":[{"not_picked":["hubris:GrandSneckoEye","Kintsugi"],"picked":"Black Star"}],"items_purged_floors":[],"is_endless":false,"potions_floor_spawned":[5,13,16,18,20],"killed_by":"Gremlin Leader","ascension_level":0}}