{"host":"51f0ad793vly1w6u","time":1613916223,"event":{"mods":["BaseMod","Colored Map","DeckTracker","Minty Spire (QoL Compilation)","StSLib","SuperFastMode"],"gold_per_floor":[368,368,386,124,138,138,163,163,189,5,39,39,98,198,198,293,293,303,323,51,69,84,101,116,41,92,92,103,131,142,155,155,257,257,274,1273,1273,1273,1293,1327,1339,1351,1415,1437,1449,1079,1079,189,189,189],"floor_reached":51,"language":"KOR","playtime":1427,"items_purged":["Defend_B","Defend_B","Barrage","Normality","Normality"],"score":1009,"play_id":"b90c2bd3-63ad-4160-bbe7-02b581529b00","local_time":"20210221230343","is_ascension_mode":true,"campfire_choices":[{"data":"Apotheosis","floor":6,"key":"SMITH"},{"data":"White Noise","floor":12,"key":"SMITH"},{"data":"Hologram","floor":15,"key":"SMITH"},{"floor":27,"key":"REST"},{"data":"Creative AI","floor":32,"key":"SMITH"},{"floor":41,"key":"REST"},{"floor":45,"key":"REST"},{"floor":47,"key":"REST"},{"floor":49,"key":"REST"}],"circlet_count":0,"master_deck":["Zap","Dualcast","Steam","Apotheosis+1","Hologram+1","White Noise+1","Melter","Sweeping Beam","Self Repair","All For One","Multi-Cast","Buffer","Darkness","Genetic Algorithm","Turbo+1","Leap+1","Force Field","Double Energy+1","Creative AI+1","Reinforced Body+1","Aggregate+1","Echo Form","Recycle+1","Double Energy","White Noise","Panacea","Defragment","Electrodynamics","Stack","Blind","Cold Snap","Steam+1"],"relics":["Cracked Core","MealTicket","Bag of Marbles","Singing Bowl","Ginger","Pandora\u0027s Box","Oddly Smooth Stone","Potion Belt","Meat on the Bone","Fusion Hammer","MawBank","Dream Catcher","Incense Burner","Cauldron"],"acts_visited":["Exordium","TheCity","TheBeyond"],"potions_floor_usage":[7,13,16,18,31,33,33,35,39,40,50,50,50,50],"damage_taken":[{"damage":0,"enemies":"Cultist","floor":1,"turns":3},{"damage":0,"enemies":"Small Slimes","floor":3,"turns":2},{"damage":0,"enemies":"2 Louse","floor":5,"turns":2},{"damage":10,"enemies":"Gremlin Nob","floor":7,"turns":3},{"damage":3,"enemies":"Lagavulin","floor":11,"turns":5},{"damage":25,"enemies":"Lagavulin Event","floor":13,"turns":5},{"damage":16,"enemies":"Hexaghost","floor":16,"turns":8},{"damage":12,"enemies":"Chosen","floor":18,"turns":4},{"damage":28,"enemies":"Shell Parasite","floor":19,"turns":5},{"damage":19,"enemies":"Snake Plant","floor":21,"turns":4},{"damage":23,"enemies":"Centurion and Healer","floor":22,"turns":8},{"damage":0,"enemies":"Sentry and Sphere","floor":23,"turns":5},{"damage":4,"enemies":"Snake Plant","floor":24,"turns":3},{"damage":0,"enemies":"Snecko","floor":28,"turns":4},{"damage":28,"enemies":"Book of Stabbing","floor":29,"turns":7},{"damage":16,"enemies":"Centurion and Healer","floor":30,"turns":6},{"damage":0,"enemies":"3 Cultists","floor":31,"turns":5},{"damage":68,"enemies":"Automaton","floor":33,"turns":10},{"damage":59,"enemies":"3 Darklings","floor":35,"turns":3},{"damage":9,"enemies":"3 Shapes","floor":39,"turns":4},{"damage":63,"enemies":"Nemesis","floor":40,"turns":7},{"damage":34,"enemies":"Writhing Mass","floor":44,"turns":9},{"damage":47,"enemies":"Donu and Deca","floor":50,"turns":8}],"seed_played":"-666109911047628244","potions_obtained":[{"floor":3,"key":"AttackPotion"},{"floor":5,"key":"LiquidBronze"},{"floor":7,"key":"EssenceOfSteel"},{"floor":11,"key":"FairyPotion"},{"floor":13,"key":"AttackPotion"},{"floor":24,"key":"FocusPotion"},{"floor":28,"key":"Fruit Juice"},{"floor":29,"key":"PotionOfCapacity"},{"floor":30,"key":"PotionOfCapacity"},{"floor":31,"key":"Explosive Potion"},{"floor":33,"key":"PowerPotion"},{"floor":35,"key":"LiquidMemories"},{"floor":44,"key":"Ancient Potion"},{"floor":48,"key":"PotionOfCapacity"},{"floor":48,"key":"FocusPotion"},{"floor":48,"key":"CultistPotion"}],"is_trial":false,"path_per_floor":["M","?","M","$","M","R","E","?","T","$","E","R","?","?","R","B",null,"M","M","$","M","M","M","M","?","T","R","M","E","M","M","R","B",null,"M","?","?","?","M","E","R","?","T","M","R","$","R","$","R","B",null],"character_chosen":"DEFECT","items_purchased":["Apotheosis","Melter","Sweeping Beam","Oddly Smooth Stone","Double Energy","White Noise","Panacea","Incense Burner","Electrodynamics","Cauldron","Stack","Blind","Cold Snap"],"campfire_rested":5,"item_purchase_floors":[4,10,10,20,46,46,46,48,48,48,48,48,48],"current_hp_per_floor":[68,61,61,61,61,61,51,56,56,71,68,68,45,45,45,39,66,64,50,65,53,40,49,45,45,45,68,75,59,53,70,70,24,71,38,38,38,40,52,46,72,72,72,66,92,92,92,92,92,67],"gold":189,"neow_bonus":"TWO_FIFTY_GOLD","is_daily":false,"chose_seed":false,"campfire_upgraded":4,"win_rate":0.0,"timestamp":1613916223,"path_taken":["M","?","M","$","M","R","E","?","T","$","E","R","?","?","R","BOSS","M","M","$","?","M","M","?","?","T","R","M","E","M","M","R","BOSS","M","?","?","?","M","E","R","?","T","?","R","?","R","$","R","BOSS"],"items_purchased_type":["Card","Card","Card","Relic","Card","Card","Card","Relic","Card","Relic","Card","Card","Card"],"build_version":"2020-12-22","purchased_purges":5,"victory":true,"max_hp_per_floor":[68,68,68,68,68,68,68,73,73,73,73,73,75,75,75,75,75,75,75,75,75,75,77,77,77,77,77,77,79,79,86,86,86,86,86,86,82,84,86,88,88,88,88,90,92,92,92,92,92,92],"card_choices":[{"not_picked":["Redo","BootSequence"],"picked":"Rip and Tear","floor":1},{"not_picked":["Heatsinks","Steam Power"],"picked":"Steam","floor":3},{"not_picked":["Redo","Melter"],"picked":"Hologram","floor":5},{"not_picked":["Steam","Sweeping Beam"],"picked":"White Noise","floor":7},{"not_picked":["Steam Power","Streamline"],"picked":"Self Repair","floor":11},{"not_picked":["Streamline","Static Discharge","Compile Driver"],"picked":"Singing Bowl","floor":13},{"not_picked":["Meteor Strike","Thunder Strike"],"picked":"All For One","floor":16},{"not_picked":["Streamline","Reinforced Body"],"picked":"Turbo+1","floor":18},{"not_picked":["Gash","Hologram"],"picked":"Leap+1","floor":19},{"not_picked":["Hologram","Self Repair"],"picked":"Force Field","floor":21},{"not_picked":["Lockon","Streamline"],"picked":"Double Energy+1","floor":22},{"not_picked":["Heatsinks","Turbo","Gash+1"],"picked":"Singing Bowl","floor":23},{"not_picked":["Chaos","Sweeping Beam"],"picked":"Creative AI","floor":24},{"not_picked":["Blizzard","Rebound"],"picked":"Reinforced Body+1","floor":28},{"not_picked":["Gash","Compile Driver","Reprogram"],"picked":"Singing Bowl","floor":29},{"not_picked":["Barrage","Streamline+1"],"picked":"Aggregate+1","floor":30},{"not_picked":["Lockon","Steam Power+1","Barrage+1"],"picked":"Singing Bowl","floor":31},{"not_picked":["Core Surge","Rainbow"],"picked":"Echo Form","floor":33},{"not_picked":["Streamline+1","Stack"],"picked":"Recycle+1","floor":35},{"not_picked":["HandOfGreed","Violence","Good Instincts"],"picked":"Singing Bowl","floor":38},{"not_picked":["Consume+1","Lockon","Hologram"],"picked":"Singing Bowl","floor":39},{"not_picked":["Fission","Lockon","Coolheaded"],"picked":"Singing Bowl","floor":40},{"not_picked":["Turbo+1","Stack","Cold Snap+1"],"picked":"Singing Bowl","floor":44},{"not_picked":["Barrage","Streamline","Sweeping Beam+1"],"picked":"Singing Bowl","floor":45},{"not_picked":["Gash","Leap"],"picked":"Defragment","floor":47},{"not_picked":["Tempest+1","Rebound+1"],"picked":"Steam+1","floor":49}],"player_experience":1468031,"relics_obtained":[{"floor":7,"key":"MealTicket"},{"floor":9,"key":"Bag of Marbles"},{"floor":11,"key":"Singing Bowl"},{"floor":26,"key":"Potion Belt"},{"floor":29,"key":"Meat on the Bone"},{"floor":40,"key":"MawBank"},{"floor":43,"key":"Dream Catcher"}],"event_choices":[{"cards_removed":["Strike_B"],"damage_healed":0,"gold_gain":0,"player_choice":"Card Removal","damage_taken":7,"max_hp_gain":0,"max_hp_loss":0,"event_name":"Golden Wing","floor":2,"gold_loss":0},{"damage_healed":0,"gold_gain":0,"player_choice":"Donut","damage_taken":0,"max_hp_gain":5,"max_hp_loss":0,"event_name":"Big Fish","floor":8,"gold_loss":0},{"damage_healed":0,"gold_gain":0,"player_choice":"Searched \u00273\u0027 times","damage_taken":0,"relics_obtained":["Ginger"],"max_hp_gain":0,"max_hp_loss":0,"event_name":"Dead Adventurer","floor":13,"gold_loss":0},{"damage_healed":0,"gold_gain":100,"player_choice":"Pray","damage_taken":0,"max_hp_gain":0,"max_hp_loss":0,"event_name":"Golden Shrine","floor":14,"gold_loss":0},{"cards_removed":["Rip and Tear"],"damage_healed":0,"gold_gain":0,"player_choice":"Gave Gold","damage_taken":0,"max_hp_gain":0,"max_hp_loss":0,"event_name":"Beggar","floor":25,"gold_loss":75},{"damage_healed":0,"gold_gain":999,"player_choice":"Gold","damage_taken":0,"max_hp_gain":0,"max_hp_loss":0,"event_name":"MindBloom","floor":36,"gold_loss":0,"cards_obtained":["Normality","Normality"]},{"damage_healed":0,"gold_gain":0,"player_choice":"Max HP","damage_taken":0,"max_hp_gain":0,"max_hp_loss":4,"event_name":"Winding Halls","floor":37,"gold_loss":0},{"damage_healed":0,"gold_gain":0,"player_choice":"Memory 1","damage_taken":0,"max_hp_gain":0,"max_hp_loss":0,"event_name":"SensoryStone","floor":38,"gold_loss":0},{"damage_healed":0,"gold_gain":0,"player_choice":"Ignored","damage_taken":0,"max_hp_gain":0,"max_hp_loss":0,"event_name":"Tomb of Lord Red Mask","floor":42,"gold_loss":0}],"is_beta":false,"boss_relics":[{"not_picked":["SlaversCollar","Philosopher\u0027s Stone"],"picked":"Pandora\u0027s Box"},{"not_picked":["Coffee Dripper","Cursed Key"],"picked":"Fusion Hammer"}],"items_purged_floors":[4,10,20,46,48],"is_endless":false,"potions_floor_spawned":[3,5,7,11,13,24,28,29,30,31,33,35,44],"ascension_level":7}}