{"host":"0pyv9je0pz1gg9m7","time":1613919005,"event":{"mods":["AchievementEnabler","BaseMod","Colored Map","DeckTracker","Minty Spire (QoL Compilation)","Permanent Neow","StSLib","SuperFastMode","everything is the same but u backflip on backflip"],"gold_per_floor":[15,35,50,65,84,84,115,115,141,176,193,221,236,161,161,234,234,246,171,182,107,127,127,156,156,182,182,197,12,27,58,58,134,134,147,147,161,180,194,194,226,237,263,24,35,54,89,89,89,89,89,89,89,14,43,43],"floor_reached":57,"language":"KOR","playtime":4298,"items_purged":["Flying Knee","Slice"],"score":3181,"play_id":"1e1140c4-2dbd-427a-93c1-aeb9da5aa9b1","local_time":"20210221235005","is_ascension_mode":true,"campfire_choices":[{"data":"Apotheosis","floor":6.0,"key":"SMITH"},{"floor":8.0,"key":"REST"},{"floor":15.0,"key":"REST"},{"data":"Calculated Gamble","floor":23.0,"key":"SMITH"},{"floor":27.0,"key":"REST"},{"data":"Calculated Gamble","floor":32.0,"key":"SMITH"},{"floor":40.0,"key":"REST"},{"floor":49.0,"key":"RECALL"},{"data":"Well Laid Plans","floor":53.0,"key":"SMITH"}],"circlet_count":0,"master_deck":["AscendersBane","Survivor","Neutralize","Apotheosis+1","Predator","Blade Dance","Quick Slash","Well Laid Plans+1","Grand Finale","Prepared","Underhanded Strike","After Image","Terror","Leg Sweep","Outmaneuver","Storm of Steel","Endless Agony","Backflip","Malaise","Backstab","Calculated Gamble+1","Tactician+1","Backflip","Calculated Gamble+1","PiercingWail","Dodge and Roll+1","Tactician+1","Escape Plan","Prepared","Acrobatics","Footwork","Caltrops","Reflex","PiercingWail","Reflex+1","Burst","Noxious Fumes"],"relics":["Ring of the Serpent","HornCleat","Lantern","Bag of Preparation","Bag of Marbles","Pandora\u0027s Box","Centennial Puzzle","Happy Flower","Potion Belt","OrangePellets","Question Card","Vajra"],"acts_visited":["Exordium","TheCity","TheBeyond","TheEnding"],"potions_floor_usage":[56,56,56],"damage_taken":[{"damage":0.0,"enemies":"Cultist","floor":1.0,"turns":3.0},{"damage":4.0,"enemies":"Small Slimes","floor":2.0,"turns":4.0},{"damage":0.0,"enemies":"2 Louse","floor":3.0,"turns":3.0},{"damage":6.0,"enemies":"Exordium Thugs","floor":4.0,"turns":4.0},{"damage":18.0,"enemies":"Lots of Slimes","floor":5.0,"turns":4.0},{"damage":16.0,"enemies":"3 Sentries","floor":7.0,"turns":6.0},{"damage":0.0,"enemies":"Gremlin Nob","floor":10.0,"turns":3.0},{"damage":6.0,"enemies":"Red Slaver","floor":11.0,"turns":2.0},{"damage":15.0,"enemies":"Lagavulin","floor":12.0,"turns":4.0},{"damage":6.0,"enemies":"Exordium Thugs","floor":13.0,"turns":3.0},{"damage":0.0,"enemies":"Slime Boss","floor":16.0,"turns":3.0},{"damage":0.0,"enemies":"Shell Parasite","floor":18.0,"turns":1.0},{"damage":0.0,"enemies":"Spheric Guardian","floor":20.0,"turns":3.0},{"damage":1.0,"enemies":"Centurion and Healer","floor":22.0,"turns":4.0},{"damage":16.0,"enemies":"Slavers","floor":24.0,"turns":4.0},{"damage":1.0,"enemies":"Snake Plant","floor":28.0,"turns":4.0},{"damage":0.0,"enemies":"Cultist and Chosen","floor":30.0,"turns":3.0},{"damage":0.0,"enemies":"Book of Stabbing","floor":31.0,"turns":4.0},{"damage":16.0,"enemies":"Collector","floor":33.0,"turns":6.0},{"damage":2.0,"enemies":"3 Shapes","floor":35.0,"turns":6.0},{"damage":11.0,"enemies":"3 Darklings","floor":37.0,"turns":5.0},{"damage":0.0,"enemies":"Transient","floor":38.0,"turns":6.0},{"damage":22.0,"enemies":"Writhing Mass","floor":39.0,"turns":6.0},{"damage":0.0,"enemies":"Reptomancer","floor":41.0,"turns":4.0},{"damage":4.0,"enemies":"4 Shapes","floor":42.0,"turns":3.0},{"damage":6.0,"enemies":"Jaw Worm Horde","floor":45.0,"turns":3.0},{"damage":0.0,"enemies":"3 Darklings","floor":46.0,"turns":4.0},{"damage":0.0,"enemies":"Giant Head","floor":47.0,"turns":3.0},{"damage":10.0,"enemies":"Time Eater","floor":50.0,"turns":13.0},{"damage":0.0,"enemies":"Donu and Deca","floor":51.0,"turns":7.0},{"damage":28.0,"enemies":"Shield and Spear","floor":55.0,"turns":4.0},{"damage":16,"enemies":"The Heart","floor":56,"turns":8}],"seed_played":"-2158281932092523797","potions_obtained":[{"floor":2.0,"key":"SpeedPotion"},{"floor":3.0,"key":"Weak Potion"},{"floor":5.0,"key":"AttackPotion"},{"floor":7.0,"key":"SkillPotion"},{"floor":20.0,"key":"SteroidPotion"},{"floor":30.0,"key":"EntropicBrew"},{"floor":35.0,"key":"DuplicationPotion"},{"floor":39.0,"key":"PowerPotion"},{"floor":45.0,"key":"Regen Potion"},{"floor":46.0,"key":"CultistPotion"}],"is_trial":false,"path_per_floor":["M","M","M","M","M","R","E","R","T","E","M","E","M","?","R","B",null,"M","?","M","$","M","R","E","?","T","R","M","$","M","E","R","B",null,"M","?","M","M","M","R","E","M","T","$","M","M","E","T","R","B","B",null,"R","$","E","B",null],"character_chosen":"THE_SILENT","items_purchased":["Calculated Gamble","Reflex","OrangePellets","Noxious Fumes"],"campfire_rested":4,"item_purchase_floors":[29,44,44,54],"current_hp_per_floor":[59,55,55,49,31,31,15,34,34,34,28,13,7,7,26,26,56,56,56,56,56,55,55,39,39,39,58,57,57,57,57,57,41,60,58,58,47,47,25,44,44,40,40,40,34,46,46,46,46,36,36,59,59,59,31,15],"gold":43,"neow_bonus":"RANDOM_COLORLESS_2","is_daily":false,"chose_seed":false,"campfire_upgraded":4,"win_rate":0.0,"timestamp":1613919005,"path_taken":["M","M","M","?","M","R","E","R","T","E","M","E","M","?","R","BOSS","M","?","M","$","M","R","E","?","T","R","M","$","M","E","R","BOSS","M","?","M","?","M","R","E","M","T","?","M","M","E","?","R","BOSS","BOSS","R","$","E","BOSS"],"items_purchased_type":["Card","Card","Relic","Card"],"build_version":"2020-12-22","purchased_purges":2,"victory":true,"max_hp_per_floor":[66,66,66,66,66,66,66,66,66,66,66,66,66,66,66,66,66,66,66,66,66,66,66,66,66,66,66,66,66,66,66,66,66,66,66,66,66,66,66,66,66,66,66,66,66,66,66,66,66,66,66,66,66,66,66,66],"card_choices":[{"not_picked":["Magnetism","Master of Strategy"],"picked":"Apotheosis","floor":0.0},{"not_picked":["Acrobatics","Deadly Poison"],"picked":"Slice","floor":1.0},{"not_picked":["Backflip","Prepared"],"picked":"Predator","floor":2.0},{"not_picked":["Bane","Well Laid Plans"],"picked":"Blade Dance","floor":3.0},{"not_picked":["Escape Plan","Sucker Punch"],"picked":"Quick Slash","floor":4.0},{"not_picked":["Terror","Distraction"],"picked":"Well Laid Plans","floor":5.0},{"not_picked":["Slice","Distraction"],"picked":"Grand Finale","floor":7.0},{"not_picked":["Underhanded Strike","Quick Slash"],"picked":"Prepared","floor":10.0},{"not_picked":["Outmaneuver","Sucker Punch"],"picked":"Underhanded Strike","floor":11.0},{"not_picked":["Flying Knee","Sucker Punch","Deadly Poison"],"picked":"SKIP","floor":12.0},{"not_picked":["Underhanded Strike","Bane","Well Laid Plans"],"picked":"SKIP","floor":13.0},{"not_picked":["Corpse Explosion","Glass Knife"],"picked":"After Image","floor":16.0},{"not_picked":["Outmaneuver","Finisher","Blade Dance"],"picked":"SKIP","floor":18.0},{"not_picked":["Deadly Poison","Dodge and Roll"],"picked":"Calculated Gamble","floor":20.0},{"not_picked":["Sucker Punch","Dagger Spray+1"],"picked":"Tactician","floor":22.0},{"not_picked":["Slice","Underhanded Strike","Endless Agony+1"],"picked":"SKIP","floor":24.0},{"not_picked":["Noxious Fumes","A Thousand Cuts"],"picked":"Backflip","floor":28.0},{"not_picked":["Slice","Bane"],"picked":"PiercingWail","floor":30.0},{"not_picked":["Infinite Blades+1","Phantasmal Killer","Dagger Throw"],"picked":"SKIP","floor":31.0},{"not_picked":["Flying Knee","All Out Attack"],"picked":"Dodge and Roll+1","floor":35.0},{"not_picked":["Endless Agony+1","Bane"],"picked":"Escape Plan","floor":37.0},{"not_picked":["Well Laid Plans+1","Slice+1"],"picked":"Prepared","floor":38.0},{"not_picked":["Dash","Bane"],"picked":"Acrobatics","floor":39.0},{"not_picked":["Calculated Gamble","Dagger Throw+1"],"picked":"Footwork","floor":41.0},{"not_picked":["Blade Dance","Deflect"],"picked":"Caltrops","floor":42.0},{"not_picked":["Accuracy","Caltrops+1"],"picked":"PiercingWail","floor":45.0},{"not_picked":["Wraith Form v2","Caltrops"],"picked":"Reflex+1","floor":46.0},{"not_picked":["Accuracy","Poisoned Stab"],"picked":"Burst","floor":47.0},{"not_picked":["Calculated Gamble","Catalyst","Deadly Poison","Dash"],"picked":"SKIP","floor":55.0}],"player_experience":462428,"relics_obtained":[{"floor":7.0,"key":"HornCleat"},{"floor":9.0,"key":"Lantern"},{"floor":10.0,"key":"Bag of Preparation"},{"floor":12.0,"key":"Bag of Marbles"},{"floor":26.0,"key":"Centennial Puzzle"},{"floor":31.0,"key":"Happy Flower"},{"floor":41.0,"key":"Potion Belt"},{"floor":48.0,"key":"Question Card"},{"floor":55.0,"key":"Vajra"}],"event_choices":[{"damage_healed":0.0,"max_hp_gain":0.0,"max_hp_loss":0.0,"gold_gain":0.0,"event_name":"World of Goop","player_choice":"Left Gold","floor":14.0,"gold_loss":75.0,"damage_taken":0.0},{"cards_removed":["Outmaneuver"],"damage_healed":0.0,"max_hp_gain":0.0,"max_hp_loss":0.0,"gold_gain":0.0,"event_name":"Beggar","player_choice":"Gave Gold","floor":19.0,"gold_loss":75.0,"damage_taken":0.0},{"damage_healed":0.0,"max_hp_gain":0.0,"max_hp_loss":0.0,"gold_gain":0.0,"event_name":"Upgrade Shrine","player_choice":"Upgraded","floor":25.0,"gold_loss":0.0,"damage_taken":0.0,"cards_upgraded":["Tactician"]},{"damage_healed":0.0,"max_hp_gain":0.0,"max_hp_loss":0.0,"gold_gain":0.0,"event_name":"Duplicator","player_choice":"Copied","floor":36.0,"gold_loss":0.0,"damage_taken":0.0,"cards_obtained":["Tactician"]}],"is_beta":false,"boss_relics":[{"not_picked":["Ectoplasm","Astrolabe"],"picked":"Pandora\u0027s Box"},{"not_picked":["WristBlade","Velvet Choker"],"picked":"Ring of the Serpent"}],"items_purged_floors":[21,29],"is_endless":false,"potions_floor_spawned":[2,3,4,5,7,20,30,33,35,37,39,45,46],"ascension_level":20}}