{"host":"5n1fl7z5i1vf7jan","time":1613941927,"event":{"mods":["BaseMod","Minty Spire (QoL Compilation)","Quick Restart","Relic Stats"],"gold_per_floor":[209,45,61,72,87,87,101,101,101,127,127,153,153,166,166,242,242,257,274,41,57,57,57,84,84,84,113,125,40,58,70,70,145,145,160,185,200,27,27,27,39,67,67,67,43,43,62,88,88,88,88],"floor_reached":50,"language":"ENG","playtime":2846,"items_purged":["Strike_B"],"score":1154,"play_id":"938ae33e-e992-4df8-9d37-93d3a34175ea","local_time":"20210221131207","is_ascension_mode":true,"campfire_choices":[{"data":"Uppercut","floor":6.0,"key":"SMITH"},{"data":"Zap","floor":8.0,"key":"SMITH"},{"data":"Blade Dance","floor":11.0,"key":"SMITH"},{"floor":13.0,"key":"REST"},{"data":"Acrobatics","floor":15.0,"key":"SMITH"},{"data":"Feed","floor":23.0,"key":"SMITH"},{"data":"Wraith Form v2","floor":25.0,"key":"SMITH"},{"floor":32.0,"key":"REST"},{"data":"Wraith Form v2","floor":40.0,"key":"SMITH"},{"data":"Consume","floor":46.0,"key":"SMITH"},{"floor":49.0,"key":"REST"}],"circlet_count":0,"master_deck":["AscendersBane","Zap+1","Dualcast","Ball Lightning","BowlingBash","Uppercut+1","Sweeping Beam","Blade Dance+1","Conserve Battery","Acrobatics+1","Feed+1","Sucker Punch+1","Leap","Cold Snap","Wraith Form v2+1","ThirdEye","True Grit","Wraith Form v2+1","Skim","Rebound","Fission","Heatsinks","Consume+1","Rebound","Capacitor","Backflip","Master of Strategy","Venomology","Streamline","Dual Wield","WaveOfTheHand"],"relics":["Cracked Core","PrismaticShard","HornCleat","Mango","Philosopher\u0027s Stone","Lee\u0027s Waffle","Nloth\u0027s Gift","InkBottle","Cables","Singing Bowl","Pandora\u0027s Box","Turnip","OrangePellets","Ornamental Fan","Frozen Egg 2"],"acts_visited":["Exordium","TheCity","TheBeyond"],"potions_floor_usage":[50],"damage_taken":[{"damage":1.0,"enemies":"Cultist","floor":1.0,"turns":3.0},{"damage":2.0,"enemies":"2 Louse","floor":3.0,"turns":2.0},{"damage":7.0,"enemies":"Jaw Worm","floor":4.0,"turns":3.0},{"damage":13.0,"enemies":"Exordium Thugs","floor":5.0,"turns":4.0},{"damage":7.0,"enemies":"Looter","floor":7.0,"turns":3.0},{"damage":11.0,"enemies":"Lagavulin","floor":10.0,"turns":5.0},{"damage":16.0,"enemies":"3 Sentries","floor":12.0,"turns":5.0},{"damage":5.0,"enemies":"Gremlin Gang","floor":14.0,"turns":2.0},{"damage":32.0,"enemies":"The Guardian","floor":16.0,"turns":12.0},{"damage":21.0,"enemies":"Shell Parasite","floor":18.0,"turns":4.0},{"damage":12.0,"enemies":"2 Thieves","floor":19.0,"turns":3.0},{"damage":11.0,"enemies":"Snake Plant","floor":21.0,"turns":4.0},{"damage":49.0,"enemies":"Gremlin Leader","floor":24.0,"turns":6.0},{"damage":45.0,"enemies":"Book of Stabbing","floor":27.0,"turns":6.0},{"damage":38.0,"enemies":"Cultist and Chosen","floor":28.0,"turns":7.0},{"damage":19.0,"enemies":"3 Cultists","floor":30.0,"turns":6.0},{"damage":0.0,"enemies":"Centurion and Healer","floor":31.0,"turns":8.0},{"damage":31.0,"enemies":"Collector","floor":33.0,"turns":9.0},{"damage":10.0,"enemies":"3 Darklings","floor":35.0,"turns":6.0},{"damage":0.0,"enemies":"Mind Bloom Boss Battle","floor":36.0,"turns":9.0},{"damage":0.0,"enemies":"3 Shapes","floor":37.0,"turns":3.0},{"damage":0.0,"enemies":"Spire Growth","floor":41.0,"turns":6.0},{"damage":13.0,"enemies":"Reptomancer","floor":42.0,"turns":8.0},{"damage":32.0,"enemies":"4 Shapes","floor":47.0,"turns":7.0},{"damage":39.0,"enemies":"Giant Head","floor":48.0,"turns":11.0},{"damage":113,"enemies":"Awakened One","floor":50,"turns":20}],"seed_played":"5365580101060907409","potions_obtained":[{"floor":1.0,"key":"GamblersBrew"},{"floor":10.0,"key":"FairyPotion"},{"floor":12.0,"key":"Fire Potion"},{"floor":16.0,"key":"Ancient Potion"},{"floor":18.0,"key":"DuplicationPotion"},{"floor":27.0,"key":"CultistPotion"},{"floor":30.0,"key":"Energy Potion"},{"floor":33.0,"key":"EssenceOfSteel"},{"floor":41.0,"key":"SneckoOil"},{"floor":42.0,"key":"Weak Potion"},{"floor":47.0,"key":"Strength Potion"}],"is_trial":false,"path_per_floor":["M","$","M","M","M","R","M","R","T","E","R","E","R","M","R","B",null,"M","M","$","M","?","R","E","R","T","E","M","$","M","M","R","B",null,"M","?","M","$","?","R","M","E","T","?","$","R","M","E","R","B"],"character_chosen":"DEFECT","items_purchased":["PrismaticShard","Lee\u0027s Waffle","Reprogram","OrangePellets","Streamline"],"campfire_rested":3,"item_purchase_floors":[2,20,29,38,45],"current_hp_per_floor":[63,63,61,54,41,41,34,34,34,30,30,28,55,50,50,18,74,56,47,105,94,94,94,49,49,49,6,25,25,8,12,48,17,95,87,87,93,93,90,90,92,79,79,133,133,133,105,66,107,0,0],"gold":88,"neow_bonus":"HUNDRED_GOLD","is_daily":false,"chose_seed":false,"campfire_upgraded":8,"win_rate":0.0,"timestamp":1613941927,"path_taken":["M","$","M","M","M","R","M","R","T","E","R","E","R","M","R","BOSS","M","?","$","M","?","R","E","R","T","E","M","$","M","M","R","BOSS","M","?","M","$","?","R","?","E","T","?","$","R","?","E","R","BOSS"],"items_purchased_type":["Relic","Relic","Card","Relic","Card"],"build_version":"2020-12-22","purchased_purges":1,"victory":false,"max_hp_per_floor":[71,71,71,71,71,71,71,71,71,78,78,92,92,92,92,92,92,95,98,105,105,105,105,109,109,109,111,115,115,117,121,121,121,121,123,123,129,129,131,131,133,133,133,133,133,133,137,137,137,137,137],"relic_stats":{"OrangePellets":[7],"Lee\u0027s Waffle":58,"Singing Bowl":12,"counters":[26,162],"Ornamental Fan":[64],"Pandora\u0027s Box":["Skim","Rebound","Fission","Heatsinks","Consume","Rebound","Capacitor"],"Turnip":[0],"Nloth\u0027s Gift":3,"obtain_stats":[{"Lee\u0027s Waffle":20,"Singing Bowl":27,"Mango":12,"Frozen Egg 2":48,"PrismaticShard":2,"Cables":26,"OrangePellets":38,"HornCleat":9,"Ornamental Fan":42,"Strawberry":10,"Philosopher\u0027s Stone":17,"Pandora\u0027s Box":34,"Turnip":36,"Nloth\u0027s Gift":22,"Cracked Core":0,"InkBottle":24},{"Lee\u0027s Waffle":11,"Singing Bowl":14,"Mango":7,"Frozen Egg 2":25,"PrismaticShard":1,"Cables":13,"OrangePellets":21,"HornCleat":5,"Ornamental Fan":23,"Strawberry":6,"Philosopher\u0027s Stone":9,"Pandora\u0027s Box":18,"Turnip":20,"Nloth\u0027s Gift":12,"Cracked Core":0,"InkBottle":13},{"Lee\u0027s Waffle":46,"Singing Bowl":62,"Mango":25,"Frozen Egg 2":142,"PrismaticShard":3,"Cables":56,"OrangePellets":110,"HornCleat":15,"Ornamental Fan":124,"Strawberry":20,"Philosopher\u0027s Stone":39,"Pandora\u0027s Box":92,"Turnip":107,"Nloth\u0027s Gift":50,"Cracked Core":0,"InkBottle":56}],"InkBottle":[43],"Cables":[93,82,11,0,0]},"card_choices":[{"not_picked":["Fusion","Aggregate"],"picked":"Ball Lightning","floor":1.0},{"not_picked":["Well Laid Plans","Clash"],"picked":"BowlingBash","floor":3.0},{"not_picked":["Body Slam","Havoc"],"picked":"Uppercut","floor":4.0},{"not_picked":["Pommel Strike","Blade Dance"],"picked":"Sweeping Beam","floor":5.0},{"not_picked":["Flying Knee","Prostrate","Secret Weapon"],"picked":"SKIP","floor":7.0},{"not_picked":["Beam Cell","Bludgeon"],"picked":"Blade Dance","floor":10.0},{"not_picked":["Perfected Strike","Quick Slash"],"picked":"Conserve Battery","floor":12.0},{"not_picked":["BowlingBash","BattleHymn"],"picked":"Acrobatics","floor":14.0},{"not_picked":["SpiritShield","Thunder Strike"],"picked":"Feed","floor":16.0},{"not_picked":["Riddle With Holes","SashWhip"],"picked":"Sucker Punch+1","floor":18.0},{"not_picked":["Consecrate","Dodge and Roll"],"picked":"Leap","floor":19.0},{"not_picked":["Havoc","Swivel+1"],"picked":"Cold Snap","floor":21.0},{"not_picked":["Fire Breathing","Establishment"],"picked":"Wraith Form v2","floor":24.0},{"not_picked":["Blizzard+1","Havoc","Seeing Red"],"picked":"Singing Bowl","floor":27.0},{"not_picked":["Sweeping Beam","Ghostly Armor"],"picked":"ThirdEye","floor":28.0},{"not_picked":["Sweeping Beam","Redo","Prepared"],"picked":"Singing Bowl","floor":30.0},{"not_picked":["Go for the Eyes","Steam"],"picked":"True Grit","floor":31.0},{"not_picked":["Double Tap","Magnetism"],"picked":"Wraith Form v2","floor":33.0},{"not_picked":["Evaluate","Swift Strike+1","Dagger Spray"],"picked":"Singing Bowl","floor":35.0},{"not_picked":["Cleave","Twin Strike"],"picked":"Backflip","floor":36.0},{"not_picked":["Dropkick","Tantrum","Gash+1"],"picked":"Singing Bowl","floor":37.0},{"not_picked":["Thinking Ahead","Impatience","Enlightenment"],"picked":"Singing Bowl","floor":39.0},{"not_picked":["Secret Weapon","Flash of Steel"],"picked":"Master of Strategy","floor":39.0},{"not_picked":["Anger","Leap","Lockon+1"],"picked":"Singing Bowl","floor":41.0},{"not_picked":["Halt+1","Flying Knee"],"picked":"Venomology","floor":42.0},{"not_picked":["Flechettes+1","JustLucky"],"picked":"Dual Wield","floor":47.0},{"not_picked":["Barricade+1","Sanctity"],"picked":"WaveOfTheHand","floor":48.0}],"player_experience":380777,"relics_obtained":[{"floor":9.0,"key":"HornCleat"},{"floor":10.0,"key":"Strawberry"},{"floor":12.0,"key":"Mango"},{"floor":24.0,"key":"InkBottle"},{"floor":26.0,"key":"Cables"},{"floor":27.0,"key":"Singing Bowl"},{"floor":36.0,"key":"Turnip"},{"floor":42.0,"key":"Ornamental Fan"},{"floor":48.0,"key":"Frozen Egg 2"}],"event_choices":[{"damage_healed":0.0,"max_hp_gain":0.0,"max_hp_loss":0.0,"gold_gain":0.0,"event_name":"N\u0027loth","player_choice":"Traded Relic","floor":22.0,"relics_lost":["Strawberry"],"gold_loss":0.0,"damage_taken":0.0,"relics_obtained":["Nloth\u0027s Gift"]},{"damage_healed":0.0,"max_hp_gain":0.0,"max_hp_loss":0.0,"gold_gain":0.0,"event_name":"MindBloom","player_choice":"Fight","floor":36.0,"gold_loss":0.0,"damage_taken":0.0},{"damage_healed":0.0,"max_hp_gain":0.0,"max_hp_loss":0.0,"gold_gain":0.0,"event_name":"SensoryStone","player_choice":"Memory 2","floor":39.0,"gold_loss":0.0,"damage_taken":5.0},{"cards_removed":["Reprogram"],"damage_healed":54.0,"max_hp_gain":0.0,"max_hp_loss":0.0,"gold_gain":0.0,"event_name":"Bonfire Elementals","player_choice":"Offered Uncommon","floor":44.0,"gold_loss":0.0,"damage_taken":0.0}],"is_beta":false,"boss_relics":[{"not_picked":["Ectoplasm","Black Star"],"picked":"Philosopher\u0027s Stone"},{"not_picked":["Inserter","SacredBark"],"picked":"Pandora\u0027s Box"}],"items_purged_floors":[20],"is_endless":false,"potions_floor_spawned":[1,10,12,16,18,27,30,33,41,42,47],"killed_by":"Awakened One","ascension_level":20}}