{"host":"Slaske","time":1613880318,"event":{"mods":["AchievementEnabler","BaseMod","Colored Map","Colored Powertips","Minty Spire (QoL Compilation)","Random Character Button","Relic Stats","slay the spire mod where everything is the same but ironclad has a cowboy hat"],"gold_per_floor":[113,113,38,108,126,158,158,201,201,265,284,293,327,348,348,430,430,455,455,477,498,155,164,203,212,212,221,248,257,273,292,301,301,301],"floor_reached":33,"language":"ENG","playtime":2210,"items_purged":[],"score":574,"play_id":"a1a23beb-d897-4174-a416-bf8ee9580cac","local_time":"20210221050518","is_ascension_mode":true,"campfire_choices":[{"data":"Armaments","floor":7,"key":"SMITH"},{"data":"Uppercut","floor":15,"key":"SMITH"},{"floor":23,"key":"REST"},{"floor":27,"key":"REST"},{"floor":29,"key":"REST"},{"floor":32,"key":"REST"}],"circlet_count":0,"master_deck":["AscendersBane","Strike_R","Strike_R","Strike_R","Defend_R","Defend_R","Defend_R","Bash","Shockwave","Armaments+1","Clash","Fire Breathing","Seeing Red","Uppercut+1","Double Tap","Body Slam","Exhume","Shrug It Off","Pommel Strike+1","Disarm","Evolve","Battle Trance","Reckless Charge","Burning Pact","Limit Break","Evolve","Inflame","Shrug It Off","Wild Strike","Rage","Havoc"],"relics":["Burning Blood","NeowsBlessing","Pantograph","Dream Catcher","CeramicFish","Eternal Feather","Pen Nib","Darkstone Periapt","Mark of Pain","Omamori","Dead Branch","Shuriken"],"acts_visited":["Exordium","TheCity"],"potions_floor_usage":[10,13,16,18,20,31,31],"damage_taken":[{"damage":0,"enemies":"Jaw Worm","floor":1,"turns":1},{"damage":3,"enemies":"2 Louse","floor":5,"turns":2},{"damage":0,"enemies":"3 Sentries","floor":6,"turns":2},{"damage":7,"enemies":"Lagavulin","floor":8,"turns":6},{"damage":12,"enemies":"3 Sentries","floor":10,"turns":7},{"damage":0,"enemies":"Cultist","floor":11,"turns":3},{"damage":27,"enemies":"3 Sentries","floor":13,"turns":5},{"damage":8,"enemies":"Exordium Wildlife","floor":14,"turns":4},{"damage":28,"enemies":"Slime Boss","floor":16,"turns":6},{"damage":17,"enemies":"2 Thieves","floor":18,"turns":3},{"damage":31,"enemies":"Spheric Guardian","floor":20,"turns":6},{"damage":15,"enemies":"Chosen and Byrds","floor":21,"turns":5},{"damage":54,"enemies":"Slavers","floor":24,"turns":6},{"damage":34,"enemies":"3 Cultists","floor":28,"turns":5},{"damage":6,"enemies":"Snake Plant","floor":30,"turns":3},{"damage":54,"enemies":"Shelled Parasite and Fungi","floor":31,"turns":7},{"damage":82,"enemies":"Collector","floor":33,"turns":7}],"seed_played":"-5679665910949221461","potions_obtained":[{"floor":6,"key":"FearPotion"},{"floor":8,"key":"SkillPotion"},{"floor":11,"key":"GamblersBrew"},{"floor":14,"key":"CultistPotion"},{"floor":18,"key":"Block Potion"},{"floor":28,"key":"Regen Potion"},{"floor":30,"key":"AttackPotion"}],"is_trial":false,"path_per_floor":["M","?","?","T","M","E","R","E","T","?","M","?","E","M","R","B",null,"M","?","M","M","$","R","E","?","T","R","M","R","M","M","R","B"],"character_chosen":"IRONCLAD","items_purchased":["Omamori","Evolve","Battle Trance","Reckless Charge"],"campfire_rested":4,"item_purchase_floors":[22,22,22,22],"current_hp_per_floor":[74,67,67,67,70,75,75,74,74,68,74,74,53,51,60,53,70,59,59,34,25,25,59,11,11,11,48,20,57,57,21,61,0,0],"gold":301,"neow_bonus":"THREE_ENEMY_KILL","is_daily":false,"chose_seed":false,"campfire_upgraded":2,"win_rate":0.0,"timestamp":1613880318,"path_taken":["M","?","?","?","?","E","R","E","T","?","M","?","E","M","R","BOSS","M","?","M","M","$","R","E","?","T","R","M","R","M","M","R","BOSS"],"items_purchased_type":["Relic","Card","Card","Card"],"build_version":"2020-12-18","purchased_purges":0,"victory":false,"max_hp_per_floor":[75,75,75,75,75,75,75,75,75,75,75,75,75,75,75,75,75,75,75,75,75,75,75,75,75,75,75,75,75,75,75,75,75,75],"relic_stats":{"Darkstone Periapt":0,"Dream Catcher":4,"counters":[17,78],"Shuriken":[5],"Pantograph":29,"CeramicFish":189,"Dead Branch":[37],"Eternal Feather":69,"Pen Nib":[8],"obtain_stats":[{"Darkstone Periapt":13,"Dream Catcher":6,"NeowsBlessing":0,"Shuriken":26,"Pantograph":4,"CeramicFish":8,"Dead Branch":24,"Eternal Feather":9,"Pen Nib":10,"Mark of Pain":17,"Omamori":22,"Burning Blood":0},{"Darkstone Periapt":7,"Dream Catcher":3,"NeowsBlessing":0,"Shuriken":13,"Pantograph":1,"CeramicFish":4,"Dead Branch":13,"Eternal Feather":4,"Pen Nib":5,"Mark of Pain":9,"Omamori":12,"Burning Blood":0},{"Darkstone Periapt":26,"Dream Catcher":5,"NeowsBlessing":0,"Shuriken":56,"Pantograph":1,"CeramicFish":11,"Dead Branch":56,"Eternal Feather":11,"Pen Nib":18,"Mark of Pain":36,"Omamori":50,"Burning Blood":0}],"Burning Blood":95},"card_choices":[{"not_picked":["Thunderclap","Twin Strike"],"picked":"Shockwave","floor":1},{"not_picked":["Wild Strike","Body Slam"],"picked":"Armaments","floor":5},{"not_picked":["Havoc","Sentinel"],"picked":"Clash","floor":6},{"not_picked":["Anger","True Grit"],"picked":"Fire Breathing","floor":8},{"not_picked":["Havoc","Anger"],"picked":"Seeing Red","floor":10},{"not_picked":["Entrench","Sentinel"],"picked":"Uppercut","floor":11},{"not_picked":["Uppercut","Berserk"],"picked":"Double Tap","floor":13},{"not_picked":["Entrench","Havoc"],"picked":"Body Slam","floor":14},{"not_picked":["Fiend Fire","Brutality"],"picked":"Exhume","floor":16},{"not_picked":["Searing Blow+1","Spot Weakness+1"],"picked":"Shrug It Off","floor":18},{"not_picked":["Spot Weakness","Perfected Strike"],"picked":"Pommel Strike+1","floor":20},{"not_picked":["Infernal Blade","Cleave"],"picked":"Disarm","floor":21},{"not_picked":["Body Slam","Searing Blow"],"picked":"Burning Pact","floor":23},{"not_picked":["Sword Boomerang","Battle Trance"],"picked":"Limit Break","floor":24},{"not_picked":["Perfected Strike+1","Cleave"],"picked":"Inflame","floor":27},{"not_picked":["Pommel Strike","Clash"],"picked":"Shrug It Off","floor":28},{"not_picked":["Shrug It Off","Rampage"],"picked":"Wild Strike","floor":29},{"not_picked":["Armaments","Thunderclap","Metallicize"],"picked":"SKIP","floor":30},{"not_picked":["Armaments","Thunderclap","Metallicize"],"picked":"SKIP","floor":30},{"not_picked":["Pommel Strike","Iron Wave"],"picked":"Rage","floor":31},{"not_picked":["Rampage+1","Thunderclap"],"picked":"Havoc","floor":32}],"player_experience":545228,"relics_obtained":[{"floor":4,"key":"Pantograph"},{"floor":6,"key":"Dream Catcher"},{"floor":8,"key":"CeramicFish"},{"floor":9,"key":"Eternal Feather"},{"floor":10,"key":"Pen Nib"},{"floor":13,"key":"Darkstone Periapt"},{"floor":24,"key":"Dead Branch"},{"floor":26,"key":"Shuriken"}],"event_choices":[{"cards_removed":["Strike_R"],"damage_healed":0,"gold_gain":0,"player_choice":"Card Removal","damage_taken":7,"max_hp_gain":0,"max_hp_loss":0,"event_name":"Golden Wing","floor":2,"gold_loss":0},{"cards_removed":["Defend_R"],"damage_healed":0,"gold_gain":0,"player_choice":"Card Removal","damage_taken":0,"max_hp_gain":0,"max_hp_loss":0,"event_name":"The Cleric","floor":3,"gold_loss":75},{"damage_healed":0,"gold_gain":0,"player_choice":"Searched \u00272\u0027 times","damage_taken":0,"max_hp_gain":0,"max_hp_loss":0,"event_name":"Dead Adventurer","floor":10,"gold_loss":0},{"damage_healed":0,"gold_gain":0,"cards_transformed":["Strike_R"],"player_choice":"Transformed","damage_taken":0,"max_hp_gain":0,"max_hp_loss":0,"event_name":"Transmorgrifier","floor":12,"gold_loss":0,"cards_obtained":["Bloodletting"]},{"damage_healed":0,"gold_gain":0,"player_choice":"Ignored","damage_taken":0,"max_hp_gain":0,"max_hp_loss":0,"event_name":"Vampires","floor":19,"gold_loss":0},{"damage_healed":0,"gold_gain":0,"cards_transformed":["Bloodletting"],"player_choice":"Transformed","damage_taken":0,"max_hp_gain":0,"max_hp_loss":0,"event_name":"Transmorgrifier","floor":25,"gold_loss":0,"cards_obtained":["Evolve"]}],"is_beta":true,"boss_relics":[{"not_picked":["Empty Cage","Philosopher\u0027s Stone"],"picked":"Mark of Pain"}],"items_purged_floors":[],"is_endless":false,"potions_floor_spawned":[6,8,11,14,18,28,30],"killed_by":"Collector","ascension_level":17}}