{"host":"21daswlctsv3qaxk","time":1613917635,"event":{"mods":["Act Like it!","BaseMod","Downfall","Hallownest","Hermit","Infinite Spire","Minty Spire (QoL Compilation)","Replay The Spire","StSLib","The Animator","The Bug Knight","The Cursed","The Jungle","The Servant 0.9.4"],"gold_per_floor":[117,136,311,311,322,322,397,422,468,274,274,274],"floor_reached":11,"language":"ENG","playtime":563,"items_purged":[],"score":75,"play_id":"86174e20-7227-4ed8-a5cb-e832e8084132","local_time":"20210221152715","is_ascension_mode":true,"campfire_choices":[{"floor":6,"key":"RECALL"}],"circlet_count":0,"master_deck":["Strike_B","Strike_B","Strike_B","Strike_B","Defend_B","Defend_B+1","Defend_B","Defend_B+1","Zap","Dualcast","Redo","Rainbow","Doubt","Coolheaded","Storm","Conserve Battery+1"],"relics":["Cracked Core","NeowsBlessing","Simple Rune","Boot","infinitespire:Freezer"],"acts_visited":["Exordium"],"potions_floor_usage":[8,8],"damage_taken":[{"damage":0,"enemies":"Jaw Worm","floor":1,"turns":1},{"damage":0,"enemies":"Cultist","floor":2,"turns":1},{"damage":0,"enemies":"2 Louse","floor":5,"turns":1},{"damage":40,"enemies":"3 Sentries","floor":8,"turns":10},{"damage":34,"enemies":"Lagavulin","floor":11,"turns":9}],"seed_played":"-767128403318595066","potions_obtained":[{"floor":2,"key":"SkillPotion"},{"floor":5,"key":"Guardian:BlockOnCardUsePotion"}],"is_trial":false,"path_per_floor":["M","M","?","T","M","R","?","E","T","$","E"],"character_chosen":"DEFECT","items_purchased":["infinitespire:Freezer","Conserve Battery+1"],"campfire_rested":0,"item_purchase_floors":[10,10],"current_hp_per_floor":[75,75,75,75,75,75,64,24,24,24,0,0],"gold":274,"neow_bonus":"THREE_ENEMY_KILL","is_daily":false,"chose_seed":false,"campfire_upgraded":0,"win_rate":0.0,"timestamp":1613917635,"path_taken":["M","M","?","?","M","R","?","E","T","?","E"],"items_purchased_type":["Relic","Card"],"build_version":"2020-12-22","purchased_purges":0,"victory":false,"max_hp_per_floor":[75,75,75,75,75,75,75,75,75,75,75,75],"card_choices":[{"not_picked":["Panic Button","Force Field"],"picked":"Redo","floor":1},{"not_picked":["Beam Cell","Conserve Battery"],"picked":"Rainbow","floor":2},{"not_picked":["Hologram","Panic Button"],"picked":"Coolheaded","floor":5},{"not_picked":["Steam","Reprogram"],"picked":"Storm","floor":8}],"player_experience":231577,"relics_obtained":[{"floor":8,"key":"Simple Rune"},{"floor":9,"key":"Boot"}],"event_choices":[{"damage_healed":0,"gold_gain":175,"player_choice":"AGREE","damage_taken":0,"max_hp_gain":0,"max_hp_loss":0,"event_name":"Liars Game","floor":3,"gold_loss":0,"cards_obtained":["Doubt"]},{"damage_healed":0,"gold_gain":75,"player_choice":"Gather Gold","damage_taken":11,"max_hp_gain":0,"max_hp_loss":0,"event_name":"World of Goop","floor":7,"gold_loss":0}],"is_beta":false,"boss_relics":[],"items_purged_floors":[],"is_endless":false,"potions_floor_spawned":[2,5],"killed_by":"Lagavulin","ascension_level":1}}