{"host":"o9mthrra9t7lisis","time":1613940690,"event":{"mods":["BaseMod","Colored Map","Downfall","Minty Spire (QoL Compilation)","StSLib"],"gold_per_floor":[99,118,118,28,41,55,355,366,4,17,33,61,61,61,80,181,181,81,97,82,182,192,210,210,195,208,237,251,251,282,282,301,406,406,206,222,222,268,268,294,294,52,67,83,109,109,109,128,140,140,140,140],"floor_reached":50,"language":"ENG","playtime":4340,"items_purged":["Guardian:Strike_Guardian","Guardian:Defend_Guardian","Guardian:Defend_Guardian"],"score":621,"play_id":"6d8b75ea-d122-4565-8ebc-0dd3d8b19d1f","local_time":"20210221145130","is_ascension_mode":false,"campfire_choices":[{"floor":1.0,"key":"RECALL"},{"data":"Guardian:DonusPower","floor":13.0,"key":"SMITH"},{"data":"Guardian:SphericShield","floor":18.0,"key":"SMITH"},{"data":"Guardian:SphericShield","floor":35.0,"key":"SMITH"},{"data":"Guardian:PrimingBeam","floor":47.0,"key":"SMITH"}],"circlet_count":0,"master_deck":["Guardian:Strike_Guardian+1","Guardian:Strike_Guardian","Guardian:Strike_Guardian+1","Guardian:Defend_Guardian","Guardian:Defend_Guardian","Guardian:CurlUp","Guardian:TwinSlam","Guardian:PrimingBeam+1","Guardian:PiercingHide","Guardian:PrimingBeam+1","Guardian:BronzeOrb","Guardian:RollAttack+1","Guardian:DonusPower+1","Guardian:SphericShield+1","Guardian:GuardianWhirl+1","Guardian:PolyBeam","Guardian:Recover+1","Guardian:SphericShield+1","Guardian:HyperBeam_Guardian+1","expansioncontent:DashGenerateEvil+1","Guardian:BodySlam+1","Guardian:SphericShield"],"relics":["Guardian:ModeShifter","Old Coin","PreservedInsect","Gremlin Horn","Velvet Choker","downfall:HeartBlessingRed","Turnip","Blue Candle","Tiny Chest","Happy Flower","Black Star","downfall:HeartBlessingGreen","downfall:HeartBlessingBlue","Bag of Marbles","Bottled Flame","Kunai","Molten Egg 2","Toy Ornithopter","Whetstone","Sundial"],"acts_visited":["Exordium","TheCity","TheBeyond"],"potions_floor_usage":[],"damage_taken":[{"damage":6.0,"enemies":"Cultist","floor":2.0,"turns":4.0},{"damage":0.0,"enemies":"downfall:FleeingMerchant","floor":4.0,"turns":4.0},{"damage":0.0,"enemies":"Small Slimes","floor":5.0,"turns":4.0},{"damage":7.0,"enemies":"2 Louse","floor":6.0,"turns":2.0},{"damage":0.0,"enemies":"Blue Slaver","floor":8.0,"turns":5.0},{"damage":0.0,"enemies":"downfall:FleeingMerchant","floor":9.0,"turns":4.0},{"damage":1.0,"enemies":"Red Slaver","floor":10.0,"turns":4.0},{"damage":7.0,"enemies":"3 Louse","floor":11.0,"turns":3.0},{"damage":11.0,"enemies":"3 Sentries","floor":12.0,"turns":8.0},{"damage":11.0,"enemies":"Exordium Wildlife","floor":15.0,"turns":4.0},{"damage":1.0,"enemies":"IC_STATUS_ARCHETYPE","floor":16.0,"turns":6.0},{"damage":5.0,"enemies":"Spheric Guardian","floor":19.0,"turns":3.0},{"damage":0.0,"enemies":"downfall:FleeingMerchant","floor":20.0,"turns":4.0},{"damage":0.0,"enemies":"SI_SHIV_ARCHETYPE","floor":21.0,"turns":5.0},{"damage":0.0,"enemies":"Chosen","floor":22.0,"turns":4.0},{"damage":10.0,"enemies":"Centurion and Healer","floor":23.0,"turns":6.0},{"damage":0.0,"enemies":"downfall:FleeingMerchant","floor":25.0,"turns":4.0},{"damage":0.0,"enemies":"3 Cultists","floor":26.0,"turns":5.0},{"damage":12.0,"enemies":"Gremlin Leader","floor":27.0,"turns":5.0},{"damage":0.0,"enemies":"Cultist and Chosen","floor":28.0,"turns":5.0},{"damage":5.0,"enemies":"Book of Stabbing","floor":30.0,"turns":4.0},{"damage":4.0,"enemies":"Snake Plant","floor":32.0,"turns":4.0},{"damage":39.0,"enemies":"DF_ARCHETYPE_CLAW","floor":33.0,"turns":8.0},{"damage":0.0,"enemies":"Orb Walker","floor":36.0,"turns":3.0},{"damage":1.0,"enemies":"Nemesis","floor":40.0,"turns":5.0},{"damage":0.0,"enemies":"downfall:FleeingMerchant","floor":42.0,"turns":3.0},{"damage":0.0,"enemies":"3 Shapes","floor":43.0,"turns":1.0},{"damage":8.0,"enemies":"3 Darklings","floor":44.0,"turns":3.0},{"damage":0.0,"enemies":"Reptomancer","floor":45.0,"turns":2.0},{"damage":0.0,"enemies":"Sphere and 2 Shapes","floor":48.0,"turns":1.0},{"damage":25,"enemies":"Maw","floor":49,"turns":6},{"damage":153,"enemies":"WA_ARCHETYPE_DIVINITY","floor":50,"turns":11}],"seed_played":"-4910653527783694394","potions_obtained":[{"floor":5.0,"key":"Strength Potion"},{"floor":8.0,"key":"SpeedPotion"},{"floor":10.0,"key":"EntropicBrew"},{"floor":11.0,"key":"Block Potion"},{"floor":12.0,"key":"Dexterity Potion"},{"floor":19.0,"key":"Dexterity Potion"},{"floor":26.0,"key":"Guardian:DefensiveModePotion"},{"floor":30.0,"key":"champ:CounterPotion"},{"floor":31.0,"key":"CultistPotion"},{"floor":33.0,"key":"LiquidMemories"},{"floor":36.0,"key":"Guardian:DefensiveModePotion"},{"floor":48.0,"key":"EssenceOfSteel"},{"floor":49,"key":"FairyPotion"}],"is_trial":false,"path_per_floor":["R","M","?","$","M","M","T","M","$","M","M","E","R","?","M","B",null,"R","M","$","?","M","M","T","$","M","E","M","?","E","?","M","B",null,"R","M","?","T","?","E","T","$","M","M","E","?","R","M","M","B"],"character_chosen":"GUARDIAN","items_purchased":["PreservedInsect","Guardian:BronzeOrb","Guardian:RollAttack","Guardian:HyperBeam_Guardian+1","expansioncontent:DashGenerateEvil","Toy Ornithopter"],"campfire_rested":0,"item_purchase_floors":[9,9,9,42,42,42],"current_hp_per_floor":[88,82,82,82,82,75,75,75,75,74,67,56,56,56,45,44,88,88,83,83,83,83,73,73,73,73,61,61,61,56,56,52,13,88,98,98,98,98,98,97,97,97,97,89,89,89,89,89,64,0,0,0],"gold":140,"neow_bonus":"TEN_PERCENT_HP_BONUS","is_daily":false,"chose_seed":false,"campfire_upgraded":4,"win_rate":0.0,"timestamp":1613940690,"path_taken":["R","M","?","?","M","M","T","M","$","?","M","E","R","?","M","BOSS","R","M","?","?","M","M","T","$","M","E","M","?","E","?","M","BOSS","R","M","?","?","?","E","T","$","M","?","E","?","R","M","M","BOSS"],"items_purchased_type":["Relic","Card","Card","Card","Card","Relic"],"build_version":"2020-12-22","purchased_purges":3,"victory":false,"max_hp_per_floor":[88,88,88,88,88,88,88,88,88,88,88,88,88,88,88,88,88,88,88,88,88,88,88,88,88,88,88,88,88,88,88,88,88,88,98,98,98,98,98,98,98,98,98,98,98,98,98,98,98,98,98,98],"card_choices":[{"not_picked":["Guardian:ChargeCore","Guardian:Incinerate"],"picked":"Guardian:PrimingBeam","floor":2.0},{"not_picked":["Guardian:StasisField","Guardian:Planning"],"picked":"Guardian:Gem_Purple","floor":4.0},{"not_picked":["Guardian:RollAttack","Guardian:Repulse"],"picked":"Guardian:PiercingHide","floor":5.0},{"not_picked":["Guardian:CrystalBeam","Guardian:ShieldSpikes","Guardian:RollAttack"],"picked":"SKIP","floor":6.0},{"not_picked":["Guardian:TemporalStrike","Guardian:CrystalBeam"],"picked":"Guardian:Gem_White","floor":8.0},{"not_picked":["Guardian:FloatingOrbs","Guardian:Clone"],"picked":"Guardian:PrimingBeam","floor":9.0},{"not_picked":["Guardian:PrismaticBeam","Guardian:Preprogram"],"picked":"Guardian:DonusPower","floor":10.0},{"not_picked":["Guardian:Gem_Red","Guardian:TimeCapacitor"],"picked":"Guardian:Gem_Purple","floor":11.0},{"not_picked":["Guardian:BronzeOrb","Guardian:DecasProtection","Guardian:DonusPower"],"picked":"SKIP","floor":12.0},{"not_picked":["Guardian:DonusPower","Guardian:TimeBomb"],"picked":"Guardian:Gem_Green","floor":15.0},{"not_picked":["Guardian:BaubleBeam","Guardian:AncientConstruct"],"picked":"Guardian:SphericShield","floor":16.0},{"not_picked":["Guardian:TemporalStrike","Guardian:Gem_Yellow","Guardian:SentryBeam"],"picked":"SKIP","floor":19.0},{"not_picked":["Guardian:Planning+1","Guardian:StasisField","Guardian:Harden"],"picked":"SKIP","floor":20.0},{"not_picked":["Guardian:CrystalBeam","Guardian:RefractedBeam"],"picked":"Guardian:Gem_Fragmented","floor":21.0},{"not_picked":["Guardian:Gem_Lightblue","Guardian:Gem_Purple","Guardian:Incinerate"],"picked":"SKIP","floor":22.0},{"not_picked":["Guardian:TemporalStrike","Guardian:CrystalBeam","Guardian:PiercingHide"],"picked":"SKIP","floor":23.0},{"not_picked":["Guardian:Gem_Green","Guardian:RollAttack"],"picked":"Guardian:Gem_Blue","floor":25.0},{"not_picked":["Guardian:Gem_Red","Guardian:ShieldCharger+1"],"picked":"Guardian:GuardianWhirl","floor":26.0},{"not_picked":["Guardian:BronzeOrb","Guardian:Incinerate"],"picked":"Guardian:PolyBeam","floor":27.0},{"not_picked":["Guardian:TimeBomb","Guardian:Gem_Cyan","Guardian:Gem_Red"],"picked":"SKIP","floor":28.0},{"not_picked":["Guardian:Preprogram+1","Guardian:ShieldCharger","Guardian:Recover"],"picked":"SKIP","floor":30.0},{"not_picked":["Guardian:TimeCapacitor","Guardian:DecasProtection"],"picked":"Guardian:Recover+1","floor":32.0},{"not_picked":["Guardian:StasisStrike","Guardian:FastForward"],"picked":"Guardian:SphericShield","floor":33.0},{"not_picked":["Guardian:Gem_Cyan","Guardian:Incinerate","Guardian:Gem_Crimson"],"picked":"SKIP","floor":36.0},{"not_picked":["Guardian:Incinerate+1","Guardian:Gem_Red","Guardian:Gem_Cyan"],"picked":"SKIP","floor":40.0},{"not_picked":["Guardian:MultiBeam+1","Guardian:WalkerClaw+1","Guardian:DecasProtection+1"],"picked":"SKIP","floor":42.0},{"not_picked":["Guardian:ArmoredProtocol","Guardian:Gem_Lightblue","Guardian:Incinerate+1"],"picked":"SKIP","floor":43.0},{"not_picked":["Guardian:TimeBomb+1","Guardian:Reroute+1"],"picked":"Guardian:BodySlam+1","floor":44.0},{"not_picked":["Guardian:Recover","Guardian:Suspension","Guardian:PrimingBeam+1"],"picked":"SKIP","floor":45.0},{"not_picked":["Guardian:VentSteam","Guardian:PrimingBeam+1"],"picked":"Guardian:SphericShield","floor":48.0},{"not_picked":["Guardian:WalkerClaw+1","Guardian:ChargeCore+1","Guardian:RefractedBeam+1"],"picked":"SKIP","floor":49}],"player_experience":527156,"relics_obtained":[{"floor":7.0,"key":"Old Coin"},{"floor":12.0,"key":"Gremlin Horn"},{"floor":21.0,"key":"Turnip"},{"floor":21.0,"key":"Blue Candle"},{"floor":27.0,"key":"Tiny Chest"},{"floor":30.0,"key":"Happy Flower"},{"floor":38.0,"key":"Bag of Marbles"},{"floor":40.0,"key":"Bottled Flame"},{"floor":40.0,"key":"Kunai"},{"floor":41.0,"key":"Molten Egg 2"},{"floor":45.0,"key":"Whetstone"},{"floor":45.0,"key":"Sundial"}],"event_choices":[{"damage_healed":0.0,"max_hp_gain":0.0,"max_hp_loss":0.0,"gold_gain":0.0,"event_name":"Ghosts","player_choice":"Ignored","floor":29.0,"gold_loss":0.0,"damage_taken":0.0}],"is_beta":false,"boss_relics":[{"not_picked":["Empty Cage","Sozu"],"picked":"Velvet Choker"},{"not_picked":["Guardian:ModeShifterPlus","bronze:MakeshiftBattery"],"picked":"Black Star"}],"items_purged_floors":[4,9,42],"is_endless":false,"potions_floor_spawned":[5,8,10,11,12,19,21,26,28,30,32,33,36,44,45,48,49],"killed_by":"WA_ARCHETYPE_DIVINITY","ascension_level":0}}