{"host":"qxeepl7ydvsgmfdb","time":1613932512,"event":{"mods":["AchievementEnabler","BaseMod","Colored Powertips","Minty Spire (QoL Compilation)","Quick Restart","slay the spire mod where everything is the same but ironclad has a cowboy hat"],"gold_per_floor":[118,118,136,46,62,94,94,127,127,162,162,312,344,357,357,428,428,444,3,3,13,63,63,98,108,135,60,74,86,113,213,213,290,590,603,603,618,665,402,402,427,452,452,478,24,24,43,75,75,75],"floor_reached":51,"language":"ENG","playtime":2276,"items_purged":["Doubt","Strike_G","Strike_G"],"score":1566,"play_id":"f8a8cb26-d8a7-43a4-8f6c-b5703efef1f5","local_time":"20210221133512","is_ascension_mode":true,"campfire_choices":[{"data":"Cloak And Dagger","floor":11.0,"key":"SMITH"},{"floor":15.0,"key":"REST"},{"floor":23.0,"key":"REST"},{"floor":32.0,"key":"REST"},{"floor":40,"key":"REST"},{"data":"Accuracy","floor":46,"key":"SMITH"},{"floor":49,"key":"REST"}],"circlet_count":0,"master_deck":["AscendersBane","Strike_G","Defend_G","Defend_G","Defend_G","Defend_G","Defend_G","Survivor","Neutralize","Blade Dance","Finisher","Blade Dance","Backstab","Cloak And Dagger+1","Poisoned Stab","Deadly Poison+1","Footwork","Venomology+1","Deadly Poison+1","Cloak And Dagger+1","Die Die Die","Accuracy","Accuracy+1","Blade Dance+1","CurseOfTheBell","Cloak And Dagger+1","Parasite"],"relics":["Ring of the Snake","NeowsBlessing","White Beast Statue","Oddly Smooth Stone","Gremlin Horn","Toxic Egg 2","InkBottle","Kunai","Bag of Marbles","MealTicket","Orichalcum","Red Mask","Bird Faced Urn","Pantograph","Calling Bell","Happy Flower","Letter Opener","Old Coin","Lizard Tail","Juzu Bracelet","Sundial","Gambling Chip","Ornamental Fan","Art of War","TheAbacus","Strawberry","Nunchaku"],"acts_visited":["Exordium","TheCity","TheBeyond"],"potions_floor_usage":[33,33,35,35,37,41,42,42,44,47,48,48,50,50],"damage_taken":[{"damage":0.0,"enemies":"Small Slimes","floor":1.0,"turns":1.0},{"damage":0.0,"enemies":"Cultist","floor":3.0,"turns":1.0},{"damage":0.0,"enemies":"2 Louse","floor":5.0,"turns":1.0},{"damage":2.0,"enemies":"3 Sentries","floor":6.0,"turns":4.0},{"damage":9.0,"enemies":"Lagavulin","floor":8.0,"turns":6.0},{"damage":0.0,"enemies":"Gremlin Nob","floor":10.0,"turns":2.0},{"damage":14.0,"enemies":"3 Sentries","floor":13.0,"turns":4.0},{"damage":0.0,"enemies":"2 Fungi Beasts","floor":14.0,"turns":1.0},{"damage":40.0,"enemies":"Slime Boss","floor":16.0,"turns":11.0},{"damage":35.0,"enemies":"Shell Parasite","floor":18.0,"turns":4.0},{"damage":3.0,"enemies":"Spheric Guardian","floor":21.0,"turns":4.0},{"damage":8.0,"enemies":"Book of Stabbing","floor":24.0,"turns":7.0},{"damage":0.0,"enemies":"Shelled Parasite and Fungi","floor":25.0,"turns":2.0},{"damage":6.0,"enemies":"Centurion and Healer","floor":28.0,"turns":7.0},{"damage":0.0,"enemies":"Snecko","floor":29.0,"turns":2.0},{"damage":0.0,"enemies":"Masked Bandits","floor":30.0,"turns":1.0},{"damage":6.0,"enemies":"Colosseum Slavers","floor":31.0,"turns":3.0},{"damage":0.0,"enemies":"Colosseum Nobs","floor":31.0,"turns":2.0},{"damage":25,"enemies":"Champ","floor":33,"turns":11},{"damage":36,"enemies":"3 Darklings","floor":35,"turns":5},{"damage":0,"enemies":"3 Shapes","floor":37,"turns":2},{"damage":33,"enemies":"2 Orb Walkers","floor":38,"turns":4},{"damage":0,"enemies":"Reptomancer","floor":41,"turns":2},{"damage":5,"enemies":"Mind Bloom Boss Battle","floor":42,"turns":8},{"damage":23,"enemies":"Giant Head","floor":44,"turns":8},{"damage":2,"enemies":"Writhing Mass","floor":47,"turns":4},{"damage":23,"enemies":"Reptomancer","floor":48,"turns":3},{"damage":74,"enemies":"Time Eater","floor":50,"turns":9}],"seed_played":"6511847101196167252","potions_obtained":[{"floor":1.0,"key":"Strength Potion"},{"floor":5.0,"key":"EssenceOfSteel"},{"floor":6.0,"key":"Energy Potion"},{"floor":8.0,"key":"Fire Potion"},{"floor":10.0,"key":"Regen Potion"},{"floor":13.0,"key":"EssenceOfSteel"},{"floor":14.0,"key":"FairyPotion"},{"floor":18.0,"key":"CunningPotion"},{"floor":24.0,"key":"Dexterity Potion"},{"floor":25.0,"key":"Block Potion"},{"floor":28.0,"key":"ColorlessPotion"},{"floor":29.0,"key":"DuplicationPotion"},{"floor":30.0,"key":"FearPotion"},{"floor":31.0,"key":"SpeedPotion"},{"floor":33,"key":"LiquidBronze"},{"floor":35,"key":"PowerPotion"},{"floor":37,"key":"Fruit Juice"},{"floor":38,"key":"SteroidPotion"},{"floor":41,"key":"SpeedPotion"},{"floor":42,"key":"CunningPotion"},{"floor":48,"key":"Fire Potion"}],"is_trial":false,"path_per_floor":["M","?","M","$","M","E","$","E","T","E","R","?","E","M","R","B",null,"M","$","?","M","?","R","E","M","T","$","M","M","?","?","R","B",null,"M","?","M","?","$","R","E","?","T","E","$","R","M","E","R","B",null],"character_chosen":"THE_SILENT","items_purchased":["Finisher","Blade Dance","Kunai","Bag of Marbles","Juzu Bracelet","TheAbacus","Strawberry"],"campfire_rested":5,"item_purchase_floors":[4,4,19,19,39,45,45],"current_hp_per_floor":[59,59,59,59,59,57,57,48,48,48,48,48,34,34,53,13,53,32,32,32,29,29,48,40,40,40,55,49,49,49,43,62,46,61,31,31,36,7,22,43,47,66,66,48,70,70,72,53,76,8],"gold":75,"neow_bonus":"THREE_ENEMY_KILL","is_daily":false,"chose_seed":false,"campfire_upgraded":2,"win_rate":0.0,"timestamp":1613932512,"path_taken":["M","?","M","?","?","E","$","E","T","E","R","?","E","M","R","BOSS","M","$","?","M","?","R","E","M","T","$","M","M","?","?","R","BOSS","M","?","M","?","$","R","E","?","T","E","$","R","M","E","R","BOSS"],"items_purchased_type":["Card","Card","Relic","Relic","Relic","Relic","Relic"],"build_version":"2020-12-22","purchased_purges":3,"victory":true,"max_hp_per_floor":[66,66,66,66,66,66,66,66,66,66,66,66,66,66,66,66,66,66,66,66,66,66,66,66,66,66,66,66,66,66,66,66,66,66,66,66,71,71,71,71,71,71,71,71,78,78,78,78,78,78],"card_choices":[{"not_picked":["Distraction","Flying Knee"],"picked":"Blade Dance","floor":1.0},{"not_picked":["Sucker Punch","Eviscerate","Expertise"],"picked":"SKIP","floor":3.0},{"not_picked":["Setup","Dagger Throw"],"picked":"Backstab","floor":5.0},{"not_picked":["Burst","Deadly Poison"],"picked":"Cloak And Dagger","floor":6.0},{"not_picked":["Escape Plan","Quick Slash"],"picked":"Poisoned Stab","floor":8.0},{"not_picked":["Leg Sweep+1","Choke"],"picked":"Deadly Poison+1","floor":10.0},{"not_picked":["Underhanded Strike","Poisoned Stab","Setup+1"],"picked":"SKIP","floor":13.0},{"not_picked":["Slice","Dagger Spray"],"picked":"Footwork","floor":14.0},{"not_picked":["Bullet Time+1","Grand Finale"],"picked":"Venomology+1","floor":16.0},{"not_picked":["Flying Knee","Outmaneuver+1"],"picked":"Deadly Poison+1","floor":18.0},{"not_picked":["Bane","Quick Slash"],"picked":"Cloak And Dagger+1","floor":21.0},{"not_picked":["Dagger Throw","Acrobatics+1"],"picked":"Die Die Die","floor":24.0},{"not_picked":["Backstab","Predator"],"picked":"Accuracy","floor":25.0},{"not_picked":["Backstab+1","Choke+1"],"picked":"Accuracy","floor":28.0},{"not_picked":["Acrobatics+1","Slice","Blur+1"],"picked":"SKIP","floor":29.0},{"not_picked":["Blur+1","Sucker Punch"],"picked":"Blade Dance+1","floor":31.0},{"not_picked":["Masterful Stab+1","Infinite Blades","Setup+1"],"picked":"SKIP","floor":35},{"not_picked":["Terror+1","Cloak And Dagger+1","Backstab"],"picked":"SKIP","floor":37},{"not_picked":["Eviscerate+1","Predator+1","Crippling Poison+1"],"picked":"SKIP","floor":41},{"not_picked":["Sucker Punch","Backflip+1"],"picked":"Cloak And Dagger+1","floor":42},{"not_picked":["Caltrops+1","Outmaneuver+1","Deflect+1"],"picked":"SKIP","floor":44},{"not_picked":["Sucker Punch","Quick Slash","Poisoned Stab"],"picked":"SKIP","floor":47},{"not_picked":["Outmaneuver+1","Backflip+1","Crippling Poison+1"],"picked":"SKIP","floor":48}],"player_experience":189484,"relics_obtained":[{"floor":6.0,"key":"White Beast Statue"},{"floor":8.0,"key":"Oddly Smooth Stone"},{"floor":9.0,"key":"Gremlin Horn"},{"floor":10.0,"key":"Toxic Egg 2"},{"floor":13.0,"key":"InkBottle"},{"floor":24.0,"key":"MealTicket"},{"floor":26.0,"key":"Orichalcum"},{"floor":30.0,"key":"Red Mask"},{"floor":31.0,"key":"Bird Faced Urn"},{"floor":31.0,"key":"Pantograph"},{"floor":34,"key":"Happy Flower"},{"floor":34,"key":"Letter Opener"},{"floor":34,"key":"Old Coin"},{"floor":38,"key":"Lizard Tail"},{"floor":41,"key":"Sundial"},{"floor":42,"key":"Gambling Chip"},{"floor":43,"key":"Ornamental Fan"},{"floor":44,"key":"Art of War"},{"floor":48,"key":"Nunchaku"}],"event_choices":[{"cards_removed":["Strike_G"],"damage_healed":0.0,"max_hp_gain":0.0,"max_hp_loss":0.0,"gold_gain":0.0,"event_name":"Bonfire Elementals","player_choice":"Offered Basic","floor":2.0,"gold_loss":0.0,"damage_taken":0.0},{"damage_healed":0.0,"max_hp_gain":0.0,"max_hp_loss":0.0,"gold_gain":150.0,"event_name":"Liars Game","player_choice":"AGREE","floor":12.0,"gold_loss":0.0,"damage_taken":0.0,"cards_obtained":["Doubt"]},{"damage_healed":0.0,"max_hp_gain":0.0,"max_hp_loss":0.0,"gold_gain":0.0,"event_name":"Cursed Tome","player_choice":"Ignored","floor":20.0,"gold_loss":0.0,"damage_taken":0.0},{"damage_healed":0.0,"max_hp_gain":0.0,"max_hp_loss":0.0,"gold_gain":50.0,"event_name":"Nest","player_choice":"Stole From Cult","floor":22.0,"gold_loss":0.0,"damage_taken":0.0},{"damage_healed":0.0,"max_hp_gain":0.0,"max_hp_loss":0.0,"gold_gain":0.0,"event_name":"Masked Bandits","player_choice":"Fought Bandits","floor":30.0,"gold_loss":0.0,"damage_taken":0.0},{"damage_healed":0.0,"max_hp_gain":0.0,"max_hp_loss":0.0,"gold_gain":0.0,"event_name":"Colosseum","player_choice":"Fight","floor":31.0,"gold_loss":0.0,"damage_taken":0.0},{"damage_healed":0.0,"max_hp_gain":0.0,"max_hp_loss":0.0,"gold_gain":0.0,"event_name":"Colosseum","player_choice":"Fought Nobs","floor":31.0,"gold_loss":0.0,"damage_taken":0.0},{"cards_removed":["Strike_G"],"damage_healed":0,"gold_gain":0,"player_choice":"Removed Attack","damage_taken":0,"max_hp_gain":0,"max_hp_loss":0,"event_name":"Falling","floor":36,"gold_loss":0},{"damage_healed":0,"gold_gain":0,"player_choice":"Fight","damage_taken":0,"max_hp_gain":0,"max_hp_loss":0,"event_name":"Mysterious Sphere","floor":38,"gold_loss":0},{"damage_healed":0,"gold_gain":0,"player_choice":"Fight","damage_taken":0,"max_hp_gain":0,"max_hp_loss":0,"event_name":"MindBloom","floor":42,"gold_loss":0}],"is_beta":false,"boss_relics":[{"not_picked":["Cursed Key","Ring of the Serpent","Philosopher\u0027s Stone"]},{"not_picked":["Coffee Dripper","Fusion Hammer"],"picked":"Calling Bell"}],"items_purged_floors":[27,39,45],"is_endless":false,"potions_floor_spawned":[1,5,6,8,10,13,14,16,18,21,24,25,28,29,30,31,31,33,35,37,38,41,42,44,47,48],"ascension_level":17}}