{"host":"hrvs05np4ys7itky","time":1613868667,"event":{"mods":["BaseMod","Colored Map","Colored Powertips","Downfall","Emptier Cage","Hermit","Highlight Path","Minty Spire (QoL Compilation)","Permanent Neow","Rare Cards Sparkle","Relic Stats","StSLib","everything is the same but u backflip on backflip"],"gold_per_floor":[114,125,10,20,33,65,85,85,108,108,108,137,62,94,94,94,94],"floor_reached":16,"language":"ENG","playtime":795,"items_purged":["Strike_G"],"score":216,"play_id":"0064a5ac-b3f9-4a21-9d0b-eecf05b41e81","local_time":"20210220195107","is_ascension_mode":true,"campfire_choices":[{"data":"Neutralize","floor":8,"key":"SMITH"},{"data":"Footwork","floor":11,"key":"SMITH"},{"floor":15,"key":"REST"}],"circlet_count":0,"master_deck":["AscendersBane","Strike_G","Strike_G","Strike_G","Defend_G","Defend_G","Defend_G","Defend_G","Defend_G","Survivor","Neutralize+1","Crippling Poison","Dagger Spray","Footwork+1","Leg Sweep","Backstab","Deadly Poison","Flechettes"],"relics":["Ring of the Snake","Frozen Egg 2","CeramicFish","Oddly Smooth Stone","Pen Nib"],"acts_visited":["Exordium"],"potions_floor_usage":[14],"damage_taken":[{"damage":0,"enemies":"Jaw Worm","floor":1,"turns":7},{"damage":6,"enemies":"2 Louse","floor":2,"turns":3},{"damage":0,"enemies":"Cultist","floor":4,"turns":5},{"damage":3,"enemies":"3 Louse","floor":5,"turns":4},{"damage":5,"enemies":"Lagavulin","floor":6,"turns":9},{"damage":1,"enemies":"Red Slaver","floor":7,"turns":4},{"damage":14,"enemies":"3 Sentries","floor":12,"turns":11},{"damage":27,"enemies":"Gremlin Nob","floor":14,"turns":5},{"damage":30,"enemies":"The Guardian","floor":16,"turns":6}],"seed_played":"-7658855656460009854","potions_obtained":[{"floor":1,"key":"Weak Potion"},{"floor":4,"key":"FearPotion"},{"floor":12,"key":"EssenceOfSteel"}],"is_trial":false,"path_per_floor":["M","M","$","M","M","E","M","R","T","?","R","E","$","E","R","B"],"character_chosen":"THE_SILENT","items_purchased":["Footwork","Leg Sweep"],"campfire_rested":1,"item_purchase_floors":[3,3],"current_hp_per_floor":[59,53,53,53,50,45,44,44,44,49,49,35,35,8,29,0,0],"gold":94,"neow_bonus":"REMOVE_CARD","is_daily":false,"chose_seed":false,"campfire_upgraded":2,"win_rate":0.0,"timestamp":1613868667,"path_taken":["M","M","$","M","M","E","M","R","T","?","R","E","$","E","R","BOSS"],"items_purchased_type":["Card","Card"],"build_version":"2020-12-22","purchased_purges":1,"victory":false,"max_hp_per_floor":[66,66,66,66,66,66,66,66,66,71,71,71,71,71,71,71,71],"relic_stats":{"counters":[9,54],"CeramicFish":0,"Pen Nib":[1],"obtain_stats":[{"CeramicFish":9,"Oddly Smooth Stone":12,"Pen Nib":14,"Frozen Egg 2":6,"Ring of the Snake":0},{"CeramicFish":6,"Oddly Smooth Stone":7,"Pen Nib":8,"Frozen Egg 2":5,"Ring of the Snake":0},{"CeramicFish":32,"Oddly Smooth Stone":43,"Pen Nib":48,"Frozen Egg 2":28,"Ring of the Snake":0}],"Ring of the Snake":[18]},"card_choices":[{"not_picked":["Dodge and Roll","Blur"],"picked":"Crippling Poison","floor":1},{"not_picked":["Bane","Masterful Stab"],"picked":"Dagger Spray","floor":2},{"not_picked":["Distraction","Backflip"],"picked":"Backstab","floor":4},{"not_picked":["Poisoned Stab","Flying Knee"],"picked":"Deadly Poison","floor":5},{"not_picked":["Blur","Predator"],"picked":"Flechettes","floor":6},{"not_picked":["Expertise","Dagger Spray","Skewer"],"picked":"SKIP","floor":7},{"not_picked":["Slice","Acrobatics","Bouncing Flask"],"picked":"SKIP","floor":12},{"not_picked":["Endless Agony","Masterful Stab","Crippling Poison"],"picked":"SKIP","floor":14}],"player_experience":1108684,"relics_obtained":[{"floor":6,"key":"Frozen Egg 2"},{"floor":9,"key":"CeramicFish"},{"floor":12,"key":"Oddly Smooth Stone"},{"floor":14,"key":"Pen Nib"}],"event_choices":[{"damage_healed":0,"gold_gain":0,"player_choice":"Donut","damage_taken":0,"max_hp_gain":5,"max_hp_loss":0,"event_name":"Big Fish","floor":10,"gold_loss":0}],"is_beta":false,"boss_relics":[],"items_purged_floors":[13],"is_endless":false,"potions_floor_spawned":[1,4,7,12],"killed_by":"The Guardian","ascension_level":16}}