{"host":"ovivighfa421z0zp","time":1613897309,"event":{"mods":["BaseMod","Colored Map","DeckTracker","Keyboard Shortcuts","Minty Spire (QoL Compilation)","Permanent Neow","Quick Restart","Replay The Spire","StSLib","SuperFastMode","The Cursed"],"gold_per_floor":[119,129,142,157,157,157,183,183,183,183,183,183,258,289,289,304,304,304,304],"floor_reached":18,"language":"KOR","playtime":526,"items_purged":[],"score":192,"play_id":"6674a4bd-6f27-48af-ac3b-bf140f52be8b","local_time":"20210221174829","is_ascension_mode":true,"campfire_choices":[{"data":"TheCursedMod:HellfireBreathing","floor":6,"key":"SMITH"},{"floor":8,"key":"REST"},{"floor":10,"key":"REST"},{"floor":17,"key":"REST"}],"circlet_count":0,"master_deck":["AscendersBane","TheCursedMod:Strike_TheCursed","TheCursedMod:Strike_TheCursed","TheCursedMod:Strike_TheCursed+1","TheCursedMod:Defend_TheCursed","TheCursedMod:Defend_TheCursed","TheCursedMod:Defend_TheCursed","TheCursedMod:CursedWand","TheCursedMod:CleanUpWorkshop","TheCursedMod:Dregs","ReplayTheSpireMod:Splinters","TheCursedMod:Grudge+1","TheCursedMod:HellfireBreathing+1","TheCursedMod:RapidMovement","TheCursedMod:ReleasedKnowledge","TheCursedMod:ManaBullet","TheCursedMod:WearCloak","TheCursedMod:AbyssShockwave","TheCursedMod:DarkBarrier","TheCursedMod:SpitefulPlan","TheCursedMod:SurpriseAttack","TheCursedMod:Obscuration","TheCursedMod:CursedBlade"],"relics":["TheCursedMod:BlackMagic101","Dream Catcher","Matryoshka","Replay:Kaleidoscope","Strawberry","Boot"],"acts_visited":["Exordium"],"potions_floor_usage":[14,18],"damage_taken":[{"damage":18,"enemies":"Small Slimes","floor":1,"turns":4},{"damage":0,"enemies":"Jaw Worm","floor":2,"turns":5},{"damage":0,"enemies":"2 Louse","floor":3,"turns":4},{"damage":1,"enemies":"Looter","floor":4,"turns":3},{"damage":33,"enemies":"Replay:BlueRogue","floor":7,"turns":7},{"damage":36,"enemies":"Gremlin Nob","floor":14,"turns":6},{"damage":14,"enemies":"Red Slaver","floor":16,"turns":2},{"damage":21,"enemies":"Hexaghost","floor":18,"turns":9}],"seed_played":"-7368394852473411667","potions_obtained":[{"floor":1,"key":"Dexterity Potion"},{"floor":4,"key":"Ancient Potion"},{"floor":16,"key":"EssenceOfSteel"}],"is_trial":false,"path_per_floor":["M","M","M","M","?","R","E","R","T","R","PTL","PTL","?","E","T","M","R","B"],"character_chosen":"THE_CURSED","items_purchased":[],"campfire_rested":3,"item_purchase_floors":[],"current_hp_per_floor":[50,50,50,49,34,34,1,23,23,45,45,45,45,9,16,2,26,5,5],"gold":304,"neow_bonus":"TRANSFORM_TWO_CARDS","is_daily":false,"chose_seed":false,"campfire_upgraded":1,"win_rate":0.0,"timestamp":1613897309,"path_taken":["M","M","M","M","?","R","E","R","T","R","PTL","PTL","?","E","?","M","R","BOSS"],"items_purchased_type":[],"build_version":"2020-12-22","purchased_purges":0,"victory":false,"max_hp_per_floor":[75,75,75,75,75,75,75,75,75,75,75,75,75,75,82,82,82,82,82],"card_choices":[{"not_picked":["TheCursedMod:Torture","TheCursedMod:PrepareRite"],"picked":"TheCursedMod:RapidMovement","floor":1},{"not_picked":["TheCursedMod:SmokeScreen","TheCursedMod:Stretching"],"picked":"TheCursedMod:ReleasedKnowledge","floor":2},{"not_picked":["TheCursedMod:Wield","TheCursedMod:DoubleShield"],"picked":"TheCursedMod:ManaBullet","floor":3},{"not_picked":["TheCursedMod:CircleOfFlame","TheCursedMod:SmokeScreen"],"picked":"TheCursedMod:WearCloak","floor":4},{"not_picked":["TheCursedMod:SmokeScreen","TheCursedMod:Obscuration"],"picked":"TheCursedMod:AbyssShockwave","floor":7},{"not_picked":["TheCursedMod:SurpriseAttack","TheCursedMod:RapidMovement"],"picked":"TheCursedMod:DarkBarrier","floor":8},{"not_picked":["TheCursedMod:TroublousMinions","TheCursedMod:CursedBlade"],"picked":"TheCursedMod:SpitefulPlan","floor":10},{"not_picked":["TheCursedMod:HellfireBreathing","TheCursedMod:PrepareRite"],"picked":"TheCursedMod:SurpriseAttack","floor":14},{"not_picked":["TheCursedMod:EmpowerCircles","TheCursedMod:VitalStrike"],"picked":"TheCursedMod:Obscuration","floor":16},{"not_picked":["TheCursedMod:RavingStaff","TheCursedMod:Torture"],"picked":"TheCursedMod:CursedBlade","floor":17}],"player_experience":784803,"relics_obtained":[{"floor":7,"key":"Dream Catcher"},{"floor":9,"key":"Matryoshka"},{"floor":14,"key":"Replay:Kaleidoscope"},{"floor":15,"key":"Strawberry"},{"floor":15,"key":"Boot"}],"event_choices":[{"damage_healed":0,"gold_gain":0,"player_choice":"Entered Light","damage_taken":15,"max_hp_gain":0,"max_hp_loss":0,"event_name":"Shining Light","floor":5,"gold_loss":0,"cards_upgraded":["TheCursedMod:Strike_TheCursed","TheCursedMod:Grudge"]},{"damage_healed":0,"gold_gain":75,"player_choice":"Gained Gold","damage_taken":0,"max_hp_gain":0,"max_hp_loss":0,"event_name":"Golden Wing","floor":13,"gold_loss":0}],"is_beta":false,"boss_relics":[],"items_purged_floors":[],"is_endless":false,"potions_floor_spawned":[1,4,16],"killed_by":"Hexaghost","ascension_level":12}}