{"host":"u3jso2n2r8azv7u2","time":1613937747,"event":{"mods":["BaseMod","Downfall","Lobotomy","Minty Spire (QoL Compilation)","Replay The Spire","StSLib","The Necromancer"],"gold_per_floor":[99,113,128,147,61,61,61,61,73,73,132,145,45,125,135,232,232,132,151,343,343,361,361,387,387,51,71,71,85,85,100,112,213,213,213,213,101,111,111,127,127,137,137,137],"floor_reached":43,"language":"RUS","playtime":5111,"items_purged":["Pride"],"score":540,"play_id":"80b98e3f-9b69-43fc-8d22-9e381d31c304","local_time":"20210221230227","is_ascension_mode":false,"campfire_choices":[{"floor":1.0,"key":"RECALL"},{"data":"Epidemic","floor":6.0,"key":"SMITH"},{"data":"Bone_Wall","floor":8.0,"key":"SMITH"},{"data":"Necrotic_Claws","floor":10.0,"key":"SMITH"},{"data":"Bone_Prison","floor":13.0,"key":"SMITH"},{"data":"Delirium","floor":18.0,"key":"PURGE"},{"data":"Necrotic_Claws","floor":25.0,"key":"SMITH"},{"data":"Writhe","floor":35.0,"key":"PURGE"}],"circlet_count":0,"master_deck":["Strike_W","Strike_W","Strike_W","Strike_W","Defend_W","Defend_W","Defend_W","Defend_W","Negative_Energy_Arrows","Bone_Wall+1","Stop_Heart","Life_Drain","Necrotic_Claws+1","Blood_Curse","Epidemic+1","Blood_Shield","Bone_Prison+1","Blood_Is_Power","Flesh_Made_Foul","Necrotic_Claws+1","Grasp_Heart","Consume_Illness","Toxic_Smoke_Screen","Negative_Energy_Shield","Slay_Living","Summon_Vampire_Lady","expansioncontent:Hexaburn","Negative_Energy_Sphere+1","Toxic_Smoke_Screen","Life_Drain","Corrupt","Blood_Magic","Acid_Javelin","expansioncontent:YouAreMine","Negative_Energy_Mist","Siphon_Strength+1","Requiem"],"relics":["Vampire_Amulet","Replay:Bottled Steam","downfall:HeartBlessingRed","Philosopher\u0027s Stone","downfall:HeartBlessingBlue","Nunchaku","Juzu Bracelet","Frozen Egg 2"],"acts_visited":["Exordium","TheCity","TheBeyond"],"potions_floor_usage":[43],"damage_taken":[{"damage":0.0,"enemies":"Cultist","floor":2.0,"turns":3.0},{"damage":7.0,"enemies":"2 Louse","floor":3.0,"turns":3.0},{"damage":0.0,"enemies":"Small Slimes","floor":4.0,"turns":3.0},{"damage":0.0,"enemies":"downfall:FleeingMerchant","floor":5.0,"turns":4.0},{"damage":3.0,"enemies":"Exordium Wildlife","floor":9.0,"turns":5.0},{"damage":25.0,"enemies":"Lagavulin Event","floor":11.0,"turns":7.0},{"damage":3.0,"enemies":"Blue Slaver","floor":12.0,"turns":4.0},{"damage":13.0,"enemies":"Exordium Thugs","floor":15.0,"turns":5.0},{"damage":50.0,"enemies":"DF_ARCHETYPE_STREAMLINE","floor":16.0,"turns":7.0},{"damage":6.0,"enemies":"Shell Parasite","floor":19.0,"turns":5.0},{"damage":24.0,"enemies":"3 Byrds","floor":22.0,"turns":3.0},{"damage":15.0,"enemies":"downfall:FleeingMerchant","floor":26.0,"turns":4.0},{"damage":23.0,"enemies":"Cultist and Chosen","floor":27.0,"turns":5.0},{"damage":0.0,"enemies":"Slavers","floor":28.0,"turns":1.0},{"damage":18.0,"enemies":"Snecko","floor":29.0,"turns":6.0},{"damage":18.0,"enemies":"Centurion and Healer","floor":31.0,"turns":5.0},{"damage":28.0,"enemies":"Chosen and Byrds","floor":32.0,"turns":6.0},{"damage":0.0,"enemies":"WA_ARCHETYPE_CALM","floor":33.0,"turns":8.0},{"damage":0.0,"enemies":"downfall:FleeingMerchant","floor":37.0,"turns":5.0},{"damage":47.0,"enemies":"3 Darklings","floor":38.0,"turns":7.0},{"damage":22.0,"enemies":"3 Shapes","floor":40.0,"turns":4.0},{"damage":22.0,"enemies":"Writhing Mass","floor":42.0,"turns":5.0},{"damage":64,"enemies":"Giant Head","floor":43,"turns":7}],"seed_played":"-5904454974543379302","potions_obtained":[{"floor":2.0,"key":"Fruit Juice"},{"floor":3.0,"key":"AttackPotion"},{"floor":11.0,"key":"GamblersBrew"},{"floor":15.0,"key":"SmokeBomb"},{"floor":16.0,"key":"DuplicationPotion"},{"floor":22.0,"key":"Weak Potion"},{"floor":23.0,"key":"LifebloodPotion"},{"floor":31.0,"key":"EssenceOfSteel"},{"floor":33.0,"key":"Dexterity Potion"},{"floor":40.0,"key":"sneckomod:MuddlingPotion"}],"is_trial":false,"path_per_floor":["R","M","M","M","$","R","T","R","M","R","?","M","R","?","M","B",null,"R","M","?","?","M","?","T","R","$","M","E","M","?","M","M","B",null,"R","?","?","M","?","M","T","M","E"],"character_chosen":"NECROMANCER","items_purchased":["Blood_Shield","Summon_Vampire_Lady","expansioncontent:Hexaburn","expansioncontent:YouAreMine"],"campfire_rested":0,"item_purchase_floors":[5,26,26,37],"current_hp_per_floor":[75,80,75,80,80,80,80,80,80,80,63,68,68,68,65,23,80,90,90,68,68,50,50,50,50,41,31,31,30,30,28,16,46,90,90,90,90,66,66,53,53,51,0,0],"gold":137,"neow_bonus":"THREE_CARDS","is_daily":false,"chose_seed":false,"campfire_upgraded":5,"win_rate":0.0,"timestamp":1613937747,"path_taken":["R","M","M","M","$","R","T","R","M","R","?","M","R","?","M","BOSS","R","M","?","?","?","?","T","R","$","?","E","M","?","M","M","BOSS","R","?","?","M","?","M","T","M","E"],"items_purchased_type":["Card","Card","Card","Card"],"build_version":"2020-12-22","purchased_purges":1,"victory":false,"max_hp_per_floor":[75,80,80,80,80,80,80,80,80,80,80,80,80,80,80,80,80,90,90,90,90,90,90,90,90,90,90,90,90,90,90,90,90,90,90,90,90,90,90,90,90,90,90,90],"card_choices":[{"not_picked":["Siphon_Strength","Negative_Energy_Shield"],"picked":"Stop_Heart","floor":0.0},{"not_picked":["Spectral_Armor","Death_March_Dance"],"picked":"Life_Drain","floor":2.0},{"not_picked":["Death_Coil","Whirlwind_of_Bones"],"picked":"Necrotic_Claws","floor":3.0},{"not_picked":["Scare","Consume_Illness"],"picked":"Blood_Curse","floor":4.0},{"not_picked":["Summon_Death_Knight","Bone_Armor"],"picked":"Epidemic","floor":5.0},{"not_picked":["Toxic_Smoke_Screen","Negative_Energy_Sphere"],"picked":"Bone_Prison","floor":9.0},{"not_picked":["Exploit","Bone_Spikes"],"picked":"Blood_Is_Power","floor":11.0},{"not_picked":["Bone_Spikes","Death_Knell"],"picked":"Flesh_Made_Foul","floor":12.0},{"not_picked":["Negative_Energy_Javelin","Summon_Undead"],"picked":"Necrotic_Claws","floor":15.0},{"not_picked":["Summon_Death_Knight","Reap_The_Weak"],"picked":"Grasp_Heart","floor":16.0},{"not_picked":["Scare","Flesh_Made_Foul"],"picked":"Consume_Illness","floor":19.0},{"not_picked":["Finger_Of_Death","Siphon_Strength"],"picked":"Toxic_Smoke_Screen","floor":20.0},{"not_picked":["Summon_Undead_Army+1","Thousand_Bone_Knives+1"],"picked":"Negative_Energy_Shield","floor":22.0},{"not_picked":["Death_Coil","Scare"],"picked":"Slay_Living","floor":26.0},{"not_picked":["Blood_Is_Power","Death_March_Dance"],"picked":"Negative_Energy_Sphere+1","floor":27.0},{"not_picked":["Negative_Energy_Javelin+1","Strike_from_Beyond"],"picked":"Toxic_Smoke_Screen","floor":29.0},{"not_picked":["Chill_Blood+1","Death_Coil"],"picked":"Life_Drain","floor":31.0},{"not_picked":["Bone_Spikes","Violent_Necrosis"],"picked":"Corrupt","floor":32.0},{"not_picked":["Detonate_Bones","Summon_Vampire_Lady"],"picked":"Blood_Magic","floor":33.0},{"not_picked":["Finger_Of_Death+1","Negative_Energy_Sphere"],"picked":"Acid_Javelin","floor":37.0},{"not_picked":["Death_Coil","Death_March_Dance"],"picked":"Negative_Energy_Mist","floor":38.0},{"not_picked":["Consume_Illness","Bone_Bullets+1"],"picked":"Siphon_Strength+1","floor":40.0},{"not_picked":["Corrupt","Stop_Heart"],"picked":"Requiem","floor":42.0}],"player_experience":46276,"relics_obtained":[{"floor":24.0,"key":"Nunchaku"},{"floor":41.0,"key":"Frozen Egg 2"}],"event_choices":[{"damage_healed":0.0,"max_hp_gain":0.0,"max_hp_loss":0.0,"gold_gain":0.0,"event_name":"Addict","player_choice":"Stole Relic","floor":21.0,"gold_loss":0.0,"damage_taken":0.0,"relics_obtained":["Ancient Tea Set"],"cards_obtained":["Pride"]},{"damage_healed":0.0,"max_hp_gain":0.0,"max_hp_loss":0.0,"gold_gain":0.0,"event_name":"Mysterious Sphere","player_choice":"Ignored","floor":39.0,"gold_loss":0.0,"damage_taken":0.0}],"is_beta":false,"boss_relics":[{"not_picked":["Tiny House","Replay:Ancient Bell"],"picked":"Philosopher\u0027s Stone"},{"not_picked":["Runic Dome","Fusion Hammer","Kintsugi"]}],"items_purged_floors":[26],"is_endless":false,"potions_floor_spawned":[2,3,11,15,16,22,27,31,33,40],"killed_by":"Giant Head","ascension_level":0}}