{"host":"vx9g5eyuglzorf3u","time":1613875495,"event":{"mods":["2.2 Compatiblity","BaseMod","DeckTracker","Keyboard Shortcuts","Minty Spire (QoL Compilation)","Relic Stats","StSLib","SuperFastMode","everything is the same but u backflip on backflip"],"gold_per_floor":[114,114,134,151,23,23,54,54,54,71,84,84,84,95,95,172,172,189,60,70,89,89,89],"floor_reached":22,"language":"KOR","playtime":380,"items_purged":["Strike_B","Strike_B"],"score":376,"play_id":"c1c2acde-4fab-418b-8e29-e47c98de17db","local_time":"20210221114455","is_ascension_mode":true,"campfire_choices":[{"data":"Streamline","floor":6.0,"key":"SMITH"},{"floor":8.0,"key":"REST"},{"floor":12.0,"key":"REST"},{"data":"Capacitor","floor":15.0,"key":"SMITH"}],"circlet_count":0,"master_deck":["AscendersBane","Strike_B","Strike_B","Defend_B","Defend_B","Defend_B","Defend_B","Zap","Dualcast","Coolheaded","Barrage","Streamline+1","Capacitor+1","Amplify","Chaos","Compile Driver","Echo Form"],"relics":["Cracked Core","NeowsBlessing","Bird Faced Urn","Bronze Scales","Letter Opener","FaceOfCleric","Nuclear Battery"],"acts_visited":["Exordium","TheCity"],"potions_floor_usage":[16,20,22],"damage_taken":[{"damage":0.0,"enemies":"Jaw Worm","floor":1.0,"turns":1.0},{"damage":0.0,"enemies":"Cultist","floor":3.0,"turns":1.0},{"damage":0.0,"enemies":"Small Slimes","floor":4.0,"turns":1.0},{"damage":32.0,"enemies":"Gremlin Nob","floor":7.0,"turns":4.0},{"damage":9.0,"enemies":"Red Slaver","floor":10.0,"turns":3.0},{"damage":17.0,"enemies":"Large Slime","floor":11.0,"turns":5.0},{"damage":9.0,"enemies":"2 Fungi Beasts","floor":14.0,"turns":3.0},{"damage":13,"enemies":"The Guardian","floor":16,"turns":7},{"damage":18,"enemies":"Spheric Guardian","floor":18,"turns":4},{"damage":0,"enemies":"Chosen","floor":20,"turns":3},{"damage":39,"enemies":"Sentry and Sphere","floor":21,"turns":5},{"damage":23,"enemies":"Centurion and Healer","floor":22,"turns":1}],"seed_played":"-5540275718435959222","potions_obtained":[{"floor":7.0,"key":"BlessingOfTheForge"},{"floor":10.0,"key":"EssenceOfDarkness"},{"floor":16,"key":"Fire Potion"}],"is_trial":false,"path_per_floor":["M","?","M","M","$","R","E","R","T","M","M","R","?","M","R","B",null,"M","$","M","M","M"],"character_chosen":"DEFECT","items_purchased":["Streamline","Compile Driver"],"campfire_rested":2,"item_purchase_floors":[5,19],"current_hp_per_floor":[64,64,64,64,64,64,32,53,53,44,29,50,50,42,42,32,63,48,48,51,15,0,0],"gold":89,"neow_bonus":"THREE_ENEMY_KILL","is_daily":false,"chose_seed":false,"campfire_upgraded":2,"win_rate":0.0,"timestamp":1613875495,"path_taken":["M","?","?","M","$","R","E","R","T","M","M","R","?","M","R","BOSS","M","$","M","M","M"],"items_purchased_type":["Card","Card"],"build_version":"2020-12-22","purchased_purges":2,"victory":false,"max_hp_per_floor":[71,71,71,71,71,71,71,71,71,71,71,71,71,72,72,73,73,74,74,75,76,76,76],"relic_stats":{"FaceOfCleric":5,"counters":[12,38],"Bird Faced Urn":[14],"Bronze Scales":[36],"Letter Opener":[25],"obtain_stats":[{"NeowsBlessing":0,"FaceOfCleric":13,"Bird Faced Urn":2,"Bronze Scales":7,"Letter Opener":9,"Cracked Core":0,"Nuclear Battery":17},{"NeowsBlessing":0,"FaceOfCleric":6,"Bird Faced Urn":1,"Bronze Scales":4,"Letter Opener":4,"Cracked Core":0,"Nuclear Battery":8},{"NeowsBlessing":0,"FaceOfCleric":15,"Bird Faced Urn":1,"Bronze Scales":7,"Letter Opener":7,"Cracked Core":0,"Nuclear Battery":25}]},"card_choices":[{"not_picked":["Turbo","Beam Cell"],"picked":"Barrage","floor":1.0},{"not_picked":["Stack","Heatsinks"],"picked":"Coolheaded","floor":3.0},{"not_picked":["Steam Power","Hello World"],"picked":"Barrage","floor":4.0},{"not_picked":["Reboot","Melter"],"picked":"Capacitor","floor":7.0},{"not_picked":["Conserve Battery","Rebound","Coolheaded"],"picked":"SKIP","floor":10.0},{"not_picked":["Rebound","Hologram","Sunder"],"picked":"SKIP","floor":11.0},{"not_picked":["Gash","Double Energy","Hologram"],"picked":"SKIP","floor":14.0},{"not_picked":["Core Surge","Multi-Cast"],"picked":"Amplify","floor":16},{"not_picked":["Hologram","Consume"],"picked":"Chaos","floor":18},{"not_picked":["Cold Snap","Beam Cell","Steam"],"picked":"SKIP","floor":20},{"not_picked":["Aggregate","White Noise"],"picked":"Echo Form","floor":21}],"player_experience":1546136,"relics_obtained":[{"floor":7.0,"key":"Bronze Scales"},{"floor":9.0,"key":"Letter Opener"}],"event_choices":[{"cards_removed":["Barrage"],"damage_healed":0.0,"max_hp_gain":0.0,"max_hp_loss":0.0,"gold_gain":0.0,"event_name":"WeMeetAgain","player_choice":"Gave Card","floor":2.0,"gold_loss":0.0,"damage_taken":0.0,"relics_obtained":["Bird Faced Urn"]},{"damage_healed":0.0,"max_hp_gain":0.0,"max_hp_loss":0.0,"gold_gain":0.0,"event_name":"FaceTrader","player_choice":"Trade","floor":13.0,"gold_loss":0.0,"damage_taken":0.0,"relics_obtained":["FaceOfCleric"]}],"is_beta":false,"boss_relics":[{"not_picked":["Fusion Hammer","Inserter"],"picked":"Nuclear Battery"}],"items_purged_floors":[5,19],"is_endless":false,"potions_floor_spawned":[7,10,16,18],"killed_by":"Centurion and Healer","ascension_level":20}}