{"host":"13o02hya6v6rzuva","time":1613911350,"event":{"mods":["BaseMod","Minty Spire (QoL Compilation)","Relic Stats"],"gold_per_floor":[119,131,231,246,246,246,274,274,327,354,9,42,7,7,7,112,112,129,147,172,191,191,218,218,249,297,323,323,356,23,36,36,136,136,146,146,146,146,157,157,189,189,189,206,206,256,256,269,269,269,269,269,115,146,146,146],"floor_reached":55,"language":"ENG","playtime":2100,"items_purged":[],"score":1297,"play_id":"ebaecdf9-5b52-4818-9388-ce5c492b9772","local_time":"20210221134230","is_ascension_mode":true,"campfire_choices":[{"data":"Hyperbeam","floor":6.0,"key":"SMITH"},{"data":"Rip and Tear","floor":8.0,"key":"SMITH"},{"data":"White Noise","floor":15.0,"key":"SMITH"},{"floor":24,"key":"REST"},{"data":"Glacier","floor":28,"key":"SMITH"},{"data":"Defragment","floor":32,"key":"SMITH"},{"floor":40,"key":"RECALL"},{"data":"Defragment","floor":42,"key":"SMITH"},{"data":"Static Discharge","floor":45,"key":"SMITH"},{"floor":49,"key":"REST"},{"data":"Capacitor","floor":52,"key":"SMITH"}],"circlet_count":0,"master_deck":["AscendersBane","Zap+1","Dualcast","Conserve Battery","Hyperbeam+1","Conserve Battery+1","Rip and Tear+1","Streamline","Glacier+1","White Noise+1","Core Surge","Compile Driver","Machine Learning","Lockon","Consume+1","Defragment+1","Beam Cell","Scrape","Stack+1","Ball Lightning+1","Conserve Battery+1","BootSequence+1","Static Discharge+1","Chill","Bandage Up","Defragment+1","Electrodynamics","Hologram","Capacitor+1","Dark Shackles","Self Repair","Doom and Gloom","Reinforced Body+1"],"relics":["Cracked Core","Oddly Smooth Stone","PreservedInsect","FossilizedHelix","Vajra","Blood Vial","Shuriken","Pandora\u0027s Box","Red Mask","Smiling Mask","Unceasing Top","Happy Flower","War Paint","Lantern","Symbiotic Virus","Sozu","Regal Pillow","TungstenRod","Boot"],"acts_visited":["Exordium","TheCity","TheBeyond","TheEnding"],"potions_floor_usage":[29,33,33],"damage_taken":[{"damage":9.0,"enemies":"2 Louse","floor":1.0,"turns":3.0},{"damage":0.0,"enemies":"Cultist","floor":2.0,"turns":4.0},{"damage":0.0,"enemies":"Small Slimes","floor":4.0,"turns":2.0},{"damage":18.0,"enemies":"3 Sentries","floor":7.0,"turns":5.0},{"damage":4.0,"enemies":"Gremlin Nob","floor":10.0,"turns":3.0},{"damage":0.0,"enemies":"Lagavulin","floor":12.0,"turns":4.0},{"damage":10.0,"enemies":"Hexaghost","floor":16.0,"turns":11.0},{"damage":21,"enemies":"3 Byrds","floor":18,"turns":4},{"damage":22,"enemies":"2 Thieves","floor":19,"turns":3},{"damage":0,"enemies":"Masked Bandits","floor":20,"turns":2},{"damage":4,"enemies":"Sentry and Sphere","floor":21,"turns":6},{"damage":0,"enemies":"Book of Stabbing","floor":23,"turns":4},{"damage":0,"enemies":"Slavers","floor":25,"turns":2},{"damage":24,"enemies":"Book of Stabbing","floor":27,"turns":4},{"damage":9,"enemies":"Slavers","floor":29,"turns":6},{"damage":0,"enemies":"Centurion and Healer","floor":31,"turns":3},{"damage":53,"enemies":"Automaton","floor":33,"turns":7},{"damage":9,"enemies":"3 Darklings","floor":35,"turns":4},{"damage":0,"enemies":"Orb Walker","floor":39,"turns":2},{"damage":0,"enemies":"Giant Head","floor":41,"turns":7},{"damage":15,"enemies":"4 Shapes","floor":44,"turns":5},{"damage":0,"enemies":"Mind Bloom Boss Battle","floor":46,"turns":5},{"damage":20,"enemies":"Sphere and 2 Shapes","floor":48,"turns":4},{"damage":62,"enemies":"Awakened One","floor":50,"turns":14},{"damage":10,"enemies":"Shield and Spear","floor":54,"turns":5},{"damage":77,"enemies":"The Heart","floor":55,"turns":5}],"seed_played":"-6706166195201507972","potions_obtained":[{"floor":7.0,"key":"Dexterity Potion"},{"floor":12.0,"key":"AttackPotion"},{"floor":16.0,"key":"Energy Potion"},{"floor":21,"key":"Regen Potion"},{"floor":29,"key":"PowerPotion"}],"is_trial":false,"path_per_floor":["M","M","?","M","?","R","E","R","T","E","$","E","$","$","R","B",null,"M","M","?","M","?","E","R","E","T","E","R","E","$","M","R","B",null,"M","$","?","$","M","R","E","R","T","M","R","?","?","M","R","B",null,"R","$","E","B"],"character_chosen":"DEFECT","items_purchased":["Vajra","Blood Vial","Streamline","White Noise","Symbiotic Virus","Bandage Up","Self Repair","Doom and Gloom"],"campfire_rested":2,"item_purchase_floors":[11,11,11,13,30,30,53,53],"current_hp_per_floor":[59,59,59,59,59,59,41,41,41,37,37,39,39,39,39,31,64,45,25,27,25,50,52,74,75,75,51,51,59,59,61,61,14,60,57,57,57,57,59,59,65,65,65,56,56,62,62,44,75,17,61,61,61,71,0,0],"gold":146,"neow_bonus":"UPGRADE_CARD","is_daily":false,"chose_seed":false,"campfire_upgraded":8,"win_rate":0.0,"timestamp":1613911350,"path_taken":["M","M","?","?","?","R","E","R","T","E","$","E","?","$","R","BOSS","M","?","?","M","?","E","R","E","T","E","R","E","$","M","R","BOSS","M","$","?","?","M","R","E","R","T","?","R","?","?","M","R","BOSS","R","$","E","BOSS"],"items_purchased_type":["Relic","Relic","Card","Card","Relic","Card","Card","Card"],"build_version":"2020-12-22","purchased_purges":0,"victory":false,"max_hp_per_floor":[75,75,75,75,75,75,75,75,75,75,75,75,75,75,75,75,75,75,75,75,75,75,75,75,75,75,75,75,75,75,75,75,75,75,75,75,75,75,75,75,75,75,75,75,75,75,75,75,75,75,75,75,75,75,75,75],"relic_stats":{"Regal Pillow":9,"Happy Flower":[23],"counters":[26,124],"PreservedInsect":426,"War Paint":["Conserve Battery","Consume"],"Smiling Mask":0,"Boot":[1],"Blood Vial":37,"Sozu":4,"Shuriken":[21],"Pandora\u0027s Box":["Compile Driver","Machine Learning","Lockon","Consume","Defragment","Beam Cell","Scrape"],"obtain_stats":[{"Lantern":29,"Regal Pillow":41,"Happy Flower":26,"Oddly Smooth Stone":7,"Vajra":11,"PreservedInsect":9,"War Paint":27,"Smiling Mask":23,"Boot":54,"Blood Vial":11,"Sozu":34,"Shuriken":12,"Pandora\u0027s Box":17,"Red Mask":20,"Cracked Core":0,"Symbiotic Virus":30,"FossilizedHelix":10,"Unceasing Top":25,"TungstenRod":46},{"Lantern":15,"Regal Pillow":20,"Happy Flower":13,"Oddly Smooth Stone":4,"Vajra":5,"PreservedInsect":4,"War Paint":14,"Smiling Mask":12,"Boot":25,"Blood Vial":5,"Sozu":17,"Shuriken":6,"Pandora\u0027s Box":7,"Red Mask":10,"Cracked Core":0,"Symbiotic Virus":15,"FossilizedHelix":5,"Unceasing Top":13,"TungstenRod":22},{"Lantern":63,"Regal Pillow":86,"Happy Flower":53,"Oddly Smooth Stone":14,"Vajra":17,"PreservedInsect":14,"War Paint":57,"Smiling Mask":51,"Boot":119,"Blood Vial":17,"Sozu":73,"Shuriken":21,"Pandora\u0027s Box":32,"Red Mask":41,"Cracked Core":0,"Symbiotic Virus":63,"FossilizedHelix":17,"Unceasing Top":53,"TungstenRod":96}],"Unceasing Top":[12],"TungstenRod":35},"card_choices":[{"not_picked":["Steam","Rebound"],"picked":"Conserve Battery","floor":1.0},{"not_picked":["Leap","Beam Cell"],"picked":"Hyperbeam","floor":2.0},{"not_picked":["Compile Driver","Steam"],"picked":"Conserve Battery","floor":4.0},{"not_picked":["Hello World","Lockon"],"picked":"Rip and Tear","floor":7.0},{"not_picked":["Chaos","Creative AI","Leap"],"picked":"SKIP","floor":10.0},{"not_picked":["Steam","Machine Learning"],"picked":"Glacier","floor":12.0},{"not_picked":["Machine Learning","Biased Cognition"],"picked":"Core Surge","floor":16.0},{"not_picked":["Genetic Algorithm","Rebound"],"picked":"Stack+1","floor":18},{"not_picked":["Coolheaded+1","Conserve Battery"],"picked":"Ball Lightning+1","floor":19},{"not_picked":["Reinforced Body","Coolheaded"],"picked":"Conserve Battery+1","floor":20},{"not_picked":["Seek","Static Discharge"],"picked":"BootSequence+1","floor":21},{"not_picked":["Barrage","Lockon","Coolheaded"],"picked":"SKIP","floor":23},{"not_picked":["Leap","Barrage","Steam Power"],"picked":"SKIP","floor":25},{"not_picked":["Redo","Stack+1"],"picked":"Static Discharge","floor":27},{"not_picked":["Ball Lightning","Redo"],"picked":"Chill","floor":29},{"not_picked":["Rebound","BootSequence"],"picked":"Defragment","floor":31},{"not_picked":["Fission","All For One"],"picked":"Electrodynamics","floor":33},{"not_picked":["Ball Lightning+1","Skim","Hello World+1"],"picked":"SKIP","floor":35},{"not_picked":["Rebound+1","Stack"],"picked":"Hologram","floor":39},{"not_picked":["Compile Driver","Blizzard+1","Hologram+1"],"picked":"SKIP","floor":41},{"not_picked":["Conserve Battery+1","Go for the Eyes+1","Stack"],"picked":"SKIP","floor":44},{"not_picked":["Recycle","Redo+1"],"picked":"Capacitor","floor":46},{"not_picked":["PanicButton","Chrysalis"],"picked":"Dark Shackles","floor":47},{"not_picked":["Gash+1","Darkness","Hologram"],"picked":"SKIP","floor":48},{"not_picked":["Leap","Sweeping Beam"],"picked":"Reinforced Body+1","floor":54}],"player_experience":1235614,"relics_obtained":[{"floor":7.0,"key":"Oddly Smooth Stone"},{"floor":9.0,"key":"PreservedInsect"},{"floor":10.0,"key":"FossilizedHelix"},{"floor":12.0,"key":"Shuriken"},{"floor":20,"key":"Red Mask"},{"floor":23,"key":"Smiling Mask"},{"floor":25,"key":"Unceasing Top"},{"floor":26,"key":"Happy Flower"},{"floor":27,"key":"War Paint"},{"floor":29,"key":"Lantern"},{"floor":41,"key":"Regal Pillow"},{"floor":46,"key":"TungstenRod"},{"floor":54,"key":"Boot"}],"event_choices":[{"damage_healed":0.0,"max_hp_gain":0.0,"max_hp_loss":0.0,"gold_gain":100.0,"event_name":"Golden Shrine","player_choice":"Pray","floor":3.0,"gold_loss":0.0,"damage_taken":0.0},{"cards_removed":["Defend_B"],"damage_healed":0.0,"max_hp_gain":0.0,"max_hp_loss":0.0,"gold_gain":0.0,"event_name":"Bonfire Elementals","player_choice":"Offered Basic","floor":5.0,"gold_loss":0.0,"damage_taken":0.0},{"damage_healed":0,"gold_gain":0,"player_choice":"Fought Bandits","damage_taken":0,"max_hp_gain":0,"max_hp_loss":0,"event_name":"Masked Bandits","floor":20,"gold_loss":0},{"damage_healed":25,"gold_gain":0,"player_choice":"Heal","damage_taken":0,"max_hp_gain":0,"max_hp_loss":0,"event_name":"The Library","floor":22,"gold_loss":0},{"damage_healed":0,"gold_gain":0,"player_choice":"0 cards matched","damage_taken":0,"max_hp_gain":0,"max_hp_loss":0,"event_name":"Match and Keep!","floor":37,"gold_loss":0,"cards_obtained":[]},{"damage_healed":0,"gold_gain":0,"player_choice":"Fight","damage_taken":0,"max_hp_gain":0,"max_hp_loss":0,"event_name":"MindBloom","floor":46,"gold_loss":0},{"damage_healed":0,"gold_gain":0,"player_choice":"Memory 1","damage_taken":0,"max_hp_gain":0,"max_hp_loss":0,"event_name":"SensoryStone","floor":47,"gold_loss":0}],"is_beta":false,"boss_relics":[{"not_picked":["SlaversCollar","Philosopher\u0027s Stone"],"picked":"Pandora\u0027s Box"},{"not_picked":["Tiny House","Black Star"],"picked":"Sozu"}],"items_purged_floors":[],"is_endless":false,"potions_floor_spawned":[7,12,16,21,25,27,29,35,39,41,48],"killed_by":"The Heart","ascension_level":11}}