{"host":"9nqlpswyo8o6ezw3","time":1613871748,"event":{"mods":["Act Like it!","BaseMod","Colored Powertips","Downfall","Hallownest","Hermit","Lobotomy","LobotomyExtend","Marisa????????","Minty Spire (QoL Compilation)","StSLib","The Bug Knight","The Cursed"],"gold_per_floor":[109,109,109,109,129,129,144,144,144,163,163,186,209,209,209,334,334,348,361,381,381,405,405,448,448,473,473,508,508,521,431,431,533,533,546,564,564,564,464,8,88,88,88,102,102,118,118,132,132,132],"floor_reached":51,"language":"ENG","playtime":2788,"items_purged":["Clumsy"],"score":727,"play_id":"22c91ed6-bc38-4cbc-a71e-b37165d95e07","local_time":"20210220204228","is_ascension_mode":false,"campfire_choices":[{"data":"hermit:Headshot","floor":6,"key":"SMITH"},{"data":"hermit:Showdown","floor":8,"key":"SMITH"},{"data":"hermit:LoneWolf","floor":11,"key":"SMITH"},{"data":"hermit:PistolWhip","floor":15,"key":"SMITH"},{"data":"hermit:EyeOfTheStorm","floor":23,"key":"SMITH"},{"floor":25,"key":"REST"},{"floor":27,"key":"REST"},{"data":"hermit:Vantage","floor":32,"key":"SMITH"},{"data":"hermit:Brawl","floor":42,"key":"SMITH"},{"data":"hermit:OverwhelmingPower","floor":45,"key":"SMITH"},{"floor":47,"key":"REST"},{"data":"hermit:BigShot","floor":49,"key":"SMITH"}],"circlet_count":0,"master_deck":["hermit:Strike_Hermit","hermit:Strike_Hermit+1","hermit:Strike_Hermit","hermit:Strike_Hermit","hermit:Defend_Hermit","hermit:Defend_Hermit","hermit:Defend_Hermit","hermit:Defend_Hermit","hermit:Snapshot+1","hermit:Covet","hermit:Headshot+1","OldLady","hermit:WideOpen","DreamingCurrent","hermit:Showdown+1","Wellcheers","hermit:LoneWolf+1","hermit:CalledShot","hermit:PistolWhip+1","ShyLook","hermit:Gambit","hermit:Ricochet","UniverseFragment","hermit:Vantage+1","hermit:EyeOfTheStorm+1","hermit:Determination","hermit:OverwhelmingPower+1","hermit:Vantage+1","hermit:Quickdraw+1","hermit:OverwhelmingPower","hermit:Brawl+1","hermit:TrackingShot","CurseOfTheBell","CurseOfTheBell","hermit:Magnum","Violence+1","hermit:BigShot+1","hermit:Virtue+1","Forethought+1","hermit:DeadMansHand+1","hermit:GhostlyPresence+1","hermit:Coalescence+1","hermit:Feint+1"],"relics":["hermit:Momento","CogitoBucket","RabbitCall","LetterFromLob","Bloody Idol","RedMistMask","HornCleat","Runic Pyramid","Vajra","Anchor","Toxic Egg 2","bronze:MakeshiftBattery","LuminousBracelet","downfall:ExtraCursedBell","Dream Catcher","Pear","StoneCalendar","Hallownest:SoulVesselRelic","Darkstone Periapt"],"acts_visited":["Exordium","TheCity","TheCity"],"potions_floor_usage":[24,24,33,33,51,51,51],"damage_taken":[{"damage":4,"enemies":"Jaw Worm","floor":1,"turns":4},{"damage":3,"enemies":"Small Slimes","floor":5,"turns":2},{"damage":0,"enemies":"Cultist","floor":7,"turns":2},{"damage":6,"enemies":"Large Slime","floor":10,"turns":3},{"damage":0,"enemies":"Looter","floor":12,"turns":3},{"damage":17,"enemies":"3 Louse","floor":13,"turns":4},{"damage":66,"enemies":"The Guardian","floor":16,"turns":8},{"damage":5,"enemies":"Chosen","floor":18,"turns":2},{"damage":13,"enemies":"Shell Parasite","floor":19,"turns":4},{"damage":9,"enemies":"Snecko","floor":20,"turns":5},{"damage":53,"enemies":"Centurion and Healer","floor":22,"turns":6},{"damage":77,"enemies":"Gremlin Leader","floor":24,"turns":8},{"damage":12,"enemies":"Slavers","floor":28,"turns":3},{"damage":19,"enemies":"Snake Plant","floor":30,"turns":4},{"damage":100,"enemies":"Automaton","floor":33,"turns":10},{"damage":81,"enemies":"Hallownest:3_Siblings","floor":35,"turns":8},{"damage":0,"enemies":"Hallownest:Shield_Heavy","floor":36,"turns":2},{"damage":33,"enemies":"Hallownest:Shield_Heavy","floor":41,"turns":5},{"damage":0,"enemies":"Hallownest:Shield_Heavy","floor":41,"turns":2},{"damage":9,"enemies":"Hallownest:2_Wing_and_1_Kings","floor":44,"turns":6},{"damage":0,"enemies":"Hallownest:2_Soldiers_and_1_Guardian","floor":46,"turns":3},{"damage":18,"enemies":"Hallownest:Shield_Sturdy","floor":48,"turns":4},{"damage":44,"enemies":"Hallownest:Radiance","floor":50,"turns":9}],"seed_played":"1529589199563271685","potions_obtained":[{"floor":12,"key":"hermit:Tonic"},{"floor":13,"key":"PowerPotion"},{"floor":16,"key":"sneckomod:MuddlingPotion"},{"floor":24,"key":"FearPotion"},{"floor":28,"key":"Explosive Potion"},{"floor":36,"key":"PowerPotion"},{"floor":44,"key":"LiquidMemories"}],"is_trial":false,"path_per_floor":["M","?","?","?","M","R","M","R","T","M","R","M","M","?","R","B",null,"M","M","M","?","M","R","E","R","T","R","E","?","M","?","R","B",null,"M","M","?","?","?","$","?","R","T","M","R","M","R","M","R","B",null],"character_chosen":"HERMIT","items_purchased":["Violence+1","hermit:BigShot","hermit:Virtue+1","Forethought+1"],"campfire_rested":3,"item_purchase_floors":[40,40,40,40],"current_hp_per_floor":[71,71,71,71,68,68,68,68,68,74,74,75,62,62,62,45,75,73,74,75,75,52,52,26,48,48,70,69,69,72,72,72,31,75,47,58,73,83,83,83,87,87,87,100,100,100,100,96,96,81],"gold":132,"neow_bonus":"","is_daily":false,"chose_seed":false,"campfire_upgraded":9,"win_rate":0.0,"timestamp":1613871748,"path_taken":["M","?","?","?","M","R","M","R","T","M","R","M","M","?","R","BOSS","M","M","?","?","M","R","E","R","T","R","E","?","M","?","R","BOSS","M","M","?","?","?","$","?","R","T","M","R","M","R","M","R","BOSS"],"items_purchased_type":["Card","Card","Card","Card"],"build_version":"2020-12-22","purchased_purges":1,"victory":true,"max_hp_per_floor":[75,75,75,75,75,75,75,75,75,75,75,75,75,75,75,75,75,75,75,75,75,75,75,75,75,75,75,75,75,75,75,75,75,75,90,90,90,100,100,100,100,100,100,100,100,100,100,100,100,100],"card_choices":[{"not_picked":["Bloodbath","FairyFestival","MeatLantern"],"picked":"Singing Bowl","floor":1},{"not_picked":["hermit:LuckOfTheDraw","hermit:Showdown"],"picked":"hermit:Headshot","floor":1},{"not_picked":["SpiderBud","BeautyBeast","PunishingBird"],"picked":"Singing Bowl","floor":5},{"not_picked":["FieryBird","MHz"],"picked":"OldLady","floor":5},{"not_picked":["hermit:FlashPowder","hermit:Feint"],"picked":"hermit:WideOpen","floor":5},{"not_picked":["VoidDream","SpiderBud","WallGazer"],"picked":"Singing Bowl","floor":7},{"not_picked":["VoidDream","MHz"],"picked":"DreamingCurrent","floor":7},{"not_picked":["hermit:CalledShot","hermit:Quickdraw"],"picked":"hermit:Showdown","floor":7},{"not_picked":["Bloodbath","SpiderBud"],"picked":"Wellcheers","floor":10},{"not_picked":["hermit:Manifest","hermit:Misfire"],"picked":"hermit:LoneWolf","floor":10},{"not_picked":["QueenOfHatred","Bloodbath","Scorched"],"picked":"Singing Bowl","floor":12},{"not_picked":["hermit:TakeCover","hermit:Misfire"],"picked":"hermit:CalledShot","floor":12},{"not_picked":["Bloodbath","CherryBlossoms","LaLuna"],"picked":"Singing Bowl","floor":13},{"not_picked":["hermit:Dive","hermit:Gestalt"],"picked":"hermit:PistolWhip","floor":13},{"not_picked":["BlackArmy","Murderer"],"picked":"ShyLook","floor":16},{"not_picked":["hermit:OverwhelmingPower","hermit:DeadOrAlive"],"picked":"hermit:Gambit","floor":16},{"not_picked":["CherryBlossoms","SnowQueen","FairyFestival"],"picked":"Singing Bowl","floor":18},{"not_picked":["hermit:ItchyTrigger","hermit:TrackingShot"],"picked":"hermit:Ricochet","floor":18},{"not_picked":["Murderer","Scarecrow","Bloodbath"],"picked":"Singing Bowl","floor":19},{"not_picked":["MHz","WallGazer"],"picked":"UniverseFragment","floor":19},{"not_picked":["hermit:WideOpen","hermit:HighCaliber+1"],"picked":"hermit:Vantage","floor":19},{"not_picked":["Murderer","Yin","SnowQueen"],"picked":"Singing Bowl","floor":20},{"not_picked":["hermit:Shortfuse","hermit:Cheat+1"],"picked":"hermit:EyeOfTheStorm","floor":20},{"not_picked":["BigBird","MeatLantern","LittleHelper"],"picked":"Singing Bowl","floor":22},{"not_picked":["SnowQueen","SilentOrchestra"],"picked":"MeltingLove","floor":22},{"not_picked":["hermit:Spite","hermit:Malice"],"picked":"hermit:Determination","floor":22},{"not_picked":["QueenBee","HeroicMonk","WhitesApple"],"picked":"Singing Bowl","floor":24},{"not_picked":["hermit:Gestalt","hermit:FullyLoaded"],"picked":"hermit:OverwhelmingPower","floor":24},{"not_picked":["DespairKnight","Funeral","CherryBlossoms"],"picked":"Singing Bowl","floor":28},{"not_picked":["hermit:Desperado","hermit:CalledShot"],"picked":"hermit:Vantage+1","floor":28},{"not_picked":["Variant","FairyFestival","BigBadWolf"],"picked":"Singing Bowl","floor":30},{"not_picked":["hermit:PistolWhip","hermit:BigShot"],"picked":"hermit:Quickdraw+1","floor":30},{"not_picked":["hermit:Magnum","hermit:EternalForm"],"picked":"hermit:OverwhelmingPower","floor":33},{"not_picked":["Variant","DespairKnight","Murderer"],"picked":"Singing Bowl","floor":33},{"not_picked":["GreedKing","SnowQueen","Funeral"],"picked":"Singing Bowl","floor":35},{"not_picked":["hermit:Vantage+1","hermit:Grudge+1"],"picked":"hermit:Brawl","floor":35},{"not_picked":["QueenBee","PunishingBird","WhitesApple"],"picked":"Singing Bowl","floor":36},{"not_picked":["hermit:WideOpen+1","hermit:EternalForm"],"picked":"hermit:TrackingShot","floor":36},{"not_picked":["WhitesApple","LittlePrince","Laetitia"],"picked":"Singing Bowl","floor":44},{"not_picked":["hermit:Dive+1","hermit:BodyArmor+1"],"picked":"hermit:DeadMansHand+1","floor":44},{"not_picked":["NakedNest","Laetitia","WhitesApple"],"picked":"Singing Bowl","floor":46},{"not_picked":["hermit:SprayPray","hermit:ShadowCloak+1"],"picked":"hermit:GhostlyPresence+1","floor":46},{"not_picked":["hermit:Spite+1","hermit:Headshot+1"],"picked":"hermit:Coalescence+1","floor":47},{"not_picked":["BigBird","QueenBee","GreedKing"],"picked":"Singing Bowl","floor":48},{"not_picked":["hermit:CalledShot+1","hermit:OverwhelmingPower"],"picked":"hermit:Feint+1","floor":48}],"player_experience":80011,"relics_obtained":[{"floor":1,"key":"LetterFromLob"},{"floor":5,"key":"RedMistMask"},{"floor":9,"key":"HornCleat"},{"floor":24,"key":"Vajra"},{"floor":26,"key":"Anchor"},{"floor":28,"key":"Toxic Egg 2"},{"floor":38,"key":"Dream Catcher"},{"floor":38,"key":"Pear"},{"floor":38,"key":"StoneCalendar"},{"floor":43,"key":"Darkstone Periapt"}],"event_choices":[{"damage_healed":0,"gold_gain":0,"player_choice":"Take Wound","damage_taken":0,"relics_obtained":["Golden Idol"],"max_hp_gain":0,"max_hp_loss":0,"event_name":"Golden Idol","floor":2,"gold_loss":0,"cards_obtained":["Injury"]},{"damage_healed":0,"gold_gain":0,"player_choice":"Grow","damage_taken":0,"max_hp_gain":0,"max_hp_loss":0,"event_name":"Living Wall","floor":3,"gold_loss":0,"cards_upgraded":["hermit:Snapshot"]},{"damage_healed":0,"gold_gain":0,"player_choice":"Ignored","damage_taken":0,"max_hp_gain":0,"max_hp_loss":0,"event_name":"Liars Game","floor":4,"gold_loss":0},{"cards_removed":["Injury"],"damage_healed":0,"gold_gain":0,"player_choice":"Purged","damage_taken":0,"max_hp_gain":0,"max_hp_loss":0,"event_name":"Purifier","floor":14,"gold_loss":0},{"damage_healed":0,"gold_gain":0,"player_choice":"Ignored","damage_taken":0,"max_hp_gain":0,"max_hp_loss":0,"event_name":"Vampires","floor":21,"gold_loss":0},{"damage_healed":0,"gold_gain":0,"player_choice":"Gave Idol","damage_taken":0,"relics_obtained":["Bloody Idol"],"max_hp_gain":0,"max_hp_loss":0,"event_name":"Forgotten Altar","floor":29,"relics_lost":["Golden Idol"],"gold_loss":0},{"cards_removed":["MeltingLove"],"damage_healed":0,"gold_gain":0,"player_choice":"Upgrade and Remove","damage_taken":0,"max_hp_gain":0,"max_hp_loss":0,"event_name":"Designer","floor":31,"gold_loss":90,"cards_upgraded":["hermit:Strike_Hermit"]}],"is_beta":false,"boss_relics":[{"not_picked":["Tiny House","Astrolabe"],"picked":"Runic Pyramid"},{"not_picked":["Fusion Hammer","Empty Cage"],"picked":"bronze:MakeshiftBattery"}],"items_purged_floors":[40],"is_endless":false,"potions_floor_spawned":[12,13,16,19,22,24,28,36,44,48],"ascension_level":0}}