{"host":"nug5xkek4sujf8as","time":1613898632,"event":{"mods":["Act Like it!","Aspiration","BaseMod","Booster Modes","CapriCore","Colored Powertips","Conspire","Energized Spire","Gensokyo","Minty Spire (QoL Compilation)","Permanent Neow","Quick Restart","Reimu£®≤©¿ˆ¡È√Œ£©","Replay The Spire","Shop Mod","Spicy Shops","StSLib","°æπ¶ƒ‹Mod°øªÏ„Á÷Æª∑–ﬁ∏¥≤π∂°","°æ“≈ŒÔø®≈∆°øREMEMod","ÛÙª÷∏ƒœ"],"gold_per_floor":[70,110,11,11,11,23,23,23,50,266,266,266],"floor_reached":10,"language":"ZHS","playtime":246,"items_purged":[],"score":122,"play_id":"b33bffa1-863d-495e-8f85-f31367145b24","local_time":"20210221171032","is_ascension_mode":true,"campfire_choices":[],"circlet_count":0,"master_deck":["AscendersBane","Strike_R","Strike_R","Strike_R","Strike_R","Strike_R","Defend_R","Bash","Combust","Blood for Blood","Armaments+1","Shrug It Off","ReplayTheSpireMod:Speed Training","Doppelganger","Burst","Corruption"],"relics":["Burning Blood","REME_ComplimentaryCards","aspiration:Nostalgia","PureWater","aspiration:Lifesprig","Bird Faced Urn"],"acts_visited":["Gensokyo:Gensokyo"],"potions_floor_usage":[10],"damage_taken":[{"damage":11,"enemies":"Gensokyo:Gryphon","floor":1,"turns":4},{"damage":24,"enemies":"Gensokyo:3_Fairies","floor":5,"turns":4},{"damage":22,"enemies":"Gensokyo:Aya","floor":8,"turns":5},{"damage":7,"enemies":"Gensokyo:2_Kodama","floor":9,"turns":3},{"damage":26,"enemies":"Gensokyo:Mamizou","floor":10,"turns":6}],"seed_played":"-5987418335449075639","potions_obtained":[{"floor":1,"key":"Elixir"},{"floor":8,"key":"Elixir"}],"is_trial":false,"path_per_floor":["M","COS","PTL","PTL","M","?","?","E","M","E"],"character_chosen":"IRONCLAD","items_purchased":[],"campfire_rested":0,"item_purchase_floors":[],"current_hp_per_floor":[54,63,63,63,63,45,36,36,20,21,0,0],"gold":266,"neow_bonus":"NOSTALGIA","is_daily":false,"chose_seed":false,"campfire_upgraded":0,"win_rate":0.0,"timestamp":1613898632,"path_taken":["M","COS","PTL","PTL","?","?","?","E","M","E"],"items_purchased_type":[],"build_version":"2020-12-22","purchased_purges":0,"victory":false,"max_hp_per_floor":[75,75,75,75,75,75,75,75,75,75,75,75],"card_choices":[{"not_picked":["Seeing Red","Body Slam"],"picked":"Blood for Blood","floor":1},{"not_picked":["ReplayTheSpireMod:Strike From Hell+1","Clothesline+1"],"picked":"Armaments+1","floor":5},{"not_picked":["Thunderclap","Bloodletting"],"picked":"Shrug It Off","floor":5},{"not_picked":["Blood for Blood","Battle Trance"],"picked":"Corruption","floor":8},{"not_picked":["Dropkick","Iron Wave","Carnage"],"picked":"SKIP","floor":9}],"player_experience":977686,"relics_obtained":[{"floor":8,"key":"Bird Faced Urn"}],"event_choices":[],"is_beta":false,"boss_relics":[],"items_purged_floors":[],"is_endless":false,"potions_floor_spawned":[1,8],"killed_by":"Gensokyo:Mamizou","ascension_level":20}}