{"host":"m1hrbr0uwda4cktq","time":1613888462,"event":{"mods":["BaseMod","BetterRewards","Colored Map","Colored Powertips","Highlight Path","Minty Spire (QoL Compilation)","Shop Mod","SuperFastMode"],"gold_per_floor":[112,212,228,239,253,281,292,292,292,324,324,337,362,374,374,470,470,487,402,415,431,442,476,488,488,488,33,68,81,111,121,121,222,222,237,250,250,269,62,87,137,137,137,170,170,205,205,222,222,222],"floor_reached":51,"language":"ENG","playtime":4431,"items_purged":["Meteor Strike","Streamline"],"score":1253,"play_id":"c030abb5-eacf-4293-8fa0-d090a69a46cb","local_time":"20210221032102","is_ascension_mode":true,"campfire_choices":[{"data":"Loop","floor":8.0,"key":"SMITH"},{"data":"Defragment","floor":11.0,"key":"SMITH"},{"data":"Defragment","floor":15.0,"key":"SMITH"},{"data":"Hello World","floor":25.0,"key":"PURGE"},{"floor":32,"key":"REST"},{"data":"Echo Form","floor":42,"key":"SMITH"},{"data":"Blind","floor":45,"key":"SMITH"},{"data":"Go for the Eyes","floor":47,"key":"SMITH"},{"data":"Gash","floor":49,"key":"SMITH"}],"circlet_count":0,"master_deck":["Zap","Dualcast","Gash+1","Gash","Defragment+1","Loop+1","Glacier","Coolheaded","Conserve Battery","BootSequence","Defragment+1","Echo Form+1","Multi-Cast","Multi-Cast","Storm","Coolheaded","Creative AI","Recycle","Hologram+1","Hologram+1","Steam","Capacitor","All For One","Conserve Battery","Cold Snap","Cold Snap+1","Buffer+1","Streamline+1","Go for the Eyes+1","Blind+1","Lockon+1","Hologram+1","Gash+1","Parasite","Gash"],"relics":["Cracked Core","PreservedInsect","Runic Capacitor","Meat on the Bone","Bottled Tornado","Symbiotic Virus","Pen Nib","Peace Pipe","Pandora\u0027s Box","Ancient Tea Set","FossilizedHelix","Pantograph","Bag of Preparation","Frozen Egg 2","Smiling Mask","Nuclear Battery","Lantern","Ice Cream","StoneCalendar","DataDisk","Bag of Marbles","Bird Faced Urn"],"acts_visited":["Exordium","TheCity","TheBeyond"],"potions_floor_usage":[50],"damage_taken":[{"damage":5.0,"enemies":"Small Slimes","floor":1.0,"turns":3.0},{"damage":0.0,"enemies":"Cultist","floor":3.0,"turns":3.0},{"damage":2.0,"enemies":"2 Louse","floor":4.0,"turns":3.0},{"damage":11.0,"enemies":"2 Fungi Beasts","floor":5.0,"turns":3.0},{"damage":15.0,"enemies":"Gremlin Nob","floor":6.0,"turns":3.0},{"damage":9.0,"enemies":"Exordium Wildlife","floor":7.0,"turns":4.0},{"damage":8.0,"enemies":"3 Sentries","floor":10.0,"turns":6.0},{"damage":7.0,"enemies":"Red Slaver","floor":12.0,"turns":3.0},{"damage":23.0,"enemies":"Gremlin Nob","floor":13.0,"turns":4.0},{"damage":0.0,"enemies":"Large Slime","floor":14.0,"turns":4.0},{"damage":12.0,"enemies":"Hexaghost","floor":16.0,"turns":7.0},{"damage":2.0,"enemies":"Chosen","floor":18.0,"turns":4.0},{"damage":48.0,"enemies":"2 Thieves","floor":20.0,"turns":4.0},{"damage":11.0,"enemies":"Centurion and Healer","floor":21.0,"turns":6.0},{"damage":7.0,"enemies":"Snake Plant","floor":22.0,"turns":5.0},{"damage":20.0,"enemies":"Book of Stabbing","floor":23.0,"turns":4.0},{"damage":6.0,"enemies":"Chosen and Byrds","floor":24.0,"turns":3.0},{"damage":10.0,"enemies":"Gremlin Leader","floor":28.0,"turns":5.0},{"damage":22.0,"enemies":"3 Cultists","floor":29.0,"turns":6.0},{"damage":8.0,"enemies":"Slavers","floor":30.0,"turns":4.0},{"damage":9,"enemies":"Snake Plant","floor":31,"turns":5},{"damage":35,"enemies":"Automaton","floor":33,"turns":7},{"damage":13,"enemies":"3 Darklings","floor":35,"turns":6},{"damage":16,"enemies":"Orb Walker","floor":36,"turns":4},{"damage":11,"enemies":"Sphere and 2 Shapes","floor":38,"turns":5},{"damage":0,"enemies":"Nemesis","floor":40,"turns":8},{"damage":0,"enemies":"Mind Bloom Boss Battle","floor":41,"turns":4},{"damage":18,"enemies":"Reptomancer","floor":44,"turns":5},{"damage":0,"enemies":"Giant Head","floor":46,"turns":7},{"damage":0,"enemies":"Writhing Mass","floor":48,"turns":4},{"damage":51,"enemies":"Awakened One","floor":50,"turns":8}],"seed_played":"-5272936340508971607","potions_obtained":[{"floor":3.0,"key":"Ancient Potion"},{"floor":5.0,"key":"SneckoOil"},{"floor":6.0,"key":"Fire Potion"},{"floor":16.0,"key":"Energy Potion"},{"floor":23.0,"key":"SkillPotion"},{"floor":44,"key":"DuplicationPotion"}],"is_trial":false,"path_per_floor":["M","?","M","M","M","E","M","R","T","E","R","M","E","M","R","B",null,"M","?","M","M","M","E","M","R","T","$","E","M","E","M","R","B",null,"M","M","?","M","$","E","?","R","T","E","R","E","R","M","R","B",null],"character_chosen":"DEFECT","items_purchased":["PreservedInsect","Runic Capacitor","Meat on the Bone","Bag of Preparation","Capacitor","All For One","Lantern"],"campfire_rested":1,"item_purchase_floors":[0,0,0,27,27,27,39],"current_hp_per_floor":[70,70,70,68,57,42,45,45,45,49,49,42,31,43,43,43,75,73,73,37,38,43,35,41,41,41,41,43,33,37,40,62,40,75,62,46,46,47,47,47,72,72,72,54,54,54,54,70,70,42],"gold":222,"neow_bonus":"","is_daily":false,"chose_seed":false,"campfire_upgraded":7,"win_rate":0.0,"timestamp":1613888462,"path_taken":["M","?","M","M","M","E","M","R","T","E","R","?","E","M","R","BOSS","M","?","M","M","M","E","M","R","T","$","E","M","E","M","R","BOSS","M","M","?","M","$","E","?","R","T","E","R","E","R","M","R","BOSS"],"items_purchased_type":["Relic","Relic","Relic","Relic","Card","Card","Relic"],"build_version":"2020-12-22","purchased_purges":2,"victory":true,"max_hp_per_floor":[75,75,75,75,75,75,75,75,75,75,75,75,75,75,75,75,75,75,75,75,75,75,75,75,75,75,75,75,75,75,75,75,75,75,75,75,75,75,75,75,75,75,75,75,75,75,75,75,75,75],"card_choices":[{"not_picked":["Stack","Aggregate"],"picked":"Gash","floor":1.0},{"not_picked":["Rip and Tear","Doom and Gloom"],"picked":"Gash","floor":3.0},{"not_picked":["Go for the Eyes","Reinforced Body"],"picked":"Defragment","floor":4.0},{"not_picked":["Beam Cell","Storm"],"picked":"Loop","floor":5.0},{"not_picked":["Barrage","White Noise"],"picked":"Glacier","floor":6.0},{"not_picked":["Rainbow","Barrage"],"picked":"Coolheaded","floor":7.0},{"not_picked":["Rip and Tear","Coolheaded"],"picked":"Conserve Battery","floor":10.0},{"not_picked":["Steam Power","Aggregate"],"picked":"BootSequence","floor":12.0},{"not_picked":["Go for the Eyes","Undo"],"picked":"Defragment","floor":13.0},{"not_picked":["Chill","Redo"],"picked":"Echo Form","floor":14.0},{"not_picked":["Fission","Meteor Strike"],"picked":"Multi-Cast","floor":16.0},{"not_picked":["Self Repair","Cold Snap"],"picked":"Hologram+1","floor":18.0},{"not_picked":["Tempest","Recycle","Redo"],"picked":"SKIP","floor":20.0},{"not_picked":["Auto Shields+1","Hologram","Glacier+1"],"picked":"SKIP","floor":21.0},{"not_picked":["Meteor Strike","Conserve Battery"],"picked":"Hologram+1","floor":22.0},{"not_picked":["Leap","Turbo","Stack"],"picked":"SKIP","floor":23.0},{"not_picked":["Beam Cell","Barrage+1"],"picked":"Steam","floor":24.0},{"not_picked":["Multi-Cast","Recycle","Capacitor+1"],"picked":"SKIP","floor":28.0},{"not_picked":["Sweeping Beam","Hologram"],"picked":"Conserve Battery","floor":29.0},{"not_picked":["Melter+1","Chill"],"picked":"Cold Snap","floor":30.0},{"not_picked":["Beam Cell","Rebound"],"picked":"Cold Snap+1","floor":31},{"not_picked":["Core Surge","Amplify"],"picked":"Buffer+1","floor":33},{"not_picked":["Melter","Coolheaded"],"picked":"Streamline+1","floor":35},{"not_picked":["Force Field+1","Conserve Battery"],"picked":"Go for the Eyes","floor":36},{"not_picked":["Madness","Dark Shackles"],"picked":"Blind","floor":37},{"not_picked":["Leap","Sweeping Beam+1","Barrage+1"],"picked":"SKIP","floor":38},{"not_picked":["Redo+1","Conserve Battery+1"],"picked":"Lockon+1","floor":40},{"not_picked":["Reinforced Body","Conserve Battery"],"picked":"Hologram+1","floor":41},{"not_picked":["Leap+1","Conserve Battery+1","Beam Cell"],"picked":"SKIP","floor":44},{"not_picked":["Skim","Reboot"],"picked":"Gash+1","floor":46},{"not_picked":["Doom and Gloom","Ball Lightning+1"],"picked":"Gash","floor":48}],"player_experience":156525,"relics_obtained":[{"floor":6.0,"key":"Bottled Tornado"},{"floor":9.0,"key":"Symbiotic Virus"},{"floor":10.0,"key":"Pen Nib"},{"floor":13.0,"key":"Peace Pipe"},{"floor":23.0,"key":"FossilizedHelix"},{"floor":26.0,"key":"Pantograph"},{"floor":28.0,"key":"Frozen Egg 2"},{"floor":30.0,"key":"Smiling Mask"},{"floor":40,"key":"Ice Cream"},{"floor":41,"key":"StoneCalendar"},{"floor":43,"key":"DataDisk"},{"floor":44,"key":"Bag of Marbles"},{"floor":46,"key":"Bird Faced Urn"}],"event_choices":[{"damage_healed":0.0,"max_hp_gain":0.0,"max_hp_loss":0.0,"gold_gain":100.0,"event_name":"Golden Shrine","player_choice":"Pray","floor":2.0,"gold_loss":0.0,"damage_taken":0.0},{"damage_healed":0.0,"max_hp_gain":0.0,"max_hp_loss":0.0,"gold_gain":0.0,"event_name":"Addict","player_choice":"Obtained Relic","floor":19.0,"gold_loss":85.0,"damage_taken":0.0,"relics_obtained":["Ancient Tea Set"]},{"damage_healed":0,"gold_gain":0,"player_choice":"Memory 1","damage_taken":0,"max_hp_gain":0,"max_hp_loss":0,"event_name":"SensoryStone","floor":37,"gold_loss":0},{"damage_healed":0,"gold_gain":0,"player_choice":"Fight","damage_taken":0,"max_hp_gain":0,"max_hp_loss":0,"event_name":"MindBloom","floor":41,"gold_loss":0}],"is_beta":false,"boss_relics":[{"not_picked":["FrozenCore","Fusion Hammer"],"picked":"Pandora\u0027s Box"},{"not_picked":["Sozu","Velvet Choker"],"picked":"Nuclear Battery"}],"items_purged_floors":[27,39],"is_endless":false,"potions_floor_spawned":[3,5,6,7,13,14,16,18,23,28,30,33,36,41,44,48],"ascension_level":3}}