{"host":"e8hwgc5hwysw32tq","time":1613893570,"event":{"mods":["BaseMod","Downfall","Googly Eyes","Minty Spire (QoL Compilation)","StSLib","Together in Spire"],"gold_per_floor":[119,131,17,28,39,58,91,91,91,106,106,132,144,168,180,292,304,335,358,247,247,76,76,110,110,110,121,156,176,187,206,206,303,303,320,335,406,406,425,456,456,483,533,533,544,297,327,346,346,346,346],"floor_reached":50,"language":"ENG","playtime":4021,"items_purged":["Defend_P","Strike_P","Defend_P","Defend_P"],"score":561,"play_id":"9e65d857-3cc2-48d0-858a-d9699b43d510","local_time":"20210220234610","is_ascension_mode":false,"campfire_choices":[{"data":"Eruption","floor":11,"key":"SMITH"},{"data":"DevaForm","floor":13,"key":"SMITH"},{"data":"WindmillStrike","floor":15,"key":"SMITH"},{"data":"Perseverance","floor":23,"key":"SMITH"},{"floor":25,"key":"REST"},{"floor":32,"key":"REST"},{"data":"MentalFortress","floor":41,"key":"SMITH"},{"floor":49,"key":"REST"}],"circlet_count":0,"master_deck":["Strike_P","Strike_P","Eruption+1","Vigilance","DeceiveReality+1","Adaptation+1","MentalFortress+1","WindmillStrike+1","DevaForm+1","Perseverance+1","Establishment+1","EmptyBody","FollowUp","FlurryOfBlows","EmptyBody+1","Worship+1","LessonLearned+1","Halt+1"],"relics":["Empty Cage","Ornamental Fan","Potion Belt","MawBank","Busted Crown","The Courier","Prayer Wheel","Pen Nib","Black Star","Molten Egg 2","Centennial Puzzle","Vajra","Art of War","Eternal Feather","Sundial","Bronze Scales","Bag of Preparation","Kunai"],"acts_visited":["Exordium","TheCity","TheBeyond"],"potions_floor_usage":[6,12,14,24,29,40,42,42,47,48,50],"damage_taken":[{"damage":0,"enemies":"Cultist","floor":1,"turns":2},{"damage":3,"enemies":"Jaw Worm","floor":2,"turns":3},{"damage":0,"enemies":"Small Slimes","floor":4,"turns":2},{"damage":1,"enemies":"Blue Slaver","floor":5,"turns":3},{"damage":4,"enemies":"Exordium Wildlife","floor":6,"turns":3},{"damage":20,"enemies":"3 Sentries","floor":7,"turns":7},{"damage":1,"enemies":"Looter","floor":10,"turns":3},{"damage":5,"enemies":"Gremlin Nob","floor":12,"turns":3},{"damage":5,"enemies":"Blue Slaver","floor":14,"turns":3},{"damage":5,"enemies":"Hexaghost","floor":16,"turns":6},{"damage":18,"enemies":"Spheric Guardian","floor":18,"turns":5},{"damage":7,"enemies":"2 Thieves","floor":19,"turns":4},{"damage":37,"enemies":"Slavers","floor":24,"turns":5},{"damage":0,"enemies":"Snecko","floor":27,"turns":4},{"damage":1,"enemies":"Gremlin Leader","floor":28,"turns":5},{"damage":10,"enemies":"Snake Plant","floor":29,"turns":4},{"damage":0,"enemies":"Chosen and Byrds","floor":30,"turns":4},{"damage":4,"enemies":"Shelled Parasite and Fungi","floor":31,"turns":3},{"damage":4,"enemies":"Champ","floor":33,"turns":7},{"damage":23,"enemies":"3 Darklings","floor":35,"turns":6},{"damage":0,"enemies":"3 Shapes","floor":36,"turns":3},{"damage":0,"enemies":"Sphere and 2 Shapes","floor":39,"turns":6},{"damage":0,"enemies":"Reptomancer","floor":40,"turns":5},{"damage":5,"enemies":"Nemesis","floor":42,"turns":4},{"damage":10,"enemies":"Writhing Mass","floor":45,"turns":5},{"damage":2,"enemies":"Giant Head","floor":47,"turns":6},{"damage":26,"enemies":"Spire Growth","floor":48,"turns":4},{"damage":38,"enemies":"Donu and Deca","floor":50,"turns":6}],"seed_played":"-68539878399189439","potions_obtained":[{"floor":2,"key":"StancePotion"},{"floor":5,"key":"Explosive Potion"},{"floor":7,"key":"PowerPotion"},{"floor":19,"key":"FearPotion"},{"floor":28,"key":"DuplicationPotion"},{"floor":29,"key":"DuplicationPotion"},{"floor":30,"key":"Strength Potion"},{"floor":31,"key":"DistilledChaos"},{"floor":39,"key":"Explosive Potion"},{"floor":47,"key":"SkillPotion"},{"floor":48,"key":"champ:CounterPotion"}],"is_trial":false,"path_per_floor":["M","M","$","M","M","M","E","$","T","M","R","E","R","M","R","B",null,"M","M","$","?","$","R","E","R","T","M","E","M","M","M","R","B",null,"M","M","T","T","M","E","R","E","T","?","M","$","E","M","R","B"],"character_chosen":"WATCHER","items_purchased":["Adaptation","EmptyBody","FollowUp","LessonLearned+1"],"campfire_rested":3,"item_purchase_floors":[3,20,22,46],"current_hp_per_floor":[72,69,69,69,68,64,44,44,44,43,43,38,38,33,33,28,72,54,47,47,47,47,47,10,31,31,31,30,20,20,16,37,33,72,49,49,49,49,49,49,49,44,44,44,34,34,32,6,36,0,0],"gold":346,"neow_bonus":"BOSS_RELIC","is_daily":false,"chose_seed":false,"campfire_upgraded":5,"win_rate":0.0,"timestamp":1613893570,"path_taken":["M","M","$","M","M","M","E","$","T","M","R","E","R","M","R","BOSS","M","?","$","?","$","R","E","R","T","M","E","M","?","M","R","BOSS","M","M","?","?","M","E","R","E","T","?","M","$","E","M","R","BOSS"],"items_purchased_type":["Card","Card","Card","Card"],"build_version":"2020-12-22","purchased_purges":4,"victory":false,"max_hp_per_floor":[72,72,72,72,72,72,72,72,72,72,72,72,72,72,72,72,72,72,72,72,72,72,72,72,72,72,72,72,72,72,72,72,72,72,72,72,72,72,72,72,72,72,72,72,72,72,72,72,72,72,72],"card_choices":[{"not_picked":["EmptyFist","CrushJoints","FlurryOfBlows"],"picked":"SKIP","floor":1},{"not_picked":["Halt","WheelKick"],"picked":"DeceiveReality","floor":2},{"not_picked":["JustLucky","Study","WreathOfFlame"],"picked":"SKIP","floor":4},{"not_picked":["ThirdEye","WreathOfFlame"],"picked":"MentalFortress","floor":5},{"not_picked":["CutThroughFate","Prostrate"],"picked":"WindmillStrike","floor":6},{"not_picked":["Evaluate","FlyingSleeves"],"picked":"DevaForm","floor":7},{"not_picked":["FlyingSleeves","CutThroughFate","TalkToTheHand"],"picked":"SKIP","floor":10},{"not_picked":["EmptyMind","BowlingBash","ThirdEye"],"picked":"SKIP","floor":12},{"not_picked":["CrushJoints","SashWhip"],"picked":"Perseverance","floor":14},{"not_picked":["DevaForm","Ragnarok"],"picked":"Establishment","floor":16},{"not_picked":["Vengeance"],"picked":"SKIP","floor":18},{"not_picked":[],"picked":"FlurryOfBlows","floor":19},{"not_picked":["WreathOfFlame"],"picked":"SKIP","floor":24},{"not_picked":["ThirdEye"],"picked":"SKIP","floor":27},{"not_picked":["PathToVictory+1"],"picked":"SKIP","floor":27},{"not_picked":["BowlingBash+1"],"picked":"SKIP","floor":28},{"not_picked":[],"picked":"FlurryOfBlows","floor":29},{"not_picked":["Swivel"],"picked":"SKIP","floor":29},{"not_picked":["Crescendo"],"picked":"SKIP","floor":30},{"not_picked":["BowlingBash"],"picked":"SKIP","floor":30},{"not_picked":["InnerPeace"],"picked":"SKIP","floor":31},{"not_picked":["JustLucky"],"picked":"SKIP","floor":31},{"not_picked":[],"picked":"EmptyBody+1","floor":35},{"not_picked":["Crescendo"],"picked":"SKIP","floor":35},{"not_picked":["PathToVictory"],"picked":"SKIP","floor":36},{"not_picked":["EmptyFist"],"picked":"SKIP","floor":36},{"not_picked":["SignatureMove+1"],"picked":"SKIP","floor":39},{"not_picked":["ThirdEye+1"],"picked":"SKIP","floor":39},{"not_picked":["ThirdEye"],"picked":"SKIP","floor":40},{"not_picked":["BowlingBash+1"],"picked":"SKIP","floor":42},{"not_picked":[],"picked":"Worship+1","floor":45},{"not_picked":["Evaluate+1"],"picked":"SKIP","floor":45},{"not_picked":["ClearTheMind+1"],"picked":"SKIP","floor":47},{"not_picked":[],"picked":"Halt+1","floor":48},{"not_picked":["FollowUp+1"],"picked":"SKIP","floor":48},{"not_picked":["FollowUp+1"],"picked":"SKIP","floor":48}],"player_experience":459765,"relics_obtained":[{"floor":7,"key":"Ornamental Fan"},{"floor":9,"key":"Potion Belt"},{"floor":12,"key":"MawBank"},{"floor":24,"key":"The Courier"},{"floor":26,"key":"Prayer Wheel"},{"floor":28,"key":"Pen Nib"},{"floor":37,"key":"Molten Egg 2"},{"floor":38,"key":"Centennial Puzzle"},{"floor":40,"key":"Vajra"},{"floor":40,"key":"Art of War"},{"floor":42,"key":"Eternal Feather"},{"floor":42,"key":"Sundial"},{"floor":43,"key":"Bronze Scales"},{"floor":47,"key":"Bag of Preparation"},{"floor":47,"key":"Kunai"}],"event_choices":[{"damage_healed":0,"gold_gain":0,"player_choice":"Forge","damage_taken":0,"max_hp_gain":0,"max_hp_loss":0,"event_name":"Accursed Blacksmith","floor":21,"gold_loss":0,"cards_upgraded":["Establishment"]},{"cards_removed":["FlurryOfBlows"],"damage_healed":0,"gold_gain":0,"player_choice":"Removed Attack","damage_taken":0,"max_hp_gain":0,"max_hp_loss":0,"event_name":"Falling","floor":44,"gold_loss":0}],"is_beta":false,"boss_relics":[{"not_picked":["Ectoplasm","Tiny House"],"picked":"Busted Crown"},{"not_picked":["Runic Dome","Fusion Hammer"],"picked":"Black Star"}],"items_purged_floors":[3,20,22,46],"is_endless":false,"potions_floor_spawned":[2,5,7,19,28,29,30,31,39,47,48],"killed_by":"Donu and Deca","ascension_level":0}}