{"host":"nv1rw0372aj1kj6e","time":1613939100,"event":{"mods":["AchievementEnabler","BaseMod","Minty Spire (QoL Compilation)","Rare Cards Sparkle","Replay The Spire","StSLib","everything is the same but u backflip on backflip"],"gold_per_floor":[118,118,118,130,148,148,4,39,39,53,70,85,85,119,119,219,219,231,241,241,17,27,27,27],"floor_reached":23,"language":"ENG","playtime":4423,"items_purged":["Pain"],"score":244,"play_id":"3e341fc6-eed1-4b65-bed8-dd3076da6d67","local_time":"20210221212500","is_ascension_mode":true,"campfire_choices":[{"data":"Berserk","floor":6,"key":"SMITH"},{"data":"Double Tap","floor":13,"key":"SMITH"},{"data":"Seeing Red","floor":15,"key":"SMITH"}],"circlet_count":0,"master_deck":["Strike_R","Strike_R","Strike_R","Strike_R","Defend_R","Defend_R","Defend_R","Bash","Ghostly Armor","Berserk+1","ReplayTheSpireMod:Strike From Hell","Pot Of Greed","Double Tap+1","Pot Of Greed","Seeing Red+1","Inflame","Eclipse","Warcry+1","True Grit","True Grit"],"relics":["Burning Blood","Medical Kit","Grinning Jar","Divine Protection","Anchor","Replay:Bronze Core","WarpedTongs","Strange Spoon"],"acts_visited":["Exordium","TheCity"],"potions_floor_usage":[8,8,10,11,12,16,18,22],"damage_taken":[{"damage":7,"enemies":"2 Louse","floor":1,"turns":4},{"damage":3,"enemies":"Jaw Worm","floor":4,"turns":3},{"damage":0,"enemies":"Cultist","floor":5,"turns":4},{"damage":30,"enemies":"3 Sentries","floor":8,"turns":9},{"damage":0,"enemies":"Exordium Thugs","floor":10,"turns":5},{"damage":9,"enemies":"Gremlin Gang","floor":11,"turns":6},{"damage":0,"enemies":"3 Louse","floor":12,"turns":1},{"damage":22,"enemies":"Gremlin Nob","floor":14,"turns":4},{"damage":7,"enemies":"Fading Forest","floor":16,"turns":11},{"damage":4,"enemies":"3 Byrds","floor":18,"turns":5},{"damage":10,"enemies":"Spheric Guardian","floor":19,"turns":5},{"damage":0,"enemies":"Centurion and Healer","floor":22,"turns":4},{"damage":83,"enemies":"Book of Stabbing","floor":23,"turns":7}],"seed_played":"-455858296142290291","potions_obtained":[{"floor":1,"key":"LiquidBronze"},{"floor":3,"key":"Swift Potion"},{"floor":3,"key":"Flashbang"},{"floor":8,"key":"CultistPotion"},{"floor":10,"key":"LiquidMemories"},{"floor":11,"key":"Toxic Potion"},{"floor":14,"key":"SteroidPotion"},{"floor":16,"key":"LiquidBronze"},{"floor":22,"key":"ElixirPotion"}],"is_trial":false,"path_per_floor":["M","?","?","M","M","R","$","E","T","M","M","M","R","E","R","B",null,"M","M","?","$","M","E"],"character_chosen":"IRONCLAD","items_purchased":["Medical Kit","Strange Spoon"],"campfire_rested":0,"item_purchase_floors":[7,21],"current_hp_per_floor":[79,79,79,80,80,80,80,56,56,62,59,65,65,49,49,76,80,80,76,76,76,80,0,0],"gold":27,"neow_bonus":"REMOVE_CARD","is_daily":false,"chose_seed":false,"campfire_upgraded":3,"win_rate":0.0,"timestamp":1613939100,"path_taken":["M","?","?","M","M","R","$","E","T","M","M","?","R","E","R","BOSS","M","M","?","$","M","E"],"items_purchased_type":["Relic","Relic"],"build_version":"2020-12-22","purchased_purges":1,"victory":false,"max_hp_per_floor":[80,80,80,80,80,80,80,80,80,80,80,80,80,80,80,80,80,80,80,80,80,80,80,80],"card_choices":[{"not_picked":["Run Through","Perfected Strike"],"picked":"Ghostly Armor","floor":1},{"not_picked":["Battle Trance","Run Through"],"picked":"ReplayTheSpireMod:Strike From Hell","floor":4},{"not_picked":["Sever Soul","Searing Blow","Shrug It Off"],"picked":"SKIP","floor":5},{"not_picked":["Sever Soul","Searing Blow","Shrug It Off"],"picked":"SKIP","floor":5},{"not_picked":["Berserk","Run Through"],"picked":"Double Tap","floor":8},{"not_picked":["Shrug It Off","Anger","Cleave"],"picked":"SKIP","floor":10},{"not_picked":["Headbutt","Flex","Anger"],"picked":"SKIP","floor":11},{"not_picked":["ReplayTheSpireMod:Stacked","Clash"],"picked":"Seeing Red","floor":12},{"not_picked":["Wild Strike","Disarm"],"picked":"Inflame","floor":14},{"not_picked":["Corruption","Berserk"],"picked":"Eclipse","floor":16},{"not_picked":["Pommel Strike+1","Twin Strike"],"picked":"Warcry+1","floor":18},{"not_picked":["Pommel Strike","Iron Wave"],"picked":"True Grit","floor":19},{"not_picked":["ReplayTheSpireMod:LeadingStrike","Anger+1"],"picked":"True Grit","floor":22}],"player_experience":228268,"relics_obtained":[{"floor":8,"key":"Grinning Jar"},{"floor":9,"key":"Divine Protection"},{"floor":14,"key":"Anchor"}],"event_choices":[{"damage_healed":0,"gold_gain":0,"cards_transformed":["Defend_R"],"player_choice":"Change","damage_taken":0,"max_hp_gain":0,"max_hp_loss":0,"event_name":"Living Wall","floor":2,"gold_loss":0,"cards_obtained":["Berserk"]},{"damage_healed":0,"gold_gain":0,"player_choice":"Got Potions","damage_taken":0,"max_hp_gain":0,"max_hp_loss":0,"event_name":"Lab","floor":3,"gold_loss":0},{"damage_healed":0,"gold_gain":0,"player_choice":"Rummage","damage_taken":0,"relics_obtained":["WarpedTongs"],"max_hp_gain":0,"max_hp_loss":0,"event_name":"Accursed Blacksmith","floor":20,"gold_loss":0,"cards_obtained":["Pain"]}],"is_beta":false,"boss_relics":[{"not_picked":["Fusion Hammer","Honey Jar"],"picked":"Replay:Bronze Core"}],"items_purged_floors":[21],"is_endless":false,"potions_floor_spawned":[1,8,10,11,14,16,22],"killed_by":"Book of Stabbing","ascension_level":4}}