{"host":"oehe2dxjvdgux73m","time":1613929890,"event":{"mods":["AchievementEnabler","BaseMod","Colored Map","Colored Powertips","DeckTracker","Keyboard Shortcuts","Minty Spire (QoL Compilation)","Permanent Neow","Quick Restart","StSLib","SuperFastMode"],"gold_per_floor":[17,31,41,41,41,72,72,89,89,102,102,117,146,16,16,93,93,108,127,127,5,16,16,66,66,66,8,51,64,91,120,120,203,203,215,215,215,234,234,234,275,275,284,344,344,356,356,389,389,389,389],"floor_reached":50,"language":"KOR","playtime":1670,"items_purged":["Pain"],"score":1160,"play_id":"d59b3588-2de2-4673-b432-4c560af972f4","local_time":"20210222025130","is_ascension_mode":true,"campfire_choices":[{"data":"Blade Dance","floor":7.0,"key":"SMITH"},{"data":"Acrobatics","floor":11.0,"key":"SMITH"},{"data":"Tactician","floor":15.0,"key":"SMITH"},{"data":"Envenom","floor":23.0,"key":"SMITH"},{"data":"Acrobatics","floor":25.0,"key":"SMITH"},{"data":"Accuracy","floor":32.0,"key":"SMITH"},{"data":"Burst","floor":40.0,"key":"SMITH"},{"data":"Prepared","floor":42.0,"key":"SMITH"},{"floor":45.0,"key":"REST"},{"floor":49.0,"key":"RECALL"}],"circlet_count":0,"master_deck":["AscendersBane","Defend_G+1","Defend_G+1","Defend_G+1","Defend_G+1","Defend_G+1","Survivor+1","Neutralize+1","Acrobatics+1","Blade Dance+1","Blade Dance+1","Dash+1","Tactician+1","Envenom+1","Prepared+1","Blade Dance+1","Adrenaline+1","Poisoned Stab+1","Backflip+1","Infinite Blades+1","Blur+1","Well Laid Plans+1","Acrobatics+1","Backflip+1","Burst+1","Accuracy+1","Caltrops+1","Night Terror+1","Dodge and Roll+1","Deflect+1","Writhe","PiercingWail+1"],"relics":["Ring of the Snake","Mummified Hand","WarpedTongs","The Specimen","Pocketwatch","Mango","Astrolabe","Ornamental Fan","CeramicFish","Cursed Key","Regal Pillow","Shovel","Mark of the Bloom","Happy Flower"],"acts_visited":["Exordium","TheCity","TheBeyond"],"potions_floor_usage":[],"damage_taken":[{"damage":0.0,"enemies":"Small Slimes","floor":1.0,"turns":3.0},{"damage":1.0,"enemies":"2 Louse","floor":2.0,"turns":3.0},{"damage":0.0,"enemies":"Cultist","floor":3.0,"turns":4.0},{"damage":15.0,"enemies":"3 Sentries","floor":6.0,"turns":9.0},{"damage":0.0,"enemies":"Looter","floor":8.0,"turns":3.0},{"damage":12.0,"enemies":"Large Slime","floor":10.0,"turns":5.0},{"damage":0.0,"enemies":"2 Fungi Beasts","floor":12.0,"turns":2.0},{"damage":3.0,"enemies":"Gremlin Nob","floor":13.0,"turns":3.0},{"damage":9.0,"enemies":"The Guardian","floor":16.0,"turns":11.0},{"damage":9.0,"enemies":"2 Thieves","floor":18.0,"turns":3.0},{"damage":0.0,"enemies":"3 Byrds","floor":19.0,"turns":4.0},{"damage":3.0,"enemies":"3 Cultists","floor":22.0,"turns":4.0},{"damage":8.0,"enemies":"Slavers","floor":28.0,"turns":5.0},{"damage":5.0,"enemies":"Shelled Parasite and Fungi","floor":29.0,"turns":5.0},{"damage":1.0,"enemies":"Centurion and Healer","floor":30.0,"turns":5.0},{"damage":2.0,"enemies":"Snecko","floor":31.0,"turns":4.0},{"damage":15.0,"enemies":"Collector","floor":33.0,"turns":7.0},{"damage":7.0,"enemies":"Orb Walker","floor":35.0,"turns":3.0},{"damage":0.0,"enemies":"3 Darklings","floor":38.0,"turns":3.0},{"damage":14.0,"enemies":"Nemesis","floor":41.0,"turns":9.0},{"damage":25.0,"enemies":"2 Orb Walkers","floor":44.0,"turns":4.0},{"damage":0.0,"enemies":"Jaw Worm Horde","floor":46.0,"turns":2.0},{"damage":13.0,"enemies":"Reptomancer","floor":48.0,"turns":6.0},{"damage":48,"enemies":"Time Eater","floor":50,"turns":6}],"seed_played":"-8541849496941096373","potions_obtained":[{"floor":3.0,"key":"BlessingOfTheForge"},{"floor":12.0,"key":"Swift Potion"},{"floor":13.0,"key":"Swift Potion"},{"floor":19.0,"key":"FearPotion"},{"floor":30.0,"key":"LiquidBronze"},{"floor":33.0,"key":"SpeedPotion"}],"is_trial":false,"path_per_floor":["M","M","M","?","?","E","R","M","T","M","R","M","E","$","R","B",null,"M","M","?","$","M","R","?","R","T","$","E","M","M","M","R","B",null,"M","$","?","M","?","R","E","R","T","?","R","M","?","E","R","B"],"character_chosen":"THE_SILENT","items_purchased":["Blade Dance","Blur","Well Laid Plans","Backflip"],"campfire_rested":1,"item_purchase_floors":[14,21,21,27],"current_hp_per_floor":[59,58,58,47,47,32,32,32,32,20,20,20,31,31,31,22,66,57,57,57,57,54,54,54,54,54,54,46,41,40,38,38,23,66,59,59,59,59,59,59,45,45,45,20,57,57,57,44,44,0,0],"gold":389,"neow_bonus":"TRANSFORM_TWO_CARDS","is_daily":false,"chose_seed":false,"campfire_upgraded":8,"win_rate":0.0,"timestamp":1613929890,"path_taken":["M","M","M","?","?","E","R","M","T","M","R","?","E","$","R","BOSS","M","M","?","$","M","R","?","R","T","$","E","M","M","M","R","BOSS","M","$","?","M","?","R","E","R","T","?","R","M","?","E","R","BOSS"],"items_purchased_type":["Card","Card","Card","Card"],"build_version":"2020-12-22","purchased_purges":1,"victory":false,"max_hp_per_floor":[66,66,66,66,66,66,66,66,66,66,66,66,80,80,80,80,80,80,80,80,80,80,80,80,80,80,80,80,80,80,80,80,80,80,80,80,80,80,76,76,76,76,76,76,76,76,76,76,76,76,76],"card_choices":[{"not_picked":["Prepared","Infinite Blades"],"picked":"Sucker Punch","floor":1.0},{"not_picked":["PiercingWail","Backflip"],"picked":"Blade Dance","floor":2.0},{"not_picked":["Flechettes","Cloak And Dagger"],"picked":"Blade Dance","floor":3.0},{"not_picked":["Catalyst","Dodge and Roll"],"picked":"Dash","floor":6.0},{"not_picked":["Bane","Terror"],"picked":"Tactician","floor":8.0},{"not_picked":["Deflect","Poisoned Stab","Flying Knee"],"picked":"SKIP","floor":10.0},{"not_picked":["Dodge and Roll","Deflect"],"picked":"Envenom","floor":12.0},{"not_picked":["Cloak And Dagger","Skewer"],"picked":"Prepared","floor":13.0},{"not_picked":["Die Die Die","Night Terror"],"picked":"Adrenaline","floor":16.0},{"not_picked":["Bane","Deflect","Dodge and Roll"],"picked":"SKIP","floor":18.0},{"not_picked":["Flying Knee","Underhanded Strike","Endless Agony"],"picked":"SKIP","floor":19.0},{"not_picked":["PiercingWail","Tactician"],"picked":"Acrobatics","floor":22.0},{"not_picked":["Deadly Poison+1","Deflect"],"picked":"Burst","floor":28.0},{"not_picked":["Dagger Spray","Dagger Throw","Expertise+1"],"picked":"SKIP","floor":29.0},{"not_picked":["Flying Knee","Prepared"],"picked":"Accuracy","floor":30.0},{"not_picked":["Dagger Spray","Noxious Fumes"],"picked":"Caltrops+1","floor":31.0},{"not_picked":["Phantasmal Killer","Grand Finale"],"picked":"Night Terror","floor":33.0},{"not_picked":["Leg Sweep","Bane+1","Slice+1"],"picked":"SKIP","floor":35.0},{"not_picked":["Sucker Punch","Riddle With Holes"],"picked":"Dodge and Roll+1","floor":38.0},{"not_picked":["Crippling Poison+1","Grand Finale"],"picked":"Deflect+1","floor":41.0},{"not_picked":["Flechettes+1","Prepared"],"picked":"PiercingWail","floor":44.0},{"not_picked":["Deadly Poison+1","Dagger Spray+1","Flying Knee"],"picked":"SKIP","floor":46.0},{"not_picked":["Bane","Prepared","Escape Plan"],"picked":"SKIP","floor":48.0}],"player_experience":492823,"relics_obtained":[{"floor":6.0,"key":"The Specimen"},{"floor":9.0,"key":"Pocketwatch"},{"floor":13.0,"key":"Mango"},{"floor":26.0,"key":"Ornamental Fan"},{"floor":28.0,"key":"CeramicFish"},{"floor":41.0,"key":"Regal Pillow"},{"floor":44.0,"key":"Shovel"},{"floor":48.0,"key":"Happy Flower"}],"event_choices":[{"damage_healed":0.0,"max_hp_gain":0.0,"max_hp_loss":0.0,"gold_gain":0.0,"event_name":"Scrap Ooze","player_choice":"Success","floor":4.0,"gold_loss":0.0,"damage_taken":11.0,"relics_obtained":["Mummified Hand"]},{"damage_healed":0.0,"max_hp_gain":0.0,"max_hp_loss":0.0,"gold_gain":0.0,"event_name":"Accursed Blacksmith","player_choice":"Rummage","floor":5.0,"gold_loss":0.0,"damage_taken":0.0,"relics_obtained":["WarpedTongs"],"cards_obtained":["Pain"]},{"cards_removed":["Sucker Punch"],"damage_healed":0.0,"max_hp_gain":0.0,"max_hp_loss":0.0,"gold_gain":0.0,"event_name":"Back to Basics","player_choice":"Elegance","floor":20.0,"gold_loss":0.0,"damage_taken":0.0},{"damage_healed":0.0,"max_hp_gain":0.0,"max_hp_loss":0.0,"gold_gain":50.0,"event_name":"Nest","player_choice":"Stole From Cult","floor":24.0,"gold_loss":0.0,"damage_taken":0.0},{"cards_removed":["Backstab"],"damage_healed":0.0,"max_hp_gain":0.0,"max_hp_loss":0.0,"gold_gain":0.0,"event_name":"Falling","player_choice":"Removed Attack","floor":37.0,"gold_loss":0.0,"damage_taken":0.0},{"damage_healed":0.0,"max_hp_gain":0.0,"max_hp_loss":4.0,"gold_gain":0.0,"event_name":"Winding Halls","player_choice":"Max HP","floor":39.0,"gold_loss":0.0,"damage_taken":0.0},{"damage_healed":0.0,"max_hp_gain":0.0,"max_hp_loss":0.0,"gold_gain":0.0,"event_name":"Mysterious Sphere","player_choice":"Fight","floor":44.0,"gold_loss":0.0,"damage_taken":0.0},{"damage_healed":0.0,"max_hp_gain":0.0,"max_hp_loss":0.0,"gold_gain":0.0,"event_name":"MindBloom","player_choice":"Upgrade","floor":47.0,"gold_loss":0.0,"damage_taken":0.0,"cards_upgraded":["Defend_G","Defend_G","Defend_G","Defend_G","Defend_G","Survivor","Neutralize","Blade Dance","Dash","Blade Dance","Adrenaline","Blur","Well Laid Plans","Backflip","Night Terror","PiercingWail"],"relics_obtained":["Mark of the Bloom"]}],"is_beta":false,"boss_relics":[{"not_picked":["Calling Bell","Runic Pyramid"],"picked":"Astrolabe"},{"not_picked":["Snecko Eye","Ring of the Serpent"],"picked":"Cursed Key"}],"items_purged_floors":[14],"is_endless":false,"potions_floor_spawned":[3,12,13,19,30,33,35,48],"killed_by":"Time Eater","ascension_level":20}}