{"host":"n4fty02wqqi95laq","time":1613888648,"event":{"mods":["BaseMod","Highlight Path","Minty Spire (QoL Compilation)","Quick Restart","Rare Cards Sparkle","StSLib"],"gold_per_floor":[113,113,113,113,138,138,171,4,4,41,91,127,179,207,219,325,337,364,301,326,363,300,300,300,300],"floor_reached":24,"language":"ZHS","playtime":600,"items_purged":["Strike_B"],"score":432,"play_id":"760c7351-af4b-4921-a8ee-94db79cc7ddd","local_time":"20210221142408","is_ascension_mode":true,"campfire_choices":[{"data":"Apotheosis","floor":6.0,"key":"SMITH"},{"floor":15.0,"key":"REST"},{"floor":23.0,"key":"REST"}],"circlet_count":0,"master_deck":["AscendersBane","Strike_B","Defend_B","Defend_B","Defend_B","Defend_B","Zap","Dualcast","Apotheosis+1","Rip and Tear","Storm","Chill","Tempest","Cold Snap","Chaos","Hologram","Echo Form","Gash","Recycle"],"relics":["Cracked Core","Sundial","Golden Idol","Emotion Chip","Medical Kit","MawBank","Symbiotic Virus","Turnip","Fusion Hammer"],"acts_visited":["Exordium","TheCity"],"potions_floor_usage":[24],"damage_taken":[{"damage":4.0,"enemies":"2 Louse","floor":1.0,"turns":2.0},{"damage":12.0,"enemies":"Jaw Worm","floor":5.0,"turns":2.0},{"damage":8.0,"enemies":"Lagavulin","floor":7.0,"turns":7.0},{"damage":0.0,"enemies":"Small Slimes","floor":10.0,"turns":3.0},{"damage":11.0,"enemies":"Gremlin Nob","floor":11.0,"turns":3.0},{"damage":4.0,"enemies":"Blue Slaver","floor":12.0,"turns":3.0},{"damage":15.0,"enemies":"3 Sentries","floor":13.0,"turns":6.0},{"damage":1.0,"enemies":"Looter","floor":14.0,"turns":2.0},{"damage":16.0,"enemies":"Slime Boss","floor":16.0,"turns":5.0},{"damage":13.0,"enemies":"Shell Parasite","floor":18.0,"turns":5.0},{"damage":17.0,"enemies":"3 Byrds","floor":20.0,"turns":4.0},{"damage":14.0,"enemies":"Snecko","floor":21.0,"turns":4.0},{"damage":25,"enemies":"Book of Stabbing","floor":24,"turns":3}],"seed_played":"3343567167063458170","potions_obtained":[{"floor":1.0,"key":"LiquidBronze"},{"floor":7.0,"key":"Swift Potion"},{"floor":10.0,"key":"PowerPotion"},{"floor":14.0,"key":"Strength Potion"},{"floor":16.0,"key":"CultistPotion"},{"floor":21.0,"key":"EssenceOfDarkness"}],"is_trial":false,"path_per_floor":["M","?","?","?","M","R","E","$","T","M","E","M","E","M","R","B",null,"M","?","M","M","$","R","E"],"character_chosen":"DEFECT","items_purchased":["Medical Kit"],"campfire_rested":2,"item_purchase_floors":[8],"current_hp_per_floor":[60,60,55,55,43,43,35,35,35,35,24,20,5,4,21,5,45,32,32,15,1,1,18,0,0],"gold":300,"neow_bonus":"RANDOM_COLORLESS_2","is_daily":false,"chose_seed":false,"campfire_upgraded":1,"win_rate":0.0,"timestamp":1613888648,"path_taken":["M","?","?","?","M","R","E","$","T","M","E","M","E","M","R","BOSS","M","?","M","M","$","R","E"],"items_purchased_type":["Relic"],"build_version":"2020-12-22","purchased_purges":1,"victory":false,"max_hp_per_floor":[64,64,64,58,58,58,58,58,58,58,58,58,58,58,58,58,58,58,58,58,58,58,58,58,58],"card_choices":[{"not_picked":["Panache","Metamorphosis"],"picked":"Apotheosis","floor":0.0},{"not_picked":["BootSequence","Streamline","Rebound"],"picked":"SKIP","floor":1.0},{"not_picked":["Compile Driver","Darkness"],"picked":"Storm","floor":5.0},{"not_picked":["Barrage","Beam Cell"],"picked":"Chill","floor":7.0},{"not_picked":["Chill","Gash"],"picked":"Tempest","floor":10.0},{"not_picked":["Hologram","Gash"],"picked":"Cold Snap","floor":11.0},{"not_picked":["Gash","Reinforced Body"],"picked":"Chaos","floor":12.0},{"not_picked":["Streamline","Go for the Eyes","Tempest"],"picked":"SKIP","floor":13.0},{"not_picked":["Stack","Ball Lightning"],"picked":"Hologram","floor":14.0},{"not_picked":["Thunder Strike","Biased Cognition"],"picked":"Echo Form","floor":16.0},{"not_picked":["Hologram","Loop"],"picked":"Gash","floor":18.0},{"not_picked":["Hologram","Capacitor"],"picked":"Recycle","floor":20.0},{"not_picked":["Cold Snap","Rip and Tear","Barrage"],"picked":"SKIP","floor":21.0}],"player_experience":737323,"relics_obtained":[{"floor":7.0,"key":"Emotion Chip"},{"floor":9.0,"key":"MawBank"},{"floor":11.0,"key":"Symbiotic Virus"},{"floor":13.0,"key":"Turnip"}],"event_choices":[{"damage_healed":0.0,"max_hp_gain":0.0,"max_hp_loss":0.0,"gold_gain":0.0,"cards_transformed":["Strike_B"],"event_name":"Living Wall","player_choice":"Change","floor":2.0,"gold_loss":0.0,"damage_taken":0.0,"cards_obtained":["Rip and Tear"]},{"damage_healed":0.0,"max_hp_gain":0.0,"max_hp_loss":0.0,"gold_gain":0.0,"event_name":"Scrap Ooze","player_choice":"Success","floor":3.0,"gold_loss":0.0,"damage_taken":5.0,"relics_obtained":["Sundial"]},{"damage_healed":0.0,"max_hp_gain":0.0,"max_hp_loss":6.0,"gold_gain":0.0,"event_name":"Golden Idol","player_choice":"Lose Max HP","floor":4.0,"gold_loss":0.0,"damage_taken":0.0,"relics_obtained":["Golden Idol"]},{"cards_removed":["Strike_B"],"damage_healed":0.0,"max_hp_gain":0.0,"max_hp_loss":0.0,"gold_gain":0.0,"event_name":"Beggar","player_choice":"Gave Gold","floor":19.0,"gold_loss":75.0,"damage_taken":0.0}],"is_beta":false,"boss_relics":[{"not_picked":["Inserter","Black Star"],"picked":"Fusion Hammer"}],"items_purged_floors":[22],"is_endless":false,"potions_floor_spawned":[1,7,10,14,16,21],"killed_by":"Book of Stabbing","ascension_level":20}}