{"host":"r6jigiblrojhp6xe","time":1613902913,"event":{"mods":["AchievementEnabler","BaseMod","DeckTracker","Hermit","Minty Spire (QoL Compilation)","Quick Restart","Rare Cards Sparkle","Relic Stats","StSLib","SuperFastMode","everything is the same but u backflip on backflip"],"gold_per_floor":[117,87,105,105,116,116,145,145,224,255,14,31,6,20,20,95,95,111,11,0,17,35,35,35,35],"floor_reached":24,"language":"KOR","playtime":478,"items_purged":["Defend_G","Concentrate"],"score":412,"play_id":"1029d513-75eb-4046-a349-6671e903467c","local_time":"20210221192153","is_ascension_mode":true,"campfire_choices":[{"data":"Noxious Fumes","floor":6.0,"key":"SMITH"},{"data":"Deadly Poison","floor":8.0,"key":"SMITH"},{"data":"Deadly Poison","floor":15.0,"key":"SMITH"},{"data":"Catalyst","floor":23,"key":"SMITH"}],"circlet_count":0,"master_deck":["AscendersBane","Survivor","Neutralize","Deadly Poison+1","Noxious Fumes+1","Backflip","Die Die Die","Quick Slash","Deadly Poison+1","Catalyst","Masterful Stab","Grand Finale","Footwork","Outmaneuver","Leg Sweep","Dagger Throw","Catalyst+1"],"relics":["Ring of the Snake","NeowsBlessing","Art of War","InkBottle","Bottled Lightning","Bag of Preparation","Pandora\u0027s Box"],"acts_visited":["Exordium","TheCity"],"potions_floor_usage":[18],"damage_taken":[{"damage":0.0,"enemies":"2 Louse","floor":1.0,"turns":1.0},{"damage":0.0,"enemies":"Cultist","floor":3.0,"turns":1.0},{"damage":0.0,"enemies":"Jaw Worm","floor":5.0,"turns":1.0},{"damage":21.0,"enemies":"Lagavulin","floor":7.0,"turns":7.0},{"damage":63.0,"enemies":"Gremlin Nob","floor":10.0,"turns":5.0},{"damage":4.0,"enemies":"Exordium Wildlife","floor":12.0,"turns":3.0},{"damage":0.0,"enemies":"Blue Slaver","floor":14.0,"turns":3.0},{"damage":1.0,"enemies":"Hexaghost","floor":16.0,"turns":8.0},{"damage":8,"enemies":"2 Thieves","floor":18,"turns":3},{"damage":0,"enemies":"Chosen","floor":21,"turns":3},{"damage":17,"enemies":"Snake Plant","floor":22,"turns":3},{"damage":29,"enemies":"Sentry and Sphere","floor":24,"turns":3}],"seed_played":"-7837477260933158812","potions_obtained":[{"floor":2.0,"key":"FairyPotion"},{"floor":2.0,"key":"EssenceOfSteel"},{"floor":7.0,"key":"Regen Potion"},{"floor":10.0,"key":"Block Potion"},{"floor":12.0,"key":"Ancient Potion"},{"floor":16.0,"key":"FearPotion"},{"floor":18,"key":"Poison Potion"}],"is_trial":false,"path_per_floor":["M","?","M","?","M","R","E","R","T","E","$","M","$","M","R","B",null,"M","$","?","M","M","R","M"],"character_chosen":"THE_SILENT","items_purchased":["Bag of Preparation","Quick Slash"],"campfire_rested":0,"item_purchase_floors":[11,13],"current_hp_per_floor":[59,59,59,59,59,59,38,38,38,19,19,15,15,15,15,14,53,45,45,45,45,28,28,0,0],"gold":35,"neow_bonus":"THREE_ENEMY_KILL","is_daily":false,"chose_seed":false,"campfire_upgraded":4,"win_rate":0.0,"timestamp":1613902913,"path_taken":["M","?","?","?","M","R","E","R","T","E","?","M","?","M","R","BOSS","M","$","?","M","M","R","M"],"items_purchased_type":["Relic","Card"],"build_version":"2020-12-22","purchased_purges":2,"victory":false,"max_hp_per_floor":[66,66,66,66,66,66,66,66,66,66,66,66,66,66,66,66,66,66,66,66,66,66,66,66,66],"relic_stats":{"counters":[12,41],"Pandora\u0027s Box":["Catalyst","Masterful Stab","Concentrate","Grand Finale","Footwork","Outmaneuver","Leg Sweep","Dagger Throw"],"Art of War":[6],"Bag of Preparation":[14],"obtain_stats":[{"NeowsBlessing":0,"Pandora\u0027s Box":17,"Art of War":7,"Bag of Preparation":11,"Bottled Lightning":10,"InkBottle":9,"Ring of the Snake":0},{"NeowsBlessing":0,"Pandora\u0027s Box":8,"Art of War":4,"Bag of Preparation":5,"Bottled Lightning":5,"InkBottle":4,"Ring of the Snake":0},{"NeowsBlessing":0,"Pandora\u0027s Box":29,"Art of War":10,"Bag of Preparation":15,"Bottled Lightning":15,"InkBottle":10,"Ring of the Snake":0}],"InkBottle":[10],"Ring of the Snake":[24]},"card_choices":[{"not_picked":["PiercingWail","Prepared"],"picked":"Deadly Poison","floor":1.0},{"not_picked":["Cloak And Dagger","Dagger Throw"],"picked":"Noxious Fumes","floor":3.0},{"not_picked":["Deadly Poison","Setup","Riddle With Holes"],"picked":"SKIP","floor":5.0},{"not_picked":["Deadly Poison","Dodge and Roll"],"picked":"Backflip","floor":7.0},{"not_picked":["Setup","Skewer","Outmaneuver"],"picked":"SKIP","floor":10.0},{"not_picked":["Poisoned Stab","Escape Plan"],"picked":"Die Die Die","floor":12.0},{"not_picked":["Setup","Acrobatics"],"picked":"Deadly Poison","floor":14.0},{"not_picked":["Heel Hook","Cloak And Dagger"],"picked":"Catalyst","floor":18},{"not_picked":["Underhanded Strike","Slice","Flying Knee"],"picked":"SKIP","floor":21},{"not_picked":["Cloak And Dagger+1","Poisoned Stab+1","Finisher"],"picked":"SKIP","floor":22}],"player_experience":616554,"relics_obtained":[{"floor":7.0,"key":"Art of War"},{"floor":9.0,"key":"InkBottle"},{"floor":10.0,"key":"Bottled Lightning"}],"event_choices":[{"damage_healed":0.0,"max_hp_gain":0.0,"max_hp_loss":0.0,"gold_gain":0.0,"event_name":"The Woman in Blue","player_choice":"Bought 2 Potions","floor":2.0,"gold_loss":0.0,"damage_taken":0.0},{"cards_removed":["Strike_G"],"damage_healed":0.0,"max_hp_gain":0.0,"max_hp_loss":0.0,"gold_gain":0.0,"event_name":"Living Wall","player_choice":"Forget","floor":4.0,"gold_loss":0.0,"damage_taken":0.0},{"damage_healed":0,"gold_gain":0,"player_choice":"Paid Fearfully","damage_taken":0,"max_hp_gain":0,"max_hp_loss":0,"event_name":"Masked Bandits","floor":20,"gold_loss":11}],"is_beta":false,"boss_relics":[{"not_picked":["Ectoplasm","Empty Cage"],"picked":"Pandora\u0027s Box"}],"items_purged_floors":[11,19],"is_endless":false,"potions_floor_spawned":[7,10,12,14,16,18],"killed_by":"Sentry and Sphere","ascension_level":20}}