{"host":"89iuq2p5kwriuwfq","time":1613941415,"event":{"mods":["BaseMod","Curses Come First","Custom Start","Minty Spire (QoL Compilation)","Permanent Neow","StSLib"],"gold_per_floor":[112,122,122,140,203,203,234,284,284,310,438,464,480,217,217,293,293,303,353,79,95,157,190,202,234,234,265,283,333,345,362,362,435,435,448,78,92,190,206,238,256,289,289,306,0,28,28,46,46,46],"floor_reached":51,"language":"ENG","playtime":3788,"items_purged":["Strike_R","Strike_R","Strike_R"],"score":1488,"play_id":"fe450c5a-8f0a-4fa3-a4c4-f62f4607d719","local_time":"20210221210335","is_ascension_mode":true,"campfire_choices":[{"data":"Iron Wave","floor":6,"key":"SMITH"},{"data":"Clothesline","floor":15,"key":"SMITH"},{"data":"Rage","floor":32,"key":"SMITH"},{"data":"Entrench","floor":47,"key":"SMITH"},{"data":"Berserk","floor":49,"key":"SMITH"}],"circlet_count":0,"master_deck":["AscendersBane","Defend_R","Defend_R","Defend_R","Defend_R","Bash+1","Ghostly Armor","Iron Wave","Iron Wave+1","Clothesline+1","Ghostly Armor","Impervious","Thunderclap+1","Dropkick+1","Barricade+1","Body Slam+1","Rage+1","Dropkick+1","True Grit","Dual Wield","Shrug It Off","Iron Wave+1","Pommel Strike+1","Battle Trance","Body Slam+1","Warcry+1","Metallicize","Entrench+1","Uppercut+1","Pommel Strike+1","Body Slam+1","Body Slam+1","Metallicize+1","Berserk+1"],"relics":["Burning Blood","SsserpentHead","Bag of Preparation","White Beast Statue","Gambling Chip","Molten Egg 2","Membership Card","Bronze Scales","Philosopher\u0027s Stone","Kunai","Anchor","Bird Faced Urn","Shuriken","Blood Vial","Sozu","Strawberry","Mercury Hourglass","Peace Pipe","Oddly Smooth Stone","Self Forming Clay","Unceasing Top","Red Mask","Happy Flower"],"acts_visited":["Exordium","TheCity","TheBeyond"],"potions_floor_usage":[7,10,12,12,16,22,23,25,27,27,33,50,50],"damage_taken":[{"damage":10,"enemies":"Cultist","floor":1,"turns":5},{"damage":2,"enemies":"Jaw Worm","floor":2,"turns":3},{"damage":0,"enemies":"Small Slimes","floor":4,"turns":3},{"damage":2,"enemies":"3 Louse","floor":5,"turns":5},{"damage":7,"enemies":"Gremlin Nob","floor":7,"turns":4},{"damage":27,"enemies":"Lagavulin","floor":10,"turns":8},{"damage":15,"enemies":"3 Sentries","floor":12,"turns":12},{"damage":5,"enemies":"Gremlin Gang","floor":13,"turns":5},{"damage":11,"enemies":"Hexaghost","floor":16,"turns":10},{"damage":0,"enemies":"Chosen","floor":18,"turns":3},{"damage":9,"enemies":"Spheric Guardian","floor":21,"turns":6},{"damage":0,"enemies":"Snecko","floor":22,"turns":4},{"damage":12,"enemies":"Slavers","floor":23,"turns":8},{"damage":0,"enemies":"Centurion and Healer","floor":24,"turns":7},{"damage":24,"enemies":"Gremlin Leader","floor":25,"turns":8},{"damage":14,"enemies":"Slavers","floor":27,"turns":4},{"damage":0,"enemies":"3 Cultists","floor":28,"turns":5},{"damage":0,"enemies":"Snecko","floor":30,"turns":3},{"damage":0,"enemies":"Cultist and Chosen","floor":31,"turns":4},{"damage":49,"enemies":"Champ","floor":33,"turns":9},{"damage":0,"enemies":"Orb Walker","floor":35,"turns":2},{"damage":0,"enemies":"3 Darklings","floor":37,"turns":2},{"damage":8,"enemies":"2 Orb Walkers","floor":38,"turns":4},{"damage":0,"enemies":"Transient","floor":39,"turns":5},{"damage":0,"enemies":"Giant Head","floor":40,"turns":6},{"damage":0,"enemies":"Spire Growth","floor":41,"turns":2},{"damage":9,"enemies":"Nemesis","floor":42,"turns":4},{"damage":0,"enemies":"Maw","floor":44,"turns":4},{"damage":0,"enemies":"Reptomancer","floor":46,"turns":1},{"damage":0,"enemies":"Sphere and 2 Shapes","floor":48,"turns":3},{"damage":22,"enemies":"Donu and Deca","floor":50,"turns":6}],"seed_played":"874894146979353430","potions_obtained":[{"floor":1,"key":"Strength Potion"},{"floor":2,"key":"Block Potion"},{"floor":7,"key":"DuplicationPotion"},{"floor":10,"key":"Fire Potion"},{"floor":12,"key":"DuplicationPotion"},{"floor":13,"key":"LiquidMemories"},{"floor":16,"key":"BlessingOfTheForge"},{"floor":21,"key":"Regen Potion"},{"floor":22,"key":"Energy Potion"},{"floor":23,"key":"EssenceOfSteel"},{"floor":25,"key":"LiquidMemories"},{"floor":27,"key":"LiquidBronze"},{"floor":28,"key":"PowerPotion"},{"floor":33,"key":"Ancient Potion"}],"is_trial":false,"path_per_floor":["M","M","?","M","M","R","E","?","T","E","?","E","M","$","R","B",null,"M","?","$","M","M","E","M","E","T","E","M","?","M","M","R","B",null,"M","$","M","?","M","E","M","E","T","M","?","E","R","M","R","B",null],"character_chosen":"IRONCLAD","items_purchased":["Membership Card","Bronze Scales","Kunai","Rage","Dropkick+1","True Grit","Metallicize","Entrench","Strawberry","Mercury Hourglass","Uppercut+1"],"campfire_rested":0,"item_purchase_floors":[14,14,20,20,20,20,36,36,36,36,36],"current_hp_per_floor":[64,68,68,74,75,75,74,74,74,53,53,44,45,45,45,40,66,72,72,72,69,75,69,75,57,57,63,73,73,75,75,75,32,64,72,79,82,80,82,82,82,80,80,82,82,82,82,82,82,72],"gold":46,"neow_bonus":"UPGRADE_CARD","is_daily":false,"chose_seed":false,"campfire_upgraded":5,"win_rate":0.0,"timestamp":1613941415,"path_taken":["M","M","?","M","?","R","E","?","T","E","?","E","M","$","R","BOSS","M","?","$","M","?","E","M","E","T","E","M","?","M","M","R","BOSS","M","$","M","?","M","E","M","E","T","M","?","E","R","M","R","BOSS"],"items_purchased_type":["Relic","Relic","Relic","Card","Card","Card","Card","Card","Relic","Relic","Card"],"build_version":"2020-12-22","purchased_purges":3,"victory":true,"max_hp_per_floor":[75,75,75,75,75,75,75,75,75,75,75,75,75,75,75,75,75,75,75,75,75,75,75,75,75,75,75,75,75,75,75,75,75,75,75,82,82,82,82,82,82,82,82,82,82,82,82,82,82,82],"card_choices":[{"not_picked":["Dark Embrace","Sentinel"],"picked":"Ghostly Armor","floor":1},{"not_picked":["Flex","Sever Soul"],"picked":"Iron Wave","floor":2},{"not_picked":["Shrug It Off","Cleave"],"picked":"Iron Wave","floor":4},{"not_picked":["Flame Barrier","Sentinel"],"picked":"Clothesline","floor":5},{"not_picked":["Rampage","Headbutt"],"picked":"Ghostly Armor","floor":7},{"not_picked":["Iron Wave","Sword Boomerang"],"picked":"Impervious","floor":10},{"not_picked":["True Grit","Flame Barrier"],"picked":"Thunderclap+1","floor":12},{"not_picked":["Cleave+1","Twin Strike+1"],"picked":"Dropkick+1","floor":13},{"not_picked":["Limit Break","Offering"],"picked":"Barricade","floor":16},{"not_picked":["Thunderclap+1","Sword Boomerang+1"],"picked":"Body Slam+1","floor":18},{"not_picked":["Sever Soul+1","Flex"],"picked":"Dual Wield","floor":21},{"not_picked":["Headbutt+1","Intimidate"],"picked":"Shrug It Off","floor":22},{"not_picked":["Rupture","Flame Barrier"],"picked":"Iron Wave+1","floor":23},{"not_picked":["Power Through","Infernal Blade+1","Thunderclap+1"],"picked":"SKIP","floor":24},{"not_picked":["Twin Strike+1","Infernal Blade","Clash+1"],"picked":"SKIP","floor":25},{"not_picked":["Bloodletting","Dark Embrace"],"picked":"Pommel Strike+1","floor":27},{"not_picked":["Ghostly Armor","Exhume","Havoc"],"picked":"SKIP","floor":28},{"not_picked":["Cleave+1","Wild Strike+1","Sword Boomerang+1"],"picked":"SKIP","floor":30},{"not_picked":["Headbutt+1","Feel No Pain","Thunderclap+1"],"picked":"SKIP","floor":31},{"not_picked":["Sword Boomerang+1","Warcry+1","Thunderclap+1"],"picked":"SKIP","floor":35},{"not_picked":["Sword Boomerang+1","Thunderclap+1"],"picked":"Warcry+1","floor":35},{"not_picked":["Rage","Pommel Strike+1","Cleave+1"],"picked":"SKIP","floor":37},{"not_picked":["Rage","Cleave+1"],"picked":"Pommel Strike+1","floor":37},{"not_picked":["Clash+1","Clothesline+1"],"picked":"Body Slam+1","floor":39},{"not_picked":["Dropkick+1","Heavy Blade+1"],"picked":"Body Slam+1","floor":40},{"not_picked":["Headbutt+1","Heavy Blade+1"],"picked":"Metallicize+1","floor":41},{"not_picked":["Anger+1","Searing Blow+1","Ghostly Armor+1"],"picked":"SKIP","floor":42},{"not_picked":["Anger+1","Havoc+1","Rupture"],"picked":"SKIP","floor":44},{"not_picked":["Sword Boomerang+1","Clash+1"],"picked":"Berserk","floor":46},{"not_picked":["Headbutt+1","Thunderclap+1","Reckless Charge+1"],"picked":"SKIP","floor":48}],"player_experience":759639,"relics_obtained":[{"floor":7,"key":"Bag of Preparation"},{"floor":9,"key":"White Beast Statue"},{"floor":10,"key":"Gambling Chip"},{"floor":12,"key":"Molten Egg 2"},{"floor":23,"key":"Anchor"},{"floor":25,"key":"Bird Faced Urn"},{"floor":26,"key":"Shuriken"},{"floor":27,"key":"Blood Vial"},{"floor":38,"key":"Peace Pipe"},{"floor":40,"key":"Oddly Smooth Stone"},{"floor":42,"key":"Self Forming Clay"},{"floor":43,"key":"Unceasing Top"},{"floor":46,"key":"Happy Flower"}],"event_choices":[{"damage_healed":0,"gold_gain":0,"player_choice":"Trade","damage_taken":0,"relics_obtained":["SsserpentHead"],"max_hp_gain":0,"max_hp_loss":0,"event_name":"FaceTrader","floor":3,"gold_loss":0},{"damage_healed":0,"gold_gain":0,"player_choice":"Ignored","damage_taken":0,"max_hp_gain":0,"max_hp_loss":0,"event_name":"Liars Game","floor":8,"gold_loss":0},{"damage_healed":0,"gold_gain":78,"player_choice":"Gained Gold","damage_taken":0,"max_hp_gain":0,"max_hp_loss":0,"event_name":"Golden Wing","floor":11,"gold_loss":0},{"damage_healed":0,"gold_gain":0,"player_choice":"Upgraded","damage_taken":0,"max_hp_gain":0,"max_hp_loss":0,"event_name":"Upgrade Shrine","floor":19,"gold_loss":0,"cards_upgraded":["Barricade"]},{"damage_healed":0,"gold_gain":0,"cards_transformed":["Strike_R","Strike_R"],"player_choice":"Became Test Subject","damage_taken":0,"max_hp_gain":0,"max_hp_loss":0,"event_name":"Drug Dealer","floor":29,"gold_loss":0,"cards_obtained":["Battle Trance","Body Slam"]},{"damage_healed":0,"gold_gain":0,"player_choice":"Fight","damage_taken":0,"max_hp_gain":0,"max_hp_loss":0,"event_name":"Mysterious Sphere","floor":38,"gold_loss":0},{"damage_healed":0,"gold_gain":0,"player_choice":"Paid","damage_taken":0,"relics_obtained":["Red Mask"],"max_hp_gain":0,"max_hp_loss":0,"event_name":"Tomb of Lord Red Mask","floor":45,"gold_loss":356}],"is_beta":false,"boss_relics":[{"not_picked":["Runic Cube","Runic Dome"],"picked":"Philosopher\u0027s Stone"},{"not_picked":["Velvet Choker","Mark of Pain"],"picked":"Sozu"}],"items_purged_floors":[14,20,36],"is_endless":false,"potions_floor_spawned":[1,2,7,10,12,13,16,18,21,22,23,24,25,27,28,30,31,33,35,37,38,39,40,41,42,44,46,48],"ascension_level":14}}