{"host":"6hzrz31j95f2y1pa","time":1613919815,"event":{"mods":["BaseMod","Colored Map","Downfall","Minty Spire (QoL Compilation)","StSLib"],"gold_per_floor":[99,118,128,128,140,172,172,184,184,66,82,111,131,143,159,235,235,135,149,169,186,197,197,197,209,309,209,222,256,256,284,301,376,376,376,391,112,127,1126,1126,1126,1126],"floor_reached":40,"language":"ENG","playtime":2990,"items_purged":["hexamod:Defend"],"score":846,"play_id":"274d91ac-829f-4d33-aa95-d1f761913f73","local_time":"20210221100335","is_ascension_mode":true,"campfire_choices":[{"data":"hexamod:Float","floor":1.0,"key":"SMITH"},{"data":"hexamod:ShieldOfDarkness","floor":9.0,"key":"SMITH"},{"data":"hexamod:GhostOfSpireFuture","floor":18.0,"key":"SMITH"},{"floor":27.0,"key":"REST"},{"data":"J.A.X.","floor":30.0,"key":"SMITH"},{"floor":35.0,"key":"RECALL"}],"circlet_count":0,"master_deck":["AscendersBane","hexamod:Strike","hexamod:Strike","hexamod:Strike","hexamod:Defend","hexamod:Float+1","hexamod:FirstSeal","hexamod:Firestarter","hexamod:GhostLash","hexamod:SuperheatedStrike","hexamod:ShieldOfDarkness+1","hexamod:NightmareGuise","hexamod:GhostOfSpireFuture+1","hexamod:GhostShield","hexamod:WildfireWeapon","hexamod:GhostOfSpireFuture","hexamod:NightmareStrike","hexamod:Hexaguard","J.A.X.+1","hexamod:GhostOfSpireFuture","hexamod:InspiringFlames","hexamod:GhostLash","hexamod:ExtraCrispy","hexamod:ParanormalForm","Normality","Normality"],"relics":["hexamod:UnbrokenSoul","Mercury Hourglass","Gremlin Horn","Mummified Hand","Anchor","Empty Cage","downfall:HeartBlessingGreen","MutagenicStrength","downfall:HeartBlessingBlue","Orichalcum","Blood Vial","Kunai"],"acts_visited":["Exordium","TheCity","TheBeyond"],"potions_floor_usage":[],"damage_taken":[{"damage":2.0,"enemies":"Cultist","floor":2.0,"turns":4.0},{"damage":6.0,"enemies":"Small Slimes","floor":3.0,"turns":4.0},{"damage":2.0,"enemies":"Jaw Worm","floor":5.0,"turns":3.0},{"damage":10.0,"enemies":"Gremlin Nob","floor":6.0,"turns":3.0},{"damage":0.0,"enemies":"Exordium Wildlife","floor":8.0,"turns":3.0},{"damage":0.0,"enemies":"downfall:FleeingMerchant","floor":10.0,"turns":4.0},{"damage":1.0,"enemies":"downfall:LooterAlt","floor":11.0,"turns":3.0},{"damage":10.0,"enemies":"3 Sentries","floor":12.0,"turns":6.0},{"damage":0.0,"enemies":"2 Fungi Beasts","floor":13.0,"turns":3.0},{"damage":0.0,"enemies":"Blue Slaver","floor":14.0,"turns":3.0},{"damage":0.0,"enemies":"Large Slime","floor":15.0,"turns":4.0},{"damage":25.0,"enemies":"DF_ARCHETYPE_STREAMLINE","floor":16.0,"turns":11.0},{"damage":11.0,"enemies":"downfall:LooterAlt2","floor":19.0,"turns":5.0},{"damage":10.0,"enemies":"Spheric Guardian","floor":20.0,"turns":8.0},{"damage":14.0,"enemies":"Snake Plant","floor":21.0,"turns":4.0},{"damage":0.0,"enemies":"Cultist and Chosen","floor":22.0,"turns":7.0},{"damage":10.0,"enemies":"Sentry and Sphere","floor":25.0,"turns":7.0},{"damage":11.0,"enemies":"downfall:Augmenter","floor":26.0,"turns":6.0},{"damage":0.0,"enemies":"Centurion and Healer","floor":28.0,"turns":7.0},{"damage":14.0,"enemies":"Gremlin Leader","floor":29.0,"turns":6.0},{"damage":24.0,"enemies":"Book of Stabbing","floor":31.0,"turns":5.0},{"damage":10.0,"enemies":"Chosen and Byrds","floor":32.0,"turns":5.0},{"damage":39.0,"enemies":"WA_ARCHETYPE_CALM","floor":33.0,"turns":11.0},{"damage":42.0,"enemies":"3 Darklings","floor":36.0,"turns":6.0},{"damage":0.0,"enemies":"downfall:FleeingMerchant","floor":37.0,"turns":4.0},{"damage":3.0,"enemies":"Orb Walker","floor":38.0,"turns":4.0},{"damage":46,"enemies":"Writhing Mass","floor":40,"turns":9}],"seed_played":"6597919853409375808","potions_obtained":[{"floor":2.0,"key":"SkillPotion"},{"floor":6.0,"key":"hexamod:EctoCoolerPotion"},{"floor":8.0,"key":"Block Potion"},{"floor":13.0,"key":"CultistPotion"},{"floor":19.0,"key":"champ:CounterPotion"},{"floor":21.0,"key":"SpeedPotion"},{"floor":33.0,"key":"SpeedPotion"}],"is_trial":false,"path_per_floor":["R","M","M","?","M","E","T","M","R","$","M","E","M","M","M","B",null,"R","M","M","M","M","?","T","M","?","R","M","E","R","E","M","B",null,"R","M","$","M","?","M"],"character_chosen":"THE_SPIRIT","items_purchased":["hexamod:NightmareGuise","Kunai"],"campfire_rested":1,"item_purchase_floors":[10,37],"current_hp_per_floor":[57,62,63,52,57,54,54,61,61,63,63,53,60,63,63,38,57,57,53,50,43,50,33,33,30,26,59,66,59,59,42,41,11,61,61,28,30,36,36,0,0,0],"gold":1126,"neow_bonus":"THREE_CARDS","is_daily":false,"chose_seed":false,"campfire_upgraded":4,"win_rate":0.0,"timestamp":1613919815,"path_taken":["R","M","?","?","M","E","T","M","R","?","M","E","M","M","M","BOSS","R","M","M","M","M","?","T","M","?","R","M","E","R","E","M","BOSS","R","M","$","M","?","M"],"items_purchased_type":["Card","Relic"],"build_version":"2020-12-22","purchased_purges":1,"victory":false,"max_hp_per_floor":[63,63,63,63,63,63,63,63,63,63,63,63,63,63,63,63,63,63,63,63,63,63,68,68,68,68,78,78,78,78,78,78,78,78,78,78,78,78,78,78,78,78],"card_choices":[{"not_picked":["hexamod:AdvancingGuard","hexamod:InspiringFlames"],"picked":"hexamod:FirstSeal","floor":0.0},{"not_picked":["hexamod:HeatShield","hexamod:RadiantFlame"],"picked":"hexamod:Firestarter","floor":2.0},{"not_picked":["hexamod:FirstSeal","hexamod:Again"],"picked":"hexamod:GhostLash","floor":3.0},{"not_picked":["hexamod:Firestarter","hexamod:Incineration"],"picked":"hexamod:SuperheatedStrike","floor":5.0},{"not_picked":["hexamod:BacktrackSmack","hexamod:AdvancingGuard","hexamod:Firestarter"],"picked":"SKIP","floor":6.0},{"not_picked":["hexamod:Incineration","hexamod:BacktrackSmack"],"picked":"hexamod:ShieldOfDarkness","floor":8.0},{"not_picked":["hexamod:InspiringFlames","hexamod:PhantomFireball","hexamod:FirstSeal"],"picked":"SKIP","floor":10.0},{"not_picked":["hexamod:StepThrough","hexamod:VolcanoVisage"],"picked":"hexamod:GhostOfSpireFuture","floor":11.0},{"not_picked":["hexamod:SecondSeal","hexamod:ChargedBarrage"],"picked":"hexamod:GhostShield","floor":12.0},{"not_picked":["hexamod:FastForward","hexamod:HeatMetal","hexamod:ShieldOfDarkness"],"picked":"SKIP","floor":13.0},{"not_picked":["hexamod:BacktrackSmack","hexamod:ChargedBarrage","hexamod:GhostOfSpirePresent"],"picked":"SKIP","floor":14.0},{"not_picked":["hexamod:SuperheatedStrike","hexamod:BacktrackSmack","hexamod:GhostLash"],"picked":"SKIP","floor":15.0},{"not_picked":["hexamod:TimeWarp","hexamod:Toasty"],"picked":"hexamod:WildfireWeapon","floor":16.0},{"not_picked":["hexamod:SoulSteal","hexamod:SecondSeal"],"picked":"hexamod:GhostOfSpireFuture","floor":19.0},{"not_picked":["hexamod:AdvancingGuard","hexamod:HeatMetal"],"picked":"hexamod:NightmareStrike","floor":20.0},{"not_picked":["hexamod:NightmareGuise","hexamod:Incineration"],"picked":"hexamod:Hexaguard","floor":21.0},{"not_picked":["hexamod:ThirdSeal","hexamod:FlamesFromBeyond+1","hexamod:SwordOfDarkness"],"picked":"SKIP","floor":22.0},{"not_picked":["hexamod:AdvancingGuard","hexamod:EtherealExpedition+1","hexamod:GhostLash"],"picked":"SKIP","floor":25.0},{"not_picked":[],"picked":"J.A.X.","floor":26.0},{"not_picked":["hexamod:GhostShield","hexamod:SuperheatedStrike"],"picked":"hexamod:GhostLash","floor":28.0},{"not_picked":["hexamod:FastForward","hexamod:PhantomFireball","hexamod:SpectralSpark+1"],"picked":"SKIP","floor":29.0},{"not_picked":["hexamod:UnlimitedPower","hexamod:SpectralSpark","hexamod:HeatMetal"],"picked":"SKIP","floor":31.0},{"not_picked":["hexamod:SwordOfDarkness","hexamod:FlamesFromBeyond"],"picked":"hexamod:ExtraCrispy","floor":32.0},{"not_picked":["hexamod:GhostOfSpirePresent","hexamod:GhostflameInferno"],"picked":"hexamod:ParanormalForm","floor":33.0},{"not_picked":["hexamod:FastForward","hexamod:BacktrackSmack+1","hexamod:StepThrough"],"picked":"SKIP","floor":36.0},{"not_picked":["hexamod:SpectralSpark","hexamod:DynamicBlow+1","hexamod:AdvancingGuard"],"picked":"SKIP","floor":37.0},{"not_picked":["hexamod:InspiringFlames+1","hexamod:FlamesFromBeyond+1","hexamod:SoulSteal"],"picked":"SKIP","floor":38.0}],"player_experience":1466249,"relics_obtained":[{"floor":6.0,"key":"Gremlin Horn"},{"floor":7.0,"key":"Mummified Hand"},{"floor":12.0,"key":"Anchor"},{"floor":26.0,"key":"MutagenicStrength"},{"floor":29.0,"key":"Orichalcum"},{"floor":31.0,"key":"Blood Vial"}],"event_choices":[{"damage_healed":0.0,"max_hp_gain":0.0,"max_hp_loss":0.0,"gold_gain":0.0,"event_name":"Scrap Ooze","player_choice":"Success","floor":4.0,"gold_loss":0.0,"damage_taken":11.0,"relics_obtained":["Mercury Hourglass"]}],"is_beta":false,"boss_relics":[{"not_picked":["Busted Crown","Astrolabe"],"picked":"Empty Cage"},{"not_picked":["Tiny House","Philosopher\u0027s Stone"],"picked":"hexamod:UnbrokenSoul"}],"items_purged_floors":[10],"is_endless":false,"potions_floor_spawned":[2,6,8,13,14,16,19,21,28,29,33,36],"killed_by":"Writhing Mass","ascension_level":17}}