{"host":"l790j1oe6pn5fhrm","time":1613935477,"event":{"mods":["AchievementEnabler","BaseMod","Colored Map","Colored Powertips","GifTheSpireLib","Highlight Path","Minty Spire (QoL Compilation)","Rare Cards Sparkle","Replay The Spire","StSLib"],"gold_per_floor":[116,116,116,130,205,205,231,249,276,73,73,73,102,122,122,122,122],"floor_reached":16,"language":"ENG","playtime":413,"items_purged":["Strike_G"],"score":196,"play_id":"2c87d39a-9848-4d00-ba5e-53641c37e6a5","local_time":"20210221202437","is_ascension_mode":true,"campfire_choices":[{"data":"Infinite Blades","floor":6.0,"key":"SMITH"},{"data":"Neutralize","floor":12.0,"key":"SMITH"},{"floor":15,"key":"REST"}],"circlet_count":0,"master_deck":["AscendersBane","Strike_G+1","Strike_G","Strike_G","Strike_G","Defend_G","Defend_G","Defend_G","Defend_G","Defend_G","Survivor","Neutralize+1","Crippling Poison+1","Infinite Blades+1","Catalyst","Deflect"],"relics":["Ring of the Snake","Orichalcum","Snake Skull","MealTicket","Membership Card","Blue Doll"],"acts_visited":["Exordium"],"potions_floor_usage":[16],"damage_taken":[{"damage":0.0,"enemies":"Jaw Worm","floor":1.0,"turns":7.0},{"damage":0.0,"enemies":"Cultist","floor":4.0,"turns":3.0},{"damage":5.0,"enemies":"2 Louse","floor":8.0,"turns":3.0},{"damage":32.0,"enemies":"Gremlin Nob","floor":13.0,"turns":5.0},{"damage":6,"enemies":"Gremlin Gang","floor":14,"turns":4},{"damage":35,"enemies":"Slime Boss","floor":16,"turns":5}],"seed_played":"-8594429785686976733","potions_obtained":[{"floor":1.0,"key":"Explosive Potion"},{"floor":14,"key":"Death Potion"}],"is_trial":false,"path_per_floor":["M","$","?","M","?","R","T","M","T","$","?","R","E","M","R","B"],"character_chosen":"THE_SILENT","items_purchased":["Membership Card"],"campfire_rested":1,"item_purchase_floors":[10],"current_hp_per_floor":[59,59,54,54,43,43,43,38,38,53,53,53,21,15,34,0,0],"gold":122,"neow_bonus":"RANDOM_EVENT","is_daily":false,"chose_seed":false,"campfire_upgraded":2,"win_rate":0.0,"timestamp":1613935477,"path_taken":["M","$","?","M","?","R","?","?","T","$","?","R","E","M","R","BOSS"],"items_purchased_type":["Relic"],"build_version":"2020-12-22","purchased_purges":1,"victory":false,"max_hp_per_floor":[66,66,66,66,66,66,66,66,66,66,66,66,66,66,66,66,66],"card_choices":[{"not_picked":["ReplayTheSpireMod:Scrap Shanks","Dagger Spray"],"picked":"Crippling Poison","floor":1.0},{"not_picked":["Accuracy","All Out Attack"],"picked":"Infinite Blades","floor":4.0},{"not_picked":["Hidden Blade","Cloak And Dagger","PiercingWail"],"picked":"SKIP","floor":8.0},{"not_picked":["ReplayTheSpireMod:Necrosis","Storm of Steel"],"picked":"Catalyst","floor":13.0},{"not_picked":["Prepared","Acrobatics"],"picked":"Deflect","floor":14}],"player_experience":1196900,"relics_obtained":[{"floor":7.0,"key":"Snake Skull"},{"floor":9.0,"key":"MealTicket"},{"floor":13.0,"key":"Blue Doll"}],"event_choices":[{"damage_healed":0.0,"max_hp_gain":0.0,"max_hp_loss":0.0,"gold_gain":0.0,"event_name":"Scrap Ooze","player_choice":"Success","floor":3.0,"gold_loss":0.0,"damage_taken":5.0,"relics_obtained":["Orichalcum"]},{"damage_healed":0.0,"max_hp_gain":0.0,"max_hp_loss":0.0,"gold_gain":75.0,"event_name":"World of Goop","player_choice":"Gather Gold","floor":5.0,"gold_loss":0.0,"damage_taken":11.0},{"damage_healed":0.0,"max_hp_gain":0.0,"max_hp_loss":0.0,"gold_gain":0.0,"event_name":"Accursed Blacksmith","player_choice":"Forge","floor":11.0,"gold_loss":0.0,"damage_taken":0.0,"cards_upgraded":["Crippling Poison"]}],"is_beta":false,"boss_relics":[],"items_purged_floors":[10],"is_endless":false,"potions_floor_spawned":[1,14],"killed_by":"Slime Boss","ascension_level":20}}