{"host":"aapp7ew3jk5k1bvd","time":1613892038,"event":{"mods":["AchievementEnabler","BaseMod","Colored Map","Custom Start","Keyboard Shortcuts","Minty Spire (QoL Compilation)","Permanent Neow","Quick Restart","StSLib","SuperFastMode"],"gold_per_floor":[113,113,126,226,251,251,251,176,225,225,243,143,156,111,111,111,111],"floor_reached":16,"language":"KOR","playtime":402,"items_purged":["Strike_G","Defend_G"],"score":131,"play_id":"7f292d0d-427e-44c5-a626-35233e1d13da","local_time":"20210221162038","is_ascension_mode":true,"campfire_choices":[{"data":"Prepared","floor":6,"key":"SMITH"},{"data":"Grand Finale","floor":10,"key":"SMITH"},{"data":"Adrenaline","floor":15,"key":"SMITH"}],"circlet_count":0,"master_deck":["Strike_G","Strike_G","Strike_G","Strike_G","Defend_G","Defend_G","Defend_G","Defend_G","Survivor","Neutralize","Grand Finale+1","Quick Slash","Prepared+1","Adrenaline+1","Blur","Backflip"],"relics":["Ring of the Snake","Golden Idol","Bag of Preparation"],"acts_visited":["Exordium"],"potions_floor_usage":[11],"damage_taken":[{"damage":0,"enemies":"Cultist","floor":1,"turns":5},{"damage":0,"enemies":"Small Slimes","floor":3,"turns":3},{"damage":8,"enemies":"Jaw Worm","floor":5,"turns":8},{"damage":9,"enemies":"Exordium Thugs","floor":11,"turns":6},{"damage":0,"enemies":"Gremlin Gang","floor":13,"turns":1},{"damage":43,"enemies":"Hexaghost","floor":16,"turns":13}],"seed_played":"6199280425673892029","potions_obtained":[{"floor":5,"key":"Explosive Potion"}],"is_trial":false,"path_per_floor":["M","?","M","?","M","R","T","$","T","R","M","$","M","$","R","B"],"character_chosen":"THE_SILENT","items_purchased":["Backflip"],"campfire_rested":0,"item_purchase_floors":[14],"current_hp_per_floor":[63,63,63,63,55,55,55,55,55,55,46,46,46,46,46,3,3],"gold":111,"neow_bonus":"ONE_RANDOM_RARE_CARD","is_daily":false,"chose_seed":false,"campfire_upgraded":3,"win_rate":0.0,"timestamp":1613892038,"path_taken":["M","?","M","?","?","R","?","?","T","R","M","$","?","$","R","BOSS"],"items_purchased_type":["Card"],"build_version":"2020-12-22","purchased_purges":2,"victory":false,"max_hp_per_floor":[70,65,65,65,65,65,65,65,65,65,65,65,65,65,65,65,65],"card_choices":[{"not_picked":["Dash","Cloak And Dagger"],"picked":"Quick Slash","floor":1},{"not_picked":["Bouncing Flask","Bane","Flying Knee"],"picked":"SKIP","floor":3},{"not_picked":["Cloak And Dagger","Slice"],"picked":"Prepared","floor":5},{"not_picked":["Caltrops","Infinite Blades"],"picked":"Adrenaline","floor":11},{"not_picked":["Underhanded Strike","Dash"],"picked":"Blur","floor":13}],"player_experience":1037928,"relics_obtained":[{"floor":9,"key":"Bag of Preparation"}],"event_choices":[{"damage_healed":0,"gold_gain":0,"player_choice":"Lose Max HP","damage_taken":0,"relics_obtained":["Golden Idol"],"max_hp_gain":0,"max_hp_loss":5,"event_name":"Golden Idol","floor":2,"gold_loss":0},{"damage_healed":0,"gold_gain":100,"player_choice":"Pray","damage_taken":0,"max_hp_gain":0,"max_hp_loss":0,"event_name":"Golden Shrine","floor":4,"gold_loss":0}],"is_beta":false,"boss_relics":[],"items_purged_floors":[8,12],"is_endless":false,"potions_floor_spawned":[5],"killed_by":"Hexaghost","ascension_level":9}}