{"host":"92108ef2q9tm8rod","time":1613883807,"event":{"mods":["BaseMod","Defuse TimeMaze Blight","Minty Spire (QoL Compilation)","StSLib","The Jungle"],"gold_per_floor":[419,436,452,463,388,423,423,423,472,472,472,487,312,344,344,439,439,449,462,582,322,177,209,240,269,316,161,190,190,190,205,205,307,307,319,335,355,373,81,81,81,81,132,132,157,157,157,175,175,175],"floor_reached":51,"language":"ENG","playtime":2141,"items_purged":["Swivel","Crippling Poison"],"score":1286,"play_id":"6f2a0a17-c077-48c0-933b-ab302dce661b","local_time":"20210221050327","daily_mods":["SealedDeck","Purple Cards","Heirloom","Flight"],"is_ascension_mode":false,"campfire_choices":[{"data":"Adrenaline","floor":7,"key":"SMITH"},{"data":"Perseverance","floor":8,"key":"SMITH"},{"data":"Swivel","floor":11,"key":"SMITH"},{"data":"Deflect","floor":15,"key":"SMITH"},{"data":"Footwork","floor":29,"key":"SMITH"},{"data":"Eviscerate","floor":30,"key":"SMITH"},{"data":"Blur","floor":32,"key":"SMITH"},{"data":"Masterful Stab","floor":40,"key":"SMITH"},{"data":"Corpse Explosion","floor":41,"key":"SMITH"},{"data":"Sanctity","floor":42,"key":"SMITH"},{"data":"1","floor":44,"key":"LIFT"},{"data":"2","floor":46,"key":"LIFT"},{"data":"3","floor":49,"key":"LIFT"}],"circlet_count":0,"master_deck":["Swivel+1","Eviscerate+1","Masterful Stab+1","Sanctity+1","Footwork+1","Perseverance+1","Deflect+1","Backstab","Adrenaline+1","Blur+1","Corpse Explosion+1"],"relics":["Ring of the Serpent","Old Coin","Ornamental Fan","Happy Flower","Potion Belt","Black Star","White Beast Statue","Lee\u0027s Waffle","Pocketwatch","Bottled Tornado","Akabeko","Smiling Mask","Unceasing Top","Ice Cream","Snake Skull","TheAbacus","Mercury Hourglass","CeramicFish","Girya","Nunchaku","Toxic Egg 2","Juzu Bracelet"],"acts_visited":["Exordium","Exordium","TheBeyond"],"potions_floor_usage":[14,16,28,33,35,38,38,50,50,50,50],"damage_taken":[{"damage":0.0,"enemies":"Small Slimes","floor":1.0,"turns":2.0},{"damage":0.0,"enemies":"Jaw Worm","floor":2.0,"turns":2.0},{"damage":0,"enemies":"Cultist","floor":3,"turns":2},{"damage":0,"enemies":"3 Louse","floor":4,"turns":2},{"damage":0,"enemies":"Lagavulin","floor":6,"turns":5},{"damage":0,"enemies":"Looter","floor":12,"turns":1},{"damage":0,"enemies":"Gremlin Nob","floor":14,"turns":2},{"damage":0,"enemies":"Slime Boss","floor":16,"turns":7},{"damage":1,"enemies":"theJungle:MUSHROOMGANG","floor":18,"turns":2},{"damage":0,"enemies":"theJungle:5_Spyders","floor":19,"turns":5},{"damage":0,"enemies":"theJungle:MamaSnecko","floor":23,"turns":6},{"damage":0,"enemies":"theJungle:Cassacara","floor":24,"turns":6},{"damage":0,"enemies":"theJungle:2_Phrogs","floor":25,"turns":5},{"damage":0,"enemies":"theJungle:MamaSnecko","floor":28,"turns":7},{"damage":0,"enemies":"theJungle:JungleHuntersEncounter","floor":31,"turns":2},{"damage":0,"enemies":"theJungle:QueenSpyder","floor":33,"turns":8},{"damage":0,"enemies":"3 Darklings","floor":35,"turns":2},{"damage":0,"enemies":"3 Shapes","floor":36,"turns":2},{"damage":0,"enemies":"3 Darklings","floor":37,"turns":2},{"damage":0,"enemies":"Writhing Mass","floor":38,"turns":6},{"damage":0,"enemies":"Reptomancer","floor":45,"turns":6},{"damage":0,"enemies":"Maw","floor":48,"turns":6},{"damage":0,"enemies":"Awakened One","floor":50,"turns":12}],"seed_played":"-2584186420062280718","potions_obtained":[{"floor":1.0,"key":"Poison Potion"},{"floor":6,"key":"AttackPotion"},{"floor":12,"key":"Strength Potion"},{"floor":18,"key":"Poison Potion"},{"floor":23,"key":"SteroidPotion"},{"floor":24,"key":"Energy Potion"},{"floor":25,"key":"PowerPotion"},{"floor":28,"key":"CultistPotion"},{"floor":33,"key":"BlessingOfTheForge"},{"floor":35,"key":"DuplicationPotion"},{"floor":37,"key":"Poison Potion"},{"floor":38,"key":"SteroidPotion"},{"floor":45,"key":"Fire Potion"},{"floor":48,"key":"SpeedPotion"}],"is_trial":true,"path_per_floor":["M","M","M","M","$","E","R","R","T","?","R","M","$","E","R","B",null,"M","M","?","$","$","E","E","E","T","$","E","R","R","M","R","B",null,"M","M","M","M","$","R","R","R","T","R","E","R","$","M","R","B",null],"character_chosen":"THE_SILENT","items_purchased":["Blur","White Beast Statue","Lee\u0027s Waffle","TheAbacus","Girya"],"campfire_rested":0,"item_purchase_floors":[13,21,22,27,39],"current_hp_per_floor":[70,70,70,70,70,70,70,70,70,70,70,70,70,70,70,70,70,69,69,59,59,77,77,77,77,77,77,77,77,77,77,77,77,77,77,77,77,77,77,77,77,77,77,77,77,77,77,77,77,77],"gold":175,"neow_bonus":"","is_daily":false,"chose_seed":false,"campfire_upgraded":10,"win_rate":0.0,"timestamp":1613883807,"path_taken":["M","M","M","M","$","E","R","R","T","?","R","M","$","E","R","BOSS","M","M","?","$","$","E","E","E","T","$","E","R","R","M","R","BOSS","M","M","M","M","$","R","R","R","T","R","E","R","$","M","R","BOSS"],"items_purchased_type":["Card","Relic","Relic","Relic","Relic"],"build_version":"2020-12-22","purchased_purges":2,"victory":true,"max_hp_per_floor":[70,70,70,70,70,70,70,70,70,70,70,70,70,70,70,70,70,70,70,70,70,77,77,77,77,77,77,77,77,77,77,77,77,77,77,77,77,77,77,77,77,77,77,77,77,77,77,77,77,77],"card_choices":[{"not_picked":["ClearTheMind","Conclude","WreathOfFlame"],"picked":"SKIP","floor":1.0},{"not_picked":["FollowUp","Prepared","Cloak And Dagger"],"picked":"SKIP","floor":2.0},{"not_picked":["FlurryOfBlows","Calculated Gamble","Deflect"],"picked":"SKIP","floor":3},{"not_picked":["Nirvana","ThirdEye","PiercingWail"],"picked":"SKIP","floor":4},{"not_picked":["Escape Plan","Calculated Gamble"],"picked":"Adrenaline","floor":6},{"not_picked":["JustLucky","Protect","PathToVictory"],"picked":"SKIP","floor":12},{"not_picked":["Omniscience","PathToVictory","All Out Attack"],"picked":"SKIP","floor":14},{"not_picked":["A Thousand Cuts","Doppelganger"],"picked":"Corpse Explosion","floor":16},{"not_picked":["SashWhip+1","CrushJoints","FlurryOfBlows+1"],"picked":"SKIP","floor":18},{"not_picked":["Protect","Crescendo","Pray"],"picked":"SKIP","floor":19},{"not_picked":["Dagger Throw","Meditate","Masterful Stab"],"picked":"SKIP","floor":23},{"not_picked":["Predator","EmptyBody+1","Blade Dance"],"picked":"SKIP","floor":24},{"not_picked":["Cloak And Dagger","Evaluate","Protect"],"picked":"SKIP","floor":25},{"not_picked":["Unload","EmptyBody","PiercingWail"],"picked":"SKIP","floor":28},{"not_picked":["Weave","Leg Sweep+1","Crippling Poison"],"picked":"SKIP","floor":31},{"not_picked":["MentalFortress+1","Outmaneuver+1","Protect+1"],"picked":"SKIP","floor":35},{"not_picked":["Blade Dance+1","Perseverance","Leg Sweep"],"picked":"SKIP","floor":36},{"not_picked":["JustLucky+1","Endless Agony","All Out Attack+1"],"picked":"SKIP","floor":37},{"not_picked":["PathToVictory","SashWhip","Prepared+1"],"picked":"SKIP","floor":38},{"not_picked":["FlyingSleeves+1","Prostrate+1","CrushJoints"],"picked":"SKIP","floor":45},{"not_picked":["Evaluate+1","Eviscerate","MasterReality"],"picked":"SKIP","floor":48}],"player_experience":3440317,"relics_obtained":[{"floor":6,"key":"Ornamental Fan"},{"floor":9,"key":"Happy Flower"},{"floor":14,"key":"Potion Belt"},{"floor":23,"key":"Pocketwatch"},{"floor":23,"key":"Bottled Tornado"},{"floor":24,"key":"Akabeko"},{"floor":24,"key":"Smiling Mask"},{"floor":25,"key":"Unceasing Top"},{"floor":25,"key":"Ice Cream"},{"floor":26,"key":"Snake Skull"},{"floor":28,"key":"Mercury Hourglass"},{"floor":28,"key":"CeramicFish"},{"floor":43,"key":"Nunchaku"},{"floor":45,"key":"Toxic Egg 2"},{"floor":45,"key":"Juzu Bracelet"}],"event_choices":[{"damage_healed":0,"gold_gain":0,"player_choice":"Ignored","damage_taken":0,"max_hp_gain":0,"max_hp_loss":0,"event_name":"Liars Game","floor":10,"gold_loss":0}],"is_beta":false,"boss_relics":[{"not_picked":["Calling Bell","Velvet Choker"],"picked":"Black Star"},{"not_picked":["SlaversCollar","Cursed Key"],"picked":"Ring of the Serpent"}],"items_purged_floors":[5,13],"is_endless":false,"potions_floor_spawned":[1,6,12,18,23,24,25,28,31,33,35,36,37,38,45,48],"ascension_level":0}}