{"host":"dxw0slwvk2p0izr3","time":1613921041,"event":{"mods":["BaseMod","Downfall","Minty Spire (QoL Compilation)","Replay The Spire","Shop Mod","StSLib"],"gold_per_floor":[99,99,99,99,99,99,123,152,152,195,295,305,305,305],"floor_reached":12,"language":"ZHS","playtime":299,"items_purged":[],"score":96,"play_id":"496c1d1d-0478-497f-8b23-a1402b2bc566","local_time":"20210221232401","is_ascension_mode":true,"campfire_choices":[{"data":"bronze:Defend","floor":1,"key":"PURGE"}],"circlet_count":0,"master_deck":["bronze:Strike+1","bronze:Strike","bronze:Strike","bronze:Strike","bronze:Defend","bronze:Defend","bronze:Defend","bronze:Replicate+1","bronze:Goto","bronze:Philosophize+1","bronze:CloningBeam","bronze:Mutator","downfall:Malfunctioning"],"relics":["bronze:BronzeCore","downfall:HeartsMalice","Ring of Fury","ReplayTheSpireMod:Ring of Collecting","Ring of Searing","Simple Rune","Replay:Bandana","CeramicFish"],"acts_visited":["Exordium"],"potions_floor_usage":[12,12],"damage_taken":[{"damage":0,"enemies":"Jaw Worm","floor":2,"turns":1},{"damage":0,"enemies":"2 Louse","floor":3,"turns":1},{"damage":0,"enemies":"Small Slimes","floor":6,"turns":1},{"damage":47,"enemies":"3 Sentries","floor":8,"turns":7},{"damage":14,"enemies":"Gremlin Nob","floor":10,"turns":3},{"damage":10,"enemies":"Lagavulin","floor":12,"turns":2}],"seed_played":"8640627606440468886","potions_obtained":[{"floor":8,"key":"DistilledChaos"},{"floor":10,"key":"Adrenaline Potion"}],"is_trial":false,"path_per_floor":["R","M","M","?","?","M","T","E","?","E","?","E"],"character_chosen":"THE_AUTOMATON","items_purchased":[],"campfire_rested":0,"item_purchase_floors":[],"current_hp_per_floor":[70,70,70,70,70,70,70,23,23,9,9,0,0,0],"gold":305,"neow_bonus":"THREE_ENEMY_KILL","is_daily":false,"chose_seed":false,"campfire_upgraded":0,"win_rate":0.0,"timestamp":1613921041,"path_taken":["R","M","M","?","?","?","T","E","?","E","?","E"],"items_purchased_type":[],"build_version":"2020-12-22","purchased_purges":0,"victory":false,"max_hp_per_floor":[70,70,70,70,70,70,70,70,70,70,70,70,70,70],"card_choices":[{"not_picked":["bronze:Allocate","bronze:DelayedGuard","bronze:CutThrough"],"picked":"SKIP","floor":2},{"not_picked":["bronze:MaxOutput","bronze:Refactor"],"picked":"bronze:Philosophize","floor":3},{"not_picked":["bronze:DelayedGuard","bronze:Allocate"],"picked":"bronze:CloningBeam","floor":6},{"not_picked":["bronze:Backtrace","bronze:ItsAFeature"],"picked":"bronze:Mutator","floor":8},{"not_picked":["bronze:Overheat","bronze:Turbo","bronze:Constructor"],"picked":"SKIP","floor":10}],"player_experience":123029,"relics_obtained":[{"floor":4,"key":"Ring of Fury"},{"floor":4,"key":"ReplayTheSpireMod:Ring of Collecting"},{"floor":7,"key":"Ring of Searing"},{"floor":7,"key":"Simple Rune"},{"floor":8,"key":"Replay:Bandana"},{"floor":10,"key":"CeramicFish"}],"event_choices":[{"cards_removed":["Amnesia"],"damage_healed":0,"gold_gain":0,"player_choice":"Card Removal","damage_taken":0,"max_hp_gain":0,"max_hp_loss":0,"event_name":"The Cleric","floor":5,"gold_loss":0}],"is_beta":false,"boss_relics":[],"items_purged_floors":[],"is_endless":false,"potions_floor_spawned":[8,10],"killed_by":"Lagavulin","ascension_level":4}}