{"host":"a70birb7gb03c330","time":1613892747,"event":{"mods":["Act Like it!","BaseMod","Better Vampires","Disable Question Mark Monsters","Hubris","Infinite Spire","Minty Spire (QoL Compilation)","Permanent Neow","Replay The Spire","StSLib","UnlockEverythingMod"],"gold_per_floor":[109,109,119,138,149,149,181,198,198,73,73,148,148,162,162,162,162],"floor_reached":16,"language":"ENG","playtime":393,"items_purged":["Strike_B"],"score":107,"play_id":"ed87929b-4026-4ba7-8853-7682db865496","local_time":"20210220233227","is_ascension_mode":true,"campfire_choices":[{"data":"Zap","floor":6,"key":"SMITH"},{"data":"Dualcast","floor":11,"key":"SMITH"},{"floor":15,"key":"REST"}],"circlet_count":0,"master_deck":["Strike_B","Strike_B","Defend_B","Defend_B","Defend_B","Defend_B","Zap+1","Dualcast+1","Consume","Tempest","Defragment","BasicCrystalCard"],"relics":["Cracked Core","PreservedInsect","Happy Flower","infinitespire:Lucky Rock"],"acts_visited":["Exordium"],"potions_floor_usage":[16,16,16],"damage_taken":[{"damage":0,"enemies":"Small Slimes","floor":1,"turns":3},{"damage":5,"enemies":"Cultist","floor":3,"turns":4},{"damage":3,"enemies":"Jaw Worm","floor":4,"turns":3},{"damage":11,"enemies":"3 Louse","floor":5,"turns":4},{"damage":19,"enemies":"Replay:BlueRogue","floor":7,"turns":6},{"damage":7,"enemies":"2 Fungi Beasts","floor":8,"turns":3},{"damage":8,"enemies":"Red Slaver","floor":14,"turns":2},{"damage":33,"enemies":"The Guardian","floor":16,"turns":6}],"seed_played":"-6451240939424092603","potions_obtained":[{"floor":1,"key":"Strength Potion"},{"floor":2,"key":"Explosive Potion"},{"floor":2,"key":"LifebloodPotion"}],"is_trial":false,"path_per_floor":["M","?","M","M","M","R","E","M","T","$","R","?","T","M","R","B"],"character_chosen":"DEFECT","items_purchased":["BasicCrystalCard"],"campfire_rested":1,"item_purchase_floors":[10],"current_hp_per_floor":[75,75,70,67,56,56,37,30,30,30,30,19,19,11,33,0,0],"gold":162,"neow_bonus":"REMOVE_CARD","is_daily":false,"chose_seed":false,"campfire_upgraded":2,"win_rate":0.0,"timestamp":1613892747,"path_taken":["M","?","M","M","M","R","E","?","T","$","R","?","?","M","R","BOSS"],"items_purchased_type":["Card"],"build_version":"2020-12-22","purchased_purges":1,"victory":false,"max_hp_per_floor":[75,75,75,75,75,75,75,75,75,75,75,75,75,75,75,75,75],"card_choices":[{"not_picked":["Turbo","Hologram"],"picked":"Consume","floor":1},{"not_picked":["Double Energy","Storm","Streamline"],"picked":"SKIP","floor":3},{"not_picked":["Static Discharge","Force Field"],"picked":"Tempest","floor":4},{"not_picked":["All For One","Undo","Doom and Gloom"],"picked":"SKIP","floor":5},{"not_picked":["Streamline","Beam Cell","Compile Driver"],"picked":"SKIP","floor":7},{"not_picked":["Force Field","Beam Cell"],"picked":"Defragment","floor":8},{"not_picked":["Beam Cell","Hologram","Steam"],"picked":"SKIP","floor":14}],"player_experience":10484,"relics_obtained":[{"floor":7,"key":"PreservedInsect"},{"floor":9,"key":"Happy Flower"},{"floor":13,"key":"infinitespire:Lucky Rock"}],"event_choices":[{"damage_healed":0,"gold_gain":0,"player_choice":"Got Potions","damage_taken":0,"max_hp_gain":0,"max_hp_loss":0,"event_name":"Lab","floor":2,"gold_loss":0},{"damage_healed":0,"gold_gain":75,"player_choice":"Gather Gold","damage_taken":11,"max_hp_gain":0,"max_hp_loss":0,"event_name":"World of Goop","floor":12,"gold_loss":0}],"is_beta":false,"boss_relics":[],"items_purged_floors":[10],"is_endless":false,"potions_floor_spawned":[1,7,14],"killed_by":"The Guardian","ascension_level":1}}