{"host":"050ensmz1fh1c58u","time":1613919469,"event":{"mods":["BaseMod","Downfall","Gremlin Mod","Hubris","Minty Spire (QoL Compilation)","READ ME - Guardian Mod","StSLib","The Animator","The Bug Knight","The Cursed","The Disciple","The Necromancer","The Servant 0.9.4"],"gold_per_floor":[114,124,142,156,156,189,189,200,200,211,211,246,246,263,263,363,363,381,401,418,41,54,54,88,108,132,132,152,152,152,180,180,282,282,300,315,315,315,329,329,344,373,425,425,271,271,302,315,315,315,315,315],"floor_reached":50,"language":"ENG","playtime":2592,"items_purged":["bronze:DigitalCarnage"],"score":681,"play_id":"0216f9f2-783b-4f21-8f39-8aa09896e32a","local_time":"20210221155749","daily_mods":["SealedDeck","Green Cards","Lethality"],"is_ascension_mode":false,"campfire_choices":[{"data":"Blade Dance","floor":7,"key":"SMITH"},{"data":"Cloak And Dagger","floor":11,"key":"SMITH"},{"data":"Underhanded Strike","floor":15,"key":"SMITH"},{"data":"Dagger Throw","floor":23,"key":"SMITH"},{"data":"Acrobatics","floor":27,"key":"SMITH"},{"floor":30,"key":"REST"},{"data":"Acrobatics","floor":32,"key":"SMITH"},{"floor":40,"key":"REST"},{"floor":44,"key":"REST"},{"data":"bronze:Spike","floor":46,"key":"SMITH"},{"floor":49,"key":"REST"}],"circlet_count":0,"master_deck":["hubris:Sniper","bronze:Frontload","bronze:Boost","hubris:Sniper","Underhanded Strike+1","Dagger Throw+1","Cloak And Dagger+1","Acrobatics+1","Deflect","bronze:Spike+1","Acrobatics+1","Blade Dance+1","bronze:ChosenStrike","Underhanded Strike+1","Adrenaline"],"relics":["bronze:BronzeCore","Pen Nib","hubris:MysteriousPyramids","Shuriken","hubris:TerracottaHorce","DollysMirror","HollowMod:PaleOreRelic","Akabeko","Blue Candle","Art of War","Philosopher\u0027s Stone","Strawberry","hexamod:BolsterEngine","Bronze Scales","Juzu Bracelet"],"acts_visited":["Exordium","TheCity","TheBeyond"],"potions_floor_usage":[8,12,20,28,33,41],"damage_taken":[{"damage":0,"enemies":"Small Slimes","floor":1,"turns":1},{"damage":0,"enemies":"Jaw Worm","floor":2,"turns":4},{"damage":0,"enemies":"Cultist","floor":3,"turns":3},{"damage":1,"enemies":"Large Slime","floor":4,"turns":4},{"damage":8,"enemies":"Large Slime","floor":5,"turns":3},{"damage":22,"enemies":"3 Sentries","floor":6,"turns":5},{"damage":5,"enemies":"Gremlin Gang","floor":8,"turns":5},{"damage":0,"enemies":"2 Fungi Beasts","floor":10,"turns":1},{"damage":1,"enemies":"Lagavulin","floor":12,"turns":3},{"damage":11,"enemies":"Large Slime","floor":14,"turns":2},{"damage":0,"enemies":"Slime Boss","floor":16,"turns":4},{"damage":6,"enemies":"Chosen","floor":18,"turns":2},{"damage":0,"enemies":"Spheric Guardian","floor":19,"turns":1},{"damage":0,"enemies":"Cultist and Chosen","floor":20,"turns":3},{"damage":0,"enemies":"Snecko","floor":22,"turns":1},{"damage":0,"enemies":"Book of Stabbing","floor":24,"turns":2},{"damage":0,"enemies":"Centurion and Healer","floor":25,"turns":2},{"damage":0,"enemies":"Snake Plant","floor":28,"turns":1},{"damage":0,"enemies":"HollowMod:Nosk","floor":31,"turns":2},{"damage":14,"enemies":"Collector","floor":33,"turns":4},{"damage":0,"enemies":"3 Shapes","floor":35,"turns":2},{"damage":0,"enemies":"Orb Walker","floor":36,"turns":1},{"damage":45,"enemies":"Writhing Mass","floor":39,"turns":3},{"damage":0,"enemies":"3 Darklings","floor":41,"turns":1},{"damage":0,"enemies":"HollowMod:StalkingDevout","floor":42,"turns":2},{"damage":36,"enemies":"Nemesis","floor":47,"turns":3},{"damage":5,"enemies":"4 Shapes","floor":48,"turns":2},{"damage":64,"enemies":"Time Eater","floor":50,"turns":5}],"seed_played":"-1106727937148201849","potions_obtained":[{"floor":6,"key":"Regen Potion"},{"floor":8,"key":"Block Potion"},{"floor":10,"key":"AttackPotion"},{"floor":12,"key":"BlessingOfTheForge"},{"floor":18,"key":"Weak Potion"},{"floor":19,"key":"DuplicationPotion"},{"floor":25,"key":"hexamod:SoulburnPotion"},{"floor":39,"key":"SpeedPotion"}],"is_trial":true,"path_per_floor":["M","M","M","M","?","E","R","M","T","M","R","E","?","M","R","B",null,"M","M","M","$","M","R","E","M","T","R","M","?","R","E","R","B",null,"M","M","?","?","M","R","M","E","T","R","$","R","E","M","R","B"],"character_chosen":"THE_AUTOMATON","items_purchased":["DollysMirror","Adrenaline","Bronze Scales"],"campfire_rested":4,"item_purchase_floors":[21,21,45],"current_hp_per_floor":[70,70,70,69,61,39,39,48,48,48,48,47,47,36,36,36,62,56,56,56,56,56,56,56,56,56,56,56,51,70,70,70,56,67,67,67,67,67,22,43,43,50,50,73,73,73,37,32,55,0,0,0],"gold":315,"neow_bonus":"","is_daily":false,"chose_seed":true,"campfire_upgraded":7,"win_rate":0.0,"timestamp":1613919469,"path_taken":["M","M","?","?","?","E","R","M","T","M","R","E","?","?","R","BOSS","M","?","M","$","M","R","E","M","T","R","M","?","R","E","R","BOSS","M","M","?","?","M","R","M","E","T","R","$","R","E","M","R","BOSS"],"items_purchased_type":["Relic","Card","Relic"],"build_version":"2020-12-22","purchased_purges":1,"victory":false,"max_hp_per_floor":[70,70,70,70,70,70,70,70,70,70,70,70,70,70,70,70,70,70,70,70,70,70,70,70,70,70,70,70,70,70,70,70,70,70,70,70,70,70,70,70,70,77,77,77,77,77,77,77,77,77,77,77],"card_choices":[{"not_picked":["Calculated Gamble","Sucker Punch","Reflex"],"picked":"SKIP","floor":1},{"not_picked":["bronze:FineTuning","bronze:Deprecate","bronze:ClassDefault"],"picked":"SKIP","floor":2},{"not_picked":["Prepared","bronze:Branch","bronze:Fortify"],"picked":"SKIP","floor":3},{"not_picked":["bronze:Overload","Slice","Quick Slash"],"picked":"SKIP","floor":4},{"not_picked":[],"picked":"bronze:Spike","floor":5},{"not_picked":["Dodge and Roll","Backflip"],"picked":"Acrobatics","floor":5},{"not_picked":["bronze:Virus","Underhanded Strike"],"picked":"Blade Dance","floor":6},{"not_picked":["bronze:Frontload","bronze:Flail"],"picked":"bronze:ChosenStrike","floor":8},{"not_picked":["Calculated Gamble","Masterful Stab","bronze:WhirlingStrike"],"picked":"SKIP","floor":10},{"not_picked":["Escape Plan","bronze:BronzeArmor","Infinite Blades"],"picked":"SKIP","floor":12},{"not_picked":["bronze:Repulsor","Choke","bronze:Frontload"],"picked":"SKIP","floor":14},{"not_picked":["bronze:WhirlingStrike","Quick Slash+1","hubris:SlightOfHand"],"picked":"SKIP","floor":18},{"not_picked":["Flying Knee+1","Blur","bronze:Invalidate"],"picked":"SKIP","floor":19},{"not_picked":["Prepared","hubris:Sniper","Dagger Spray"],"picked":"SKIP","floor":20},{"not_picked":["Dagger Throw+1","Flying Knee+1","Flechettes"],"picked":"SKIP","floor":22},{"not_picked":["Deflect","Concentrate","Caltrops"],"picked":"SKIP","floor":24},{"not_picked":["bronze:FollowUp+1","bronze:Overload+1","bronze:GetLatest"],"picked":"SKIP","floor":25},{"not_picked":["Noxious Fumes","bronze:Philosophize","Acrobatics+1"],"picked":"SKIP","floor":28},{"not_picked":["Catalyst","bronze:CleanCode","bronze:Invalidate"],"picked":"SKIP","floor":31},{"not_picked":["Cloak And Dagger+1","bronze:Turbo+1","bronze:Return+1"],"picked":"SKIP","floor":35},{"not_picked":["bronze:Fortify","Deadly Poison+1","Prepared+1"],"picked":"SKIP","floor":36},{"not_picked":["Cloak And Dagger","Heel Hook","bronze:Repulsor"],"picked":"SKIP","floor":39},{"not_picked":["bronze:Iterate+1","PiercingWail","Reflex"],"picked":"SKIP","floor":41},{"not_picked":["hubris:SlightOfHand+1","bronze:CutThrough","bronze:Turbo"],"picked":"SKIP","floor":42},{"not_picked":["bronze:Backtrace","Prepared+1","Cloak And Dagger"],"picked":"SKIP","floor":47},{"not_picked":["bronze:Mutator","Dagger Spray","bronze:BugBarrage"],"picked":"SKIP","floor":48}],"player_experience":1671145,"relics_obtained":[{"floor":6,"key":"Pen Nib"},{"floor":9,"key":"hubris:MysteriousPyramids"},{"floor":12,"key":"Shuriken"},{"floor":24,"key":"HollowMod:PaleOreRelic"},{"floor":26,"key":"Akabeko"},{"floor":31,"key":"Art of War"},{"floor":42,"key":"Strawberry"},{"floor":43,"key":"hexamod:BolsterEngine"},{"floor":47,"key":"Juzu Bracelet"}],"event_choices":[{"damage_healed":0,"gold_gain":0,"player_choice":"Leave","damage_taken":0,"max_hp_gain":0,"max_hp_loss":0,"event_name":"FaceTrader","floor":13,"gold_loss":0},{"damage_healed":0,"gold_gain":0,"player_choice":"Ignored","damage_taken":0,"max_hp_gain":0,"max_hp_loss":0,"event_name":"Tomb of Lord Red Mask","floor":37,"gold_loss":0},{"damage_healed":0,"gold_gain":0,"player_choice":"Memory 1","damage_taken":0,"max_hp_gain":0,"max_hp_loss":0,"event_name":"SensoryStone","floor":38,"gold_loss":0}],"is_beta":false,"boss_relics":[{"not_picked":["Velvet Choker","Calling Bell"],"picked":"hubris:TerracottaHorce"},{"not_picked":["SacredBark","bronze:PlatinumCore"],"picked":"Philosopher\u0027s Stone"}],"items_purged_floors":[21],"is_endless":false,"potions_floor_spawned":[6,8,10,12,18,19,25,36,39],"killed_by":"Time Eater","ascension_level":0}}