{"host":"ovivighfa421z0zp","time":1613923658,"event":{"mods":["BaseMod","Colored Map","DeckTracker","Keyboard Shortcuts","Minty Spire (QoL Compilation)","Permanent Neow","Quick Restart","Replay The Spire","StSLib","SuperFastMode","The Cursed"],"gold_per_floor":[218,270,8,19,19,19,44,44,44,44,101,1,1,12,12,88,88,105,116,132,149,349,349,368,378,449,469,486,486,499,510,510,510,510],"floor_reached":33,"language":"KOR","playtime":1276,"items_purged":["TheCursedMod:Strike_TheCursed","TheCursedMod:Strike_TheCursed"],"score":572,"play_id":"8b47c168-d222-412d-9ca6-d149677f3f81","local_time":"20210222010738","is_ascension_mode":true,"campfire_choices":[{"data":"TheCursedMod:HellfireBreathing","floor":6.0,"key":"SMITH"},{"floor":8.0,"key":"REST"},{"data":"1","floor":15.0,"key":"LIFT"},{"floor":23.0,"key":"REST"},{"data":"2","floor":32,"key":"LIFT"}],"circlet_count":0,"master_deck":["AscendersBane","TheCursedMod:Strike_TheCursed","TheCursedMod:Strike_TheCursed","TheCursedMod:Defend_TheCursed","TheCursedMod:Defend_TheCursed","TheCursedMod:Defend_TheCursed","TheCursedMod:Defend_TheCursed","TheCursedMod:CursedWand+1","TheCursedMod:CleanUpWorkshop","TheCursedMod:Dregs","TheCursedMod:CircleOfCorruption","TheCursedMod:SpitefulPlan","TheCursedMod:CursedBlade","TheCursedMod:CursedBoomerang","TheCursedMod:HellfireBreathing+1","Regret","TheCursedMod:HellfireBreathing","TheCursedMod:NeowsMight","TheCursedMod:DarkBarrier","TheCursedMod:SurpriseAttack+1","TheCursedMod:DoubleShield","TheCursedMod:TroublousMinions","TheCursedMod:SoulReap","TheCursedMod:Wield+1","TheCursedMod:NeowsMight","TheCursedMod:SpitefulPlan","TheCursedMod:CursedAmulet"],"relics":["TheCursedMod:BlackMagic101","Tiny Chest","Kunai","Omamori","HornCleat","Girya","Ornamental Fan","ChewingGum","ReplayTheSpireMod:Shallot","Chameleon Ring"],"acts_visited":["Exordium","TheCity"],"potions_floor_usage":[31,31,33],"damage_taken":[{"damage":7.0,"enemies":"Cultist","floor":1.0,"turns":5.0},{"damage":2.0,"enemies":"Jaw Worm","floor":4.0,"turns":3.0},{"damage":41.0,"enemies":"3 Sentries","floor":7.0,"turns":8.0},{"damage":6.0,"enemies":"3 Sentries","floor":11.0,"turns":4.0},{"damage":0.0,"enemies":"Small Slimes","floor":14.0,"turns":3.0},{"damage":6.0,"enemies":"Slime Boss","floor":16.0,"turns":6.0},{"damage":7.0,"enemies":"2 Thieves","floor":18.0,"turns":3.0},{"damage":21.0,"enemies":"Shell Parasite","floor":19.0,"turns":4.0},{"damage":12.0,"enemies":"Snake Plant","floor":20.0,"turns":4.0},{"damage":8.0,"enemies":"Shelled Parasite and Fungi","floor":21.0,"turns":5.0},{"damage":9.0,"enemies":"Chosen and Byrds","floor":24.0,"turns":6.0},{"damage":1.0,"enemies":"Snecko","floor":25.0,"turns":7.0},{"damage":0.0,"enemies":"3 Cultists","floor":27.0,"turns":3.0},{"damage":0.0,"enemies":"Snake Plant","floor":28.0,"turns":4.0},{"damage":3.0,"enemies":"Sentry and Sphere","floor":30.0,"turns":4.0},{"damage":15,"enemies":"Cultist and Chosen","floor":31,"turns":8},{"damage":15,"enemies":"Champ","floor":33,"turns":10}],"seed_played":"443340794439814651","potions_obtained":[{"floor":11.0,"key":"Fire Potion"},{"floor":14.0,"key":"Dexterity Potion"},{"floor":20.0,"key":"Elixir"},{"floor":21.0,"key":"Block Potion"},{"floor":25.0,"key":"Explosive Potion"},{"floor":28.0,"key":"Elixir"},{"floor":31,"key":"BlessingOfTheForge"}],"is_trial":false,"path_per_floor":["M","T","$","M","?","R","E","R","T","?","?","$","T","M","R","B",null,"M","M","M","M","?","R","M","M","T","M","M","T","M","M","R","B"],"character_chosen":"THE_CURSED","items_purchased":["TheCursedMod:SpitefulPlan","TheCursedMod:CursedBlade","TheCursedMod:CursedBoomerang"],"campfire_rested":2,"item_purchase_floors":[3,3,3],"current_hp_per_floor":[57,57,57,55,55,55,14,35,35,35,29,29,29,29,29,23,59,52,31,19,11,11,32,29,34,34,40,44,44,41,32,32,26,26],"gold":510,"neow_bonus":"HUNDRED_GOLD","is_daily":false,"chose_seed":false,"campfire_upgraded":1,"win_rate":0.0,"timestamp":1613923658,"path_taken":["M","?","$","M","?","R","E","R","T","?","?","$","?","M","R","BOSS","M","?","?","M","?","R","M","M","T","M","M","?","M","M","R","BOSS"],"items_purchased_type":["Card","Card","Card"],"build_version":"2020-12-22","purchased_purges":2,"victory":false,"max_hp_per_floor":[71,71,71,71,71,71,71,71,71,71,71,71,71,71,71,71,71,71,71,71,71,71,71,71,71,71,71,71,71,71,71,71,71,71],"card_choices":[{"not_picked":["TheCursedMod:TacticalStrike","TheCursedMod:CircleOfWindfury"],"picked":"TheCursedMod:CircleOfCorruption","floor":1.0},{"not_picked":["TheCursedMod:CircleOfFlame","TheCursedMod:RavingStaff"],"picked":"TheCursedMod:HellfireBreathing","floor":4.0},{"not_picked":["TheCursedMod:Stretching","TheCursedMod:Obscuration","TheCursedMod:CircleOfFlame"],"picked":"SKIP","floor":7.0},{"not_picked":["TheCursedMod:CircleOfFlame","TheCursedMod:TroublousMinions"],"picked":"TheCursedMod:HellfireBreathing","floor":11.0},{"not_picked":["TheCursedMod:SurpriseAttack","TheCursedMod:AbyssShockwave"],"picked":"TheCursedMod:NeowsMight","floor":14.0},{"not_picked":["TheCursedMod:DemonicPact","TheCursedMod:Neurasthenia"],"picked":"TheCursedMod:DarkBarrier","floor":16.0},{"not_picked":["TheCursedMod:SpitefulPray","TheCursedMod:Obscuration"],"picked":"TheCursedMod:SurpriseAttack+1","floor":18.0},{"not_picked":["TheCursedMod:HellsGateOpen","TheCursedMod:CircleOfCorruption"],"picked":"TheCursedMod:DoubleShield","floor":19.0},{"not_picked":["TheCursedMod:Obscuration","TheCursedMod:Hemoplague"],"picked":"TheCursedMod:TroublousMinions","floor":20.0},{"not_picked":["TheCursedMod:SoulCrush","TheCursedMod:HellfireBreathing"],"picked":"TheCursedMod:SoulReap","floor":21.0},{"not_picked":["TheCursedMod:WearCloak","TheCursedMod:Stigma+1"],"picked":"TheCursedMod:Wield+1","floor":24.0},{"not_picked":["TheCursedMod:SurpriseAttack","TheCursedMod:FleshFromBone"],"picked":"TheCursedMod:NeowsMight","floor":25.0},{"not_picked":["TheCursedMod:WearCloak","TheCursedMod:SaltUponWound"],"picked":"TheCursedMod:SpitefulPlan","floor":27.0},{"not_picked":["TheCursedMod:SpitefulPlan","TheCursedMod:CircleOfFlame"],"picked":"TheCursedMod:CursedAmulet","floor":28.0},{"not_picked":["TheCursedMod:TacticalStrike","TheCursedMod:Stigma","TheCursedMod:HellfireBreathing"],"picked":"SKIP","floor":30.0},{"not_picked":["TheCursedMod:Obscuration","TheCursedMod:VitalStrike","TheCursedMod:StingEye"],"picked":"SKIP","floor":31}],"player_experience":805727,"relics_obtained":[{"floor":2.0,"key":"Tiny Chest"},{"floor":7.0,"key":"Omamori"},{"floor":9.0,"key":"HornCleat"},{"floor":11.0,"key":"Girya"},{"floor":13.0,"key":"Ornamental Fan"},{"floor":26.0,"key":"ReplayTheSpireMod:Shallot"},{"floor":29.0,"key":"Chameleon Ring"}],"event_choices":[{"damage_healed":0.0,"max_hp_gain":0.0,"max_hp_loss":0.0,"gold_gain":0.0,"event_name":"Big Fish","player_choice":"Box","floor":5.0,"gold_loss":0.0,"damage_taken":0.0,"relics_obtained":["Kunai"],"cards_obtained":["Regret"]},{"damage_healed":0.0,"max_hp_gain":0.0,"max_hp_loss":0.0,"gold_gain":0.0,"event_name":"Dead Adventurer","player_choice":"Searched \u00272\u0027 times","floor":11.0,"gold_loss":0.0,"damage_taken":0.0},{"damage_healed":0.0,"max_hp_gain":0.0,"max_hp_loss":0.0,"gold_gain":200.0,"event_name":"Wheel of Change","player_choice":"Gold","floor":22.0,"gold_loss":0.0,"damage_taken":0.0}],"is_beta":false,"boss_relics":[{"not_picked":["Empty Cage","Replay:Bronze Core"],"picked":"ChewingGum"}],"items_purged_floors":[3,12],"is_endless":false,"potions_floor_spawned":[11,14,20,21,25,28,31],"killed_by":"Champ","ascension_level":18}}