{"host":"a9gsz7kv8aebwp1f","time":1613907711,"event":{"mods":["AchievementEnabler","BaseMod","Minty Spire (QoL Compilation)"],"gold_per_floor":[117,292,292,317,70,70,86,86,112,146,1,1,21,121,121,217,217,234,234,251,251,41,41,76,88,88,88,102,102,113,113,113,113,113],"floor_reached":33,"language":"KOR","playtime":1232,"items_purged":["Doubt"],"score":458,"play_id":"e2642cb6-ff79-4eea-bd79-d80c496ec48f","local_time":"20210221204151","is_ascension_mode":true,"campfire_choices":[{"floor":6,"key":"REST"},{"data":"Trip","floor":8,"key":"SMITH"},{"data":"Dualcast","floor":15,"key":"SMITH"},{"floor":23,"key":"REST"},{"floor":27,"key":"REST"},{"floor":32,"key":"REST"}],"circlet_count":0,"master_deck":["AscendersBane","Strike_B","Strike_B+1","Defend_B","Defend_B+1","Defend_B","Dualcast+1","Trip+1","Melter","Blizzard","Defragment","Coolheaded","Streamline","Undo","Blizzard","Defragment","Electrodynamics","Melter+1","Cold Snap+1","Coolheaded+1","Chill","Tempest","BootSequence","Stack","Stack","Turbo","Coolheaded","Auto Shields"],"relics":["Cracked Core","MawBank","Dream Catcher","Lantern","Boot","Astrolabe","ClockworkSouvenir","Toy Ornithopter","Gremlin Horn","CultistMask"],"acts_visited":["Exordium","TheCity"],"potions_floor_usage":[16,16,33],"damage_taken":[{"damage":7,"enemies":"Jaw Worm","floor":1,"turns":2},{"damage":5,"enemies":"Small Slimes","floor":7,"turns":3},{"damage":16,"enemies":"Gremlin Nob","floor":10,"turns":3},{"damage":0,"enemies":"2 Louse","floor":13,"turns":2},{"damage":31,"enemies":"Hexaghost","floor":16,"turns":8},{"damage":28,"enemies":"2 Thieves","floor":18,"turns":4},{"damage":0,"enemies":"Spheric Guardian","floor":20,"turns":2},{"damage":0,"enemies":"Gremlin Leader","floor":24,"turns":7},{"damage":17,"enemies":"3 Cultists","floor":25,"turns":4},{"damage":10,"enemies":"Snecko","floor":28,"turns":7},{"damage":4,"enemies":"Centurion and Healer","floor":30,"turns":6},{"damage":42,"enemies":"Colosseum Slavers","floor":31,"turns":5},{"damage":44,"enemies":"Collector","floor":33,"turns":3}],"seed_played":"8099529182932790028","potions_obtained":[{"floor":10,"key":"AttackPotion"},{"floor":13,"key":"SkillPotion"},{"floor":20,"key":"EssenceOfSteel"},{"floor":24,"key":"LiquidMemories"},{"floor":30,"key":"CultistPotion"}],"is_trial":false,"path_per_floor":["M","?","?","T","$","R","M","R","T","E","$","?","M","?","R","B",null,"M","?","M","?","$","R","E","M","T","R","M","?","M","?","R","B"],"character_chosen":"DEFECT","items_purchased":["Dream Catcher","Blizzard","Defragment","Blizzard","BootSequence","ClockworkSouvenir"],"campfire_rested":4,"item_purchase_floors":[5,5,5,11,22,22],"current_hp_per_floor":[61,61,46,46,46,68,63,63,63,47,47,72,72,72,72,41,67,39,39,39,39,39,61,61,44,44,66,56,56,52,10,32,0,0],"gold":113,"neow_bonus":"RANDOM_COLORLESS","is_daily":false,"chose_seed":false,"campfire_upgraded":2,"win_rate":0.0,"timestamp":1613907711,"path_taken":["M","?","?","?","$","R","M","R","T","E","$","?","?","?","R","BOSS","M","?","M","?","?","R","E","M","T","R","M","?","?","?","R","BOSS"],"items_purchased_type":["Relic","Card","Card","Card","Card","Relic"],"build_version":"2020-12-22","purchased_purges":1,"victory":false,"max_hp_per_floor":[75,75,75,75,75,75,75,75,75,75,75,75,75,75,75,75,75,75,75,75,75,75,75,75,75,75,75,75,75,75,75,75,75,75],"card_choices":[{"not_picked":["Purity","Mind Blast"],"picked":"Trip","floor":0},{"not_picked":["Beam Cell","Hologram"],"picked":"Melter","floor":1},{"not_picked":["Loop","Amplify"],"picked":"Coolheaded","floor":6},{"not_picked":["Storm","Force Field"],"picked":"Streamline","floor":7},{"not_picked":["Doom and Gloom","Compile Driver"],"picked":"Undo","floor":10},{"not_picked":["Gash","Streamline"],"picked":"Defragment","floor":13},{"not_picked":["Rainbow","Meteor Strike"],"picked":"Electrodynamics","floor":16},{"not_picked":["Ball Lightning","Gash"],"picked":"Chill","floor":18},{"not_picked":["Undo","Barrage"],"picked":"Tempest","floor":20},{"not_picked":["Fission","Coolheaded"],"picked":"Stack","floor":23},{"not_picked":["Barrage+1","Blizzard"],"picked":"Stack","floor":24},{"not_picked":["Seek","Stack"],"picked":"Turbo","floor":25},{"not_picked":["Compile Driver","Go for the Eyes"],"picked":"Coolheaded","floor":27},{"not_picked":["Ball Lightning","Darkness","Reprogram"],"picked":"SKIP","floor":28},{"not_picked":["Sweeping Beam","Self Repair"],"picked":"Auto Shields","floor":30}],"player_experience":471491,"relics_obtained":[{"floor":4,"key":"MawBank"},{"floor":9,"key":"Lantern"},{"floor":10,"key":"Boot"},{"floor":24,"key":"Toy Ornithopter"},{"floor":26,"key":"Gremlin Horn"}],"event_choices":[{"damage_healed":0,"gold_gain":175,"player_choice":"AGREE","damage_taken":0,"max_hp_gain":0,"max_hp_loss":0,"event_name":"Liars Game","floor":2,"gold_loss":0,"cards_obtained":["Doubt"]},{"damage_healed":0,"gold_gain":0,"player_choice":"Entered Light","damage_taken":15,"max_hp_gain":0,"max_hp_loss":0,"event_name":"Shining Light","floor":3,"gold_loss":0,"cards_upgraded":["Strike_B","Defend_B"]},{"damage_healed":25,"gold_gain":0,"player_choice":"Banana","damage_taken":0,"max_hp_gain":0,"max_hp_loss":0,"event_name":"Big Fish","floor":12,"gold_loss":0},{"damage_healed":0,"gold_gain":100,"player_choice":"Pray","damage_taken":0,"max_hp_gain":0,"max_hp_loss":0,"event_name":"Golden Shrine","floor":14,"gold_loss":0},{"cards_removed":["Defend_B"],"damage_healed":0,"gold_gain":0,"player_choice":"Elegance","damage_taken":0,"max_hp_gain":0,"max_hp_loss":0,"event_name":"Back to Basics","floor":19,"gold_loss":0},{"damage_healed":0,"gold_gain":0,"player_choice":"Ignored","damage_taken":0,"max_hp_gain":0,"max_hp_loss":0,"event_name":"Vampires","floor":21,"gold_loss":0},{"damage_healed":0,"gold_gain":0,"player_choice":"Trade","damage_taken":0,"relics_obtained":["CultistMask"],"max_hp_gain":0,"max_hp_loss":0,"event_name":"FaceTrader","floor":29,"gold_loss":0},{"damage_healed":0,"gold_gain":0,"player_choice":"Fight","damage_taken":0,"max_hp_gain":0,"max_hp_loss":0,"event_name":"Colosseum","floor":31,"gold_loss":0},{"damage_healed":0,"gold_gain":0,"player_choice":"Fled From Nobs","damage_taken":0,"max_hp_gain":0,"max_hp_loss":0,"event_name":"Colosseum","floor":31,"gold_loss":0}],"is_beta":false,"boss_relics":[{"not_picked":["Coffee Dripper","Busted Crown"],"picked":"Astrolabe"}],"items_purged_floors":[11],"is_endless":false,"potions_floor_spawned":[10,13,20,24,30],"killed_by":"Collector","ascension_level":12}}