{"host":"in1bhfibxveltz2y","time":1613913317,"event":{"mods":["ATMod(°¢èªMod)","Act Like it!","Arknights","BaseMod","CapriCore","Colored Powertips","Dota2Spire","Downfall","Friendly Minions","Gensokyo","GungeonMod","Hallownest","Lobotomy","LobotomyExtend","Minty Spire (QoL Compilation)","MostiFishMod","Prisma Mod","Quick Restart","Replay The Spire","RumiaBox-Â¶Ã×æ«µÄÉñÃØºÐ×Ó","Shop Mod","StSLib","The Bug Knight","Waifu the Spire","Yakumo Yukari mod","[IsaacMod]ÒÔÈö¼âËþ","noobMod","¡¾¹¦ÄÜMod¡¿»ìãçÖ®»·ÐÞ¸´²¹¶¡","¡¾ÒÅÎï¿¨ÅÆ¡¿REMEMod"],"gold_per_floor":[99,91,91,117,137,165,191,226,226,69,80,80,113,0,8,111,111,11,51,70,81,81,97,97,118,158,158,158,168,168,211,222,335,335,135,148,171,196,9,9,58,8,8,58,58,99,99,121,134,134,134,170,58,58,58,58],"floor_reached":57,"language":"ZHS","playtime":2056,"items_purged":["Injury","hexamod:Strike","hexamod:Defend"],"score":1726,"play_id":"7f22c44d-6349-4a3a-8ada-6388c14d19ed","local_time":"20210221211516","is_ascension_mode":false,"campfire_choices":[{"data":"EpicFetus","floor":1,"key":"SMITH"},{"data":"hexamod:PowerFromBeyond","floor":12,"key":"SMITH"},{"floor":18,"key":"RECALL"},{"data":"hexamod:GhostLash","floor":27,"key":"SMITH"},{"data":"Dazed","floor":35,"key":"PURGE"},{"data":"expansioncontent:QuickStudy","floor":40,"key":"SMITH"},{"data":"MostiFishMod:Mottled+1","floor":45,"key":"SMITH"},{"data":"MostiFishMod:Mottled+2","floor":47,"key":"SMITH"},{"data":"MostiFishMod:Mottled+3","floor":54,"key":"SMITH"}],"circlet_count":0,"master_deck":["hexamod:Strike","hexamod:Strike","hexamod:Strike","hexamod:Defend","hexamod:Defend","hexamod:Defend","hexamod:Sear","hexamod:Float","EpicFetus+1","hexamod:FirstSeal","hexamod:SecondSeal","hexamod:PowerFromBeyond+1","hexamod:FlamesFromBeyond+1","hexamod:FlamesFromBeyond+1","hexamod:SearingWound","hexamod:GhostLash+1","hexamod:Incineration+1","hexamod:Haunt","Hallownest:attackMasterCycloneSlash+1","hexamod:FourthSeal","hexamod:UnleashSpirits+1","hexamod:UnleashSpirits+1","hexamod:UnleashSpirits+1","hexamod:NightmareStrike+1","hexamod:NightmareStrike+1","expansioncontent:QuickStudy+1","MostiFishMod:Mottled+4","REME_TheoryOfElimination","hexamod:Rewind"],"relics":["AT_ATBox","DaveBox","HushsDoor","KeepersGift","ice","REME_ComplimentaryCards","ExusiaiGun","Hallownest:DreamNailRelic","LetterFromLob","DemoMod:WhiteGuonStone","Dota2Spire:Vanguard","MerchantsRug","Hallownest:BankAccountRelic","AT_TrinityForce","downfall:HeartBlessingBlue","MagicBullet_r","Molten Egg 2","Juzu Bracelet","DemoMod:SerJunkan","Dota2Spire:RefresherOrb","GuppysPaw","downfall:HeartBlessingRed","downfall:HeartBlessingGreen","Nunchaku","ReplayTheSpireMod:ShopPack","DemoMod:Junk","Hallownest:HeavyBlowRelic","Dota2Spire:PhaseBoots"],"acts_visited":["Hallownest:Greenpath","Hallownest:CityofTears","Hallownest:KingdomsEdge","TheEnding"],"potions_floor_usage":[8,10,13,21,26],"damage_taken":[{"damage":6,"enemies":"Hallownest:2_Baldur","floor":4,"turns":2},{"damage":8,"enemies":"Hallownest:2_Tiktiks_and_1_Crawlid","floor":5,"turns":3},{"damage":6,"enemies":"Hallownest:eliteVengeflyKing","floor":8,"turns":4},{"damage":4,"enemies":"downfall:FleeingMerchant","floor":10,"turns":4},{"damage":0,"enemies":"Hallownest:monsterHuskGuard","floor":11,"turns":1},{"damage":0,"enemies":"Hallownest:eliteMossKnight","floor":13,"turns":2},{"damage":0,"enemies":"Hallownest:monsterAspidMother","floor":15,"turns":2},{"damage":4,"enemies":"SI_SHIV_ARCHETYPE","floor":16,"turns":4},{"damage":0,"enemies":"Hallownest:Guard_and_Sentry","floor":20,"turns":3},{"damage":0,"enemies":"Hallownest:2_Mistakes","floor":21,"turns":2},{"damage":0,"enemies":"Hallownest:3_Mistakes","floor":23,"turns":1},{"damage":0,"enemies":"Hallownest:monsterMisterMushroom","floor":25,"turns":4},{"damage":100,"enemies":"Hallownest:eliteWatcherKnight","floor":26,"turns":16},{"damage":3,"enemies":"Hallownest:Warrior_and_Youth","floor":29,"turns":2},{"damage":28,"enemies":"Hallownest:eliteSoulWarrior","floor":31,"turns":3},{"damage":12,"enemies":"Hallownest:Master_and_Novice","floor":32,"turns":2},{"damage":0,"enemies":"WA_ARCHETYPE_CALM","floor":33,"turns":2},{"damage":0,"enemies":"Hallownest:Shield_Heavy","floor":36,"turns":2},{"damage":0,"enemies":"Hallownest:3_Siblings","floor":37,"turns":2},{"damage":0,"enemies":"downfall:FleeingMerchant","floor":38,"turns":2},{"damage":0,"enemies":"Hiden Room Battle","floor":44,"turns":2},{"damage":20,"enemies":"Hallownest:eliteCollector","floor":46,"turns":3},{"damage":0,"enemies":"Hallownest:2_Wandering_and_1_Horned","floor":48,"turns":2},{"damage":0,"enemies":"Hallownest:monsterPrimalAspid","floor":49,"turns":1},{"damage":109,"enemies":"IC_BLOCK_ARCHETYPE","floor":50,"turns":3},{"damage":0,"enemies":"downfall:CharBossMerchant","floor":52,"turns":2},{"damage":91,"enemies":"Delirium","floor":55,"turns":13},{"damage":13,"enemies":"downfall:NeowBossFinal","floor":56,"turns":3}],"seed_played":"4559427812174296086","potions_obtained":[{"floor":6,"key":"Swift Potion"},{"floor":6,"key":"Reflective Coating"},{"floor":6,"key":"SmokeBomb"},{"floor":8,"key":"Fire Potion"},{"floor":16,"key":"Fire Potion"},{"floor":20,"key":"REME_GoldPotion"},{"floor":21,"key":"CultistPotion"},{"floor":32,"key":"bronze:BurnAndBuffPotion"},{"floor":46,"key":"REME_GoldPotion"}],"is_trial":false,"path_per_floor":["R","?","?","M","M","?","T","E","T","$","M","R","E","?","M","B",null,"R","$","M","M","?","M","T","M","E","R","?","M","?","E","M","B",null,"R","M","M","$","$","R","T","$","?","?","R","E","R","M","M","B",null,"E","$","R","B","B",null],"character_chosen":"THE_SPIRIT","items_purchased":["MerchantsRug","hexamod:UnleashSpirits+1","GuppysPaw","Nunchaku","hexamod:NightmareStrike+1","expansioncontent:QuickStudy","ReplayTheSpireMod:ShopPack","REME_TheoryOfElimination","Dota2Spire:PhaseBoots"],"campfire_rested":0,"item_purchase_floors":[10,34,34,38,38,38,39,42,53],"current_hp_per_floor":[70,63,63,64,63,46,46,47,47,50,50,50,57,57,57,53,70,80,80,80,80,80,80,80,80,63,63,63,67,67,39,34,34,70,70,71,71,71,71,71,71,71,71,71,71,51,51,51,51,23,91,92,92,92,594,777],"gold":58,"neow_bonus":"BOSS_RELIC","is_daily":false,"chose_seed":false,"campfire_upgraded":7,"win_rate":0.0,"timestamp":1613913316,"path_taken":["R","?","?","M","M","?","T","E","?","$","?","R","E","?","M","BOSS","R","$","M","M","?","M","T","M","E","R","?","M","?","E","M","BOSS","R","M","M","?","$","R","T","?","?","?","R","E","R","M","M","BOSS","E","$","R","BOSS","BOSS"],"items_purchased_type":["Relic","Card","Relic","Relic","Card","Card","Relic","Card","Relic"],"build_version":"2020-12-22","purchased_purges":3,"victory":true,"max_hp_per_floor":[70,70,70,70,70,70,70,70,70,70,70,70,70,70,70,70,70,80,80,80,80,80,80,80,80,83,83,83,85,85,86,89,89,70,70,71,71,71,71,71,71,71,71,71,71,73,73,73,73,91,91,92,92,92,756,782],"card_choices":[{"not_picked":[],"picked":"EpicFetus","floor":0},{"not_picked":["hexamod:SwordOfDarkness","hexamod:BacktrackSmack","hexamod:ShieldOfDarkness"],"picked":"SKIP","floor":4},{"not_picked":["hexamod:SwordOfDarkness","hexamod:SecondSeal","hexamod:ShieldOfDarkness"],"picked":"SKIP","floor":5},{"not_picked":["hexamod:ChargedBarrage","hexamod:ExtraCrispy"],"picked":"hexamod:PowerFromBeyond","floor":6},{"not_picked":["hexamod:GhostLash","hexamod:SwordOfDarkness"],"picked":"hexamod:FlamesFromBeyond","floor":8},{"not_picked":["hexamod:ChargedBarrage","hexamod:Rewind","hexamod:ParanormalForm"],"picked":"SKIP","floor":10},{"not_picked":["hexamod:AdvancingGuard","hexamod:InspiringFlames"],"picked":"hexamod:FlamesFromBeyond","floor":11},{"not_picked":["hexamod:InspiringFlames","hexamod:HeatShield"],"picked":"hexamod:Incineration","floor":13},{"not_picked":["hexamod:NightmareGuise","hexamod:BurningTouch","hexamod:SpectralAdrenaline"],"picked":"SKIP","floor":15},{"not_picked":["hexamod:HexaLevel","hexamod:GhostOfSpirePresent"],"picked":"hexamod:SearingWound","floor":16},{"not_picked":["hexamod:SwordOfDarkness","hexamod:HauntingEcho"],"picked":"hexamod:GhostLash","floor":20},{"not_picked":["hexamod:GhostOfSpirePast","hexamod:SpectralAdrenaline","hexamod:GhostLash"],"picked":"SKIP","floor":21},{"not_picked":["hexamod:GhostOfSpireFuture","hexamod:FastForward+1","hexamod:FlamesFromBeyond"],"picked":"SKIP","floor":23},{"not_picked":["hexamod:AdvancingGuard","hexamod:EmpoweredFlame"],"picked":"hexamod:Incineration+1","floor":25},{"not_picked":["hexamod:SecondSeal","hexamod:ShieldOfDarkness","hexamod:GhostflameInferno"],"picked":"SKIP","floor":26},{"not_picked":["hexamod:EmpoweredFlame","hexamod:FastForward"],"picked":"hexamod:Haunt","floor":29},{"not_picked":["hexamod:NecessarySacrifice","hexamod:DynamicBlow+1"],"picked":"hexamod:FourthSeal","floor":31},{"not_picked":["hexamod:FastForward","hexamod:GhostLash+1"],"picked":"hexamod:UnleashSpirits+1","floor":32},{"not_picked":["hexamod:UnlimitedPower","hexamod:ParanormalForm"],"picked":"hexamod:UnleashSpirits+1","floor":33},{"not_picked":["hexamod:Incineration+1","hexamod:DynamicBlow+1"],"picked":"hexamod:NightmareStrike+1","floor":36},{"not_picked":["hexamod:StepThrough+1","hexamod:BacktrackSmack+1","hexamod:HeatMetal+1"],"picked":"SKIP","floor":37},{"not_picked":["hexamod:NecessarySacrifice+1","hexamod:Hexaguard+1","hexamod:FastForward"],"picked":"SKIP","floor":38},{"not_picked":["AT_FalsePromise","Battery"],"picked":"MostiFishMod:Mottled","floor":39},{"not_picked":["hexamod:DynamicBlow+1","hexamod:Haunt"],"picked":"hexamod:Rewind","floor":44},{"not_picked":["hexamod:ExtraCrispy+1","hexamod:HeatShield+1","hexamod:HexaLevel"],"picked":"SKIP","floor":46},{"not_picked":["hexamod:GhostShield","hexamod:BacktrackSmack+1","hexamod:ShieldOfDarkness"],"picked":"SKIP","floor":48},{"not_picked":["hexamod:FirstSeal","hexamod:GhostflameBarrier+1","hexamod:RainOfEmbers+1"],"picked":"SKIP","floor":49},{"not_picked":["hexamod:GhostOfSpirePast","hexamod:InspiringFlames","hexamod:UnlimitedPower"],"picked":"SKIP","floor":52}],"player_experience":33254,"relics_obtained":[{"floor":4,"key":"LetterFromLob"},{"floor":7,"key":"DemoMod:WhiteGuonStone"},{"floor":8,"key":"Dota2Spire:Vanguard"},{"floor":13,"key":"Replay:Bottled Flurry"},{"floor":24,"key":"Molten Egg 2"},{"floor":26,"key":"Juzu Bracelet"},{"floor":31,"key":"DemoMod:SerJunkan"},{"floor":41,"key":"DemoMod:Junk"},{"floor":44,"key":"DemoMod:Junk"},{"floor":44,"key":"DemoMod:Junk"},{"floor":46,"key":"DemoMod:Junk"},{"floor":52,"key":"DemoMod:Junk"}],"event_choices":[{"damage_healed":0,"gold_gain":0,"player_choice":"Fight","damage_taken":0,"max_hp_gain":0,"max_hp_loss":0,"event_name":"HidenRoomEvent","floor":44,"gold_loss":0}],"is_beta":false,"boss_relics":[{"not_picked":["EE1DDrone","Sozu"],"picked":"AT_TrinityForce"},{"not_picked":[]},{"not_picked":["Cursed Key","hexamod:IceCube"],"picked":"Dota2Spire:RefresherOrb"},{"not_picked":[]}],"items_purged_floors":[34,38,39],"is_endless":false,"potions_floor_spawned":[8,16,20,21,25,32,33,44,46,48],"ascension_level":0}}