{"host":"l8n56n8abrvcftzc","time":1613893360,"event":{"mods":["Act Like it!","Arknights","BaseMod","Better Note","Better Third Choice","Colored Map","DeckTracker","Googly Eyes","Highlight Path","Minty Spire (QoL Compilation)","Permanent Neow","Relic Stats","StSLib","SuperFastMode","Uncapped"],"gold_per_floor":[113,0,15,15,34,69,85,85,85,99,99,125,75,126,126,226,226,238,255,255,279,297,307,307,307,307],"floor_reached":25,"language":"ENG","playtime":2011,"items_purged":[],"score":213,"play_id":"01c8bbfa-c8b4-430f-93a2-d43f8ebbc2a4","local_time":"20210220234240","is_ascension_mode":false,"campfire_choices":[{"data":"Enlightenment","floor":8.0,"key":"SMITH"},{"floor":11.0,"key":"REST"},{"data":"ats:Sword Rain","floor":15.0,"key":"SMITH"},{"floor":24.0,"key":"REST"}],"circlet_count":0,"master_deck":["ats:Strike C","ats:Strike V","ats:Armor Crushing Shot","ats:Defend","ats:Defend","ats:Defend","ats:Defend","ats:Emotion Absorption","ats:Magnetic Hammer","Enlightenment+1","ats:Closed Bolt Burst Fire","ats:Hook Shot","ats:Sword Rain+1","ats:Shadow Assault","ats:Literary Storm","ats:Calcification","ats:Guard Mode"],"relics":["ats:Sanity Plus","Blue Candle","ats:Originium","Gremlin Horn","InkBottle","ats:Rhine Circuitry","Anchor"],"acts_visited":["Exordium","TheCity"],"potions_floor_usage":[],"damage_taken":[{"damage":0.0,"enemies":"2 Louse","floor":1.0,"turns":3.0},{"damage":2.0,"enemies":"Jaw Worm","floor":3.0,"turns":4.0},{"damage":0.0,"enemies":"Cultist","floor":5.0,"turns":4.0},{"damage":52.0,"enemies":"3 Sentries","floor":6.0,"turns":17.0},{"damage":2.0,"enemies":"Blue Slaver","floor":7.0,"turns":5.0},{"damage":2.0,"enemies":"Looter","floor":10.0,"turns":4.0},{"damage":5.0,"enemies":"Lagavulin","floor":12.0,"turns":5.0},{"damage":14.0,"enemies":"Slime Boss","floor":16.0,"turns":10.0},{"damage":28.0,"enemies":"2 Thieves","floor":18.0,"turns":5.0},{"damage":0.0,"enemies":"3 Byrds","floor":19.0,"turns":4.0},{"damage":34.0,"enemies":"Snake Plant","floor":22.0,"turns":8.0},{"damage":3.0,"enemies":"3 Cultists","floor":23.0,"turns":3.0},{"damage":66,"enemies":"Book of Stabbing","floor":25,"turns":8}],"seed_played":"-2301540930926543119","potions_obtained":[{"floor":1.0,"key":"ats:Burn Big Potion"},{"floor":6.0,"key":"PowerPotion"},{"floor":7.0,"key":"BlessingOfTheForge"},{"floor":10.0,"key":"Strength Potion"},{"floor":18.0,"key":"PowerPotion"},{"floor":23.0,"key":"FairyPotion"}],"is_trial":false,"path_per_floor":["M","?","M","?","M","E","M","R","T","M","R","E","?","T","R","B",null,"M","M","?","T","M","M","R","E"],"character_chosen":"DOCTOR_CLASS","items_purchased":[],"campfire_rested":2,"item_purchase_floors":[],"current_hp_per_floor":[72,78,76,76,76,24,22,22,22,20,43,38,38,38,38,24,78,50,50,50,50,16,13,36,0,0],"gold":307,"neow_bonus":"REMOVE_CARD","is_daily":false,"chose_seed":false,"campfire_upgraded":2,"win_rate":0.0,"timestamp":1613893360,"path_taken":["M","?","M","?","M","E","M","R","T","?","R","E","?","?","R","BOSS","M","M","?","?","M","M","R","E"],"items_purchased_type":[],"build_version":"2020-12-22","purchased_purges":0,"victory":false,"max_hp_per_floor":[72,78,78,78,78,78,78,78,78,78,78,78,78,78,78,78,78,78,78,78,78,78,78,78,78,78],"relic_stats":{"Gremlin Horn":[8,8],"counters":[13,80],"Blue Candle":[0],"obtain_stats":[{"Anchor":14,"ats:Sanity Plus":17,"ats:Originium":6,"Gremlin Horn":6,"Blue Candle":4,"ats:Sanity":0,"InkBottle":9,"ats:Rhine Circuitry":12},{"Anchor":7,"ats:Sanity Plus":8,"ats:Originium":4,"Gremlin Horn":4,"Blue Candle":2,"ats:Sanity":0,"InkBottle":5,"ats:Rhine Circuitry":7},{"Anchor":42,"ats:Sanity Plus":52,"ats:Originium":28,"Gremlin Horn":28,"Blue Candle":7,"ats:Sanity":0,"InkBottle":33,"ats:Rhine Circuitry":42}],"InkBottle":[16]},"card_choices":[{"not_picked":["ats:Collapsing Strike","ats:Leaping Hammer"],"picked":"ats:Magnetic Hammer","floor":1.0},{"not_picked":["ats:Explosion Area Strengthen","ats:Beaten Up","ats:Powerful Strike"],"picked":"SKIP","floor":3.0},{"not_picked":["ats:Powerful Strike","ats:Guardian Obelisk","ats:Leaping Hammer"],"picked":"SKIP","floor":5.0},{"not_picked":["ats:Explosion Area Strengthen","ats:Collapsing Strike"],"picked":"ats:Closed Bolt Burst Fire","floor":6.0},{"not_picked":["ats:Hammer On","ats:Directed Diagnosis","ats:Charging Defense"],"picked":"SKIP","floor":7.0},{"not_picked":["ats:Apocalypse","ats:Support Order"],"picked":"ats:Hook Shot","floor":10.0},{"not_picked":["ats:Closed Bolt Burst Fire","ats:Hammer On"],"picked":"ats:Sword Rain","floor":12.0},{"not_picked":["ats:Nebulous Foxfire","ats:Rat Pack"],"picked":"ats:Shadow Assault","floor":16.0},{"not_picked":["ats:Composite Medical Shells+1","ats:Consecutive Shot Auto","ats:Explosion Area Strengthen"],"picked":"SKIP","floor":18.0},{"not_picked":["ats:Directed Diagnosis","ats:Very Hot Blade"],"picked":"ats:Literary Storm","floor":19.0},{"not_picked":["ats:Consecutive Shot Auto+1","ats:Guard Mode"],"picked":"ats:Calcification","floor":22.0},{"not_picked":["ats:Counter Healing Mode","ats:Poison Spread"],"picked":"ats:Guard Mode","floor":23.0}],"player_experience":792782,"relics_obtained":[{"floor":6.0,"key":"ats:Originium"},{"floor":6.0,"key":"Gremlin Horn"},{"floor":9.0,"key":"InkBottle"},{"floor":12.0,"key":"ats:Originium"},{"floor":12.0,"key":"ats:Rhine Circuitry"},{"floor":14.0,"key":"Anchor"}],"event_choices":[{"damage_healed":0.0,"max_hp_gain":0.0,"max_hp_loss":0.0,"gold_gain":0.0,"event_name":"betterThird:BetterSerpent","player_choice":"RENOUNCE","floor":2.0,"gold_loss":113.0,"damage_taken":113.0,"cards_obtained":["Enlightenment"]},{"damage_healed":0.0,"max_hp_gain":0.0,"max_hp_loss":0.0,"gold_gain":0.0,"event_name":"WeMeetAgain","player_choice":"Gave Potion","floor":4.0,"gold_loss":0.0,"damage_taken":0.0,"relics_obtained":["Blue Candle"]},{"cards_removed":["ats:Strike S"],"damage_healed":0.0,"max_hp_gain":0.0,"max_hp_loss":0.0,"gold_gain":0.0,"event_name":"The Cleric","player_choice":"Card Removal","floor":13.0,"gold_loss":50.0,"damage_taken":0.0},{"damage_healed":0.0,"max_hp_gain":0.0,"max_hp_loss":0.0,"gold_gain":0.0,"event_name":"Match and Keep!","player_choice":"0 cards matched","floor":20.0,"gold_loss":0.0,"damage_taken":0.0,"cards_obtained":[]}],"is_beta":false,"boss_relics":[{"not_picked":["Runic Dome","Velvet Choker"],"picked":"ats:Sanity Plus"}],"items_purged_floors":[],"is_endless":false,"potions_floor_spawned":[1,6,7,10,18,23],"killed_by":"Book of Stabbing","ascension_level":0}}