{"host":"edm4685et2490z3f","time":1613892854,"event":{"mods":["BaseMod","Colored Map","Colored Powertips","Downfall","Lobotomy","LobotomyExtend","Marisa£®ÏF”Í°°ƒß¿Ì…≥£©","Minty Spire (QoL Compilation)","Replay The Spire","Shop Mod","StSLib","The Administrix","The Servant 0.9.4","UnlockEverythingMod","[IsaacMod]“‘»ˆº‚À˛"],"gold_per_floor":[117,136,136,153,44,44,56,56,132,307,320,337,354,387,387,490,490,504,6,60,74,74,74],"floor_reached":22,"language":"ZHS","playtime":1477,"items_purged":["Strike_MRS","Strike_MRS"],"score":188,"play_id":"5a2fb333-1556-40d6-aecf-aee2fdd88a36","local_time":"20210221153414","is_ascension_mode":false,"campfire_choices":[{"data":"UpSweep","floor":6,"key":"SMITH"},{"data":"MasterSpark","floor":8,"key":"SMITH"},{"data":"StarlightTyphoon","floor":15,"key":"SMITH"}],"circlet_count":0,"master_deck":["Strike_MRS","Strike_MRS","Defend_MRS","Defend_MRS","Defend_MRS","Defend_MRS","MasterSpark+1","UpSweep+1","BettingIsNotGood","SporeBomb","DeepEcoloBomb","Acceleration","PowerUp+1","AbsoluteMagnitude","Doubt","AsteroidBelt","StarlightTyphoon+1","ManaConvection","DragonMeteor","SatelliteIllusion","CollectingQuirk","MilkyWay+1","PropBag","ManaRampage","EnergyRecoil","GrandCross"],"relics":["MiniHakkero","HushsDoor","AmplifyWand","LetterFromLob","Question Card","Gremlin Food","Mummified Hand","BelialBook","MerchantsRug","Anchor","TheBattery","GuppysHead"],"acts_visited":["Exordium","TheCity"],"potions_floor_usage":[7,12,16,21,21,22],"damage_taken":[{"damage":1,"enemies":"2 Louse","floor":1,"turns":2},{"damage":2,"enemies":"Cultist","floor":2,"turns":4},{"damage":11,"enemies":"Jaw Worm","floor":4,"turns":2},{"damage":0,"enemies":"Looter","floor":7,"turns":2},{"damage":0,"enemies":"Large Slime","floor":11,"turns":2},{"damage":0,"enemies":"3 Louse","floor":12,"turns":3},{"damage":0,"enemies":"Gremlin Gang","floor":13,"turns":5},{"damage":10,"enemies":"3 Sentries","floor":14,"turns":9},{"damage":15,"enemies":"The Guardian","floor":16,"turns":8},{"damage":16,"enemies":"2 Thieves","floor":18,"turns":4},{"damage":6,"enemies":"3 Byrds","floor":21,"turns":4},{"damage":25,"enemies":"Snake Plant","floor":22,"turns":2}],"seed_played":"-4125223211690598458","potions_obtained":[{"floor":4,"key":"Explosive Potion"},{"floor":7,"key":"AttackPotion"},{"floor":12,"key":"Reflective Coating"},{"floor":13,"key":"Elixir"},{"floor":18,"key":"Weak Potion"},{"floor":20,"key":"EntropicBrew"},{"floor":21,"key":"Toxic Potion"}],"is_trial":false,"path_per_floor":["M","M","?","M","$","R","M","R","T","?","M","M","M","E","R","B",null,"M","$","?","M","M"],"character_chosen":"MARISA","items_purchased":["PowerUp+1","BelialBook","CollectingQuirk","MerchantsRug","Anchor","TheBattery","PropBag","ManaRampage"],"campfire_rested":0,"item_purchase_floors":[5,17,17,19,19,19,19,19],"current_hp_per_floor":[74,72,72,61,61,61,61,61,61,61,61,61,61,51,51,36,61,45,45,30,24,0,0],"gold":74,"neow_bonus":"RANDOM_EVENT","is_daily":false,"chose_seed":false,"campfire_upgraded":3,"win_rate":0.0,"timestamp":1613892854,"path_taken":["M","?","?","?","?","R","M","R","T","?","M","M","M","E","R","BOSS","M","$","?","M","M"],"items_purchased_type":["Card","Relic","Card","Relic","Relic","Relic","Card","Card"],"build_version":"2020-12-22","purchased_purges":2,"victory":false,"max_hp_per_floor":[75,75,75,75,75,75,75,75,75,75,75,75,75,75,75,75,61,61,61,61,61,61,61],"card_choices":[{"not_picked":[],"picked":"BettingIsNotGood","floor":0},{"not_picked":["Bomb","ShootingEcho"],"picked":"SporeBomb","floor":1},{"not_picked":["IllusionStar","MeteoricShower"],"picked":"DeepEcoloBomb","floor":2},{"not_picked":["IllusionStar","WitchOfGreed"],"picked":"Acceleration","floor":4},{"not_picked":["6A","RefractionSpark"],"picked":"AbsoluteMagnitude","floor":7},{"not_picked":["BlazeAway","UnstableBomb"],"picked":"AsteroidBelt","floor":11},{"not_picked":["MachineGunSpark","Bomb"],"picked":"StarlightTyphoon","floor":12},{"not_picked":["MagicAbsorber","EventHorizon"],"picked":"ManaConvection","floor":13},{"not_picked":["EventHorizon","Singularity"],"picked":"DragonMeteor","floor":14},{"not_picked":["BlazingStar","EscapeVelocity","StarDustReverie"],"picked":"SatelliteIllusion","floor":16},{"not_picked":["UnstableBomb","NonDirectionalLaser","6A"],"picked":"MilkyWay+1","floor":18},{"not_picked":["SporeBomb+1","FairyDestructionRay","WitchOfGreed"],"picked":"EnergyRecoil","floor":20},{"not_picked":["MilkyWay+1","DoubleSpark","NonDirectionalLaser"],"picked":"GrandCross","floor":21}],"player_experience":47383,"relics_obtained":[{"floor":1,"key":"LetterFromLob"},{"floor":9,"key":"AmplifyWand"},{"floor":13,"key":"LetterFromLob"},{"floor":14,"key":"Question Card"},{"floor":20,"key":"GuppysHead"}],"event_choices":[{"damage_healed":0,"gold_gain":0,"player_choice":"Box","damage_taken":0,"relics_obtained":["PreservedInsect"],"max_hp_gain":0,"max_hp_loss":0,"event_name":"Big Fish","floor":0,"gold_loss":0,"cards_obtained":["Regret"]},{"cards_removed":["Regret"],"damage_healed":0,"gold_gain":0,"player_choice":"Removed Curses","damage_taken":0,"max_hp_gain":0,"max_hp_loss":0,"event_name":"Fountain of Cleansing","floor":3,"gold_loss":0},{"damage_healed":0,"gold_gain":175,"player_choice":"AGREE","damage_taken":0,"max_hp_gain":0,"max_hp_loss":0,"event_name":"Liars Game","floor":10,"gold_loss":0,"cards_obtained":["Doubt"]}],"is_beta":false,"boss_relics":[{"not_picked":["Ectoplasm","Velvet Choker"],"picked":"Replay:Ancient Bell"},{"not_picked":["Replay:Baseball","Bronze Scales"],"picked":"Gremlin Food"},{"not_picked":["StrikeDummy","TheBible"],"picked":"Mummified Hand"},{"not_picked":[]}],"items_purged_floors":[5,19],"is_endless":false,"potions_floor_spawned":[4,7,12,13,18,21],"killed_by":"Snake Plant","ascension_level":0}}