{"host":"hbrjinenk1akq1dy","time":1613930229,"event":{"mods":["AchievementEnabler","BaseMod","Bestiary","Colored Map","Colored Powertips","Curses Come First","Highlight Path","Minty Spire (QoL Compilation)","Permanent Neow","Quick Restart","StSLib","SuperFastMode"],"gold_per_floor":[113,126,201,201,219,219,244,255,300,328,328,328,44,70,70,165,165,165,198,198,46,46,46,75,75,101,135,60,89,100,100,100,204,204,220,231,231,80,91,126,126,158,239,7,7,7,36,49,49,49],"floor_reached":51,"language":"ENG","playtime":2354,"items_purged":["Bloodletting"],"score":1177,"play_id":"e8a8b802-cb37-4a4d-8de9-9a8e456afea3","local_time":"20210222015709","is_ascension_mode":true,"campfire_choices":[{"data":"Fiend Fire","floor":6.0,"key":"SMITH"},{"floor":11.0,"key":"REST"},{"data":"Uppercut","floor":15.0,"key":"SMITH"},{"data":"True Grit","floor":23.0,"key":"SMITH"},{"data":"Power Through","floor":25.0,"key":"SMITH"},{"data":"Pummel","floor":32.0,"key":"SMITH"},{"data":"Limit Break","floor":41.0,"key":"SMITH"},{"data":"Brutality","floor":46.0,"key":"SMITH"},{"data":"Power Through","floor":49.0,"key":"SMITH"}],"circlet_count":0,"master_deck":["Bash","Inflame","Anger+1","Fiend Fire+1","Pummel+1","Brutality+1","Spot Weakness","Dropkick","Power Through+1","Sentinel","Uppercut+1","True Grit+1","Shrug It Off","Reaper+1","Bloodletting+1","Armaments+1","Limit Break+1","Spot Weakness","Blood for Blood+1","Warcry+1","Rupture+1","Reaper+1","Power Through+1"],"relics":["Pandora\u0027s Box","Darkstone Periapt","Juzu Bracelet","Nunchaku","Question Card","Orichalcum","Busted Crown","Red Mask","Whetstone","Omamori","Bag of Marbles","Vajra","Frozen Egg 2","Sozu","PreservedInsect","Pantograph","Boot","HornCleat","ClockworkSouvenir","Centennial Puzzle"],"acts_visited":["Exordium","TheCity","TheBeyond"],"potions_floor_usage":[50,50],"damage_taken":[{"damage":8.0,"enemies":"2 Louse","floor":1.0,"turns":2.0},{"damage":12.0,"enemies":"Small Slimes","floor":2.0,"turns":2.0},{"damage":7.0,"enemies":"Cultist","floor":5.0,"turns":3.0},{"damage":1.0,"enemies":"Gremlin Nob","floor":7.0,"turns":2.0},{"damage":9.0,"enemies":"Gremlin Gang","floor":8.0,"turns":3.0},{"damage":14.0,"enemies":"3 Sentries","floor":10.0,"turns":3.0},{"damage":12.0,"enemies":"Gremlin Nob","floor":14.0,"turns":3.0},{"damage":12.0,"enemies":"Hexaghost","floor":16.0,"turns":4.0},{"damage":3.0,"enemies":"Spheric Guardian","floor":18.0,"turns":3.0},{"damage":24.0,"enemies":"Masked Bandits","floor":19.0,"turns":4.0},{"damage":37.0,"enemies":"Gremlin Leader","floor":24.0,"turns":5.0},{"damage":16.0,"enemies":"Book of Stabbing","floor":27.0,"turns":4.0},{"damage":13.0,"enemies":"Slavers","floor":29.0,"turns":5.0},{"damage":7.0,"enemies":"3 Byrds","floor":30.0,"turns":4.0},{"damage":8.0,"enemies":"Champ","floor":33.0,"turns":7.0},{"damage":1.0,"enemies":"3 Darklings","floor":35.0,"turns":3.0},{"damage":5.0,"enemies":"Orb Walker","floor":36.0,"turns":2.0},{"damage":10.0,"enemies":"Jaw Worm Horde","floor":39.0,"turns":5.0},{"damage":6.0,"enemies":"Reptomancer","floor":40.0,"turns":2.0},{"damage":25.0,"enemies":"Giant Head","floor":42.0,"turns":6.0},{"damage":14.0,"enemies":"Nemesis","floor":47.0,"turns":3.0},{"damage":4.0,"enemies":"Sphere and 2 Shapes","floor":48.0,"turns":3.0},{"damage":112,"enemies":"Awakened One","floor":50,"turns":9}],"seed_played":"-2172686677744089153","potions_obtained":[{"floor":1.0,"key":"BloodPotion"},{"floor":2.0,"key":"Block Potion"},{"floor":4.0,"key":"AttackPotion"},{"floor":4.0,"key":"ColorlessPotion"},{"floor":14.0,"key":"SmokeBomb"},{"floor":19.0,"key":"Dexterity Potion"},{"floor":24.0,"key":"ColorlessPotion"},{"floor":30.0,"key":"Swift Potion"},{"floor":33.0,"key":"Fire Potion"}],"is_trial":false,"path_per_floor":["M","M","?","?","M","R","E","M","T","E","R","?","$","E","R","B",null,"M","?","?","$","?","R","E","R","T","E","?","E","M","?","R","B",null,"M","M","?","$","M","E","R","E","T","$","?","R","E","M","R","B",null],"character_chosen":"IRONCLAD","items_purchased":["Question Card","True Grit","Whetstone","PreservedInsect","ClockworkSouvenir"],"campfire_rested":1,"item_purchase_floors":[13,13,21,38,44],"current_hp_per_floor":[64,52,41,57,50,50,49,40,40,26,50,43,43,31,31,19,65,62,49,49,49,80,80,43,43,43,42,42,38,43,43,43,53,73,80,75,75,75,76,80,80,55,55,55,55,55,77,80,80,32],"gold":49,"neow_bonus":"BOSS_RELIC","is_daily":false,"chose_seed":false,"campfire_upgraded":8,"win_rate":0.0,"timestamp":1613930229,"path_taken":["M","M","?","?","M","R","E","?","T","E","R","?","$","E","R","BOSS","M","?","?","$","?","R","E","R","T","E","?","E","M","?","R","BOSS","M","M","?","?","M","E","R","E","T","$","?","R","E","M","R","BOSS"],"items_purchased_type":["Relic","Card","Relic","Relic","Relic"],"build_version":"2020-12-22","purchased_purges":1,"victory":true,"max_hp_per_floor":[80,80,80,80,80,80,80,80,80,80,80,80,80,80,80,80,80,80,80,80,80,80,80,80,80,80,80,80,80,80,80,80,80,80,80,80,80,80,80,80,80,80,80,80,80,80,80,80,80,80],"card_choices":[{"not_picked":["Reckless Charge","Body Slam"],"picked":"Spot Weakness","floor":1.0},{"not_picked":["Sever Soul","Anger"],"picked":"Dropkick","floor":2.0},{"not_picked":["Spot Weakness","Iron Wave"],"picked":"Wild Strike","floor":5.0},{"not_picked":["Pommel Strike","Cleave"],"picked":"Power Through","floor":7.0},{"not_picked":["Wild Strike","Twin Strike"],"picked":"Sentinel","floor":8.0},{"not_picked":["Clash","Body Slam"],"picked":"Uppercut","floor":10.0},{"not_picked":["Whirlwind","Limit Break","Warcry"],"picked":"Shrug It Off","floor":14.0},{"not_picked":["Barricade","Juggernaut","Offering"],"picked":"Reaper","floor":16.0},{"not_picked":["Cleave"],"picked":"Bloodletting+1","floor":19.0},{"not_picked":["Perfected Strike","Anger"],"picked":"SKIP","floor":24.0},{"not_picked":["Rampage","Metallicize"],"picked":"SKIP","floor":27.0},{"not_picked":["Anger"],"picked":"Armaments+1","floor":29.0},{"not_picked":["Havoc+1","Perfected Strike"],"picked":"SKIP","floor":30.0},{"not_picked":["Corruption+1"],"picked":"Limit Break","floor":33.0},{"not_picked":["Headbutt+1"],"picked":"Spot Weakness","floor":35.0},{"not_picked":["Metallicize+1"],"picked":"Blood for Blood+1","floor":36.0},{"not_picked":["True Grit"],"picked":"Warcry+1","floor":39.0},{"not_picked":["Berserk+1"],"picked":"Rupture+1","floor":40.0},{"not_picked":["Perfected Strike","Havoc+1"],"picked":"SKIP","floor":42.0},{"not_picked":["Entrench"],"picked":"Power Through","floor":47.0},{"not_picked":["Infernal Blade","Feel No Pain+1"],"picked":"SKIP","floor":48.0}],"player_experience":233908,"relics_obtained":[{"floor":7.0,"key":"Darkstone Periapt"},{"floor":9.0,"key":"Juzu Bracelet"},{"floor":10.0,"key":"Nunchaku"},{"floor":14.0,"key":"Orichalcum"},{"floor":19.0,"key":"Red Mask"},{"floor":24.0,"key":"Omamori"},{"floor":26.0,"key":"Bag of Marbles"},{"floor":27.0,"key":"Vajra"},{"floor":29.0,"key":"Frozen Egg 2"},{"floor":40.0,"key":"Pantograph"},{"floor":42.0,"key":"Boot"},{"floor":43.0,"key":"HornCleat"},{"floor":47.0,"key":"Centennial Puzzle"}],"event_choices":[{"damage_healed":0.0,"max_hp_gain":0.0,"max_hp_loss":0.0,"gold_gain":75.0,"event_name":"World of Goop","player_choice":"Gather Gold","floor":3.0,"gold_loss":0.0,"damage_taken":11.0},{"damage_healed":0.0,"max_hp_gain":0.0,"max_hp_loss":0.0,"gold_gain":0.0,"event_name":"Lab","player_choice":"Got Potions","floor":4.0,"gold_loss":0.0,"damage_taken":0.0},{"cards_removed":["Flex"],"damage_healed":0.0,"max_hp_gain":0.0,"max_hp_loss":0.0,"gold_gain":0.0,"event_name":"Golden Wing","player_choice":"Card Removal","floor":12.0,"gold_loss":0.0,"damage_taken":7.0},{"damage_healed":0.0,"max_hp_gain":0.0,"max_hp_loss":0.0,"gold_gain":0.0,"event_name":"Masked Bandits","player_choice":"Fought Bandits","floor":19.0,"gold_loss":0.0,"damage_taken":0.0},{"damage_healed":0.0,"max_hp_gain":0.0,"max_hp_loss":0.0,"gold_gain":0.0,"event_name":"Match and Keep!","player_choice":"0 cards matched","floor":20.0,"gold_loss":0.0,"damage_taken":0.0,"cards_obtained":[]},{"cards_removed":["Rampage"],"damage_healed":31.0,"max_hp_gain":0.0,"max_hp_loss":0.0,"gold_gain":0.0,"event_name":"Bonfire Elementals","player_choice":"Offered Uncommon","floor":22.0,"gold_loss":0.0,"damage_taken":0.0},{"cards_removed":["Seeing Red"],"damage_healed":0.0,"max_hp_gain":0.0,"max_hp_loss":0.0,"gold_gain":0.0,"event_name":"Beggar","player_choice":"Gave Gold","floor":28.0,"gold_loss":75.0,"damage_taken":0.0},{"cards_removed":["Combust"],"damage_healed":0.0,"max_hp_gain":0.0,"max_hp_loss":0.0,"gold_gain":0.0,"event_name":"Back to Basics","player_choice":"Elegance","floor":31.0,"gold_loss":0.0,"damage_taken":0.0},{"damage_healed":0.0,"max_hp_gain":0.0,"max_hp_loss":0.0,"gold_gain":0.0,"cards_transformed":["Wild Strike"],"event_name":"Transmorgrifier","player_choice":"Transformed","floor":37.0,"gold_loss":0.0,"damage_taken":0.0,"cards_obtained":["Bloodletting"]},{"damage_healed":0.0,"max_hp_gain":0.0,"max_hp_loss":0.0,"gold_gain":0.0,"event_name":"Duplicator","player_choice":"Copied","floor":45.0,"gold_loss":0.0,"damage_taken":0.0,"cards_obtained":["Reaper"]}],"is_beta":false,"boss_relics":[{"not_picked":["Tiny House","Black Star"],"picked":"Busted Crown"},{"not_picked":["Mark of Pain","Astrolabe"],"picked":"Sozu"}],"items_purged_floors":[44],"is_endless":false,"potions_floor_spawned":[1,2,5,14,19,24,30,33,35,47],"ascension_level":8}}