{"host":"o3b7ow6d1xe49css","time":1613902154,"event":{"mods":["Act Like it!","Aspiration","BaseMod","Bestiary","Better Altar","Better Match","Better Note","Better Sensory Stone","Better Skull","Better Third Choice","Colored Powertips","Conspire","Energized Spire","Force Act Four","GifTheSpireLib","Halation","Hermit","Hubris","Infinite Spire","Lobotomy","Minty Spire (QoL Compilation)","Quick Restart","Rare Cards Sparkle","Relic Filter Mod","Reliquary","Replay The Spire","Spicy Shops","Spikes Relics","StSLib","Stuff the Spire","The Blue Laboratory","The Hierophant","The Jungle","Wandering Minibosses"],"gold_per_floor":[119,119,11,28,46,71,71,98,98,130,156,156,182,216,301,400,400,416,427,427,441,441,441,470,470,524,259,13,45,117,152,152,256,256,272,272,272,11,22,49,49,75,75,104,151,151,151,51,51,149,149,149,11,46,149],"floor_reached":56,"language":"ENG","playtime":1758,"items_purged":["Flex","Shame","Defend_R","Defend_R","ReplayTheSpireMod:Muscle Training+1","Scorched","Limit Break","Bash","Flame Barrier+1"],"score":1889,"play_id":"ec197100-bdb6-48c4-be5c-99e57b83924e","local_time":"20210221010914","daily_mods":["Heirloom","Flight"],"is_ascension_mode":true,"campfire_choices":[{"data":"Double Tap","floor":7,"key":"SMITH"},{"floor":12,"key":"REST"},{"data":"Spot Weakness","floor":23,"key":"SMITH"},{"floor":41,"key":"RECALL"},{"floor":46,"key":"REST"},{"data":"Offering","floor":49,"key":"SMITH"},{"data":"Pommel Strike","floor":52,"key":"SMITH"}],"circlet_count":0,"master_deck":["Strike_R","Strike_R","Strike_R+1","Strike_R","Strike_R+1","Double Tap+1","UniverseFragment","Spot Weakness+1","Replay:Undeath\u0027s Touch","Thunderclap","Inflame","Pommel Strike+1","Headbutt","Limit Break+1","Offering+1","Cleave+1","Perfected Strike+1"],"relics":["Burning Blood","Ring of Chaos","CaptainsWheel","CogitoBucket","reliquary:TatteredRug","Membership Card","StuffTheSpire:Tea","aspiration:AnachronicSnailShell","reliquary:TuningFork","hubris:Reverence","hubris:CrystalStatue","Bottled Lightning","aspiration:PoetsPen_weak","hubris:64BitClover","infinitespire:PuzzleCube","halation:MonkeysPaw","Red Skull","conspire:GlowingRock","Omamori","aspiration:ChemicalBlood","Ornamental Fan","BrokenLever","conspire:SpecialSausage","Lizard Tail","Anchor","Blood Vial","CrustySpines","Champion Belt","SpikesRelics:ToyHorsey","Simple Rune","Runic Cube","Ring of Chaos","StuffTheSpire:OldFever"],"acts_visited":["Exordium","TheCity","TheBeyond","Exordium","TheEnding"],"potions_floor_usage":[5,14,18,31,33,33,50,50,55,55],"damage_taken":[{"damage":6,"enemies":"Cultist","floor":1,"turns":4},{"damage":1,"enemies":"2 Louse","floor":4,"turns":3},{"damage":3,"enemies":"Small Slimes","floor":5,"turns":4},{"damage":15,"enemies":"Gremlin Nob","floor":6,"turns":4},{"damage":36,"enemies":"Lagavulin","floor":8,"turns":8},{"damage":8,"enemies":"3 Sentries","floor":10,"turns":4},{"damage":15,"enemies":"Gremlin Nob","floor":11,"turns":4},{"damage":9,"enemies":"3 Sentries","floor":13,"turns":4},{"damage":1,"enemies":"Lagavulin","floor":14,"turns":5},{"damage":19,"enemies":"Hexaghost","floor":16,"turns":5},{"damage":7,"enemies":"Shell Parasite","floor":18,"turns":3},{"damage":6,"enemies":"3 Byrds","floor":19,"turns":2},{"damage":8,"enemies":"Centurion and Healer","floor":21,"turns":3},{"damage":60,"enemies":"Nightmare","floor":24,"turns":6},{"damage":9,"enemies":"Replay:Snechameleon","floor":29,"turns":2},{"damage":7,"enemies":"Gremlin Leader","floor":31,"turns":3},{"damage":1,"enemies":"Collector","floor":33,"turns":3},{"damage":0,"enemies":"3 Shapes","floor":35,"turns":2},{"damage":0,"enemies":"Orb Walker","floor":39,"turns":2},{"damage":6,"enemies":"R_Hoarder","floor":40,"turns":3},{"damage":0,"enemies":"Nemesis","floor":42,"turns":1},{"damage":6,"enemies":"Reptomancer","floor":44,"turns":1},{"damage":25,"enemies":"Time Eater","floor":50,"turns":5},{"damage":0,"enemies":"Shield and Spear","floor":54,"turns":2},{"damage":22,"enemies":"The Heart","floor":55,"turns":3}],"seed_played":"3448035536709216120","potions_obtained":[{"floor":1,"key":"Strength Potion"},{"floor":4,"key":"blueLaboratory:FruitPunch"},{"floor":11,"key":"Flashbang"},{"floor":14,"key":"blueLaboratory:EmptyBottle"},{"floor":21,"key":"Cursed Concoction"},{"floor":24,"key":"blueLaboratory:SmithPotion"},{"floor":29,"key":"SkillPotion"},{"floor":33,"key":"blueLaboratory:IronCompound"},{"floor":39,"key":"blueLaboratory:FrostheartPotion"},{"floor":42,"key":"blueLaboratory:ImpenetrablePotion"},{"floor":55,"key":"CultistPotion"}],"is_trial":true,"path_per_floor":["M","?","$","M","M","E","R","E","T","E","E","R","E","E","R","B",null,"M","M","?","M","?","R","NM","AVR","T","$","$","E","T","E","R","B",null,"M","?","AVR","$","M","E","R","E","T","E","?","R","?","$","R","B",null,"R","$","E","B",null],"character_chosen":"IRONCLAD","items_purchased":["Membership Card","Red Skull","conspire:GlowingRock","blueLaboratory:HeartbeatPotion","Limit Break","Omamori","Anchor","Block Potion","Adrenaline Potion"],"campfire_rested":2,"item_purchase_floors":[3,27,27,27,28,28,38,38,53],"current_hp_per_floor":[80,80,80,80,82,73,73,43,43,41,32,56,53,58,58,45,73,72,72,72,70,70,70,16,16,16,16,16,13,13,12,36,41,72,78,78,78,78,82,82,82,82,82,82,62,82,82,82,82,63,81,81,81,82,66],"gold":149,"neow_bonus":"","is_daily":false,"chose_seed":false,"campfire_upgraded":4,"win_rate":0.0,"timestamp":1613902154,"path_taken":["M","?","$","M","?","E","R","E","T","E","E","R","E","E","R","BOSS","M","M","?","?","?","R","NM","AVR","T","$","$","E","?","E","R","BOSS","M","?","AVR","$","M","E","R","E","T","E","?","R","?","$","R","BOSS","R","$","E","BOSS"],"items_purchased_type":["Relic","Relic","Relic","Potion","Card","Relic","Relic","Potion","Potion"],"build_version":"2020-12-22","purchased_purges":9,"victory":true,"max_hp_per_floor":[80,80,80,80,82,82,82,82,82,82,82,82,82,82,82,82,82,82,82,82,82,82,82,82,82,82,82,82,82,82,82,82,82,82,82,82,82,82,82,82,82,82,82,82,82,82,82,82,82,82,82,82,82,82,82],"card_choices":[{"not_picked":["BlueStar","SpiderBud","LongBird"],"picked":"Singing Bowl","floor":1},{"not_picked":["Life Link","Havoc","Clash"],"picked":"SKIP","floor":1},{"not_picked":["Thunderclap","Perfected Strike"],"picked":"ReplayTheSpireMod:Muscle Training","floor":4},{"not_picked":["MHz","OldLady","FairyFestival"],"picked":"Singing Bowl","floor":4},{"not_picked":["FieryBird","SingingMachine","CherryBlossoms"],"picked":"Singing Bowl","floor":5},{"not_picked":["WallGazer","Murderer"],"picked":"Scorched","floor":5},{"not_picked":["Combust","Iron Wave","True Grit"],"picked":"SKIP","floor":5},{"not_picked":["Reckless Charge","hubris:SharpeningStone"],"picked":"Double Tap","floor":6},{"not_picked":["BeautyBeast","NakedNest"],"picked":"UniverseFragment","floor":6},{"not_picked":["ReplayTheSpireMod:Strike From Hell","Life Link"],"picked":"Spot Weakness","floor":8},{"not_picked":["DespairKnight","OSAHOGD","PunishingBird"],"picked":"Singing Bowl","floor":8},{"not_picked":["Sword Boomerang","conspire:ExplosiveBarrier"],"picked":"Flex","floor":10},{"not_picked":["hubris:SharpeningStone","Armaments"],"picked":"Replay:Undeath\u0027s Touch","floor":11},{"not_picked":["Warcry","hubris:ReadiedAction"],"picked":"Thunderclap","floor":13},{"not_picked":["Dropkick","StuffTheSpire:RockThrow"],"picked":"Inflame","floor":14},{"not_picked":["Dropkick","Flex+1"],"picked":"Pommel Strike","floor":18},{"not_picked":["Run Through","StuffTheSpire:TitanForm","Reckless Charge+1"],"picked":"SKIP","floor":19},{"not_picked":["Iron Wave","hubris:ReadiedAction+1"],"picked":"Flame Barrier+1","floor":21},{"not_picked":["Intimidate","Clothesline"],"picked":"Headbutt","floor":24},{"not_picked":["Reckless Charge","ReplayReversal","Run Through+1"],"picked":"SKIP","floor":29},{"not_picked":["Ghostly Armor","Carnage+1","Body Slam"],"picked":"SKIP","floor":31},{"not_picked":["Barricade","Demon Form"],"picked":"Offering","floor":33},{"not_picked":["ReplayTheSpireMod:LeadingStrike","BarbarianYell","Headbutt+1"],"picked":"SKIP","floor":35},{"not_picked":["Abandon+1","Shockwave"],"picked":"Cleave+1","floor":39},{"not_picked":["Warcry+1","Juggernaut","Cleave"],"picked":"SKIP","floor":40},{"not_picked":["Sentinel","Clothesline"],"picked":"Perfected Strike+1","floor":42},{"not_picked":["Clothesline+1","Replay:Many Hands","Inflame+1"],"picked":"SKIP","floor":44},{"not_picked":["Cleave","StuffTheSpire:RockThrow","Dual Wield+1"],"picked":"SKIP","floor":54}],"player_experience":1443436,"relics_obtained":[{"floor":2,"key":"reliquary:TatteredRug"},{"floor":6,"key":"StuffTheSpire:Tea"},{"floor":8,"key":"aspiration:AnachronicSnailShell"},{"floor":10,"key":"reliquary:TuningFork"},{"floor":11,"key":"hubris:Reverence"},{"floor":13,"key":"hubris:CrystalStatue"},{"floor":14,"key":"Bottled Lightning"},{"floor":24,"key":"hubris:64BitClover"},{"floor":29,"key":"aspiration:ChemicalBlood"},{"floor":30,"key":"Ornamental Fan"},{"floor":31,"key":"BrokenLever"},{"floor":40,"key":"Blood Vial"},{"floor":42,"key":"CrustySpines"},{"floor":43,"key":"Champion Belt"},{"floor":44,"key":"SpikesRelics:ToyHorsey"},{"floor":45,"key":"Simple Rune"},{"floor":54,"key":"StuffTheSpire:OldFever"}],"event_choices":[{"damage_healed":0,"gold_gain":0,"player_choice":"Relic","damage_taken":0,"max_hp_gain":0,"max_hp_loss":0,"event_name":"Wheel of Change","floor":2,"gold_loss":0},{"cards_removed":["Defend_R"],"damage_healed":0,"gold_gain":0,"player_choice":"Purged","damage_taken":0,"max_hp_gain":0,"max_hp_loss":0,"event_name":"Purifier","floor":20,"gold_loss":0},{"damage_healed":0,"gold_gain":0,"player_choice":"Ignored","damage_taken":0,"max_hp_gain":0,"max_hp_loss":0,"event_name":"betterNote:BetterNote","floor":22,"gold_loss":0,"cards_obtained":["Strike_R"]},{"damage_healed":0,"gold_gain":0,"player_choice":"Forge","damage_taken":0,"max_hp_gain":0,"max_hp_loss":0,"event_name":"Accursed Blacksmith","floor":47,"gold_loss":0,"cards_upgraded":["Limit Break"]}],"is_beta":false,"boss_relics":[{"not_picked":["Replay:Drink Me","aspiration:WatcherSkillbook"],"picked":"aspiration:PoetsPen_weak"},{"not_picked":["StuffTheSpire:RunicHypercube","Busted Crown"],"picked":"conspire:SpecialSausage"},{"not_picked":["Coffee Dripper","Philosopher\u0027s Stone"],"picked":"Runic Cube"}],"items_purged_floors":[25,27,28,28,37,38,38,48,53],"is_endless":true,"potions_floor_spawned":[1,4,11,14,21,24,29,33,39,40,42],"ascension_level":5}}