{"host":"ln2g4yzjgztvghi1","time":1613907810,"event":{"mods":["Abigail Mod","Act Like it!","Aspiration","BaseMod","Beaked The Cultist","Better Altar","Better Note","Better Silent Start","Better Skull","Better Third Choice","Better Vampires","Block Reminder","Chen","Colored Map","Colored Powertips","Conspire","DeckTracker","Disable Question Mark Monsters","Downfall","Gensokyo","GifTheSpireLib","GungeonMod","Halation","Hermit","Hubris","Koishi","Marisa????????","Minty Spire (QoL Compilation)","Permanent Neow","Rare Cards Sparkle","Remilia??????","Replay The Spire","Shop Mod","StSLib","Stuff the Spire","Swap Starting Deck Mod","The Cursed","The Disciple","The Forsaken","The Judge","The Necromancer","The Servant 0.9.4"],"gold_per_floor":[113,0,0,40,97,97,147,147,147,111,164,199,199,245,245,275,275],"floor_reached":16,"language":"ENG","playtime":1146,"items_purged":[],"score":144,"play_id":"b0899f4c-a047-4261-bbcd-76b5dbe907ca","local_time":"20210221124330","daily_mods":["Vintage"],"is_ascension_mode":false,"campfire_choices":[{"data":"Enlightenment","floor":6,"key":"SMITH"},{"data":"Strike_R","floor":13,"key":"SMITH"},{"data":"Bash","floor":15,"key":"SMITH"}],"circlet_count":0,"master_deck":["Strike_R","Strike_R","Strike_R+1","Strike_R+1","Strike_R","Defend_R","Defend_R+1","Defend_R","Defend_R","Bash+1","Enlightenment+1","Regret"],"relics":["Burning Blood","Replay:Bandana","ReplayTheSpireMod:Ninjato","Orichalcum","Prayer Wheel","Simple Rune","aspiration:EmptySkull","Bottled Lightning","betterThird:SlimedRelic","DemoMod:MemoryAlloy","conspire:DecoderRing","aspiration:Lifesprig"],"acts_visited":["Exordium"],"potions_floor_usage":[14,16,16],"damage_taken":[{"damage":6,"enemies":"Cultist","floor":1,"turns":3},{"damage":0,"enemies":"conspire:RoseBush","floor":4,"turns":3},{"damage":3,"enemies":"2 Louse","floor":5,"turns":3},{"damage":26,"enemies":"Large Slime","floor":7,"turns":8},{"damage":5,"enemies":"Exordium Wildlife","floor":11,"turns":5},{"damage":3,"enemies":"2 Fungi Beasts","floor":12,"turns":4},{"damage":15,"enemies":"Exordium Thugs","floor":14,"turns":6},{"damage":61,"enemies":"The Guardian","floor":16,"turns":11}],"seed_played":"2445508845664086795","potions_obtained":[{"floor":4,"key":"SneckoOil"},{"floor":7,"key":"PowerPotion"},{"floor":12,"key":"champ:CounterPotion"}],"is_trial":true,"path_per_floor":["M","?","?","M","M","R","M","T","T","?","M","M","R","M","R","B"],"character_chosen":"IRONCLAD","items_purchased":[],"campfire_rested":0,"item_purchase_floors":[],"current_hp_per_floor":[80,86,86,86,86,86,66,66,66,55,56,59,59,50,50,0,0],"gold":275,"neow_bonus":"","is_daily":false,"chose_seed":false,"campfire_upgraded":3,"win_rate":0.0,"timestamp":1613907810,"path_taken":["M","?","?","M","M","R","M","?","T","?","M","?","R","M","R","BOSS"],"items_purchased_type":[],"build_version":"2020-12-22","purchased_purges":0,"victory":false,"max_hp_per_floor":[80,86,86,86,86,86,86,86,86,86,86,86,86,86,86,86,86],"card_choices":[],"player_experience":304042,"relics_obtained":[{"floor":1,"key":"Replay:Bandana"},{"floor":4,"key":"Orichalcum"},{"floor":5,"key":"Prayer Wheel"},{"floor":7,"key":"Simple Rune"},{"floor":8,"key":"aspiration:EmptySkull"},{"floor":9,"key":"Bottled Lightning"},{"floor":11,"key":"DemoMod:MemoryAlloy"},{"floor":12,"key":"conspire:DecoderRing"},{"floor":14,"key":"aspiration:Lifesprig"}],"event_choices":[{"damage_healed":0,"gold_gain":0,"player_choice":"RENOUNCE","damage_taken":113,"max_hp_gain":0,"max_hp_loss":0,"event_name":"betterThird:BetterSerpent","floor":2,"gold_loss":113,"cards_obtained":["Enlightenment"]},{"damage_healed":0,"gold_gain":0,"player_choice":"Box","damage_taken":0,"relics_obtained":["ReplayTheSpireMod:Ninjato"],"max_hp_gain":0,"max_hp_loss":0,"event_name":"Big Fish","floor":3,"gold_loss":0,"cards_obtained":["Regret"]},{"damage_healed":0,"gold_gain":0,"player_choice":"Slimed","damage_taken":11,"max_hp_gain":0,"max_hp_loss":0,"event_name":"betterThird:BetterGoop","floor":10,"gold_loss":36}],"is_beta":false,"boss_relics":[],"items_purged_floors":[],"is_endless":true,"potions_floor_spawned":[4,7,12],"killed_by":"The Guardian","ascension_level":0}}