{"host":"72n3jwtrlpjobydj","time":1613928043,"event":{"mods":["AchievementEnabler","Act Like it!","Arknights","BaseMod","CapriCore","DeckTracker","Hermit","Koishi","Lobotomy","Marisa£¨Ùöéë¡¡Øª×âÞÞ£©","Minty Spire (QoL Compilation)","Permanent Neow","StSLib","SuperFastMode","The Cursed","The Gatherer","The Hierophant","The Immortal"],"gold_per_floor":[118,118,118,137,149,479,479,444,469,498,498,498,527,527,527,627,627,639,160,171,189,189,189,209,209,209],"floor_reached":25,"language":"KOR","playtime":611,"items_purged":["Bash"],"score":230,"play_id":"76bbc1ea-4a8a-467b-b038-c86a8411860c","local_time":"20210222022043","is_ascension_mode":true,"campfire_choices":[{"floor":11,"key":"REST"},{"floor":15,"key":"REST"},{"floor":23,"key":"REST"}],"circlet_count":0,"master_deck":["Strike_R","Strike_R","Strike_R","Strike_R","Strike_R","Defend_R","Defend_R","Defend_R","Defend_R","Enlightenment","Wild Strike","Pommel Strike+1","Offering","Pommel Strike","Perfected Strike+1","Twin Strike","Writhe","Pommel Strike"],"relics":["Burning Blood","Boot","Old Coin","Dream Catcher","Darkstone Periapt","MealTicket","Black Star","InkBottle","Blood Vial","Blue Candle"],"acts_visited":["Exordium","TheCity"],"potions_floor_usage":[5,6,13,21,21,25,25],"damage_taken":[{"damage":1,"enemies":"Jaw Worm","floor":1,"turns":3},{"damage":0,"enemies":"Small Slimes","floor":4,"turns":2},{"damage":0,"enemies":"ats:Genji","floor":5,"turns":3},{"damage":38,"enemies":"3 Sentries","floor":6,"turns":12},{"damage":31,"enemies":"Gremlin Nob","floor":10,"turns":4},{"damage":45,"enemies":"Lagavulin","floor":13,"turns":7},{"damage":22,"enemies":"Slime Boss","floor":16,"turns":6},{"damage":18,"enemies":"Shell Parasite","floor":18,"turns":4},{"damage":26,"enemies":"2 Thieves","floor":20,"turns":3},{"damage":31,"enemies":"Centurion and Healer","floor":21,"turns":7},{"damage":30,"enemies":"Cultist and Chosen","floor":24,"turns":5},{"damage":55,"enemies":"Gremlin Leader","floor":25,"turns":5}],"seed_played":"2746129034136069490","potions_obtained":[{"floor":1,"key":"SkillPotion"},{"floor":4,"key":"Ancient Potion"},{"floor":10,"key":"SteroidPotion"},{"floor":16,"key":"GamblersBrew"},{"floor":18,"key":"Ancient Potion"},{"floor":20,"key":"FearPotion"},{"floor":21,"key":"EssenceOfSteel"}],"is_trial":false,"path_per_floor":["M","?","$","M","M","E","?","?","T","E","R","?","E","?","R","B",null,"M","$","M","M","?","R","M","E"],"character_chosen":"IRONCLAD","items_purchased":["InkBottle","Blood Vial"],"campfire_rested":3,"item_purchase_floors":[19,19],"current_hp_per_floor":[80,73,73,79,80,48,48,68,68,43,67,67,28,28,52,36,80,68,80,60,37,43,68,46,0,0],"gold":209,"neow_bonus":"RANDOM_COLORLESS","is_daily":false,"chose_seed":false,"campfire_upgraded":0,"win_rate":0.0,"timestamp":1613928043,"path_taken":["M","?","$","M","M","E","?","?","T","E","R","?","E","?","R","BOSS","M","$","?","M","?","R","M","E"],"items_purchased_type":["Relic","Relic"],"build_version":"2020-12-22","purchased_purges":1,"victory":false,"max_hp_per_floor":[80,80,80,80,80,80,80,80,80,80,80,80,80,80,80,80,80,80,80,80,80,86,86,86,86,86],"card_choices":[{"not_picked":["Blind","Purity"],"picked":"Enlightenment","floor":0},{"not_picked":["Infernal Blade","Iron Wave"],"picked":"Wild Strike","floor":1},{"not_picked":["Dropkick","Sever Soul","Cleave"],"picked":"SKIP","floor":4},{"not_picked":["Fire Breathing","Clash"],"picked":"Pommel Strike","floor":5},{"not_picked":["Heavy Blade","Fire Breathing"],"picked":"Offering","floor":6},{"not_picked":["Anger","Uppercut","Body Slam"],"picked":"SKIP","floor":10},{"not_picked":["Whirlwind","Disarm"],"picked":"Pommel Strike","floor":11},{"not_picked":["Heavy Blade","Twin Strike"],"picked":"Perfected Strike","floor":13},{"not_picked":["Clash","Blood for Blood+1","Rage"],"picked":"SKIP","floor":18},{"not_picked":["Iron Wave","Body Slam","Thunderclap+1"],"picked":"SKIP","floor":20},{"not_picked":["Dropkick+1","Burning Pact"],"picked":"Twin Strike","floor":21},{"not_picked":["Pummel","Warcry+1"],"picked":"Pommel Strike","floor":24}],"player_experience":114389,"relics_obtained":[{"floor":6,"key":"Old Coin"},{"floor":9,"key":"Dream Catcher"},{"floor":10,"key":"Darkstone Periapt"},{"floor":13,"key":"MealTicket"}],"event_choices":[{"damage_healed":0,"gold_gain":0,"player_choice":"Success","damage_taken":7,"relics_obtained":["Boot"],"max_hp_gain":0,"max_hp_loss":0,"event_name":"Scrap Ooze","floor":2,"gold_loss":0},{"damage_healed":0,"gold_gain":0,"player_choice":"Ignored","damage_taken":0,"max_hp_gain":0,"max_hp_loss":0,"event_name":"Liars Game","floor":7,"gold_loss":0},{"damage_healed":20,"gold_gain":0,"player_choice":"Healed","damage_taken":0,"max_hp_gain":0,"max_hp_loss":0,"event_name":"The Cleric","floor":8,"gold_loss":35},{"damage_healed":0,"gold_gain":0,"player_choice":"Grow","damage_taken":0,"max_hp_gain":0,"max_hp_loss":0,"event_name":"Living Wall","floor":12,"gold_loss":0,"cards_upgraded":["Pommel Strike"]},{"damage_healed":0,"gold_gain":0,"player_choice":"Forge","damage_taken":0,"max_hp_gain":0,"max_hp_loss":0,"event_name":"Accursed Blacksmith","floor":14,"gold_loss":0,"cards_upgraded":["Perfected Strike"]},{"damage_healed":0,"gold_gain":0,"player_choice":"Opened","damage_taken":0,"relics_obtained":["Blue Candle"],"max_hp_gain":0,"max_hp_loss":0,"event_name":"The Mausoleum","floor":22,"gold_loss":0,"cards_obtained":["Writhe"]}],"is_beta":false,"boss_relics":[{"not_picked":["Busted Crown","Empty Cage"],"picked":"Black Star"}],"items_purged_floors":[19],"is_endless":false,"potions_floor_spawned":[1,4,10,16,18,20,21],"killed_by":"Gremlin Leader","ascension_level":1}}