{"host":"nbofzmb1hl9rnais","time":1613934671,"event":{"mods":["BaseMod","Colored Map","Minty Spire (QoL Compilation)","StSLib"],"gold_per_floor":[109,28,44,57,70,70,101,101,101,133,133,148,173,173,173,304,304,327,345,119,143,143,182,182,182,182,218,242,256,256,269,269,398,461,480,493,493,166,180,180,180,216,216,239,258,323,323,367,367,367,367],"floor_reached":50,"language":"ENG","playtime":7782,"items_purged":["Tantrum","Parasite"],"score":931,"play_id":"9ad551da-0258-4b47-b550-a82348781bd4","local_time":"20210221111111","daily_mods":["SealedDeck","Red Cards","Green Cards","Blue Cards","Purple Cards"],"is_ascension_mode":true,"campfire_choices":[{"data":"Worship","floor":6.0,"key":"SMITH"},{"data":"Evaluate","floor":8.0,"key":"SMITH"},{"data":"Evaluate","floor":11.0,"key":"SMITH"},{"data":"Evaluate","floor":15.0,"key":"SMITH"},{"data":"Dark Embrace","floor":24.0,"key":"SMITH"},{"data":"Establishment","floor":30.0,"key":"SMITH"},{"floor":32.0,"key":"REST"},{"data":"BattleHymn","floor":40.0,"key":"SMITH"},{"data":"CarveReality","floor":47.0,"key":"SMITH"},{"floor":49,"key":"REST"}],"circlet_count":0,"master_deck":["AscendersBane","Backflip+1","Coolheaded","Cold Snap","Evaluate+1","CarveReality+1","CarveReality","Evaluate+1","Evaluate+1","Worship+1","Establishment+1","Dark Embrace+1","Necronomicurse","Corpse Explosion","Prepared+1","BattleHymn+1","Decay"],"relics":["Burning Blood","Potion Belt","Gremlin Horn","Torii","Singing Bowl","Golden Idol","Cursed Key","Art of War","Necronomicon","Paper Frog","Prayer Wheel","Bag of Marbles","Tiny House","Blood Vial","Mummified Hand","Red Skull","Thread and Needle","Self Forming Clay"],"acts_visited":["Exordium","TheCity","TheBeyond"],"potions_floor_usage":[50,50],"damage_taken":[{"damage":0.0,"enemies":"Cultist","floor":1.0,"turns":3.0},{"damage":0.0,"enemies":"2 Louse","floor":3.0,"turns":3.0},{"damage":4.0,"enemies":"Jaw Worm","floor":4.0,"turns":2.0},{"damage":4.0,"enemies":"2 Fungi Beasts","floor":5.0,"turns":4.0},{"damage":50.0,"enemies":"3 Sentries","floor":7.0,"turns":6.0},{"damage":23.0,"enemies":"Lagavulin","floor":10.0,"turns":5.0},{"damage":1.0,"enemies":"Lots of Slimes","floor":12.0,"turns":4.0},{"damage":8.0,"enemies":"3 Sentries","floor":13.0,"turns":5.0},{"damage":23.0,"enemies":"The Guardian","floor":16.0,"turns":8.0},{"damage":1.0,"enemies":"Shell Parasite","floor":18.0,"turns":3.0},{"damage":0.0,"enemies":"Chosen","floor":19.0,"turns":4.0},{"damage":0.0,"enemies":"Shelled Parasite and Fungi","floor":21.0,"turns":4.0},{"damage":25.0,"enemies":"Slavers","floor":23.0,"turns":4.0},{"damage":25.0,"enemies":"Gremlin Leader","floor":27.0,"turns":3.0},{"damage":1.0,"enemies":"Snecko","floor":28.0,"turns":5.0},{"damage":1.0,"enemies":"Snake Plant","floor":29.0,"turns":4.0},{"damage":15.0,"enemies":"Centurion and Healer","floor":31.0,"turns":4.0},{"damage":54.0,"enemies":"Champ","floor":33.0,"turns":9.0},{"damage":0.0,"enemies":"Orb Walker","floor":35.0,"turns":3.0},{"damage":40.0,"enemies":"3 Darklings","floor":36.0,"turns":4.0},{"damage":37.0,"enemies":"Jaw Worm Horde","floor":39.0,"turns":3.0},{"damage":15.0,"enemies":"Giant Head","floor":42.0,"turns":7.0},{"damage":32.0,"enemies":"4 Shapes","floor":44.0,"turns":4.0},{"damage":16.0,"enemies":"Transient","floor":45.0,"turns":5.0},{"damage":18.0,"enemies":"2 Orb Walkers","floor":46.0,"turns":3.0},{"damage":0,"enemies":"Nemesis","floor":48,"turns":5},{"damage":128,"enemies":"Time Eater","floor":50,"turns":9}],"seed_played":"681078508741859145","potions_obtained":[{"floor":1.0,"key":"CultistPotion"},{"floor":5.0,"key":"LiquidBronze"},{"floor":12.0,"key":"Ancient Potion"},{"floor":13.0,"key":"HeartOfIron"},{"floor":18.0,"key":"AttackPotion"},{"floor":23.0,"key":"AttackPotion"},{"floor":31.0,"key":"Weak Potion"},{"floor":33.0,"key":"SteroidPotion"},{"floor":34.0,"key":"SneckoOil"},{"floor":35.0,"key":"FearPotion"},{"floor":36.0,"key":"Energy Potion"},{"floor":46.0,"key":"BlessingOfTheForge"}],"is_trial":true,"path_per_floor":["M","$","M","M","M","R","E","R","T","E","R","M","E","?","R","B",null,"M","M","$","M","?","E","R","?","T","E","M","M","R","M","R","B",null,"M","M","?","$","M","R","?","E","T","M","M","?","R","E","R","B"],"character_chosen":"IRONCLAD","items_purchased":["Worship","Art of War","Blood Vial","BattleHymn"],"campfire_rested":2,"item_purchase_floors":[2,20,38,38],"current_hp_per_floor":[78,78,80,80,80,80,36,36,36,19,19,24,24,24,24,7,59,66,74,74,80,64,47,47,47,47,30,39,48,48,43,71,23,85,93,63,63,63,38,38,96,89,89,69,65,57,57,67,100,0,0],"gold":367,"neow_bonus":"","is_daily":false,"chose_seed":false,"campfire_upgraded":8,"win_rate":0.0,"timestamp":1613934671,"path_taken":["M","$","M","M","?","R","E","R","T","E","R","M","E","?","R","BOSS","M","M","$","M","?","E","R","?","T","E","?","M","R","?","R","BOSS","M","M","?","$","M","R","?","E","T","M","M","?","R","E","R","BOSS"],"items_purchased_type":["Card","Relic","Relic","Card"],"build_version":"2020-12-22","purchased_purges":2,"victory":false,"max_hp_per_floor":[80,80,80,80,80,80,80,80,80,80,80,80,82,76,76,76,76,78,80,80,80,80,82,82,82,82,84,88,92,92,96,96,96,103,105,109,109,106,110,110,96,98,98,102,106,108,108,110,110,110,110],"card_choices":[{"not_picked":["Steam","Perfected Strike","Cleave"],"picked":"SKIP","floor":1.0},{"not_picked":["PiercingWail","DeceiveReality","All Out Attack"],"picked":"SKIP","floor":3.0},{"not_picked":["Clothesline","Coolheaded","CutThroughFate"],"picked":"SKIP","floor":4.0},{"not_picked":["Bane","Blood for Blood","Body Slam"],"picked":"SKIP","floor":5.0},{"not_picked":["Meteor Strike","FlyingSleeves","PathToVictory"],"picked":"SKIP","floor":7.0},{"not_picked":["Blade Dance","Sweeping Beam","ClearTheMind"],"picked":"SKIP","floor":10.0},{"not_picked":["Deflect","Dagger Spray","Wild Strike"],"picked":"SKIP","floor":12.0},{"not_picked":["Seek","Dodge and Roll","ThirdEye"],"picked":"Singing Bowl","floor":13.0},{"not_picked":["Vault","Berserk"],"picked":"Establishment","floor":16.0},{"not_picked":["SashWhip+1","Dodge and Roll","Pummel"],"picked":"Singing Bowl","floor":18.0},{"not_picked":["Cold Snap","Reprogram","Pray"],"picked":"Singing Bowl","floor":19.0},{"not_picked":["Setup","Second Wind+1"],"picked":"Dark Embrace","floor":21.0},{"not_picked":["Beam Cell+1","CutThroughFate+1","ClearTheMind"],"picked":"Singing Bowl","floor":23.0},{"not_picked":["Redo","Sever Soul+1","Turbo"],"picked":"Singing Bowl","floor":27.0},{"not_picked":["Capacitor","Evaluate","Turbo"],"picked":"Singing Bowl","floor":28.0},{"not_picked":["Redo","Rebound","Armaments"],"picked":"Singing Bowl","floor":28.0},{"not_picked":["Scrape","FearNoEvil+1","Hello World"],"picked":"Singing Bowl","floor":29.0},{"not_picked":["Doom and Gloom","Pummel","Prepared+1"],"picked":"Singing Bowl","floor":29.0},{"not_picked":["Pommel Strike+1","FlurryOfBlows","Heavy Blade"],"picked":"Singing Bowl","floor":31.0},{"not_picked":["Force Field","Redo","Compile Driver"],"picked":"Singing Bowl","floor":31.0},{"not_picked":["Biased Cognition","Electrodynamics"],"picked":"Corpse Explosion","floor":33.0},{"not_picked":["CutThroughFate","Anger+1","Cleave"],"picked":"Singing Bowl","floor":34.0},{"not_picked":["Anger+1","Ball Lightning","Consecrate+1"],"picked":"Singing Bowl","floor":35.0},{"not_picked":["Distraction+1","Lockon"],"picked":"Prepared+1","floor":35.0},{"not_picked":["Demon Form","Poisoned Stab","Barrage+1"],"picked":"Singing Bowl","floor":36.0},{"not_picked":["Static Discharge","Consecrate","Fasting2"],"picked":"Singing Bowl","floor":36.0},{"not_picked":["Underhanded Strike+1","Fasting2+1","Indignation"],"picked":"Singing Bowl","floor":39.0},{"not_picked":["Endless Agony","Redo+1","CutThroughFate"],"picked":"Singing Bowl","floor":39.0},{"not_picked":["Wild Strike","Dropkick","Blizzard"],"picked":"Singing Bowl","floor":42.0},{"not_picked":["JustLucky+1","Outmaneuver+1","Genetic Algorithm"],"picked":"Singing Bowl","floor":44.0},{"not_picked":["Flying Knee+1","Crippling Poison+1","Ball Lightning"],"picked":"Singing Bowl","floor":44.0},{"not_picked":["Havoc","EmptyFist+1","PiercingWail"],"picked":"Singing Bowl","floor":45.0},{"not_picked":["Warcry","Inflame+1","Corruption"],"picked":"Singing Bowl","floor":45.0},{"not_picked":["Backflip+1","CutThroughFate+1","Redo"],"picked":"Singing Bowl","floor":46.0},{"not_picked":["Acrobatics+1","Seeing Red","Immolate"],"picked":"Singing Bowl","floor":48}],"player_experience":124900,"relics_obtained":[{"floor":7.0,"key":"Potion Belt"},{"floor":9.0,"key":"Gremlin Horn"},{"floor":10.0,"key":"Torii"},{"floor":13.0,"key":"Singing Bowl"},{"floor":22.0,"key":"Necronomicon"},{"floor":23.0,"key":"Paper Frog"},{"floor":26.0,"key":"Prayer Wheel"},{"floor":27.0,"key":"Bag of Marbles"},{"floor":42.0,"key":"Mummified Hand"},{"floor":43.0,"key":"Red Skull"},{"floor":46.0,"key":"Thread and Needle"},{"floor":48,"key":"Self Forming Clay"}],"event_choices":[{"damage_healed":0.0,"max_hp_gain":0.0,"max_hp_loss":6.0,"gold_gain":0.0,"event_name":"Golden Idol","player_choice":"Lose Max HP","floor":14.0,"gold_loss":0.0,"damage_taken":0.0,"relics_obtained":["Golden Idol"]},{"damage_healed":0.0,"max_hp_gain":0.0,"max_hp_loss":0.0,"gold_gain":0.0,"event_name":"Cursed Tome","player_choice":"Obtained Book","floor":22.0,"gold_loss":0.0,"damage_taken":16.0},{"damage_healed":0.0,"max_hp_gain":0.0,"max_hp_loss":0.0,"gold_gain":0.0,"event_name":"Match and Keep!","player_choice":"0 cards matched","floor":25.0,"gold_loss":0.0,"damage_taken":0.0,"cards_obtained":[]},{"cards_removed":["Slice"],"damage_healed":0.0,"max_hp_gain":0.0,"max_hp_loss":0.0,"gold_gain":0.0,"event_name":"Falling","player_choice":"Removed Attack","floor":37.0,"gold_loss":0.0,"damage_taken":0.0},{"damage_healed":96.0,"max_hp_gain":0.0,"max_hp_loss":14.0,"gold_gain":0.0,"event_name":"The Moai Head","player_choice":"Heal","floor":41.0,"gold_loss":0.0,"damage_taken":0.0},{"damage_healed":0.0,"max_hp_gain":0.0,"max_hp_loss":0.0,"gold_gain":0.0,"event_name":"Mysterious Sphere","player_choice":"Fight","floor":46.0,"gold_loss":0.0,"damage_taken":0.0}],"is_beta":false,"boss_relics":[{"not_picked":["Mark of Pain","Black Blood"],"picked":"Cursed Key"},{"not_picked":["SacredBark","Coffee Dripper"],"picked":"Tiny House"}],"items_purged_floors":[20,38],"is_endless":false,"potions_floor_spawned":[1,5,12,13,18,23,31,33,35,36,39,46],"killed_by":"Time Eater","ascension_level":10}}