{"host":"4gkev1dtxxhiue3x","time":1613923907,"event":{"mods":["AchievementEnabler","BaseMod","Better Altar","Better Match","Better Note","Better Sensory Stone","Better Skull","Better Third Choice","Colored Powertips","Friendly Minions","Hermit","Minty Spire (QoL Compilation)","Relic Stats","Robot Space Explorer","Shop Mod","StSLib","The Disciple","The Hierophant"],"gold_per_floor":[114,131,131,144,34,62,62,90,90,90,90,108,30,41,41,144,144,160,18,29,29,29,56,56,56,56,74,103,121,21,33,33,135,135,154,168,20,20,40,40,70,70,96,0,32,49,49,49,49,49,49,49,49,76,76],"floor_reached":56,"language":"ENG","playtime":4345,"items_purged":["RobotSpaceExplorer:Strike","RobotSpaceExplorer:Strike"],"score":1224,"play_id":"67c53f08-cd1c-4cea-b4fd-dc17d69ca8f5","local_time":"20210221171147","is_ascension_mode":true,"campfire_choices":[{"data":"RobotSpaceExplorer:MiniLasers","floor":7,"key":"SMITH"},{"data":"RobotSpaceExplorer:Pulsar","floor":10,"key":"SMITH"},{"data":"RobotSpaceExplorer:DoubleFind","floor":15,"key":"SMITH"},{"floor":24,"key":"REST"},{"floor":32,"key":"REST"},{"floor":40,"key":"RECALL"},{"floor":42,"key":"REST"},{"floor":49,"key":"REST"},{"floor":52,"key":"REST"}],"circlet_count":0,"master_deck":["RobotSpaceExplorer:Defend","RobotSpaceExplorer:Defend","RobotSpaceExplorer:Defend","RobotSpaceExplorer:Defend","RobotSpaceExplorer:Scan","RobotSpaceExplorer:MiniLasers+1","RobotSpaceExplorer:Pulsar","RobotSpaceExplorer:MakeshiftVolley","RobotSpaceExplorer:ScrapShield","RobotSpaceExplorer:ScrapMissile","RobotSpaceExplorer:Pulsar+1","RobotSpaceExplorer:Calculate","RobotSpaceExplorer:DoubleFind+1","RobotSpaceExplorer:Comet","RobotSpaceExplorer:Smokescreen","RobotSpaceExplorer:LuckyStrike","RobotSpaceExplorer:ScrapMissile","RobotSpaceExplorer:HighVoltage","RobotSpaceExplorer:TrailblazerForm","RobotSpaceExplorer:ScrapMissile+1","RobotSpaceExplorer:PlasmaMissile+1","RobotSpaceExplorer:Explosion","CurseOfTheBell","RobotSpaceExplorer:Probe","RobotSpaceExplorer:Comet","RobotSpaceExplorer:PlasmaMissile+1","Madness","Madness"],"relics":["RobotSpaceExplorer:RoboCore","NeowsBlessing","RobotSpaceExplorer:FoglandsKnife","HornCleat","RobotSpaceExplorer:ClockworkSextant","Gremlin Horn","Fusion Hammer","InkBottle","Ice Cream","RobotSpaceExplorer:PlasmaHourglass","RobotSpaceExplorer:RingOfTheNewt","Potion Belt","Calling Bell","Toy Ornithopter","Pantograph","CaptainsWheel","DollysMirror","TungstenRod","Red Mask","Unceasing Top","Anchor"],"acts_visited":["Exordium","TheCity","TheBeyond","TheEnding"],"potions_floor_usage":[16,18,35,39,54,55,55,55,55,55],"damage_taken":[{"damage":0,"enemies":"Jaw Worm","floor":1,"turns":1},{"damage":0,"enemies":"Cultist","floor":2,"turns":1},{"damage":0,"enemies":"2 Louse","floor":4,"turns":1},{"damage":18,"enemies":"Lagavulin","floor":6,"turns":7},{"damage":11,"enemies":"3 Sentries","floor":8,"turns":7},{"damage":0,"enemies":"Red Slaver","floor":12,"turns":3},{"damage":0,"enemies":"3 Louse","floor":14,"turns":2},{"damage":39,"enemies":"The Guardian","floor":16,"turns":9},{"damage":20,"enemies":"3 Byrds","floor":18,"turns":6},{"damage":4,"enemies":"2 Thieves","floor":20,"turns":3},{"damage":8,"enemies":"Gremlin Leader","floor":23,"turns":5},{"damage":0,"enemies":"Shelled Parasite and Fungi","floor":27,"turns":3},{"damage":8,"enemies":"Slavers","floor":28,"turns":4},{"damage":12,"enemies":"Snake Plant","floor":29,"turns":3},{"damage":0,"enemies":"Chosen and Byrds","floor":31,"turns":4},{"damage":35,"enemies":"Automaton","floor":33,"turns":7},{"damage":0,"enemies":"3 Darklings","floor":35,"turns":3},{"damage":6,"enemies":"3 Shapes","floor":36,"turns":2},{"damage":5,"enemies":"Sphere and 2 Shapes","floor":39,"turns":3},{"damage":9,"enemies":"Reptomancer","floor":41,"turns":5},{"damage":29,"enemies":"Nemesis","floor":45,"turns":5},{"damage":4,"enemies":"Spire Growth","floor":46,"turns":4},{"damage":46,"enemies":"Donu and Deca","floor":50,"turns":8},{"damage":18,"enemies":"Shield and Spear","floor":54,"turns":5},{"damage":88,"enemies":"The Heart","floor":55,"turns":8}],"seed_played":"604585591164729599","potions_obtained":[{"floor":2,"key":"SmokeBomb"},{"floor":8,"key":"Fruit Juice"},{"floor":12,"key":"AttackPotion"},{"floor":16,"key":"PowerPotion"},{"floor":20,"key":"FearPotion"},{"floor":23,"key":"RobotSpaceExplorer:RecyclePotion"},{"floor":29,"key":"EssenceOfSteel"},{"floor":33,"key":"SkillPotion"},{"floor":39,"key":"Strength Potion"},{"floor":41,"key":"LiquidBronze"},{"floor":54,"key":"Strength Potion"}],"is_trial":false,"path_per_floor":["M","M","?","M","$","E","R","E","T","R","?","M","$","M","R","B",null,"M","$","M","?","?","E","R","$","T","M","E","M","$","M","R","B",null,"M","M","$","?","M","R","E","R","T","?","E","M","?","$","R","B",null,"R","$","E","B",null],"character_chosen":"RobotSpaceExplorer","items_purchased":["RobotSpaceExplorer:MakeshiftVolley","RobotSpaceExplorer:ScrapShield","RobotSpaceExplorer:DoubleFind","RobotSpaceExplorer:LuckyStrike","DollysMirror"],"campfire_rested":5,"item_purchase_floors":[5,5,13,19,37],"current_hp_per_floor":[75,75,75,75,75,57,57,46,46,46,46,46,46,46,46,7,75,55,55,51,51,51,43,65,65,65,65,57,45,45,45,67,32,75,75,69,69,69,69,69,60,75,75,75,46,42,34,34,56,29,75,75,75,67,2],"gold":76,"neow_bonus":"THREE_ENEMY_KILL","is_daily":false,"chose_seed":false,"campfire_upgraded":3,"win_rate":0.0,"timestamp":1613923907,"path_taken":["M","M","?","?","$","E","R","E","T","R","?","M","$","M","R","BOSS","M","?","M","?","?","E","R","$","T","M","E","M","$","M","R","BOSS","M","?","$","?","M","R","E","R","T","?","E","M","?","?","R","BOSS","R","$","E","BOSS"],"items_purchased_type":["Card","Card","Card","Card","Relic"],"build_version":"2020-12-22","purchased_purges":2,"victory":true,"max_hp_per_floor":[75,75,75,75,75,75,75,75,75,75,75,75,75,75,75,75,75,75,75,75,75,75,75,75,75,75,75,75,75,75,75,75,75,75,75,75,75,75,75,75,75,75,75,75,75,75,75,75,75,75,75,75,75,80,80],"relic_stats":{"Gremlin Horn":[24,24],"counters":[25,109],"Pantograph":32,"obtain_stats":[{"RobotSpaceExplorer:ClockworkSextant":9,"Ice Cream":21,"Potion Belt":28,"NeowsBlessing":0,"Gremlin Horn":11,"RobotSpaceExplorer:PlasmaHourglass":23,"RobotSpaceExplorer:RoboCore":0,"RobotSpaceExplorer:RingOfTheNewt":26,"Calling Bell":34,"RobotSpaceExplorer:FoglandsKnife":6,"CaptainsWheel":34,"Anchor":54,"HornCleat":8,"DollysMirror":37,"Pantograph":34,"Fusion Hammer":17,"Red Mask":44,"InkBottle":18,"Toy Ornithopter":34,"TungstenRod":41,"Unceasing Top":45},{"RobotSpaceExplorer:ClockworkSextant":5,"Ice Cream":10,"Potion Belt":13,"NeowsBlessing":0,"Gremlin Horn":5,"RobotSpaceExplorer:PlasmaHourglass":11,"RobotSpaceExplorer:RoboCore":0,"RobotSpaceExplorer:RingOfTheNewt":11,"Calling Bell":16,"RobotSpaceExplorer:FoglandsKnife":4,"CaptainsWheel":16,"Anchor":24,"HornCleat":5,"DollysMirror":18,"Pantograph":16,"Fusion Hammer":8,"Red Mask":20,"InkBottle":9,"Toy Ornithopter":16,"TungstenRod":20,"Unceasing Top":21},{"RobotSpaceExplorer:ClockworkSextant":17,"Ice Cream":40,"Potion Belt":52,"NeowsBlessing":0,"Gremlin Horn":17,"RobotSpaceExplorer:PlasmaHourglass":45,"RobotSpaceExplorer:RoboCore":0,"RobotSpaceExplorer:RingOfTheNewt":45,"Calling Bell":66,"RobotSpaceExplorer:FoglandsKnife":10,"CaptainsWheel":66,"Anchor":101,"HornCleat":17,"DollysMirror":71,"Pantograph":66,"Fusion Hammer":31,"Red Mask":79,"InkBottle":37,"Toy Ornithopter":66,"TungstenRod":79,"Unceasing Top":84}],"InkBottle":[42],"Toy Ornithopter":20,"TungstenRod":54,"Unceasing Top":[3]},"card_choices":[{"not_picked":["RobotSpaceExplorer:MetalStrike","RobotSpaceExplorer:GlueShot"],"picked":"RobotSpaceExplorer:Pulsar","floor":1},{"not_picked":["RobotSpaceExplorer:StunGrenade","RobotSpaceExplorer:FrostMissile"],"picked":"RobotSpaceExplorer:PowerGlove","floor":2},{"not_picked":["RobotSpaceExplorer:Counterblock","RobotSpaceExplorer:ShockKick"],"picked":"RobotSpaceExplorer:Exploration","floor":4},{"not_picked":["RobotSpaceExplorer:Blitz","RobotSpaceExplorer:GlueShot"],"picked":"RobotSpaceExplorer:ScrapMissile","floor":6},{"not_picked":["RobotSpaceExplorer:ImprovisedAttack","RobotSpaceExplorer:MetalStrike"],"picked":"RobotSpaceExplorer:Pulsar","floor":8},{"not_picked":["RobotSpaceExplorer:Ammunition","RobotSpaceExplorer:MakeshiftVolley"],"picked":"RobotSpaceExplorer:Calculate","floor":12},{"not_picked":["RobotSpaceExplorer:FrostMissile","RobotSpaceExplorer:Counterblock","RobotSpaceExplorer:FreezeRay"],"picked":"SKIP","floor":14},{"not_picked":["RobotSpaceExplorer:Asteroid","RobotSpaceExplorer:Wormhole"],"picked":"RobotSpaceExplorer:Comet","floor":16},{"not_picked":["RobotSpaceExplorer:FreezeRay","RobotSpaceExplorer:Reload"],"picked":"RobotSpaceExplorer:Smokescreen","floor":18},{"not_picked":["RobotSpaceExplorer:Pulsar","RobotSpaceExplorer:StunGrenade"],"picked":"RobotSpaceExplorer:ScrapMissile","floor":20},{"not_picked":["RobotSpaceExplorer:MiniDrones","RobotSpaceExplorer:ImprovisedAttack"],"picked":"RobotSpaceExplorer:TrailblazerForm","floor":23},{"not_picked":["RobotSpaceExplorer:SurgingShield","RobotSpaceExplorer:SwiftStep"],"picked":"RobotSpaceExplorer:ScrapMissile+1","floor":27},{"not_picked":["RobotSpaceExplorer:ShovelStrike","RobotSpaceExplorer:SurgingStrike","RobotSpaceExplorer:SurgingShield"],"picked":"SKIP","floor":28},{"not_picked":["RobotSpaceExplorer:Counterblock+1","RobotSpaceExplorer:DoubleFind","RobotSpaceExplorer:SurgingStrike+1"],"picked":"SKIP","floor":29},{"not_picked":["RobotSpaceExplorer:SurgingShield","RobotSpaceExplorer:Electropulse"],"picked":"RobotSpaceExplorer:PlasmaMissile+1","floor":31},{"not_picked":["RobotSpaceExplorer:Exploration","RobotSpaceExplorer:Scanner"],"picked":"RobotSpaceExplorer:Explosion","floor":33},{"not_picked":["RobotSpaceExplorer:SwiftStep+1","RobotSpaceExplorer:DualCore"],"picked":"RobotSpaceExplorer:Probe","floor":35},{"not_picked":["RobotSpaceExplorer:GlueShot+1","RobotSpaceExplorer:StarLightning","RobotSpaceExplorer:MiniDrones"],"picked":"SKIP","floor":36},{"not_picked":["RobotSpaceExplorer:Smokescreen+1","RobotSpaceExplorer:MiniDrones+1","RobotSpaceExplorer:SurgingStrike"],"picked":"SKIP","floor":39},{"not_picked":["RobotSpaceExplorer:RigExplosive","RobotSpaceExplorer:Smokescreen+1","RobotSpaceExplorer:SurgingShield"],"picked":"SKIP","floor":41},{"not_picked":["RobotSpaceExplorer:RigExplosive","RobotSpaceExplorer:LaserBurst"],"picked":"RobotSpaceExplorer:PlasmaMissile+1","floor":45},{"not_picked":["RobotSpaceExplorer:SurgingStrike+1","RobotSpaceExplorer:FreezeRay","RobotSpaceExplorer:ImprovisedAttack+1"],"picked":"SKIP","floor":46},{"not_picked":["RobotSpaceExplorer:JunkDive+1","RobotSpaceExplorer:DoubleFind","RobotSpaceExplorer:SurgingShield+1"],"picked":"SKIP","floor":54}],"player_experience":234974,"relics_obtained":[{"floor":6,"key":"RobotSpaceExplorer:FoglandsKnife"},{"floor":8,"key":"HornCleat"},{"floor":9,"key":"RobotSpaceExplorer:ClockworkSextant"},{"floor":18,"key":"InkBottle"},{"floor":23,"key":"RobotSpaceExplorer:PlasmaHourglass"},{"floor":26,"key":"RobotSpaceExplorer:RingOfTheNewt"},{"floor":28,"key":"Potion Belt"},{"floor":34,"key":"Toy Ornithopter"},{"floor":34,"key":"Pantograph"},{"floor":34,"key":"CaptainsWheel"},{"floor":41,"key":"TungstenRod"},{"floor":45,"key":"Unceasing Top"},{"floor":54,"key":"Anchor"}],"event_choices":[{"cards_removed":["RobotSpaceExplorer:Strike"],"damage_healed":0,"gold_gain":0,"player_choice":"Purged","damage_taken":0,"max_hp_gain":0,"max_hp_loss":0,"event_name":"Purifier","floor":3,"gold_loss":0},{"damage_healed":0,"gold_gain":0,"player_choice":"Gave Potion","damage_taken":0,"relics_obtained":["Gremlin Horn"],"max_hp_gain":0,"max_hp_loss":0,"event_name":"WeMeetAgain","floor":11,"gold_loss":0},{"damage_healed":0,"gold_gain":0,"player_choice":"Opened","damage_taken":0,"relics_obtained":["Ice Cream"],"max_hp_gain":0,"max_hp_loss":0,"event_name":"The Mausoleum","floor":21,"gold_loss":0},{"damage_healed":0,"gold_gain":0,"cards_transformed":["RobotSpaceExplorer:Strike"],"player_choice":"Transformed","damage_taken":0,"max_hp_gain":0,"max_hp_loss":0,"event_name":"Transmorgrifier","floor":22,"gold_loss":0,"cards_obtained":["RobotSpaceExplorer:HighVoltage"]},{"cards_removed":["RobotSpaceExplorer:PowerGlove"],"damage_healed":0,"gold_gain":0,"player_choice":"Removed Power","damage_taken":0,"max_hp_gain":0,"max_hp_loss":0,"event_name":"Falling","floor":38,"gold_loss":0},{"damage_healed":0,"gold_gain":0,"player_choice":"Paid","damage_taken":0,"relics_obtained":["Red Mask"],"max_hp_gain":0,"max_hp_loss":0,"event_name":"Tomb of Lord Red Mask","floor":44,"gold_loss":96},{"damage_healed":0,"gold_gain":0,"player_choice":"Embrace Madness","damage_taken":9,"max_hp_gain":0,"max_hp_loss":0,"event_name":"Winding Halls","floor":47,"gold_loss":0,"cards_obtained":["Madness","Madness"]}],"is_beta":false,"boss_relics":[{"not_picked":["Busted Crown","Ectoplasm"],"picked":"Fusion Hammer"},{"not_picked":["Tiny House","Cursed Key"],"picked":"Calling Bell"}],"items_purged_floors":[19,30],"is_endless":false,"potions_floor_spawned":[2,8,12,16,20,23,29,33,39,41,54],"ascension_level":1}}