{"host":"ydg0vn0pu4pubmdt","time":1613941010,"event":{"mods":["AchievementEnabler","BaseMod","Colored Map","Minty Spire (QoL Compilation)","Quick Restart","SuperFastMode"],"gold_per_floor":[119,130,55,70,80,111,42,42,42,7,26,39,39,51,51,127,127,139,150,167,184,84,84,84],"floor_reached":23,"language":"KOR","playtime":982,"items_purged":["Strike_P","Strike_P"],"score":394,"play_id":"a4563f58-37f2-4655-88d7-1f1e9a6581b5","local_time":"20210222055650","is_ascension_mode":true,"campfire_choices":[{"floor":8,"key":"REST"},{"data":"ForeignInfluence","floor":15,"key":"SMITH"}],"circlet_count":0,"master_deck":["AscendersBane","Strike_P","Defend_P","Defend_P","Defend_P","Eruption+1","Vigilance","MasterReality","Establishment","Perseverance","ForeignInfluence+1","DeceiveReality","Adaptation","Study","Perseverance","DeusExMachina","ReachHeaven"],"relics":["PureWater","Bird Faced Urn","VioletLotus"],"acts_visited":["Exordium","TheCity"],"potions_floor_usage":[5,14,18,20,23],"damage_taken":[{"damage":12,"enemies":"Jaw Worm","floor":1,"turns":6},{"damage":0,"enemies":"Small Slimes","floor":2,"turns":4},{"damage":0,"enemies":"Cultist","floor":4,"turns":3},{"damage":5,"enemies":"2 Fungi Beasts","floor":5,"turns":4},{"damage":16,"enemies":"3 Sentries","floor":6,"turns":6},{"damage":16,"enemies":"3 Louse","floor":11,"turns":4},{"damage":12,"enemies":"Looter","floor":12,"turns":4},{"damage":17,"enemies":"Exordium Thugs","floor":14,"turns":6},{"damage":11,"enemies":"The Guardian","floor":16,"turns":15},{"damage":17,"enemies":"2 Thieves","floor":18,"turns":4},{"damage":14,"enemies":"Shell Parasite","floor":19,"turns":8},{"damage":26,"enemies":"Centurion and Healer","floor":20,"turns":5},{"damage":10,"enemies":"Sentry and Sphere","floor":21,"turns":8},{"damage":33,"enemies":"Gremlin Leader","floor":23,"turns":4}],"seed_played":"-6059494351469665627","potions_obtained":[{"floor":1,"key":"LiquidMemories"},{"floor":5,"key":"Fire Potion"},{"floor":16,"key":"ColorlessPotion"},{"floor":18,"key":"ColorlessPotion"},{"floor":21,"key":"Block Potion"}],"is_trial":false,"path_per_floor":["M","M","$","M","M","E","?","R","T","?","M","M","?","M","R","B",null,"M","M","M","M","$","E"],"character_chosen":"WATCHER","items_purchased":[],"campfire_rested":1,"item_purchase_floors":[],"current_hp_per_floor":[31,31,31,31,26,10,10,30,30,47,37,31,31,22,22,19,56,49,43,27,25,25,0,0],"gold":84,"neow_bonus":"TRANSFORM_TWO_CARDS","is_daily":false,"chose_seed":false,"campfire_upgraded":1,"win_rate":0.0,"timestamp":1613941010,"path_taken":["M","M","$","M","M","E","?","R","T","?","M","M","?","M","R","BOSS","M","M","M","M","$","E"],"items_purchased_type":[],"build_version":"2020-12-22","purchased_purges":2,"victory":false,"max_hp_per_floor":[68,68,68,68,68,68,68,68,68,68,68,68,68,68,68,68,68,68,68,68,68,68,68,68],"card_choices":[{"not_picked":["FollowUp","ClearTheMind"],"picked":"Perseverance","floor":1},{"not_picked":["Nirvana","Wallop"],"picked":"ForeignInfluence","floor":2},{"not_picked":["BowlingBash","SashWhip"],"picked":"DeceiveReality","floor":4},{"not_picked":["PathToVictory","WaveOfTheHand","ClearTheMind"],"picked":"SKIP","floor":5},{"not_picked":["Pray","FollowUp"],"picked":"Adaptation","floor":6},{"not_picked":["Halt","Meditate"],"picked":"Study","floor":11},{"not_picked":["Sanctity","ClearTheMind","Wireheading"],"picked":"SKIP","floor":12},{"not_picked":["JustLucky","CrushJoints"],"picked":"Perseverance","floor":14},{"not_picked":["Devotion","Brilliance"],"picked":"DeusExMachina","floor":16},{"not_picked":["Consecrate","Wireheading+1","JustLucky"],"picked":"SKIP","floor":18},{"not_picked":["FollowUp","PathToVictory"],"picked":"ReachHeaven","floor":19},{"not_picked":["CrushJoints","Conclude","DeusExMachina"],"picked":"SKIP","floor":20},{"not_picked":["WaveOfTheHand+1","ClearTheMind","Worship"],"picked":"SKIP","floor":21}],"player_experience":623674,"relics_obtained":[{"floor":6,"key":"Bird Faced Urn"}],"event_choices":[{"damage_healed":0,"gold_gain":0,"player_choice":"Left Gold","damage_taken":0,"max_hp_gain":0,"max_hp_loss":0,"event_name":"World of Goop","floor":7,"gold_loss":69},{"damage_healed":17,"gold_gain":0,"player_choice":"Healed","damage_taken":0,"max_hp_gain":0,"max_hp_loss":0,"event_name":"The Cleric","floor":10,"gold_loss":35},{"damage_healed":0,"gold_gain":0,"player_choice":"Forge","damage_taken":0,"max_hp_gain":0,"max_hp_loss":0,"event_name":"Accursed Blacksmith","floor":13,"gold_loss":0,"cards_upgraded":["Eruption"]}],"is_beta":false,"boss_relics":[{"not_picked":["Cursed Key","Velvet Choker"],"picked":"VioletLotus"}],"items_purged_floors":[3,22],"is_endless":false,"potions_floor_spawned":[1,5,16,18,21],"killed_by":"Gremlin Leader","ascension_level":20}}