{"host":"cr9rpoy6dx9riis3","time":1613939872,"event":{"mods":["AchievementEnabler","BaseMod","Better Altar","Better Note","Better Sensory Stone","Better Skull","Better Third Choice","Better-Laid Plans","BetterRewards","Block Reminder","Curses Come First","Displayed Cursed Tome","Emptier Cage","Marked Mod","Minty Spire (QoL Compilation)","Permanent Neow","Relic Sorter","StSLib","The Blue Laboratory","Transform Curses"],"gold_per_floor":[127,127,52,52,71,71,87,87,138,138,38,70,104,143,143,275,275,305,78,94,169,196,196,245,245,245,270,285,319,11,27,27,27,27],"floor_reached":33,"language":"ENG","playtime":1509,"items_purged":["Defend_G","Strike_G"],"score":493,"play_id":"b4ee6159-52b8-41fc-8260-ff2e0bcc5ace","local_time":"20210221213752","is_ascension_mode":true,"campfire_choices":[{"data":"Survivor","floor":6,"key":"SMITH"},{"data":"Deflect","floor":8,"key":"SMITH"},{"data":"Neutralize","floor":10,"key":"SMITH"},{"data":"Venomology","floor":15,"key":"SMITH"},{"data":"Bandage Up","floor":23,"key":"SMITH"},{"data":"Noxious Fumes","floor":25,"key":"SMITH"},{"floor":32,"key":"REST"}],"circlet_count":0,"master_deck":["Strike_G","Strike_G","Strike_G","Strike_G","Defend_G","Defend_G","Defend_G","Survivor+1","Neutralize+1","Deflect+1","Venomology+1","Noxious Fumes+1","Corpse Explosion","Backflip","Bandage Up+1","Noxious Fumes","Unload","Poisoned Stab+1","Masterful Stab+1"],"relics":["Ring of the Snake","Golden Idol","CeramicFish","Bottled Tornado","White Beast Statue","Potion Belt","Toy Ornithopter"],"acts_visited":["Exordium","TheCity"],"potions_floor_usage":[7,13,13,14,14,16,16,18,22,22,24,24,27,28,28,29,29,31,31,33,33],"damage_taken":[{"damage":1,"enemies":"2 Louse","floor":1,"turns":5},{"damage":7,"enemies":"Small Slimes","floor":5,"turns":5},{"damage":0,"enemies":"Cultist","floor":7,"turns":3},{"damage":0,"enemies":"Looter","floor":12,"turns":4},{"damage":0,"enemies":"Large Slime","floor":13,"turns":5},{"damage":4,"enemies":"Lagavulin","floor":14,"turns":6},{"damage":7,"enemies":"The Guardian","floor":16,"turns":15},{"damage":0,"enemies":"Chosen","floor":18,"turns":4},{"damage":31,"enemies":"2 Thieves","floor":20,"turns":4},{"damage":2,"enemies":"Centurion and Healer","floor":22,"turns":6},{"damage":52,"enemies":"Book of Stabbing","floor":24,"turns":8},{"damage":9,"enemies":"Cultist and Chosen","floor":27,"turns":5},{"damage":35,"enemies":"Snake Plant","floor":28,"turns":5},{"damage":15,"enemies":"Chosen and Byrds","floor":29,"turns":5},{"damage":14,"enemies":"Snecko","floor":31,"turns":6},{"damage":47,"enemies":"Automaton","floor":33,"turns":6}],"seed_played":"6266200400984489899","potions_obtained":[{"floor":5,"key":"Energy Potion"},{"floor":12,"key":"Explosive Potion"},{"floor":13,"key":"PowerPotion"},{"floor":14,"key":"blueLaboratory:BlinkPotion"},{"floor":20,"key":"blueLaboratory:FrostheartPotion"},{"floor":24,"key":"blueLaboratory:BubblePotion"},{"floor":28,"key":"blueLaboratory:BottleOfRum"},{"floor":31,"key":"blueLaboratory:SuffocatingSmog"}],"is_trial":false,"path_per_floor":["M","?","$","?","M","R","M","R","T","R","$","M","M","E","R","B",null,"M","$","M","?","M","R","E","R","T","M","M","M","$","M","R","B"],"character_chosen":"THE_SILENT","items_purchased":["CeramicFish","Potion Belt","Bandage Up","White Beast Statue","blueLaboratory:NullPotion"],"campfire_rested":1,"item_purchase_floors":[0,19,19,30,30],"current_hp_per_floor":[69,52,52,45,38,38,38,38,38,38,38,38,38,34,34,37,62,67,67,40,33,45,45,19,19,19,21,2,3,3,7,31,0,0],"gold":27,"neow_bonus":"","is_daily":false,"chose_seed":false,"campfire_upgraded":6,"win_rate":0.0,"timestamp":1613939872,"path_taken":["M","?","$","?","M","R","M","R","T","R","$","M","M","E","R","BOSS","M","$","M","?","M","R","E","R","T","M","M","?","$","M","R","BOSS"],"items_purchased_type":["Relic","Relic","Card","Relic","Potion"],"build_version":"2020-12-22","purchased_purges":2,"victory":false,"max_hp_per_floor":[70,70,70,70,70,70,70,70,70,70,70,70,70,70,70,70,70,70,70,70,70,70,70,80,80,80,80,80,80,80,82,82,82,82],"card_choices":[{"not_picked":["Deadly Poison","PiercingWail"],"picked":"Deflect","floor":1},{"not_picked":["Endless Agony","Dagger Spray","Prepared"],"picked":"SKIP","floor":5},{"not_picked":["Slice","Sucker Punch","Dash"],"picked":"SKIP","floor":7},{"not_picked":["Slice","Sucker Punch","Dash"],"picked":"SKIP","floor":7},{"not_picked":["Flying Knee","Choke"],"picked":"Venomology","floor":12},{"not_picked":["Riddle With Holes","Choke"],"picked":"Noxious Fumes","floor":13},{"not_picked":["Dodge and Roll","Sucker Punch","Flechettes"],"picked":"SKIP","floor":14},{"not_picked":["Phantasmal Killer","A Thousand Cuts"],"picked":"Corpse Explosion","floor":16},{"not_picked":["Slice","Eviscerate+1"],"picked":"Backflip","floor":18},{"not_picked":["Accuracy","Predator","Escape Plan"],"picked":"SKIP","floor":20},{"not_picked":["Prepared","All Out Attack"],"picked":"Noxious Fumes","floor":22},{"not_picked":["Deflect+1","Endless Agony"],"picked":"Unload","floor":24},{"not_picked":["Slice","Acrobatics"],"picked":"Poisoned Stab+1","floor":27},{"not_picked":["Flechettes","Dagger Spray","Dagger Throw"],"picked":"SKIP","floor":28},{"not_picked":["Prepared","Terror"],"picked":"Masterful Stab+1","floor":29},{"not_picked":["Poisoned Stab","Heel Hook","Acrobatics"],"picked":"SKIP","floor":31}],"player_experience":771904,"relics_obtained":[{"floor":14,"key":"Toy Ornithopter"},{"floor":24,"key":"Pear"},{"floor":26,"key":"Bottled Tornado"}],"event_choices":[{"damage_healed":0,"gold_gain":0,"player_choice":"Take Damage","damage_taken":17,"relics_obtained":["Golden Idol"],"max_hp_gain":0,"max_hp_loss":0,"event_name":"Golden Idol","floor":2,"gold_loss":0},{"cards_removed":["Defend_G"],"damage_healed":0,"gold_gain":0,"player_choice":"Card Removal","damage_taken":7,"max_hp_gain":0,"max_hp_loss":0,"event_name":"Golden Wing","floor":4,"gold_loss":0},{"damage_healed":0,"gold_gain":75,"player_choice":"Touch","damage_taken":7,"max_hp_gain":0,"max_hp_loss":0,"event_name":"FaceTrader","floor":21,"gold_loss":0}],"is_beta":false,"boss_relics":[{"not_picked":["Fusion Hammer","Snecko Eye","Philosopher\u0027s Stone"]}],"items_purged_floors":[3,11],"is_endless":false,"potions_floor_spawned":[5,12,13,14,20,24,28,31],"killed_by":"Automaton","ascension_level":5}}