{"host":"s0nrlal5fls38heo","time":1613949818,"event":{"mods":["AchievementEnabler","BaseMod","Colored Powertips","Dark Map","Displayed Cursed Tome","Downfall","Faster Ascension Climbing","GifTheSpireLib","Minty Spire (QoL Compilation)","Permanent Neow","Rare Cards Sparkle","Relic Filter Mod","StSLib"],"gold_per_floor":[99,118,135,154,154,154,154,154],"floor_reached":6,"language":"ENG","playtime":233,"items_purged":[],"score":54,"play_id":"3ac1d2c9-b0fa-4e49-908a-c6d26cf58a16","local_time":"20210222002338","is_ascension_mode":true,"campfire_choices":[{"data":"hexamod:Float","floor":1.0,"key":"SMITH"}],"circlet_count":0,"master_deck":["AscendersBane","hexamod:Strike","hexamod:Strike","hexamod:Strike","hexamod:Defend","hexamod:Defend","hexamod:Defend","hexamod:Defend","hexamod:Sear","hexamod:Float+1","hexamod:ThirdSeal","hexamod:DynamicBlow","hexamod:GhostLash","hexamod:TurnItUp"],"relics":["Black Star"],"acts_visited":["Exordium"],"potions_floor_usage":[6,6],"damage_taken":[{"damage":7.0,"enemies":"Small Slimes","floor":2.0,"turns":4.0},{"damage":8.0,"enemies":"Jaw Worm","floor":3.0,"turns":4.0},{"damage":0.0,"enemies":"Cultist","floor":4.0,"turns":3.0},{"damage":51,"enemies":"Lagavulin","floor":6,"turns":8}],"seed_played":"2177856086873884208","potions_obtained":[{"floor":2.0,"key":"EssenceOfSteel"},{"floor":4.0,"key":"bronze:BurnAndBuffPotion"}],"is_trial":false,"path_per_floor":["R","M","M","M","?","E"],"character_chosen":"THE_SPIRIT","items_purchased":[],"campfire_rested":0,"item_purchase_floors":[],"current_hp_per_floor":[63,56,48,48,48,0,0,0],"gold":154,"neow_bonus":"BOSS_RELIC","is_daily":false,"chose_seed":false,"campfire_upgraded":1,"win_rate":0.0,"timestamp":1613949818,"path_taken":["R","M","M","M","?","E"],"items_purchased_type":[],"build_version":"2020-12-22","purchased_purges":0,"victory":false,"max_hp_per_floor":[70,70,70,70,70,70,70,70],"card_choices":[{"not_picked":["hexamod:NightmareGuise","hexamod:NightmareStrike"],"picked":"hexamod:ThirdSeal","floor":2.0},{"not_picked":["hexamod:HeatMetal","hexamod:SkipABeat"],"picked":"hexamod:DynamicBlow","floor":3.0},{"not_picked":["hexamod:Firestarter","hexamod:FastForward"],"picked":"hexamod:GhostLash","floor":4.0},{"not_picked":["hexamod:FastForward","hexamod:InspiringFlames"],"picked":"hexamod:TurnItUp","floor":4.0}],"player_experience":60654,"relics_obtained":[],"event_choices":[],"is_beta":false,"boss_relics":[],"items_purged_floors":[],"is_endless":false,"potions_floor_spawned":[2,4],"killed_by":"Lagavulin","ascension_level":10}}