{"host":"5tzvto3beate6p8b","time":1613929425,"event":{"mods":["BaseMod","Colored Map","DeckTracker","Minty Spire (QoL Compilation)","Relic Stats","StSLib","SuperFastMode"],"gold_per_floor":[116,131,146,160,175,175,175,175],"floor_reached":7,"language":"JPN","playtime":380,"items_purged":[],"score":90,"play_id":"cf0d1c4d-8c7a-44a8-89be-4df0c6d0444b","local_time":"20210222024345","is_ascension_mode":true,"campfire_choices":[{"data":"Leg Sweep","floor":6,"key":"SMITH"}],"circlet_count":0,"master_deck":["AscendersBane","Strike_G","Strike_G","Strike_G","Strike_G","Strike_G","Defend_G","Defend_G","Defend_G","Defend_G","Defend_G","Survivor","Neutralize","Venomology","Deadly Poison","Deadly Poison","Masterful Stab","Crippling Poison","Leg Sweep+1"],"relics":["Ring of the Snake"],"acts_visited":["Exordium"],"potions_floor_usage":[3,4,7],"damage_taken":[{"damage":6,"enemies":"Small Slimes","floor":1,"turns":6},{"damage":1,"enemies":"Cultist","floor":2,"turns":4},{"damage":0,"enemies":"Jaw Worm","floor":3,"turns":3},{"damage":0,"enemies":"Looter","floor":4,"turns":3},{"damage":4,"enemies":"2 Fungi Beasts","floor":5,"turns":4},{"damage":56,"enemies":"Gremlin Nob","floor":7,"turns":4}],"seed_played":"-1647874336501402440","potions_obtained":[{"floor":1,"key":"Swift Potion"},{"floor":2,"key":"Fire Potion"}],"is_trial":false,"path_per_floor":["M","M","M","M","M","R","E"],"character_chosen":"THE_SILENT","items_purchased":[],"campfire_rested":0,"item_purchase_floors":[],"current_hp_per_floor":[38,37,37,37,33,33,0,0],"gold":175,"neow_bonus":"THREE_RARE_CARDS","is_daily":false,"chose_seed":false,"campfire_upgraded":1,"win_rate":0.0,"timestamp":1613929425,"path_taken":["M","M","M","M","M","R","E"],"items_purchased_type":[],"build_version":"2020-12-22","purchased_purges":0,"victory":false,"max_hp_per_floor":[66,66,66,66,66,66,66,66],"relic_stats":{"counters":[6,24],"obtain_stats":[{"Ring of the Snake":0},{"Ring of the Snake":0},{"Ring of the Snake":0}],"Ring of the Snake":[12]},"card_choices":[{"not_picked":["Doppelganger","Bullet Time"],"picked":"Venomology","floor":0},{"not_picked":["Prepared","Flechettes"],"picked":"Deadly Poison","floor":1},{"not_picked":["Calculated Gamble","Terror"],"picked":"Deadly Poison","floor":2},{"not_picked":["PiercingWail","Prepared"],"picked":"Masterful Stab","floor":3},{"not_picked":["Sucker Punch","Deadly Poison"],"picked":"Crippling Poison","floor":4},{"not_picked":["Dagger Throw","Bouncing Flask"],"picked":"Leg Sweep","floor":5}],"player_experience":841500,"relics_obtained":[],"event_choices":[],"is_beta":false,"boss_relics":[],"items_purged_floors":[],"is_endless":false,"potions_floor_spawned":[1,2],"killed_by":"Gremlin Nob","ascension_level":20}}