{"host":"rw1trt79hfpl7pom","time":1613877823,"event":{"mods":["BaseMod","Bestiary","Colored Map","Jorbs\u0027s Wanderer Trilogy","Minty Spire (QoL Compilation)","Relic Stats","StSLib","SuperFastMode"],"gold_per_floor":[117,117,135,150,150,150,181,181,181,215,234,234,262,276,276,349,349,369,294,41,41,91,143,143,187,234,234,234,291,345,43,43,157,157,205,254,302,322,331,331,405,405,405,477,477,521,559,639,639,699,759,759,759,0,26,26],"floor_reached":57,"language":"ENG","playtime":4407,"items_purged":["Strike_P","Strike_P+1","Defend_P+1"],"score":2917,"play_id":"794d0a75-4c22-4c7f-819e-1ebd721aab08","local_time":"20210220192343","is_ascension_mode":true,"campfire_choices":[{"data":"Eruption","floor":6.0,"key":"SMITH"},{"floor":8.0,"key":"REST"},{"floor":12.0,"key":"REST"},{"data":"TalkToTheHand","floor":15.0,"key":"SMITH"},{"floor":28.0,"key":"REST"},{"data":"Wish","floor":32.0,"key":"SMITH"},{"floor":40.0,"key":"REST"},{"floor":42.0,"key":"REST"},{"floor":45.0,"key":"RECALL"},{"floor":49.0,"key":"REST"},{"floor":53,"key":"REST"}],"circlet_count":0,"master_deck":["AscendersBane","Defend_P+1","Defend_P+1","Defend_P+1","Eruption+1","Vigilance+1","BowlingBash","Omniscience+1","TalkToTheHand+1","WaveOfTheHand+1","CutThroughFate+1","MentalFortress+1","ClearTheMind+1","Halt","Crescendo+1","LessonLearned+1","Vengeance+1","Wish+1","LikeWater+1","Wireheading+1","Wireheading+1","Ragnarok+1","EmptyBody+1","Fasting2+1","TalkToTheHand+1","Swivel","MentalFortress+1","EmptyFist","Vault+1","PanicButton"],"relics":["SacredBark","Letter Opener","Pear","Potion Belt","Happy Flower","Snecko Eye","Lantern","CeramicFish","Tiny Chest","OrangePellets","Fusion Hammer","Ice Cream","Vajra","Boot","Regal Pillow","Kunai","Bag of Preparation","Sundial"],"acts_visited":["Exordium","TheCity","TheBeyond","TheEnding"],"potions_floor_usage":[51,56,56,56],"damage_taken":[{"damage":9.0,"enemies":"Jaw Worm","floor":1.0,"turns":6.0},{"damage":2.0,"enemies":"Cultist","floor":3.0,"turns":3.0},{"damage":5.0,"enemies":"Small Slimes","floor":4.0,"turns":3.0},{"damage":23.0,"enemies":"3 Sentries","floor":7.0,"turns":4.0},{"damage":16.0,"enemies":"Gremlin Nob","floor":10.0,"turns":3.0},{"damage":0.0,"enemies":"Looter","floor":11.0,"turns":3.0},{"damage":14.0,"enemies":"Lagavulin","floor":13.0,"turns":7.0},{"damage":4.0,"enemies":"2 Fungi Beasts","floor":14.0,"turns":3.0},{"damage":12.0,"enemies":"Hexaghost","floor":16.0,"turns":11.0},{"damage":11.0,"enemies":"Spheric Guardian","floor":18.0,"turns":4.0},{"damage":7.0,"enemies":"Slavers","floor":23.0,"turns":4.0},{"damage":14.0,"enemies":"3 Byrds","floor":25.0,"turns":4.0},{"damage":0.0,"enemies":"Gremlin Leader","floor":29.0,"turns":5.0},{"damage":11.0,"enemies":"Shelled Parasite and Fungi","floor":30.0,"turns":5.0},{"damage":0.0,"enemies":"Champ","floor":33.0,"turns":14.0},{"damage":1.0,"enemies":"3 Darklings","floor":35.0,"turns":4.0},{"damage":5.0,"enemies":"3 Shapes","floor":36.0,"turns":4.0},{"damage":40.0,"enemies":"2 Orb Walkers","floor":37.0,"turns":9.0},{"damage":0.0,"enemies":"Jaw Worm Horde","floor":38.0,"turns":2.0},{"damage":8.0,"enemies":"Reptomancer","floor":41.0,"turns":12.0},{"damage":3.0,"enemies":"Nemesis","floor":44.0,"turns":5.0},{"damage":2.0,"enemies":"Writhing Mass","floor":46.0,"turns":6.0},{"damage":0.0,"enemies":"Reptomancer","floor":47.0,"turns":2.0},{"damage":16.0,"enemies":"Transient","floor":48.0,"turns":6.0},{"damage":27.0,"enemies":"Time Eater","floor":50.0,"turns":9.0},{"damage":54,"enemies":"Donu and Deca","floor":51,"turns":10},{"damage":25,"enemies":"Shield and Spear","floor":55,"turns":9},{"damage":5,"enemies":"The Heart","floor":56,"turns":9}],"seed_played":"-4095845318830997922","potions_obtained":[{"floor":3.0,"key":"EntropicBrew"},{"floor":4.0,"key":"PowerPotion"},{"floor":10.0,"key":"FearPotion"},{"floor":14.0,"key":"LiquidBronze"},{"floor":18.0,"key":"DistilledChaos"},{"floor":29.0,"key":"EssenceOfSteel"},{"floor":30.0,"key":"Energy Potion"},{"floor":33.0,"key":"Swift Potion"},{"floor":41.0,"key":"ColorlessPotion"},{"floor":44.0,"key":"Ambrosia"},{"floor":48.0,"key":"Regen Potion"}],"is_trial":false,"path_per_floor":["M","?","M","M","?","R","E","R","T","E","M","R","E","M","R","B",null,"M","?","$","?","?","E","?","M","T","?","R","E","M","$","R","B",null,"M","M","?","M","?","R","E","R","T","E","R","M","E","M","R","B","B",null,"R","$","E","B",null],"character_chosen":"WATCHER","items_purchased":["Wish","OrangePellets","Wireheading","Kunai","Vault","Bag of Preparation","SpeedPotion","PanicButton"],"campfire_rested":7,"item_purchase_floors":[20,31,31,54,54,54,54,54],"current_hp_per_floor":[52,52,50,45,25,25,2,22,32,16,16,39,25,21,21,9,61,50,50,50,50,50,43,21,7,7,7,31,31,20,20,20,20,67,66,61,21,21,21,45,37,61,61,58,58,56,56,40,79,52,50,75,83,83,58,53],"gold":26,"neow_bonus":"BOSS_RELIC","is_daily":false,"chose_seed":false,"campfire_upgraded":3,"win_rate":0.0,"timestamp":1613877823,"path_taken":["M","?","?","M","?","R","E","R","T","E","M","R","E","M","R","BOSS","M","?","$","?","?","E","?","M","T","?","R","E","M","$","R","BOSS","M","M","?","M","?","R","E","R","T","E","R","M","E","M","R","BOSS","BOSS","R","$","E","BOSS"],"items_purchased_type":["Card","Relic","Card","Relic","Card","Relic","Potion","Card"],"build_version":"2020-12-22","purchased_purges":3,"victory":true,"max_hp_per_floor":[68,68,68,68,68,68,68,68,78,78,78,78,78,78,78,78,78,78,78,78,78,78,78,83,83,83,83,83,83,83,83,83,83,83,83,83,83,83,83,83,83,83,83,83,83,83,83,83,83,83,83,83,83,83,83,83],"relic_stats":{"Regal Pillow":15,"Happy Flower":[45],"counters":[28,166],"CeramicFish":99,"Bag of Preparation":[4],"Letter Opener":[407],"Boot":[2],"OrangePellets":[30],"Sundial":[2],"Snecko Eye":[83,87,84,75],"Tiny Chest":0,"Kunai":[2],"obtain_stats":[{"Potion Belt":10,"Ice Cream":37,"Lantern":23,"Regal Pillow":47,"Pear":9,"Happy Flower":13,"SacredBark":0,"CeramicFish":26,"Vajra":41,"Bag of Preparation":54,"Letter Opener":7,"Boot":44,"OrangePellets":31,"Sundial":55,"Snecko Eye":17,"Tiny Chest":29,"Fusion Hammer":34,"Kunai":54,"PureWater":0},{"Potion Belt":5,"Ice Cream":18,"Lantern":11,"Regal Pillow":23,"Pear":4,"Happy Flower":7,"SacredBark":0,"CeramicFish":12,"Vajra":20,"Bag of Preparation":26,"Letter Opener":4,"Boot":21,"OrangePellets":14,"Sundial":27,"Snecko Eye":9,"Tiny Chest":13,"Fusion Hammer":15,"Kunai":26,"PureWater":0},{"Potion Belt":19,"Ice Cream":96,"Lantern":51,"Regal Pillow":123,"Pear":16,"Happy Flower":29,"SacredBark":0,"CeramicFish":55,"Vajra":110,"Bag of Preparation":148,"Letter Opener":16,"Boot":115,"OrangePellets":65,"Sundial":157,"Snecko Eye":43,"Tiny Chest":60,"Fusion Hammer":79,"Kunai":148,"PureWater":0}]},"card_choices":[{"not_picked":["Evaluate","Halt"],"picked":"BowlingBash","floor":1.0},{"not_picked":["LikeWater","Worship"],"picked":"TalkToTheHand","floor":3.0},{"not_picked":["ThirdEye","CrushJoints"],"picked":"WaveOfTheHand","floor":4.0},{"not_picked":["Prostrate","BowlingBash"],"picked":"CutThroughFate","floor":7.0},{"not_picked":["WaveOfTheHand","CutThroughFate"],"picked":"MentalFortress","floor":10.0},{"not_picked":["Prostrate","ThirdEye"],"picked":"ClearTheMind","floor":11.0},{"not_picked":["Consecrate","PathToVictory"],"picked":"Halt","floor":13.0},{"not_picked":["SandsOfTime","ThirdEye"],"picked":"Crescendo","floor":14.0},{"not_picked":["ConjureBlade","MasterReality"],"picked":"LessonLearned","floor":16.0},{"not_picked":["Prostrate","Evaluate"],"picked":"Vengeance","floor":18.0},{"not_picked":["ClearTheMind","Study","Indignation"],"picked":"SKIP","floor":23.0},{"not_picked":["Conclude","SashWhip"],"picked":"LikeWater+1","floor":25.0},{"not_picked":["JustLucky","BowlingBash","CrushJoints"],"picked":"SKIP","floor":29.0},{"not_picked":["Consecrate","WaveOfTheHand"],"picked":"Wireheading","floor":30.0},{"not_picked":["ConjureBlade","LessonLearned"],"picked":"Ragnarok","floor":33.0},{"not_picked":["JustLucky","ThirdEye","FlyingSleeves"],"picked":"SKIP","floor":35.0},{"not_picked":["CrushJoints","ThirdEye"],"picked":"EmptyBody","floor":36.0},{"not_picked":["SandsOfTime+1","Protect+1"],"picked":"Fasting2","floor":38.0},{"not_picked":["Brilliance","EmptyBody"],"picked":"Swivel","floor":41.0},{"not_picked":["Halt","Meditate"],"picked":"MentalFortress+1","floor":44.0},{"not_picked":["Halt","CrushJoints","PathToVictory+1"],"picked":"SKIP","floor":46.0},{"not_picked":["Indignation","FollowUp+1","EmptyFist"],"picked":"SKIP","floor":47.0},{"not_picked":["Indignation","FollowUp+1"],"picked":"EmptyFist","floor":47.0},{"not_picked":["Protect","Prostrate","SashWhip+1"],"picked":"SKIP","floor":48.0},{"not_picked":["Establishment","Conclude","Prostrate+1"],"picked":"SKIP","floor":55}],"player_experience":2840767,"relics_obtained":[{"floor":7.0,"key":"Letter Opener"},{"floor":9.0,"key":"Pear"},{"floor":10.0,"key":"Potion Belt"},{"floor":13.0,"key":"Happy Flower"},{"floor":23.0,"key":"Lantern"},{"floor":26.0,"key":"CeramicFish"},{"floor":29.0,"key":"Tiny Chest"},{"floor":37.0,"key":"Ice Cream"},{"floor":41.0,"key":"Vajra"},{"floor":44.0,"key":"Boot"},{"floor":47.0,"key":"Regal Pillow"},{"floor":55,"key":"Sundial"}],"event_choices":[{"damage_healed":0.0,"max_hp_gain":0.0,"max_hp_loss":0.0,"gold_gain":0.0,"event_name":"Match and Keep!","player_choice":"1 cards matched","floor":2.0,"gold_loss":0.0,"damage_taken":0.0,"cards_obtained":["Omniscience"]},{"damage_healed":0.0,"max_hp_gain":0.0,"max_hp_loss":0.0,"gold_gain":0.0,"event_name":"Match and Keep!","player_choice":"1 cards matched","floor":2.0,"gold_loss":0.0,"damage_taken":0.0,"cards_obtained":["Omniscience"]},{"damage_healed":0.0,"max_hp_gain":0.0,"max_hp_loss":0.0,"gold_gain":0.0,"event_name":"Shining Light","player_choice":"Entered Light","floor":5.0,"gold_loss":0.0,"damage_taken":20.0,"cards_upgraded":["Omniscience","Vigilance"]},{"cards_removed":["Strike_P"],"damage_healed":0.0,"max_hp_gain":0.0,"max_hp_loss":0.0,"gold_gain":0.0,"event_name":"Beggar","player_choice":"Gave Gold","floor":19.0,"gold_loss":75.0,"damage_taken":0.0},{"damage_healed":0.0,"max_hp_gain":0.0,"max_hp_loss":0.0,"gold_gain":0.0,"event_name":"The Mausoleum","player_choice":"Ignored","floor":21.0,"gold_loss":0.0,"damage_taken":0.0},{"damage_healed":0.0,"max_hp_gain":0.0,"max_hp_loss":0.0,"gold_gain":50.0,"event_name":"Nest","player_choice":"Stole From Cult","floor":22.0,"gold_loss":0.0,"damage_taken":0.0},{"damage_healed":0.0,"max_hp_gain":5.0,"max_hp_loss":0.0,"gold_gain":0.0,"event_name":"Forgotten Altar","player_choice":"Shed Blood","floor":24.0,"gold_loss":0.0,"damage_taken":27.0},{"cards_removed":["Strike_P"],"damage_healed":0.0,"max_hp_gain":0.0,"max_hp_loss":0.0,"gold_gain":0.0,"event_name":"Back to Basics","player_choice":"Elegance","floor":27.0,"gold_loss":0.0,"damage_taken":0.0},{"damage_healed":0.0,"max_hp_gain":0.0,"max_hp_loss":0.0,"gold_gain":0.0,"event_name":"Mysterious Sphere","player_choice":"Fight","floor":37.0,"gold_loss":0.0,"damage_taken":0.0},{"damage_healed":0.0,"max_hp_gain":0.0,"max_hp_loss":0.0,"gold_gain":0.0,"event_name":"Duplicator","player_choice":"Copied","floor":39.0,"gold_loss":0.0,"damage_taken":0.0,"cards_obtained":["TalkToTheHand"]}],"is_beta":false,"boss_relics":[{"not_picked":["Pandora\u0027s Box","Cursed Key"],"picked":"Snecko Eye"},{"not_picked":["Tiny House","Coffee Dripper"],"picked":"Fusion Hammer"}],"items_purged_floors":[20,31,54],"is_endless":false,"potions_floor_spawned":[3,4,10,14,18,29,30,33,36,41,44,48],"ascension_level":20}}