{"host":"py7qdianp3jrm8dm","time":1613922319,"event":{"mods":["AchievementEnabler","BaseMod","Bestiary","Downfall","Highlight Path","Minty Spire (QoL Compilation)","StSLib"],"gold_per_floor":[119,139,33,44,44,44,63,73,73,91,91,91,110,110,110,211,211,229,154,173,173,173],"floor_reached":21,"language":"ENG","playtime":882,"items_purged":["Defend_R"],"score":198,"play_id":"9cd255f1-aead-469b-a3ce-775209a30b20","local_time":"20210221154519","is_ascension_mode":false,"campfire_choices":[{"data":"Perfected Strike","floor":6,"key":"SMITH"},{"data":"Uppercut","floor":12,"key":"SMITH"},{"data":"Shockwave","floor":15,"key":"SMITH"}],"circlet_count":0,"master_deck":["Strike_R","Strike_R","Strike_R","Strike_R","Strike_R","Defend_R","Bash","Perfected Strike+1","Inflame","Inflame","Flex","Cleave","Shrug It Off","Uppercut+1","Shockwave+1","Impervious","Thunderclap","Heavy Blade"],"relics":["Burning Blood"],"acts_visited":["Exordium","TheCity"],"potions_floor_usage":[16,16,20],"damage_taken":[{"damage":1,"enemies":"Cultist","floor":1,"turns":3},{"damage":0,"enemies":"2 Louse","floor":2,"turns":2},{"damage":8,"enemies":"Small Slimes","floor":4,"turns":3},{"damage":10,"enemies":"Looter","floor":7,"turns":3},{"damage":18,"enemies":"Exordium Thugs","floor":8,"turns":5},{"damage":5,"enemies":"3 Louse","floor":10,"turns":3},{"damage":14,"enemies":"Blue Slaver","floor":13,"turns":4},{"damage":8,"enemies":"Hexaghost","floor":16,"turns":9},{"damage":38,"enemies":"Spheric Guardian","floor":18,"turns":6},{"damage":39,"enemies":"Shell Parasite","floor":20,"turns":6},{"damage":8,"enemies":"Snecko","floor":21,"turns":3}],"seed_played":"-5723220239586227837","potions_obtained":[{"floor":1,"key":"SkillPotion"},{"floor":7,"key":"HeartOfIron"},{"floor":13,"key":"Energy Potion"}],"is_trial":false,"path_per_floor":["M","M","$","M","T","R","M","M","T","M","?","R","M","?","R","B",null,"M","$","M","M"],"character_chosen":"IRONCLAD","items_purchased":["Inflame","Flex"],"campfire_rested":0,"item_purchase_floors":[3,3],"current_hp_per_floor":[77,83,83,81,81,81,77,65,65,66,66,66,58,51,51,49,96,64,64,31,23,23],"gold":173,"neow_bonus":"TWENTY_PERCENT_HP_BONUS","is_daily":false,"chose_seed":false,"campfire_upgraded":3,"win_rate":0.0,"timestamp":1613922319,"path_taken":["M","M","$","M","?","R","M","M","T","M","?","R","?","?","R","BOSS","M","$","M","M"],"items_purchased_type":["Card","Card"],"build_version":"2020-12-22","purchased_purges":1,"victory":false,"max_hp_per_floor":[96,96,96,96,96,96,96,96,96,96,96,96,96,96,96,96,96,96,96,96,96,96],"card_choices":[{"not_picked":["Whirlwind","Body Slam"],"picked":"Perfected Strike","floor":1},{"not_picked":["Flex","Searing Blow"],"picked":"Inflame","floor":2},{"not_picked":["Body Slam","Armaments"],"picked":"Cleave","floor":4},{"not_picked":["Body Slam","Searing Blow","Havoc"],"picked":"SKIP","floor":7},{"not_picked":["Sever Soul","Warcry"],"picked":"Shrug It Off","floor":8},{"not_picked":["Warcry","Iron Wave"],"picked":"Uppercut","floor":10},{"not_picked":["Iron Wave","Clothesline"],"picked":"Shockwave","floor":13},{"not_picked":["Exhume","Brutality"],"picked":"Impervious","floor":16},{"not_picked":["Shrug It Off","Havoc"],"picked":"Thunderclap","floor":18},{"not_picked":["Searing Blow","Twin Strike"],"picked":"Heavy Blade","floor":20}],"player_experience":638573,"relics_obtained":[],"event_choices":[{"cards_removed":["Defend_R"],"damage_healed":0,"gold_gain":0,"player_choice":"Purged","damage_taken":0,"max_hp_gain":0,"max_hp_loss":0,"event_name":"Purifier","floor":11,"gold_loss":0},{"cards_removed":["Defend_R"],"damage_healed":0,"gold_gain":0,"player_choice":"Card Removal","damage_taken":7,"max_hp_gain":0,"max_hp_loss":0,"event_name":"Golden Wing","floor":14,"gold_loss":0}],"is_beta":false,"boss_relics":[{"not_picked":[]}],"items_purged_floors":[19],"is_endless":false,"potions_floor_spawned":[1,7,13],"killed_by":"Snecko","ascension_level":0}}