{"host":"g6de5jjas85bb8qt","time":1613914076,"event":{"mods":["2.2 Compatiblity","BaseMod","BetterRewards","Colored Map","Minty Spire (QoL Compilation)","StSLib","The Animator","The Marked"],"gold_per_floor":[116,129,129,148,171,96,109,109,132,145,181,196,9,9,9],"floor_reached":14,"language":"ENG","playtime":523,"items_purged":["Strike_P","Defend_P"],"score":94,"play_id":"dc6099aa-c043-493a-aeeb-efb813f15bc5","local_time":"20210221152756","is_ascension_mode":false,"campfire_choices":[{"data":"Collect","floor":8,"key":"SMITH"}],"circlet_count":0,"master_deck":["Strike_P","Strike_P","Strike_P","Defend_P","Defend_P","Defend_P","Eruption","Vigilance","FearNoEvil","ThirdEye","SandsOfTime","Collect+1","Protect","Deep Breath"],"relics":["PureWater","NeowsBlessing","Golden Idol","Toy Ornithopter","Bronze Scales"],"acts_visited":["Exordium"],"potions_floor_usage":[14],"damage_taken":[{"damage":0,"enemies":"Small Slimes","floor":1,"turns":1},{"damage":0,"enemies":"Cultist","floor":2,"turns":1},{"damage":0,"enemies":"2 Louse","floor":4,"turns":1},{"damage":0,"enemies":"Exordium Thugs","floor":5,"turns":5},{"damage":3,"enemies":"Looter","floor":7,"turns":3},{"damage":3,"enemies":"2 Fungi Beasts","floor":10,"turns":3},{"damage":8,"enemies":"Lagavulin","floor":11,"turns":5},{"damage":6,"enemies":"Lots of Slimes","floor":12,"turns":5},{"damage":52,"enemies":"Gremlin Nob","floor":14,"turns":4}],"seed_played":"1287308566272058187","potions_obtained":[{"floor":1,"key":"Energy Potion"},{"floor":2,"key":"Energy Potion"},{"floor":12,"key":"DuplicationPotion"}],"is_trial":false,"path_per_floor":["M","M","?","M","M","$","M","R","T","M","E","M","$","E"],"character_chosen":"WATCHER","items_purchased":["Deep Breath"],"campfire_rested":0,"item_purchase_floors":[13],"current_hp_per_floor":[72,72,67,67,67,67,64,64,64,61,53,47,47,0,0],"gold":9,"neow_bonus":"THREE_ENEMY_KILL","is_daily":false,"chose_seed":false,"campfire_upgraded":1,"win_rate":0.0,"timestamp":1613914076,"path_taken":["M","M","?","M","M","$","M","R","T","M","E","M","$","E"],"items_purchased_type":["Card"],"build_version":"2020-12-22","purchased_purges":2,"victory":false,"max_hp_per_floor":[72,72,67,67,67,67,67,67,67,67,67,67,67,67,67],"card_choices":[{"not_picked":["SashWhip","SandsOfTime"],"picked":"FearNoEvil","floor":1},{"not_picked":["FlyingSleeves","EmptyFist","WheelKick"],"picked":"SKIP","floor":2},{"not_picked":["CrushJoints","EmptyFist"],"picked":"ThirdEye","floor":4},{"not_picked":["CutThroughFate","ClearTheMind"],"picked":"SandsOfTime","floor":5},{"not_picked":["Nirvana","FlurryOfBlows"],"picked":"Collect","floor":7},{"not_picked":["Collect","Halt","JustLucky"],"picked":"SKIP","floor":10},{"not_picked":["FollowUp","Fasting2"],"picked":"Protect","floor":11},{"not_picked":["CutThroughFate","Evaluate","FollowUp"],"picked":"SKIP","floor":12}],"player_experience":456346,"relics_obtained":[{"floor":9,"key":"Toy Ornithopter"},{"floor":11,"key":"Bronze Scales"}],"event_choices":[{"damage_healed":0,"gold_gain":0,"player_choice":"Lose Max HP","damage_taken":0,"relics_obtained":["Golden Idol"],"max_hp_gain":0,"max_hp_loss":5,"event_name":"Golden Idol","floor":3,"gold_loss":0}],"is_beta":false,"boss_relics":[],"items_purged_floors":[6,13],"is_endless":false,"potions_floor_spawned":[1,2,12],"killed_by":"Gremlin Nob","ascension_level":0}}