{"host":"gk9qdtkqd8dwfeg2","time":1613929934,"event":{"mods":["ATMod(∞¢Ë™Mod)","Act Like it!","Aspiration","BaseMod","Colored Powertips","Gensokyo","Minty Spire (QoL Compilation)","Quick Restart","Reimu£®≤©¿ˆ¡È√Œ£©","Remilia£®¿Ÿ√◊¿Ú—«£©","Shop Mod","StSLib","The Servant 0.9.4","Waifu the Spire","Youmu£®ªÍ∆«—˝√Œ£©"],"gold_per_floor":[118,128,142,292,217,217,217,217,240,240,254,5,15,44,44,122,122,139,464,475,19,33,58,77,27,53,303,303,316,216,227,227,299,299,309,309,81,81,3,28,39,39,64,64,80,105,140,51,51,51,51,51,51,51,83,83],"floor_reached":57,"language":"ZHS","playtime":2096,"items_purged":["Strike_R","Strike_R","Strike_R"],"score":2961,"play_id":"0590174b-62a6-4ac6-95a5-9821aa91afbe","local_time":"20210222015214","is_ascension_mode":true,"campfire_choices":[{"data":"AT_ChampionStep","floor":6.0,"key":"SMITH"},{"data":"Cleave","floor":8.0,"key":"SMITH"},{"data":"AT_CaressingTears","floor":15.0,"key":"SMITH"},{"data":"AT_BodySlamDance","floor":28,"key":"SMITH"},{"data":"AT_DiedThrough","floor":32,"key":"SMITH"},{"data":"Madness","floor":42,"key":"SMITH"},{"data":"Purity","floor":44,"key":"SMITH"},{"floor":49,"key":"RECALL"},{"data":"Madness","floor":53,"key":"SMITH"}],"circlet_count":0,"master_deck":["AscendersBane","Strike_R","Defend_R","Defend_R","Defend_R","Defend_R","Bash","AT_ChampionStep+1","Power Through","AT_CaressingTears+1","Pummel","AT_BodySlamDance+1","Barricade","Dark Embrace","Evolve","Battle Trance","AT_CaressingTears","AT_DiedThrough+1","Power Through","Berserk","Madness+1","Madness+1","Purity+1","Burning Pact","Reaper+1","AT_ManFootWork","AT_ShrugMaster","Second Wind+1"],"relics":["Burning Blood","AT_ATBox","ScarletHat","Ice Cream","Art of War","Brimstone","ScarletDevilRocket","AT_TrinityForce","MerchantsRug","AT_ArcaneBoots","Molten Egg 2","SacredBark","Ancient Tea Set","Anchor","Ginger","InkBottle","AT_RedTearstoneRing"],"acts_visited":["Exordium","Exordium","TheBeyond","TheEnding"],"potions_floor_usage":[40,46,55,56,56],"damage_taken":[{"damage":6.0,"enemies":"Cultist","floor":1.0,"turns":4.0},{"damage":3.0,"enemies":"Small Slimes","floor":2.0,"turns":3.0},{"damage":10.0,"enemies":"2 Louse","floor":3.0,"turns":3.0},{"damage":5.0,"enemies":"Looter","floor":11.0,"turns":3.0},{"damage":0.0,"enemies":"2 Fungi Beasts","floor":13.0,"turns":2.0},{"damage":5.0,"enemies":"3 Sentries","floor":14.0,"turns":4.0},{"damage":43.0,"enemies":"Hexaghost","floor":16.0,"turns":4.0},{"damage":41.0,"enemies":"Gensokyo:3_Dogs","floor":18.0,"turns":4.0},{"damage":0.0,"enemies":"Gensokyo:2_Gloops","floor":20.0,"turns":3.0},{"damage":10.0,"enemies":"Gensokyo:Mirror_and_Dog","floor":22.0,"turns":4.0},{"damage":28.0,"enemies":"Gensokyo:Tenshi","floor":23.0,"turns":5.0},{"damage":10.0,"enemies":"Gensokyo:Wraith","floor":24.0,"turns":4.0},{"damage":0,"enemies":"Gensokyo:3_Gloops","floor":29,"turns":3},{"damage":0,"enemies":"Gensokyo:Slime_Group","floor":31,"turns":2},{"damage":0,"enemies":"Gensokyo:Eternal_Rivals","floor":33,"turns":5},{"damage":0,"enemies":"3 Darklings","floor":35,"turns":2},{"damage":45,"enemies":"Nemesis","floor":40,"turns":3},{"damage":2,"enemies":"Orb Walker","floor":41,"turns":2},{"damage":0,"enemies":"Sphere and 2 Shapes","floor":45,"turns":2},{"damage":0,"enemies":"Mind Bloom Boss Battle","floor":46,"turns":2},{"damage":0,"enemies":"Reptomancer","floor":47,"turns":2},{"damage":0,"enemies":"Awakened One","floor":50,"turns":4},{"damage":22,"enemies":"Time Eater","floor":51,"turns":3},{"damage":2,"enemies":"Shield and Spear","floor":55,"turns":3},{"damage":121,"enemies":"The Heart","floor":56,"turns":14}],"seed_played":"-5022329746716686199","potions_obtained":[{"floor":11.0,"key":"ColorlessPotion"},{"floor":13.0,"key":"SteroidPotion"},{"floor":20.0,"key":"Strength Potion"},{"floor":24.0,"key":"Swift Potion"},{"floor":40,"key":"Fruit Juice"},{"floor":41,"key":"SpeedPotion"},{"floor":46,"key":"DistilledChaos"},{"floor":55,"key":"ZuzhouPotion:ReiMu"}],"is_trial":false,"path_per_floor":["M","M","M","?","?","R","?","R","T","?","M","$","M","E","R","B",null,"M","?","M","$","M","E","M","?","T","?","R","M","$","M","R","B",null,"M","?","$","?","$","E","M","R","T","R","M","?","E","$","R","B","B",null,"R","$","E","B",null],"character_chosen":"IRONCLAD","items_purchased":["Brimstone","AT_CaressingTears","MerchantsRug","Evolve","AT_SpeedBoots","Purity","Burning Pact","AT_ShrugMaster"],"campfire_rested":0,"item_purchase_floors":[12,12,21,21,21,37,39,48],"current_hp_per_floor":[68,71,67,67,67,67,56,56,56,56,57,57,63,75,75,50,69,38,38,48,48,48,30,34,41,41,41,41,49,49,59,59,73,75,76,62,62,62,62,58,66,66,66,66,86,86,86,86,86,86,86,86,86,86,86,59],"gold":83,"neow_bonus":"NOSTALGIA","is_daily":false,"chose_seed":false,"campfire_upgraded":8,"win_rate":0.0,"timestamp":1613929934,"path_taken":["M","?","M","?","?","R","?","R","T","?","?","?","M","E","R","BOSS","M","?","M","$","M","E","M","?","T","?","R","M","$","M","R","BOSS","M","?","$","?","$","E","M","R","T","R","M","?","E","$","R","BOSS","BOSS","R","$","E","BOSS"],"items_purchased_type":["Relic","Card","Relic","Card","Relic","Card","Card","Card"],"build_version":"2020-12-22","purchased_purges":3,"victory":true,"max_hp_per_floor":[75,75,75,75,75,75,75,75,75,75,75,75,75,75,75,75,75,75,75,75,75,75,75,75,82,82,76,76,76,76,76,76,76,76,76,76,76,76,76,86,86,86,86,86,86,86,86,86,86,86,86,86,86,86,86,86],"card_choices":[{"not_picked":["Cleave","Havoc","Flame Barrier"],"picked":"SKIP","floor":1.0},{"not_picked":["Warcry","Clothesline","Wild Strike"],"picked":"SKIP","floor":2.0},{"not_picked":["Warcry","Reckless Charge"],"picked":"Cleave","floor":3.0},{"not_picked":["Flame Barrier","Cleave"],"picked":"Power Through","floor":11.0},{"not_picked":["Warcry","Clothesline"],"picked":"Pummel","floor":13.0},{"not_picked":["Cleave","Sword Boomerang"],"picked":"AT_BodySlamDance","floor":14.0},{"not_picked":["Double Tap","Feed"],"picked":"Barricade","floor":16.0},{"not_picked":["Flex","Ghostly Armor"],"picked":"Dark Embrace","floor":18.0},{"not_picked":["Pommel Strike","Heavy Blade+1","Ghostly Armor"],"picked":"SKIP","floor":20.0},{"not_picked":["AT_DrawKnifeCut","AT_BodySlamDance","Havoc+1"],"picked":"SKIP","floor":22.0},{"not_picked":["AT_DrawKnifeCut","AT_BodySlamDance","Havoc+1"],"picked":"SKIP","floor":22.0},{"not_picked":["AT_CaressingTears","Evolve"],"picked":"Battle Trance","floor":23.0},{"not_picked":["Cleave+1","Rage"],"picked":"AT_CaressingTears","floor":24.0},{"not_picked":["Uppercut+1","Perfected Strike+1"],"picked":"AT_DiedThrough","floor":29},{"not_picked":["Havoc","Flame Barrier"],"picked":"Power Through","floor":31},{"not_picked":["Limit Break","Brutality"],"picked":"Berserk","floor":33},{"not_picked":["Shrug It Off","Clash+1","Uppercut+1"],"picked":"SKIP","floor":35},{"not_picked":["Wild Strike+1","Burning Pact","Exhume"],"picked":"SKIP","floor":40},{"not_picked":["Iron Wave+1","Warcry","True Grit"],"picked":"SKIP","floor":41},{"not_picked":["Rage+1","Body Slam+1"],"picked":"Reaper+1","floor":45},{"not_picked":["Havoc+1","Twin Strike+1"],"picked":"AT_ManFootWork","floor":47},{"not_picked":["AT_BodySlamDance+1","Sword Boomerang+1"],"picked":"Second Wind+1","floor":55}],"player_experience":806357,"relics_obtained":[{"floor":9.0,"key":"Art of War"},{"floor":14.0,"key":"ScarletDevilRocket"},{"floor":23.0,"key":"Molten Egg 2"},{"floor":40,"key":"Ancient Tea Set"},{"floor":43,"key":"Anchor"},{"floor":46,"key":"Ginger"},{"floor":47,"key":"InkBottle"},{"floor":55,"key":"AT_RedTearstoneRing"}],"event_choices":[{"damage_healed":0.0,"max_hp_gain":0.0,"max_hp_loss":0.0,"gold_gain":150.0,"event_name":"Liars Game","player_choice":"AGREE","floor":4.0,"gold_loss":0.0,"damage_taken":0.0,"cards_obtained":["Doubt"]},{"cards_removed":["Doubt"],"damage_healed":0.0,"max_hp_gain":0.0,"max_hp_loss":0.0,"gold_gain":0.0,"event_name":"The Cleric","player_choice":"Card Removal","floor":5.0,"gold_loss":75.0,"damage_taken":0.0},{"damage_healed":0.0,"max_hp_gain":0.0,"max_hp_loss":0.0,"gold_gain":0.0,"event_name":"Scrap Ooze","player_choice":"Success","floor":7.0,"gold_loss":0.0,"damage_taken":11.0,"relics_obtained":["Ice Cream"]},{"cards_removed":["Strike_R"],"damage_healed":0.0,"max_hp_gain":0.0,"max_hp_loss":0.0,"gold_gain":0.0,"event_name":"Bonfire Elementals","player_choice":"Offered Basic","floor":10.0,"gold_loss":0.0,"damage_taken":0.0},{"damage_healed":0,"gold_gain":0,"player_choice":"Embrace Madness","damage_taken":14,"max_hp_gain":0,"max_hp_loss":0,"event_name":"Winding Halls","floor":36,"gold_loss":0,"cards_obtained":["Madness","Madness"]},{"cards_removed":["Cleave"],"damage_healed":0,"gold_gain":0,"player_choice":"Removed Attack","damage_taken":0,"max_hp_gain":0,"max_hp_loss":0,"event_name":"Falling","floor":38,"gold_loss":0},{"damage_healed":0,"gold_gain":0,"player_choice":"Fight","damage_taken":0,"max_hp_gain":0,"max_hp_loss":0,"event_name":"MindBloom","floor":46,"gold_loss":0}],"is_beta":false,"boss_relics":[{"not_picked":["aspiration:SecretTechniqueScroll","aspiration:SilentSkillbook"],"picked":"AT_TrinityForce"},{"not_picked":["Philosopher\u0027s Stone","Velvet Choker"],"picked":"SacredBark"}],"items_purged_floors":[21,30,37],"is_endless":false,"potions_floor_spawned":[11,13,14,20,24,29,40,41,46,55],"ascension_level":20}}