{"host":"1avr1135to2copjv","time":1613867273,"event":{"mods":["BaseMod","Colored Map","Colored Powertips","Filter the Spire","Minty Spire (QoL Compilation)","Relic Stats","StSLib","The Servant 0.9.4"],"gold_per_floor":[109,122,142,142,154,154,174,205,231,231,258,258,293,313,313,418,418,432,449,499,517,442,475,475,504,529,529,444,482,162,182,182,286,286,298,316,337,260,279,279,306,343,343,359,359,388,388,413,413,413,413,413,38,70,70,70],"floor_reached":55,"language":"ENG","playtime":4135,"items_purged":["Well Laid Plans"],"score":949,"play_id":"56948d8a-1cb3-4fa7-a0e5-91c137ce5749","local_time":"20210221032753","is_ascension_mode":true,"campfire_choices":[{"data":"Deadly Poison","floor":6,"key":"SMITH"},{"data":"Wraith Form v2","floor":10,"key":"SMITH"},{"data":"Neutralize","floor":12,"key":"SMITH"},{"data":"Sucker Punch","floor":15,"key":"SMITH"},{"data":"Burst","floor":32,"key":"SMITH"},{"floor":40,"key":"RECALL"},{"data":"Shockwave","floor":45,"key":"SMITH"},{"floor":47,"key":"REST"},{"floor":49,"key":"REST"},{"data":"Madness","floor":52,"key":"SMITH"}],"circlet_count":0,"master_deck":["Survivor+1","Neutralize+1","Glass Knife+1","Dash+1","Predator","Tools of the Trade","Heel Hook","Acrobatics","Venomology+1","Wraith Form v2+1","Infinite Blades","Flying Knee","Deadly Poison+1","Blur","Blade Dance","Deflect","Sucker Punch+1","Die Die Die","Cloak And Dagger","Deadly Poison","Blade Dance","Accuracy+1","Corpse Explosion","Burst+1","Madness","Madness+1","Leg Sweep","Shockwave+1","Dual Wield+1","Cold Snap","Accuracy+1","Accuracy","All Out Attack","Blur"],"relics":["Pandora\u0027s Box","Bronze Scales","War Paint","Snake Skull","Bag of Preparation","SacredBark","MealTicket","Singing Bowl","Nilry\u0027s Codex","CeramicFish","Mango","Membership Card","Happy Flower","Runic Pyramid","PrismaticShard","Prayer Wheel","Whetstone","Darkstone Periapt","Medical Kit","Orichalcum","Nunchaku","Boot"],"acts_visited":["Exordium","TheCity","TheBeyond","TheEnding"],"potions_floor_usage":[2,3,5,8,11,13,13,16,18,19,19,21,23,23,29,33,33,37,37,39,41,41,42,46,50,54,54,54,55],"damage_taken":[{"damage":0,"enemies":"2 Louse","floor":1,"turns":2},{"damage":0,"enemies":"Cultist","floor":2,"turns":3},{"damage":8,"enemies":"Jaw Worm","floor":3,"turns":2},{"damage":4,"enemies":"Red Slaver","floor":5,"turns":4},{"damage":10,"enemies":"3 Louse","floor":7,"turns":2},{"damage":0,"enemies":"Gremlin Nob","floor":8,"turns":3},{"damage":9,"enemies":"3 Sentries","floor":11,"turns":5},{"damage":0,"enemies":"Gremlin Nob","floor":13,"turns":2},{"damage":1,"enemies":"2 Fungi Beasts","floor":14,"turns":3},{"damage":2,"enemies":"Slime Boss","floor":16,"turns":6},{"damage":0,"enemies":"Chosen","floor":18,"turns":3},{"damage":1,"enemies":"2 Thieves","floor":19,"turns":4},{"damage":0,"enemies":"Snake Plant","floor":21,"turns":4},{"damage":24,"enemies":"Slavers","floor":23,"turns":5},{"damage":4,"enemies":"Gremlin Leader","floor":25,"turns":7},{"damage":24,"enemies":"Slavers","floor":29,"turns":5},{"damage":13,"enemies":"Centurion and Healer","floor":31,"turns":4},{"damage":11,"enemies":"Automaton","floor":33,"turns":9},{"damage":4,"enemies":"3 Shapes","floor":35,"turns":4},{"damage":0,"enemies":"3 Darklings","floor":37,"turns":1},{"damage":10,"enemies":"Writhing Mass","floor":39,"turns":8},{"damage":17,"enemies":"Giant Head","floor":41,"turns":8},{"damage":0,"enemies":"Transient","floor":42,"turns":5},{"damage":10,"enemies":"4 Shapes","floor":44,"turns":5},{"damage":19,"enemies":"Nemesis","floor":46,"turns":7},{"damage":19,"enemies":"Writhing Mass","floor":48,"turns":7},{"damage":40,"enemies":"Time Eater","floor":50,"turns":14},{"damage":28,"enemies":"Shield and Spear","floor":54,"turns":3},{"damage":74,"enemies":"The Heart","floor":55,"turns":5}],"seed_played":"-4751637124104082287","potions_obtained":[{"floor":1,"key":"SteroidPotion"},{"floor":3,"key":"AttackPotion"},{"floor":7,"key":"Dexterity Potion"},{"floor":18,"key":"EssenceOfSteel"},{"floor":19,"key":"AttackPotion"},{"floor":25,"key":"DuplicationPotion"},{"floor":31,"key":"SkillPotion"},{"floor":37,"key":"Ancient Potion"},{"floor":46,"key":"AttackPotion"},{"floor":48,"key":"Energy Potion"}],"is_trial":false,"path_per_floor":["M","M","M","?","M","R","M","E","T","R","E","R","E","M","R","B",null,"M","M","?","M","?","E","?","E","T","?","?","E","$","M","R","B",null,"M","?","M","$","M","R","E","M","T","M","R","E","R","M","R","B",null,"R","$","E","B"],"character_chosen":"THE_SILENT","items_purchased":["Membership Card","Corpse Explosion","Happy Flower","Block Potion","PrismaticShard","Medical Kit","Accuracy","Orichalcum","Nunchaku","All Out Attack","Blur","SteroidPotion"],"campfire_rested":2,"item_purchase_floors":[30,30,30,30,38,53,53,53,53,53,53,53],"current_hp_per_floor":[70,70,62,62,58,58,48,48,48,48,39,39,39,38,38,36,70,70,69,69,69,69,70,70,68,68,52,52,42,57,44,44,35,88,86,75,75,90,80,80,65,65,65,59,59,42,71,54,84,44,100,100,100,74,0,0],"gold":70,"neow_bonus":"BOSS_RELIC","is_daily":false,"chose_seed":false,"campfire_upgraded":7,"win_rate":0.0,"timestamp":1613867273,"path_taken":["M","M","M","?","M","R","M","E","T","R","E","R","E","M","R","BOSS","M","?","?","?","?","E","?","E","T","?","?","E","$","M","R","BOSS","M","?","M","$","M","R","E","M","T","M","R","E","R","M","R","BOSS","R","$","E","BOSS"],"items_purchased_type":["Relic","Card","Relic","Potion","Relic","Relic","Card","Relic","Relic","Card","Card","Potion"],"build_version":"2020-12-22","purchased_purges":1,"victory":false,"max_hp_per_floor":[70,70,70,70,70,70,70,70,70,70,70,70,70,70,70,70,70,70,70,70,70,70,70,70,72,72,72,72,86,86,86,86,88,88,90,90,90,90,90,90,92,92,92,96,96,98,98,100,100,100,100,100,100,102,102,102],"relic_stats":{"Darkstone Periapt":0,"Singing Bowl":18,"Happy Flower":[26],"counters":[29,140],"CeramicFish":117,"Snake Skull":[75],"Bag of Preparation":[42],"Whetstone":["Dash","Glass Knife"],"War Paint":["Venomology","Survivor"],"Orichalcum":[24],"Medical Kit":[3],"Boot":[3],"Nunchaku":[1],"Bronze Scales":[371],"Pandora\u0027s Box":["Glass Knife","Dash","Predator","A Thousand Cuts","Tools of the Trade","Heel Hook","Acrobatics","Venomology","Skewer","Wraith Form v2"],"MealTicket":30,"Prayer Wheel":3,"obtain_stats":[{"Darkstone Periapt":46,"Singing Bowl":25,"Happy Flower":30,"Nilry\u0027s Codex":27,"SacredBark":17,"CeramicFish":28,"Mango":29,"Snake Skull":11,"Bag of Preparation":13,"Whetstone":43,"War Paint":9,"Orichalcum":53,"PrismaticShard":38,"Medical Kit":53,"Boot":54,"Nunchaku":53,"Bronze Scales":8,"Pandora\u0027s Box":0,"MealTicket":23,"Prayer Wheel":41,"Membership Card":30,"Ring of the Snake":0,"Runic Pyramid":34},{"Darkstone Periapt":25,"Singing Bowl":15,"Happy Flower":16,"Nilry\u0027s Codex":15,"SacredBark":10,"CeramicFish":15,"Mango":16,"Snake Skull":7,"Bag of Preparation":8,"Whetstone":23,"War Paint":6,"Orichalcum":27,"PrismaticShard":20,"Medical Kit":27,"Boot":28,"Nunchaku":27,"Bronze Scales":6,"Pandora\u0027s Box":0,"MealTicket":14,"Prayer Wheel":22,"Membership Card":16,"Ring of the Snake":0,"Runic Pyramid":18},{"Darkstone Periapt":111,"Singing Bowl":55,"Happy Flower":60,"Nilry\u0027s Codex":55,"SacredBark":32,"CeramicFish":55,"Mango":60,"Snake Skull":21,"Bag of Preparation":23,"Whetstone":99,"War Paint":16,"Orichalcum":132,"PrismaticShard":78,"Medical Kit":132,"Boot":135,"Nunchaku":132,"Bronze Scales":16,"Pandora\u0027s Box":0,"MealTicket":48,"Prayer Wheel":94,"Membership Card":60,"Ring of the Snake":0,"Runic Pyramid":73}]},"card_choices":[{"not_picked":["Predator","Quick Slash"],"picked":"Infinite Blades","floor":1},{"not_picked":["Underhanded Strike","Deflect"],"picked":"Flying Knee","floor":2},{"not_picked":["Distraction","Finisher"],"picked":"Well Laid Plans","floor":3},{"not_picked":["Deflect","Venomology"],"picked":"Deadly Poison","floor":5},{"not_picked":["Deadly Poison","Backflip"],"picked":"Blur","floor":7},{"not_picked":["Deadly Poison","Endless Agony"],"picked":"Blade Dance","floor":8},{"not_picked":["Dagger Throw","Slice","Bane"],"picked":"SKIP","floor":11},{"not_picked":["A Thousand Cuts","Slice"],"picked":"Deflect","floor":13},{"not_picked":["Quick Slash","Infinite Blades"],"picked":"Sucker Punch","floor":14},{"not_picked":["Grand Finale","A Thousand Cuts"],"picked":"Die Die Die","floor":16},{"not_picked":["Dash","Blade Dance"],"picked":"Cloak And Dagger","floor":18},{"not_picked":["Cloak And Dagger","Flying Knee+1","Eviscerate"],"picked":"SKIP","floor":19},{"not_picked":["Dagger Throw","Underhanded Strike"],"picked":"Deadly Poison","floor":21},{"not_picked":["Eviscerate","All Out Attack"],"picked":"Blade Dance","floor":23},{"not_picked":["Tactician","Quick Slash+1","Blade Dance+1"],"picked":"Singing Bowl","floor":25},{"not_picked":["Infinite Blades+1","Cloak And Dagger+1"],"picked":"Accuracy+1","floor":29},{"not_picked":["Dagger Spray","Masterful Stab"],"picked":"Burst","floor":31},{"not_picked":["Glass Knife","Phantasmal Killer","Die Die Die"],"picked":"Singing Bowl","floor":33},{"not_picked":["Flying Knee","Bane","Deadly Poison"],"picked":"Singing Bowl","floor":35},{"not_picked":["Dagger Spray","PiercingWail"],"picked":"Leg Sweep","floor":37},{"not_picked":["Coolheaded+1","Streamline"],"picked":"Shockwave","floor":39},{"not_picked":["FearNoEvil+1","Streamline+1","Choke"],"picked":"Singing Bowl","floor":41},{"not_picked":["Halt+1","Potential+1"],"picked":"Dual Wield+1","floor":42},{"not_picked":["Sucker Punch","Burning Pact"],"picked":"Cold Snap","floor":42},{"not_picked":["Beam Cell+1","Shockwave+1","FearNoEvil+1"],"picked":"Singing Bowl","floor":44},{"not_picked":["DeceiveReality+1","Thunderclap","Static Discharge+1"],"picked":"Singing Bowl","floor":44},{"not_picked":["Protect","Tempest","DualDimension+1"],"picked":"Singing Bowl","floor":46},{"not_picked":["DualDimension","Blizzard"],"picked":"Accuracy+1","floor":48},{"not_picked":["Bludgeon","Redo+1","Acrobatics"],"picked":"Singing Bowl","floor":48},{"not_picked":["Havoc","Nirvana","Bane+1"],"picked":"Singing Bowl","floor":54}],"player_experience":1066963,"relics_obtained":[{"floor":8,"key":"Bronze Scales"},{"floor":9,"key":"War Paint"},{"floor":11,"key":"Snake Skull"},{"floor":13,"key":"Bag of Preparation"},{"floor":23,"key":"MealTicket"},{"floor":25,"key":"Singing Bowl"},{"floor":27,"key":"Nilry\u0027s Codex"},{"floor":29,"key":"Mango"},{"floor":41,"key":"Prayer Wheel"},{"floor":43,"key":"Whetstone"},{"floor":46,"key":"Darkstone Periapt"},{"floor":54,"key":"Boot"}],"event_choices":[{"cards_removed":["A Thousand Cuts"],"damage_healed":0,"gold_gain":0,"player_choice":"Purged","damage_taken":0,"max_hp_gain":0,"max_hp_loss":0,"event_name":"Purifier","floor":4,"gold_loss":0},{"damage_healed":0,"gold_gain":100,"player_choice":"Bet on Murderer","damage_taken":0,"max_hp_gain":0,"max_hp_loss":0,"event_name":"The Joust","floor":20,"gold_loss":50},{"cards_removed":["Skewer"],"damage_healed":0,"gold_gain":0,"player_choice":"Gave Gold","damage_taken":0,"max_hp_gain":0,"max_hp_loss":0,"event_name":"Beggar","floor":22,"gold_loss":75},{"damage_healed":0,"gold_gain":0,"player_choice":"Ignored","damage_taken":0,"max_hp_gain":0,"max_hp_loss":0,"event_name":"Ghosts","floor":24,"gold_loss":0},{"damage_healed":0,"gold_gain":0,"player_choice":"Obtained Book","damage_taken":16,"max_hp_gain":0,"max_hp_loss":0,"event_name":"Cursed Tome","floor":27,"gold_loss":0},{"damage_healed":0,"gold_gain":0,"player_choice":"Obtained Relic","damage_taken":0,"relics_obtained":["CeramicFish"],"max_hp_gain":0,"max_hp_loss":0,"event_name":"Addict","floor":28,"gold_loss":85},{"damage_healed":0,"gold_gain":0,"player_choice":"Embrace Madness","damage_taken":11,"max_hp_gain":0,"max_hp_loss":0,"event_name":"Winding Halls","floor":36,"gold_loss":0,"cards_obtained":["Madness","Madness"]}],"is_beta":false,"boss_relics":[{"not_picked":["Philosopher\u0027s Stone","SlaversCollar"],"picked":"SacredBark"},{"not_picked":["Tiny House","WristBlade"],"picked":"Runic Pyramid"}],"items_purged_floors":[53],"is_endless":false,"potions_floor_spawned":[1,3,7,8,18,19,25,31,37,44,46,48],"killed_by":"The Heart","ascension_level":1}}