{"host":"4gkev1dtxxhiue3x","time":1613900239,"event":{"mods":["AchievementEnabler","BaseMod","Better Altar","Better Match","Better Note","Better Sensory Stone","Better Skull","Better Third Choice","Colored Powertips","Friendly Minions","Hermit","Minty Spire (QoL Compilation)","Relic Stats","Robot Space Explorer","Shop Mod","StSLib","The Disciple","The Hierophant"],"gold_per_floor":[117,117,292,7,26,54,54,80,80,30,30,44,57,73,73,170,170,181,181,181,181,181,181,206,156,180,191,202,13,33,62,62,159,159,172,24,39,53,3,3,33,52,52,67,67,94,106,134,146,158,170,182,48,78,78],"floor_reached":56,"language":"ENG","playtime":4645,"items_purged":["Shame","Doubt","Thunderclap"],"score":1614,"play_id":"acf8a19d-602d-44c5-9c80-0b89489a317d","local_time":"20210221103719","is_ascension_mode":true,"campfire_choices":[{"floor":7,"key":"REST"},{"floor":11,"key":"REST"},{"data":"Shockwave","floor":15,"key":"SMITH"},{"data":"Demon Form","floor":23,"key":"SMITH"},{"data":"Mayhem","floor":32,"key":"SMITH"},{"data":"Corruption","floor":40,"key":"SMITH"},{"floor":47,"key":"RECALL"},{"data":"Reaper","floor":49,"key":"SMITH"},{"data":"Warcry","floor":52,"key":"SMITH"}],"circlet_count":0,"master_deck":["Defend_R","Defend_R","Defend_R","Defend_R+1","Bash+1","Demon Form+1","Shockwave+1","Battle Trance","Sword Boomerang","Infernal Blade","Shrug It Off","Shockwave","Limit Break","Bite","Bite","Bite","Bite","Bite","J.A.X.","Warcry+1","Mayhem+1","Spot Weakness","Reaper+1","Armaments+1","Corruption+1","Pommel Strike+1","Power Through","Corruption+1"],"relics":["Black Blood","Dead Branch","Paper Frog","Smiling Mask","Orichalcum","Coffee Dripper","Enchiridion","Charon\u0027s Ashes","Strawberry","Dream Catcher","Medical Kit","Frozen Egg 2","Ancient Tea Set","Vajra","MawBank","DollysMirror","Nunchaku"],"acts_visited":["Exordium","TheCity","TheBeyond","TheEnding"],"potions_floor_usage":[6,8,16,18,24,30,33,41,50,55,55],"damage_taken":[{"damage":12,"enemies":"Small Slimes","floor":1,"turns":4},{"damage":12,"enemies":"2 Louse","floor":5,"turns":3},{"damage":28,"enemies":"Gremlin Nob","floor":6,"turns":4},{"damage":32,"enemies":"3 Sentries","floor":8,"turns":4},{"damage":7,"enemies":"Jaw Worm","floor":12,"turns":3},{"damage":3,"enemies":"Looter","floor":13,"turns":2},{"damage":0,"enemies":"2 Fungi Beasts","floor":14,"turns":3},{"damage":14,"enemies":"Hexaghost","floor":16,"turns":7},{"damage":14,"enemies":"2 Thieves","floor":18,"turns":3},{"damage":20,"enemies":"Gremlin Leader","floor":24,"turns":4},{"damage":19,"enemies":"Spheric Guardian","floor":27,"turns":4},{"damage":18,"enemies":"Snake Plant","floor":28,"turns":3},{"damage":28,"enemies":"Centurion and Healer","floor":30,"turns":3},{"damage":19,"enemies":"Book of Stabbing","floor":31,"turns":4},{"damage":7,"enemies":"Collector","floor":33,"turns":2},{"damage":46,"enemies":"3 Darklings","floor":35,"turns":4},{"damage":3,"enemies":"Orb Walker","floor":37,"turns":3},{"damage":32,"enemies":"Spire Growth","floor":38,"turns":4},{"damage":60,"enemies":"Reptomancer","floor":41,"turns":5},{"damage":9,"enemies":"Jaw Worm Horde","floor":42,"turns":3},{"damage":15,"enemies":"4 Shapes","floor":44,"turns":2},{"damage":10,"enemies":"Giant Head","floor":46,"turns":2},{"damage":23,"enemies":"Spire Growth","floor":48,"turns":3},{"damage":68,"enemies":"Awakened One","floor":50,"turns":6},{"damage":32,"enemies":"Shield and Spear","floor":54,"turns":4},{"damage":64,"enemies":"The Heart","floor":55,"turns":5}],"seed_played":"-7245453251305938783","potions_obtained":[{"floor":5,"key":"SteroidPotion"},{"floor":6,"key":"ColorlessPotion"},{"floor":8,"key":"Weak Potion"},{"floor":12,"key":"SkillPotion"},{"floor":18,"key":"Explosive Potion"},{"floor":24,"key":"BlessingOfTheForge"},{"floor":31,"key":"Energy Potion"},{"floor":38,"key":"EssenceOfSteel"},{"floor":42,"key":"Fire Potion"},{"floor":44,"key":"FearPotion"},{"floor":46,"key":"Fruit Juice"},{"floor":54,"key":"Regen Potion"}],"is_trial":false,"path_per_floor":["M","?","?","$","M","E","R","E","T","$","R","M","M","M","R","B",null,"M","?","?","?","?","R","E","$","T","M","M","$","M","E","R","B",null,"M","$","M","M","$","R","E","M","T","M","?","E","R","M","R","B",null,"R","$","E","B",null],"character_chosen":"IRONCLAD","items_purchased":["Dead Branch","Mayhem","Medical Kit","DollysMirror"],"campfire_rested":2,"item_purchase_floors":[4,29,36,53],"current_hp_per_floor":[66,50,50,50,44,22,46,20,20,20,44,43,46,52,52,44,71,63,63,63,47,47,47,39,39,46,47,45,45,36,33,33,38,75,55,55,68,71,71,71,52,80,80,87,50,56,56,57,57,43,80,80,80,68,55],"gold":78,"neow_bonus":"THREE_RARE_CARDS","is_daily":false,"chose_seed":false,"campfire_upgraded":6,"win_rate":0.0,"timestamp":1613900239,"path_taken":["M","?","?","$","M","E","R","E","T","?","R","M","M","M","R","BOSS","M","?","?","?","?","R","E","$","T","M","M","?","?","E","R","BOSS","M","$","M","?","?","R","E","M","T","M","?","E","R","?","R","BOSS","R","$","E","BOSS"],"items_purchased_type":["Relic","Card","Relic","Relic"],"build_version":"2020-12-22","purchased_purges":3,"victory":true,"max_hp_per_floor":[80,80,80,80,80,80,80,80,80,80,80,80,80,80,80,80,80,80,80,80,80,80,80,80,80,87,87,87,87,87,87,87,87,87,87,87,87,87,87,87,87,87,87,87,87,87,87,87,87,92,92,92,92,92,92],"relic_stats":{"Dream Catcher":0,"Nunchaku":[1],"counters":[26,94],"Dead Branch":[264],"Black Blood":212,"Charon\u0027s Ashes":[896],"Orichalcum":[156],"Smiling Mask":150,"Medical Kit":[29],"MawBank":84,"obtain_stats":[{"Dead Branch":4,"Enchiridion":21,"Black Blood":34,"Vajra":45,"Charon\u0027s Ashes":24,"Orichalcum":9,"Frozen Egg 2":41,"Smiling Mask":8,"Medical Kit":36,"Ancient Tea Set":45,"MawBank":46,"Burning Blood":0,"Blood Vial":19,"Dream Catcher":31,"Nunchaku":54,"DollysMirror":53,"Strawberry":26,"Coffee Dripper":17,"Paper Frog":6},{"Dead Branch":1,"Enchiridion":9,"Black Blood":15,"Vajra":21,"Charon\u0027s Ashes":10,"Orichalcum":4,"Frozen Egg 2":19,"Smiling Mask":4,"Medical Kit":16,"Ancient Tea Set":21,"MawBank":22,"Burning Blood":0,"Blood Vial":9,"Dream Catcher":14,"Nunchaku":25,"DollysMirror":24,"Strawberry":10,"Coffee Dripper":8,"Paper Frog":3},{"Dead Branch":4,"Enchiridion":33,"Black Blood":53,"Vajra":74,"Charon\u0027s Ashes":37,"Orichalcum":15,"Frozen Egg 2":69,"Smiling Mask":15,"Medical Kit":57,"Ancient Tea Set":74,"MawBank":76,"Burning Blood":0,"Blood Vial":33,"Dream Catcher":51,"Nunchaku":89,"DollysMirror":85,"Strawberry":37,"Coffee Dripper":30,"Paper Frog":11}]},"card_choices":[{"not_picked":["Fiend Fire","Immolate"],"picked":"Demon Form","floor":0},{"not_picked":["Warcry","Wild Strike"],"picked":"Shockwave","floor":1},{"not_picked":["Heavy Blade","Hemokinesis"],"picked":"Battle Trance","floor":5},{"not_picked":["Warcry","Iron Wave"],"picked":"Sword Boomerang","floor":6},{"not_picked":["Battle Trance","Wild Strike"],"picked":"Infernal Blade","floor":8},{"not_picked":["Pommel Strike","Twin Strike"],"picked":"Shrug It Off","floor":12},{"not_picked":["Fire Breathing","Havoc"],"picked":"Shockwave","floor":13},{"not_picked":["Battle Trance","Flex"],"picked":"Thunderclap","floor":14},{"not_picked":["Immolate","Demon Form"],"picked":"Limit Break","floor":16},{"not_picked":["Sentinel","Pommel Strike","Armaments"],"picked":"SKIP","floor":18},{"not_picked":["Sword Boomerang","Wild Strike"],"picked":"Warcry","floor":24},{"not_picked":["Anger+1","Armaments","Burning Pact"],"picked":"SKIP","floor":27},{"not_picked":["Fire Breathing","Thunderclap","Burning Pact"],"picked":"SKIP","floor":28},{"not_picked":["Pommel Strike","Shrug It Off+1","Rampage"],"picked":"SKIP","floor":30},{"not_picked":["Thunderclap","Juggernaut"],"picked":"Spot Weakness","floor":31},{"not_picked":["Impervious","Exhume"],"picked":"Reaper","floor":33},{"not_picked":["Battle Trance","Clothesline+1","Hemokinesis"],"picked":"SKIP","floor":35},{"not_picked":["Headbutt+1","Cleave+1"],"picked":"Armaments+1","floor":37},{"not_picked":["Headbutt+1","Rage"],"picked":"Corruption","floor":38},{"not_picked":["Searing Blow+1","Spot Weakness+1"],"picked":"Pommel Strike+1","floor":41},{"not_picked":["Uppercut","Flex","Hemokinesis+1"],"picked":"SKIP","floor":42},{"not_picked":["Twin Strike+1","Pommel Strike","Sword Boomerang+1"],"picked":"SKIP","floor":44},{"not_picked":["Demon Form+1","Cleave"],"picked":"Power Through","floor":46},{"not_picked":["Cleave","Reckless Charge","Clash"],"picked":"SKIP","floor":48},{"not_picked":["Pommel Strike","Sentinel","Combust+1"],"picked":"SKIP","floor":54}],"player_experience":222146,"relics_obtained":[{"floor":6,"key":"Paper Frog"},{"floor":8,"key":"Smiling Mask"},{"floor":9,"key":"Orichalcum"},{"floor":21,"key":"Enchiridion"},{"floor":24,"key":"Charon\u0027s Ashes"},{"floor":26,"key":"Strawberry"},{"floor":31,"key":"Dream Catcher"},{"floor":41,"key":"Frozen Egg 2"},{"floor":46,"key":"MawBank"},{"floor":54,"key":"Nunchaku"}],"event_choices":[{"damage_healed":66,"gold_gain":0,"player_choice":"Upgrade","damage_taken":16,"max_hp_gain":0,"max_hp_loss":80,"event_name":"betterThird:BetterShining","floor":2,"gold_loss":0,"cards_upgraded":["Defend_R","Bash"]},{"damage_healed":0,"gold_gain":175,"player_choice":"AGREE","damage_taken":117,"max_hp_gain":0,"max_hp_loss":0,"event_name":"betterThird:BetterSerpent","floor":3,"gold_loss":0},{"damage_healed":0,"gold_gain":0,"player_choice":"Opened","damage_taken":0,"relics_obtained":["Blood Vial"],"max_hp_gain":0,"max_hp_loss":0,"event_name":"The Mausoleum","floor":19,"gold_loss":0},{"damage_healed":0,"gold_gain":0,"player_choice":"Became a vampire (Vial)","damage_taken":0,"max_hp_gain":0,"max_hp_loss":0,"event_name":"Vampires","floor":20,"relics_lost":["Blood Vial"],"gold_loss":0,"cards_obtained":["Bite","Bite","Bite","Bite","Bite"]},{"damage_healed":0,"gold_gain":0,"player_choice":"Obtained Book","damage_taken":16,"max_hp_gain":0,"max_hp_loss":0,"event_name":"Cursed Tome","floor":21,"gold_loss":0},{"damage_healed":0,"gold_gain":0,"player_choice":"Obtain J.A.X.","damage_taken":0,"max_hp_gain":0,"max_hp_loss":0,"event_name":"Drug Dealer","floor":22,"gold_loss":0,"cards_obtained":["J.A.X."]},{"damage_healed":0,"gold_gain":0,"player_choice":"Random: Green","damage_taken":0,"max_hp_gain":0,"max_hp_loss":0,"event_name":"betterThird:BetterPortal","floor":45,"gold_loss":0},{"damage_healed":0,"gold_gain":0,"player_choice":"RE RE ","damage_taken":41,"relics_obtained":["Ancient Tea Set","Vajra"],"max_hp_gain":0,"max_hp_loss":0,"event_name":"betterSkull:BetterSkull","floor":45,"gold_loss":0,"cards_upgraded":[]}],"is_beta":false,"boss_relics":[{"not_picked":["Runic Dome","Busted Crown"],"picked":"Coffee Dripper"},{"not_picked":["Runic Pyramid","SacredBark"],"picked":"Black Blood"}],"items_purged_floors":[10,25,39],"is_endless":false,"potions_floor_spawned":[5,6,8,12,18,24,31,38,42,44,46,54],"ascension_level":6}}