{"host":"42xf941fomyavgzy","time":1613873072,"event":{"mods":["Act Like it!","Astrologer","BaseMod","Colored Map","DeckTracker","Minty Spire (QoL Compilation)","Shop Mod","StSLib","SuperFastMode","The Cursed"],"gold_per_floor":[118,134,134,153,22,22,63,63,63,83,107,57,127,148,148,267,267,281,281,281,281,138,173,173,173,173],"floor_reached":25,"language":"JPN","playtime":1312,"items_purged":["Strike_G","Strike_G","Strike_G"],"score":285,"play_id":"5eda1330-5172-4c40-a718-5ed1730afe9c","local_time":"20210221110432","is_ascension_mode":true,"campfire_choices":[{"data":"Dash","floor":6,"key":"SMITH"},{"floor":8,"key":"REST"},{"floor":15,"key":"REST"},{"data":"Footwork","floor":24,"key":"SMITH"}],"circlet_count":0,"master_deck":["Strike_G","Defend_G","Defend_G","Defend_G","Survivor","Neutralize","Poisoned Stab","Dash+1","Envenom","Footwork+1","Noxious Fumes","Bane","PiercingWail","Escape Plan","PiercingWail","Adrenaline","Backflip","PiercingWail","Underhanded Strike","Dagger Throw","Footwork","Concentrate"],"relics":["Ring of the Serpent","Smiling Mask","Bloody Idol","Paper Crane","Matryoshka","Pear","WingedGreaves"],"acts_visited":["Exordium","TheCity"],"potions_floor_usage":[7,16,23,25],"damage_taken":[{"damage":0,"enemies":"Small Slimes","floor":1,"turns":4},{"damage":0,"enemies":"Jaw Worm","floor":2,"turns":5},{"damage":0,"enemies":"2 Louse","floor":4,"turns":2},{"damage":32,"enemies":"3 Sentries","floor":7,"turns":8},{"damage":2,"enemies":"2 Fungi Beasts","floor":10,"turns":3},{"damage":7,"enemies":"Looter","floor":11,"turns":3},{"damage":23,"enemies":"Lagavulin Event","floor":13,"turns":8},{"damage":0,"enemies":"Red Slaver","floor":14,"turns":5},{"damage":33,"enemies":"Hexaghost","floor":16,"turns":13},{"damage":24,"enemies":"3 Byrds","floor":18,"turns":6},{"damage":12,"enemies":"Book of Stabbing","floor":23,"turns":7},{"damage":31,"enemies":"Slavers","floor":25,"turns":7}],"seed_played":"-4150316026097913741","potions_obtained":[{"floor":2,"key":"ColorlessPotion"},{"floor":11,"key":"CultistPotion"},{"floor":14,"key":"Weak Potion"},{"floor":18,"key":"Poison Potion"}],"is_trial":false,"path_per_floor":["M","M","?","M","$","R","E","R","T","M","M","$","?","M","R","B",null,"M","?","?","?","$","E","R","E"],"character_chosen":"THE_SILENT","items_purchased":["Footwork","Dagger Throw","Footwork"],"campfire_rested":2,"item_purchase_floors":[5,22,22],"current_hp_per_floor":[63,63,46,46,46,46,14,35,35,33,26,26,13,13,37,4,61,37,37,37,37,37,30,30,0,0],"gold":173,"neow_bonus":"RANDOM_COMMON_RELIC","is_daily":false,"chose_seed":false,"campfire_upgraded":2,"win_rate":0.0,"timestamp":1613873072,"path_taken":["M","M","?","M","$","R","E","R","T","M","M","$","?","M","R","BOSS","M","?","?","?","$","E","R","E"],"items_purchased_type":["Card","Card","Card"],"build_version":"2020-12-22","purchased_purges":3,"victory":false,"max_hp_per_floor":[70,70,70,70,70,70,70,70,70,70,70,70,80,80,80,80,80,80,80,80,80,80,80,80,80,80],"card_choices":[{"not_picked":["Deflect","Dagger Spray"],"picked":"Poisoned Stab","floor":1},{"not_picked":["Dagger Spray","Eviscerate"],"picked":"Dash","floor":2},{"not_picked":["Cloak And Dagger","Distraction"],"picked":"Envenom","floor":4},{"not_picked":["Dash","Flechettes"],"picked":"Noxious Fumes","floor":7},{"not_picked":["Outmaneuver","Escape Plan"],"picked":"Bane","floor":10},{"not_picked":["Bane","Outmaneuver"],"picked":"PiercingWail","floor":11},{"not_picked":["Poisoned Stab","Choke"],"picked":"Escape Plan","floor":13},{"not_picked":["Deflect","Choke"],"picked":"PiercingWail","floor":14},{"not_picked":["Phantasmal Killer","Tools of the Trade"],"picked":"Adrenaline","floor":16},{"not_picked":["Slice","Quick Slash"],"picked":"Backflip","floor":18},{"not_picked":["Dagger Spray","Bane+1"],"picked":"Concentrate","floor":23}],"player_experience":499976,"relics_obtained":[{"floor":7,"key":"Paper Crane"},{"floor":9,"key":"Matryoshka"},{"floor":13,"key":"Pear"},{"floor":23,"key":"WingedGreaves"}],"event_choices":[{"damage_healed":0,"gold_gain":0,"player_choice":"Take Damage","damage_taken":17,"relics_obtained":["Golden Idol"],"max_hp_gain":0,"max_hp_loss":0,"event_name":"Golden Idol","floor":3,"gold_loss":0},{"damage_healed":0,"gold_gain":0,"player_choice":"Searched \u00272\u0027 times","damage_taken":0,"max_hp_gain":0,"max_hp_loss":0,"event_name":"Dead Adventurer","floor":13,"gold_loss":0},{"damage_healed":0,"gold_gain":0,"cards_transformed":["Strike_G","Defend_G"],"player_choice":"Became Test Subject","damage_taken":0,"max_hp_gain":0,"max_hp_loss":0,"event_name":"Drug Dealer","floor":19,"gold_loss":0,"cards_obtained":["PiercingWail","Underhanded Strike"]},{"damage_healed":0,"gold_gain":0,"player_choice":"Gave Idol","damage_taken":0,"relics_obtained":["Bloody Idol"],"max_hp_gain":0,"max_hp_loss":0,"event_name":"Forgotten Altar","floor":20,"relics_lost":["Golden Idol"],"gold_loss":0},{"cards_removed":["Defend_G"],"damage_healed":0,"gold_gain":0,"player_choice":"Elegance","damage_taken":0,"max_hp_gain":0,"max_hp_loss":0,"event_name":"Back to Basics","floor":21,"gold_loss":0}],"is_beta":false,"boss_relics":[{"not_picked":["WristBlade","Calling Bell"],"picked":"Ring of the Serpent"}],"items_purged_floors":[5,12,22],"is_endless":false,"potions_floor_spawned":[2,11,14,18],"killed_by":"Slavers","ascension_level":6}}