{"host":"py7qdianp3jrm8dm","time":1613934435,"event":{"mods":["AchievementEnabler","BaseMod","Bestiary","Downfall","Highlight Path","Minty Spire (QoL Compilation)","StSLib"],"gold_per_floor":[112,112,125,137,37,69,69,69,96,96,96,19,37,48,48,48,48],"floor_reached":16,"language":"ENG","playtime":707,"items_purged":["Strike_G"],"score":180,"play_id":"a390c056-5b34-4f1d-bbd5-c990a896c9d4","local_time":"20210221190715","is_ascension_mode":true,"campfire_choices":[{"data":"Blade Dance","floor":8,"key":"SMITH"},{"data":"Deadly Poison","floor":11,"key":"SMITH"},{"floor":15,"key":"REST"}],"circlet_count":0,"master_deck":["AscendersBane","Strike_G","Strike_G","Strike_G","Defend_G","Defend_G","Defend_G","Defend_G","Defend_G","Survivor","Neutralize","Finisher","Blade Dance+1","Escape Plan","Deadly Poison+1","Slice","Normality","Footwork","Deflect","Cloak And Dagger","Accuracy"],"relics":["Cursed Key","Dream Catcher","Centennial Puzzle","Toy Ornithopter","GremlinMask"],"acts_visited":["Exordium"],"potions_floor_usage":[6,16],"damage_taken":[{"damage":0,"enemies":"2 Louse","floor":1,"turns":4},{"damage":0,"enemies":"Jaw Worm","floor":3,"turns":5},{"damage":0,"enemies":"Cultist","floor":4,"turns":2},{"damage":24,"enemies":"Gremlin Nob","floor":6,"turns":4},{"damage":16,"enemies":"Lots of Slimes","floor":13,"turns":5},{"damage":0,"enemies":"Looter","floor":14,"turns":3},{"damage":39,"enemies":"The Guardian","floor":16,"turns":10}],"seed_played":"-2918271839622294922","potions_obtained":[{"floor":4,"key":"Strength Potion"},{"floor":14,"key":"SneckoOil"}],"is_trial":false,"path_per_floor":["M","?","M","M","$","E","?","R","T","?","R","$","M","M","R","B"],"character_chosen":"THE_SILENT","items_purchased":["Deadly Poison","Footwork"],"campfire_rested":1,"item_purchase_floors":[5,12],"current_hp_per_floor":[59,52,52,52,52,28,28,28,28,28,28,28,12,12,31,0,0],"gold":48,"neow_bonus":"BOSS_RELIC","is_daily":false,"chose_seed":false,"campfire_upgraded":2,"win_rate":0.0,"timestamp":1613934435,"path_taken":["M","?","M","M","$","E","?","R","T","?","R","$","M","M","R","BOSS"],"items_purchased_type":["Card","Card"],"build_version":"2020-12-22","purchased_purges":1,"victory":false,"max_hp_per_floor":[66,66,66,66,66,66,66,66,66,66,66,66,66,66,66,66,66],"card_choices":[{"not_picked":["Dodge and Roll","Accuracy"],"picked":"Finisher","floor":1},{"not_picked":["Eviscerate","Underhanded Strike"],"picked":"Blade Dance","floor":3},{"not_picked":["Backflip","Prepared"],"picked":"Escape Plan","floor":4},{"not_picked":["Sucker Punch","Infinite Blades"],"picked":"Slice","floor":6},{"not_picked":["Bane","Dodge and Roll"],"picked":"Deflect","floor":13},{"not_picked":["Underhanded Strike","Calculated Gamble"],"picked":"Cloak And Dagger","floor":14},{"not_picked":["Deadly Poison","Prepared"],"picked":"Accuracy","floor":15}],"player_experience":648359,"relics_obtained":[{"floor":6,"key":"Dream Catcher"},{"floor":9,"key":"Toy Ornithopter"}],"event_choices":[{"cards_removed":["Strike_G"],"damage_healed":0,"gold_gain":0,"player_choice":"Card Removal","damage_taken":7,"max_hp_gain":0,"max_hp_loss":0,"event_name":"Golden Wing","floor":2,"gold_loss":0},{"damage_healed":0,"gold_gain":0,"player_choice":"Searched \u00271\u0027 times","damage_taken":0,"relics_obtained":["Centennial Puzzle"],"max_hp_gain":0,"max_hp_loss":0,"event_name":"Dead Adventurer","floor":7,"gold_loss":0},{"damage_healed":0,"gold_gain":0,"player_choice":"Trade","damage_taken":0,"relics_obtained":["GremlinMask"],"max_hp_gain":0,"max_hp_loss":0,"event_name":"FaceTrader","floor":10,"gold_loss":0}],"is_beta":false,"boss_relics":[],"items_purged_floors":[5],"is_endless":false,"potions_floor_spawned":[4,14],"killed_by":"The Guardian","ascension_level":16}}