{"host":"2iljta8k1y3y5k04","time":1613931709,"event":{"mods":["AchievementEnabler","BaseMod","Better Altar","Better Match","Better Note","Better Sensory Stone","Better Skull","Colored Map","Minty Spire (QoL Compilation)","Permanent Neow","Relic Stats","StSLib","UnlockEverythingMod"],"gold_per_floor":[109,123,123,137,137,137,170,170,170,170,195,470,484,249,249,323,323,343,354,378,393,411,437,187,187,187,212,212,212,245,340,340,414,414,430,430,242,258,276,307,307,326,353,353,367,384,419,434,434,434,434,434,4,29,29],"floor_reached":56,"language":"ENG","playtime":3231,"items_purged":["Regret","Static Discharge+1"],"score":2325,"play_id":"a71a8c1d-78f8-45a1-938b-a3c163976334","local_time":"20210221132149","is_ascension_mode":true,"campfire_choices":[{"data":"Static Discharge","floor":6.0,"key":"SMITH"},{"data":"Cold Snap","floor":8.0,"key":"SMITH"},{"data":"Consume","floor":10.0,"key":"SMITH"},{"data":"Defragment","floor":15.0,"key":"SMITH"},{"data":"Biased Cognition","floor":25.0,"key":"SMITH"},{"data":"Capacitor","floor":29.0,"key":"SMITH"},{"data":"Seek","floor":32.0,"key":"SMITH"},{"floor":41,"key":"DIG"},{"floor":44,"key":"RECALL"},{"floor":49,"key":"DIG"},{"floor":52,"key":"DIG"}],"circlet_count":0,"master_deck":["AscendersBane","Zap","Dualcast","Cold Snap+1","Consume+1","Ball Lightning+1","Genetic Algorithm","Defragment+1","Biased Cognition+1","Go for the Eyes+1","Creative AI","Darkness","Chill","Seek+1","Steam Power","Chill","Melter","Auto Shields","Self Repair","Glacier+1","Defragment+1","Force Field","Capacitor+1","Turbo+1","Amplify+1","Defragment+1","Coolheaded+1","Core Surge","Fission+1","Capacitor","Darkness+1","Electrodynamics"],"relics":["Cracked Core","Anchor","WarpedTongs","Bottled Flame","Centennial Puzzle","Shovel","Pandora\u0027s Box","Potion Belt","Thread and Needle","DollysMirror","Toxic Egg 2","Symbiotic Virus","Runic Pyramid","Membership Card","PreservedInsect","Lantern","Orichalcum","Bronze Scales","Art of War","Pear","ClockworkSouvenir","CaptainsWheel","Whetstone"],"acts_visited":["Exordium","TheCity","TheBeyond","TheEnding"],"potions_floor_usage":[50,55,55,55],"damage_taken":[{"damage":2.0,"enemies":"Small Slimes","floor":1.0,"turns":4.0},{"damage":0.0,"enemies":"Cultist","floor":2.0,"turns":3.0},{"damage":2.0,"enemies":"2 Louse","floor":4.0,"turns":3.0},{"damage":20.0,"enemies":"3 Sentries","floor":7.0,"turns":5.0},{"damage":17.0,"enemies":"Lagavulin","floor":11.0,"turns":5.0},{"damage":3.0,"enemies":"Large Slime","floor":13.0,"turns":3.0},{"damage":6.0,"enemies":"The Guardian","floor":16.0,"turns":9.0},{"damage":4.0,"enemies":"2 Thieves","floor":18.0,"turns":4.0},{"damage":1.0,"enemies":"3 Byrds","floor":19.0,"turns":6.0},{"damage":0.0,"enemies":"Sentry and Sphere","floor":21.0,"turns":5.0},{"damage":0.0,"enemies":"Centurion and Healer","floor":22.0,"turns":6.0},{"damage":28.0,"enemies":"Book of Stabbing","floor":23.0,"turns":5.0},{"damage":0.0,"enemies":"Slavers","floor":27.0,"turns":9.0},{"damage":11.0,"enemies":"Gremlin Leader","floor":30.0,"turns":7.0},{"damage":25.0,"enemies":"Champ","floor":33.0,"turns":8.0},{"damage":0,"enemies":"Orb Walker","floor":35,"turns":6},{"damage":0,"enemies":"3 Darklings","floor":38,"turns":8},{"damage":0,"enemies":"Maw","floor":39,"turns":6},{"damage":0,"enemies":"Nemesis","floor":40,"turns":5},{"damage":0,"enemies":"Sphere and 2 Shapes","floor":42,"turns":5},{"damage":0,"enemies":"Jaw Worm Horde","floor":45,"turns":5},{"damage":0,"enemies":"Writhing Mass","floor":46,"turns":7},{"damage":0,"enemies":"Giant Head","floor":47,"turns":9},{"damage":0,"enemies":"Maw","floor":48,"turns":7},{"damage":0,"enemies":"Awakened One","floor":50,"turns":11},{"damage":0,"enemies":"Shield and Spear","floor":54,"turns":5},{"damage":23,"enemies":"The Heart","floor":55,"turns":9}],"seed_played":"-1706228219786846842","potions_obtained":[{"floor":1.0,"key":"Dexterity Potion"},{"floor":2.0,"key":"FocusPotion"},{"floor":11.0,"key":"Block Potion"},{"floor":16.0,"key":"Weak Potion"},{"floor":33,"key":"ColorlessPotion"},{"floor":39,"key":"DistilledChaos"}],"is_trial":false,"path_per_floor":["M","M","?","M","?","R","E","R","T","R","E","?","M","$","R","B",null,"M","M","T","M","M","E","$","R","T","E","?","R","E","?","R","B",null,"M","?","$","M","M","E","R","M","T","R","M","M","E","M","R","B",null,"R","$","E","B",null],"character_chosen":"DEFECT","items_purchased":["Defragment","DuplicationPotion","DollysMirror","Force Field","Membership Card","Energy Potion","ClockworkSouvenir","GamblersBrew","Capacitor","CaptainsWheel","Darkness+1"],"campfire_rested":0,"item_purchase_floors":[14,14,24,24,37,37,53,53,53,53,53],"current_hp_per_floor":[62,62,62,60,53,53,33,33,33,33,16,16,13,13,13,7,55,51,50,50,57,67,46,46,46,46,53,53,53,52,43,43,25,60,67,67,67,71,71,71,71,71,71,71,71,71,71,71,71,71,71,81,81,81,68],"gold":29,"neow_bonus":"RANDOM_COMMON_RELIC","is_daily":false,"chose_seed":false,"campfire_upgraded":7,"win_rate":0.0,"timestamp":1613931709,"path_taken":["M","M","?","?","?","R","E","R","T","R","E","?","M","$","R","BOSS","M","M","?","M","M","E","$","R","T","E","?","R","E","?","R","BOSS","BOSS","M","?","$","M","M","E","R","M","T","R","?","M","E","?","R","BOSS","R","$","E","BOSS"],"items_purchased_type":["Card","Potion","Relic","Card","Relic","Potion","Relic","Potion","Card","Relic","Card"],"build_version":"2020-12-22","purchased_purges":2,"victory":true,"max_hp_per_floor":[71,71,71,71,71,71,71,71,71,71,71,71,71,71,71,71,71,71,71,71,71,71,71,71,71,71,71,71,71,71,71,71,71,71,71,71,71,71,71,71,71,71,71,71,71,71,71,71,71,71,71,81,81,81,81],"relic_stats":{"Centennial Puzzle":[27],"Shovel":3,"counters":[27,165],"Bronze Scales":[198],"Pandora\u0027s Box":["Go for the Eyes","Creative AI","Darkness","Chill","Seek","Steam Power","Chill","Melter"],"PreservedInsect":207,"Art of War":[9],"Whetstone":["Go for the Eyes","Ball Lightning"],"Orichalcum":[72],"obtain_stats":[{"Potion Belt":20,"Lantern":41,"Pear":52,"Thread and Needle":23,"PreservedInsect":40,"Whetstone":54,"Orichalcum":43,"WarpedTongs":3,"ClockworkSouvenir":53,"Anchor":0,"Bottled Flame":7,"Centennial Puzzle":9,"CaptainsWheel":53,"Shovel":11,"DollysMirror":24,"Bronze Scales":47,"Pandora\u0027s Box":17,"Art of War":49,"Membership Card":37,"Toxic Egg 2":27,"Cracked Core":0,"Symbiotic Virus":30,"Runic Pyramid":34},{"Potion Belt":9,"Lantern":19,"Pear":25,"Thread and Needle":12,"PreservedInsect":19,"Whetstone":26,"Orichalcum":20,"WarpedTongs":2,"ClockworkSouvenir":25,"Anchor":0,"Bottled Flame":4,"Centennial Puzzle":4,"CaptainsWheel":25,"Shovel":5,"DollysMirror":12,"Bronze Scales":23,"Pandora\u0027s Box":7,"Art of War":24,"Membership Card":16,"Toxic Egg 2":13,"Cracked Core":0,"Symbiotic Virus":14,"Runic Pyramid":15},{"Potion Belt":42,"Lantern":107,"Pear":151,"Thread and Needle":58,"PreservedInsect":107,"Whetstone":156,"Orichalcum":112,"WarpedTongs":7,"ClockworkSouvenir":151,"Anchor":0,"Bottled Flame":15,"Centennial Puzzle":15,"CaptainsWheel":151,"Shovel":20,"DollysMirror":58,"Bronze Scales":133,"Pandora\u0027s Box":32,"Art of War":140,"Membership Card":88,"Toxic Egg 2":67,"Cracked Core":0,"Symbiotic Virus":74,"Runic Pyramid":82}],"WarpedTongs":[157]},"card_choices":[{"not_picked":["Storm","Force Field"],"picked":"Cold Snap","floor":1.0},{"not_picked":["Cold Snap","Redo"],"picked":"Static Discharge","floor":2.0},{"not_picked":["BootSequence","Steam"],"picked":"Consume","floor":4.0},{"not_picked":["Double Energy","Creative AI","Streamline"],"picked":"SKIP","floor":7.0},{"not_picked":["Thunder Strike","Leap"],"picked":"Ball Lightning","floor":11.0},{"not_picked":["Leap","Stack"],"picked":"Genetic Algorithm","floor":13.0},{"not_picked":["Hyperbeam","Amplify"],"picked":"Biased Cognition","floor":16.0},{"not_picked":["Stack","Aggregate"],"picked":"Auto Shields","floor":18.0},{"not_picked":["BootSequence","Hologram"],"picked":"Self Repair","floor":19.0},{"not_picked":["Cold Snap","Rebound","Beam Cell"],"picked":"SKIP","floor":21.0},{"not_picked":["Reinforced Body","Leap"],"picked":"Glacier+1","floor":22.0},{"not_picked":["Stack","Barrage","Beam Cell"],"picked":"SKIP","floor":23.0},{"not_picked":["Cold Snap","Reprogram+1"],"picked":"Capacitor","floor":27.0},{"not_picked":["FTL","Ball Lightning"],"picked":"Turbo+1","floor":30.0},{"not_picked":["Seek+1","Meteor Strike"],"picked":"Amplify+1","floor":33},{"not_picked":["Sweeping Beam","Gash","Ball Lightning+1"],"picked":"SKIP","floor":35},{"not_picked":["Genetic Algorithm+1","Ball Lightning"],"picked":"Coolheaded+1","floor":38},{"not_picked":["Cold Snap","Conserve Battery+1","Coolheaded+1"],"picked":"SKIP","floor":39},{"not_picked":["Rebound","Storm"],"picked":"Core Surge","floor":40},{"not_picked":["Double Energy+1","Hologram+1","Redo+1"],"picked":"SKIP","floor":42},{"not_picked":["Go for the Eyes","Redo+1","Defragment"],"picked":"SKIP","floor":45},{"not_picked":["Double Energy+1","Steam+1","Turbo+1"],"picked":"SKIP","floor":46},{"not_picked":["BootSequence+1","Coolheaded+1","Rebound"],"picked":"SKIP","floor":47},{"not_picked":["Turbo+1","Redo+1"],"picked":"Fission+1","floor":48},{"not_picked":["Fusion+1","Leap+1"],"picked":"Electrodynamics","floor":54}],"player_experience":0,"relics_obtained":[{"floor":7.0,"key":"Bottled Flame"},{"floor":9.0,"key":"Centennial Puzzle"},{"floor":11.0,"key":"Shovel"},{"floor":20.0,"key":"Potion Belt"},{"floor":23.0,"key":"Thread and Needle"},{"floor":27.0,"key":"Toxic Egg 2"},{"floor":30.0,"key":"Symbiotic Virus"},{"floor":40,"key":"PreservedInsect"},{"floor":41,"key":"Lantern"},{"floor":43,"key":"Orichalcum"},{"floor":47,"key":"Bronze Scales"},{"floor":49,"key":"Art of War"},{"floor":52,"key":"Pear"},{"floor":54,"key":"Whetstone"}],"event_choices":[{"damage_healed":0.0,"max_hp_gain":0.0,"max_hp_loss":0.0,"gold_gain":0.0,"event_name":"Accursed Blacksmith","player_choice":"Rummage","floor":3.0,"gold_loss":0.0,"damage_taken":0.0,"relics_obtained":["WarpedTongs"],"cards_obtained":["Pain"]},{"cards_removed":["Pain"],"damage_healed":0.0,"max_hp_gain":0.0,"max_hp_loss":0.0,"gold_gain":0.0,"event_name":"Golden Wing","player_choice":"Card Removal","floor":5.0,"gold_loss":0.0,"damage_taken":7.0},{"damage_healed":0.0,"max_hp_gain":0.0,"max_hp_loss":0.0,"gold_gain":275.0,"event_name":"Golden Shrine","player_choice":"Desecrate","floor":12.0,"gold_loss":0.0,"damage_taken":0.0,"cards_obtained":["Regret"]},{"cards_removed":["Seek"],"damage_healed":0.0,"max_hp_gain":0.0,"max_hp_loss":0.0,"gold_gain":0.0,"event_name":"betterNote:BetterNote","player_choice":"Give","floor":28.0,"gold_loss":0.0,"damage_taken":0.0,"cards_obtained":["None"]},{"damage_healed":0.0,"max_hp_gain":0.0,"max_hp_loss":0.0,"gold_gain":95.0,"event_name":"betterSkull:BetterSkull","player_choice":"GO ","floor":31.0,"gold_loss":0.0,"damage_taken":10.0,"cards_upgraded":[],"relics_obtained":[]},{"damage_healed":0,"gold_gain":0,"player_choice":"Copied","damage_taken":0,"max_hp_gain":0,"max_hp_loss":0,"event_name":"Duplicator","floor":36,"gold_loss":0,"cards_obtained":["Defragment"]}],"is_beta":false,"boss_relics":[{"not_picked":["SacredBark","Busted Crown"],"picked":"Pandora\u0027s Box"},{"not_picked":["Velvet Choker","Astrolabe"],"picked":"Runic Pyramid"}],"items_purged_floors":[14,53],"is_endless":false,"potions_floor_spawned":[1,2,11,16,18,33,39,42,45],"ascension_level":16}}