{"host":"cjhtzh7tp54jdfyv","time":1613898714,"event":{"mods":["AchievementEnabler","BaseMod","Colored Map","Colored Powertips","Curses Come First","DeckTracker","Filter the Spire","Minty Spire (QoL Compilation)","RNG Fix","Relic Sorter","Relic Stats","StSLib","UnlockEverythingMod","ojb\u0027s Better Paths Mod","ojb\u0027s Info Mod"],"gold_per_floor":[99,99,99,99,99,99,99,24,24,24,24,24,24,24,24,24,24,0,0,0,0,0,0,0,0,0,0,0,0,0,0,0,0,0,0,0,0,0,0,0,0,0,0,0,0,0,0,0,0,0,0,0,0,0,0,0],"floor_reached":57,"language":"ENG","playtime":4673,"items_purged":["Defend_P"],"score":2955,"play_id":"e4f6c78d-d1f4-4ea7-8a34-ca0317543801","local_time":"20210221041154","is_ascension_mode":true,"campfire_choices":[{"data":"Eruption","floor":6.0,"key":"SMITH"},{"data":"CrushJoints","floor":11.0,"key":"SMITH"},{"data":"Meditate","floor":15.0,"key":"SMITH"},{"data":"TalkToTheHand","floor":23.0,"key":"SMITH"},{"data":"CrushJoints","floor":25.0,"key":"SMITH"},{"data":"Crescendo","floor":30,"key":"SMITH"},{"data":"Vigilance","floor":32,"key":"SMITH"},{"floor":41,"key":"RECALL"},{"floor":44,"key":"REST"},{"data":"Crescendo","floor":49,"key":"SMITH"},{"floor":53,"key":"REST"}],"circlet_count":0,"master_deck":["AscendersBane","Strike_P+1","Strike_P+1","Strike_P+1","Strike_P+1","Defend_P+1","Eruption+1","Vigilance+1","CrushJoints+1","TalkToTheHand+1","Meditate+1","FearNoEvil+1","Meditate+1","Sanctity+1","CutThroughFate+1","FlyingSleeves+1","JustLucky+1","LessonLearned+1","Wallop+1","CrushJoints+1","BowlingBash+1","Adaptation+1","Crescendo+1","Scrawl+1","SashWhip+1","EmptyMind+1","Crescendo+1"],"relics":["Ectoplasm","Shuriken","Singing Bowl","CloakClasp","VioletLotus","Pantograph","Ancient Tea Set","Lizard Tail","Molten Egg 2","Busted Crown","Red Mask","Ice Cream","Whetstone","Letter Opener","StoneCalendar","Ginger"],"acts_visited":["Exordium","TheCity","TheBeyond","TheEnding"],"potions_floor_usage":[35,56,56],"damage_taken":[{"damage":10.0,"enemies":"Small Slimes","floor":1.0,"turns":4.0},{"damage":0.0,"enemies":"Jaw Worm","floor":2.0,"turns":3.0},{"damage":0.0,"enemies":"2 Louse","floor":3.0,"turns":3.0},{"damage":2.0,"enemies":"2 Fungi Beasts","floor":5.0,"turns":4.0},{"damage":29.0,"enemies":"3 Sentries","floor":7.0,"turns":10.0},{"damage":0.0,"enemies":"Lagavulin","floor":10.0,"turns":4.0},{"damage":9.0,"enemies":"Gremlin Nob","floor":12.0,"turns":3.0},{"damage":0.0,"enemies":"Looter","floor":14.0,"turns":1.0},{"damage":0.0,"enemies":"Slime Boss","floor":16.0,"turns":3.0},{"damage":14.0,"enemies":"2 Thieves","floor":18.0,"turns":3.0},{"damage":0.0,"enemies":"Chosen","floor":19.0,"turns":3.0},{"damage":4.0,"enemies":"3 Cultists","floor":21.0,"turns":4.0},{"damage":0.0,"enemies":"Centurion and Healer","floor":22.0,"turns":4.0},{"damage":1.0,"enemies":"Gremlin Leader","floor":24.0,"turns":5.0},{"damage":28.0,"enemies":"Slavers","floor":27.0,"turns":7.0},{"damage":0.0,"enemies":"Sentry and Sphere","floor":28.0,"turns":2.0},{"damage":22,"enemies":"Book of Stabbing","floor":29,"turns":3},{"damage":10,"enemies":"Automaton","floor":33,"turns":6},{"damage":0,"enemies":"3 Shapes","floor":35,"turns":3},{"damage":0,"enemies":"Mind Bloom Boss Battle","floor":36,"turns":4},{"damage":0,"enemies":"Orb Walker","floor":38,"turns":2},{"damage":24,"enemies":"Spire Growth","floor":39,"turns":3},{"damage":0,"enemies":"Sphere and 2 Shapes","floor":40,"turns":2},{"damage":0,"enemies":"Reptomancer","floor":42,"turns":2},{"damage":0,"enemies":"Giant Head","floor":46,"turns":3},{"damage":0,"enemies":"2 Orb Walkers","floor":47,"turns":2},{"damage":4,"enemies":"Writhing Mass","floor":48,"turns":3},{"damage":6,"enemies":"Time Eater","floor":50,"turns":3},{"damage":38,"enemies":"Awakened One","floor":51,"turns":6},{"damage":18,"enemies":"Shield and Spear","floor":55,"turns":3},{"damage":40,"enemies":"The Heart","floor":56,"turns":6}],"seed_played":"-5405359522850621861","potions_obtained":[{"floor":3.0,"key":"Dexterity Potion"},{"floor":5.0,"key":"LiquidMemories"},{"floor":7.0,"key":"AttackPotion"},{"floor":19.0,"key":"PowerPotion"},{"floor":21.0,"key":"FairyPotion"},{"floor":22.0,"key":"Block Potion"},{"floor":24.0,"key":"SkillPotion"},{"floor":28.0,"key":"Explosive Potion"},{"floor":35,"key":"BlessingOfTheForge"},{"floor":36,"key":"LiquidBronze"},{"floor":39,"key":"DistilledChaos"},{"floor":42,"key":"BottledMiracle"}],"is_trial":false,"path_per_floor":["M","M","M","?","M","R","E","$","T","E","R","E","?","M","R","B",null,"M","M","?","M","M","R","E","R","T","E","M","E","R","?","R","B",null,"M","?","?","M","M","M","R","E","T","R","?","E","?","M","R","B","B",null,"R","$","E","B",null],"character_chosen":"WATCHER","items_purchased":[],"campfire_rested":2,"item_purchase_floors":[],"current_hp_per_floor":[51,51,51,68,66,66,37,37,37,37,37,28,28,28,28,28,58,44,44,44,40,42,42,43,43,43,15,17,22,22,22,22,37,65,67,78,78,78,56,56,56,58,58,82,82,84,86,82,82,80,48,77,86,86,70,48],"gold":0,"neow_bonus":"BOSS_RELIC","is_daily":false,"chose_seed":false,"campfire_upgraded":8,"win_rate":0.0,"timestamp":1613898714,"path_taken":["M","M","M","?","M","R","E","$","T","E","R","E","?","?","R","BOSS","M","M","?","M","?","R","E","R","T","E","M","E","R","?","R","BOSS","M","?","?","?","M","M","R","E","T","R","?","E","?","M","R","BOSS","BOSS","R","$","E","BOSS"],"items_purchased_type":[],"build_version":"2020-12-22","purchased_purges":1,"victory":true,"max_hp_per_floor":[68,68,68,68,68,68,68,68,68,68,68,68,68,68,68,68,68,68,68,68,68,70,70,72,72,72,72,74,74,74,74,74,74,74,76,78,78,78,80,80,80,82,82,82,82,84,86,86,86,86,86,86,86,86,88,88],"relic_stats":{"Singing Bowl":20,"counters":[31,114],"StoneCalendar":[0],"CloakClasp":[218],"Whetstone":[],"Letter Opener":[51],"Ginger":[2],"Lizard Tail":0,"Busted Crown":20,"Shuriken":[83],"Pantograph":62,"Ectoplasm":999,"VioletLotus":[43],"obtain_stats":[{"Ice Cream":42,"Singing Bowl":10,"StoneCalendar":47,"CloakClasp":12,"Whetstone":43,"Letter Opener":46,"Ginger":55,"Ancient Tea Set":26,"Lizard Tail":27,"Busted Crown":34,"Shuriken":7,"Pantograph":24,"Molten Egg 2":29,"Ectoplasm":0,"VioletLotus":17,"Red Mask":37,"PureWater":0},{"Ice Cream":24,"Singing Bowl":6,"StoneCalendar":26,"CloakClasp":7,"Whetstone":24,"Letter Opener":25,"Ginger":30,"Ancient Tea Set":14,"Lizard Tail":15,"Busted Crown":18,"Shuriken":5,"Pantograph":14,"Molten Egg 2":17,"Ectoplasm":0,"VioletLotus":9,"Red Mask":20,"PureWater":0},{"Ice Cream":88,"Singing Bowl":28,"StoneCalendar":93,"CloakClasp":31,"Whetstone":88,"Letter Opener":91,"Ginger":108,"Ancient Tea Set":54,"Lizard Tail":61,"Busted Crown":72,"Shuriken":24,"Pantograph":54,"Molten Egg 2":66,"Ectoplasm":0,"VioletLotus":35,"Red Mask":79,"PureWater":0}]},"card_choices":[{"not_picked":["JustLucky","Protect"],"picked":"CrushJoints","floor":1.0},{"not_picked":["ThirdEye","Crescendo"],"picked":"TalkToTheHand","floor":2.0},{"not_picked":["Perseverance","Worship"],"picked":"Meditate","floor":3.0},{"not_picked":["CrushJoints","Halt"],"picked":"FearNoEvil","floor":5.0},{"not_picked":["Crescendo","Consecrate"],"picked":"Meditate","floor":7.0},{"not_picked":["Wish","CarveReality"],"picked":"Sanctity","floor":10.0},{"not_picked":["ClearTheMind","Perseverance"],"picked":"CutThroughFate","floor":12.0},{"not_picked":["Collect","ThirdEye"],"picked":"JustLucky","floor":14.0},{"not_picked":["Blasphemy","Brilliance"],"picked":"LessonLearned","floor":16.0},{"not_picked":["ThirdEye+1","EmptyFist"],"picked":"Wallop","floor":18.0},{"not_picked":["LikeWater+1","Collect"],"picked":"CrushJoints","floor":19.0},{"not_picked":["Protect","EmptyBody"],"picked":"BowlingBash","floor":21.0},{"not_picked":["FearNoEvil","EmptyBody","FlyingSleeves"],"picked":"Singing Bowl","floor":22.0},{"not_picked":["Nirvana","ThirdEye","WreathOfFlame"],"picked":"Singing Bowl","floor":24.0},{"not_picked":["Halt","DeceiveReality"],"picked":"Adaptation","floor":27.0},{"not_picked":["ThirdEye","BattleHymn","Nirvana"],"picked":"Singing Bowl","floor":28.0},{"not_picked":["CarveReality+1","ClearTheMind"],"picked":"Crescendo","floor":29},{"not_picked":["Ragnarok+1","Blasphemy"],"picked":"Scrawl","floor":33},{"not_picked":["CrushJoints+1"],"picked":"Singing Bowl","floor":35},{"not_picked":["Nirvana"],"picked":"Singing Bowl","floor":36},{"not_picked":[],"picked":"SashWhip+1","floor":38},{"not_picked":["ThirdEye+1"],"picked":"Singing Bowl","floor":39},{"not_picked":[],"picked":"EmptyMind","floor":40},{"not_picked":["Meditate"],"picked":"Singing Bowl","floor":42},{"not_picked":["MasterReality"],"picked":"Singing Bowl","floor":46},{"not_picked":["FollowUp+1"],"picked":"Singing Bowl","floor":47},{"not_picked":[],"picked":"Crescendo","floor":48},{"not_picked":["Consecrate+1"],"picked":"Singing Bowl","floor":55}],"player_experience":5123445,"relics_obtained":[{"floor":7.0,"key":"Shuriken"},{"floor":10.0,"key":"Singing Bowl"},{"floor":12.0,"key":"CloakClasp"},{"floor":24.0,"key":"Pantograph"},{"floor":26.0,"key":"Ancient Tea Set"},{"floor":27.0,"key":"Lizard Tail"},{"floor":29,"key":"Molten Egg 2"},{"floor":42,"key":"Ice Cream"},{"floor":43,"key":"Whetstone"},{"floor":46,"key":"Letter Opener"},{"floor":47,"key":"StoneCalendar"},{"floor":55,"key":"Ginger"}],"event_choices":[{"damage_healed":22.0,"max_hp_gain":0.0,"max_hp_loss":0.0,"gold_gain":0.0,"event_name":"Big Fish","player_choice":"Banana","floor":4.0,"gold_loss":0.0,"damage_taken":0.0},{"damage_healed":0.0,"max_hp_gain":0.0,"max_hp_loss":0.0,"gold_gain":0.0,"cards_transformed":["Defend_P"],"event_name":"Transmorgrifier","player_choice":"Transformed","floor":13.0,"gold_loss":0.0,"damage_taken":0.0,"cards_obtained":["FlyingSleeves"]},{"damage_healed":0.0,"max_hp_gain":0.0,"max_hp_loss":0.0,"gold_gain":200.0,"event_name":"Wheel of Change","player_choice":"Gold","floor":20.0,"gold_loss":0.0,"damage_taken":0.0},{"damage_healed":0,"gold_gain":0,"player_choice":"Simplicity","damage_taken":0,"max_hp_gain":0,"max_hp_loss":0,"event_name":"Back to Basics","floor":31,"gold_loss":0,"cards_upgraded":["Strike_P","Strike_P","Strike_P","Defend_P","Defend_P"]},{"damage_healed":0,"gold_gain":0,"player_choice":"Fight","damage_taken":0,"max_hp_gain":0,"max_hp_loss":0,"event_name":"MindBloom","floor":36,"gold_loss":0},{"damage_healed":0,"gold_gain":0,"player_choice":"Paid","damage_taken":0,"relics_obtained":["Red Mask"],"max_hp_gain":0,"max_hp_loss":0,"event_name":"Tomb of Lord Red Mask","floor":37,"gold_loss":0},{"cards_removed":["Defend_P"],"damage_healed":0,"gold_gain":0,"player_choice":"Offered Basic","damage_taken":0,"max_hp_gain":0,"max_hp_loss":0,"event_name":"Bonfire Elementals","floor":45,"gold_loss":0},{"damage_healed":0,"gold_gain":0,"player_choice":"Fight","damage_taken":0,"max_hp_gain":0,"max_hp_loss":0,"event_name":"Mysterious Sphere","floor":47,"gold_loss":0}],"is_beta":false,"boss_relics":[{"not_picked":["Empty Cage","Sozu"],"picked":"VioletLotus"},{"not_picked":["Astrolabe","Cursed Key"],"picked":"Busted Crown"}],"items_purged_floors":[8],"is_endless":false,"potions_floor_spawned":[3,5,7,14,19,21,22,24,28,35,36,39,42,46,48,55],"ascension_level":20}}