{"host":"6406jj8da6015sxr","time":1613930805,"event":{"mods":["AchievementEnabler","BaseMod","Colored Map","DeckTracker","Keyboard Shortcuts","Minty Spire (QoL Compilation)","Permanent Neow","Relic Stats","SuperFastMode","everything is the same but u backflip on backflip"],"gold_per_floor":[110,121,121,136,152,152,181,181,227,257,292,307,330,348,348,423,423,441,458,46,46,63,63,90,66,91,91,122,133,147,147,147,222,222,241,253,265,275,11,11,22,33,58,58,58,58,70,70,70,70],"floor_reached":51,"language":"KOR","playtime":2069,"items_purged":["Strike_G","Defend_G"],"score":1264,"play_id":"cdf7be64-9d52-41be-94e0-8a3384e4d1f7","local_time":"20210222030645","is_ascension_mode":true,"campfire_choices":[{"data":"Catalyst","floor":6.0,"key":"SMITH"},{"floor":8.0,"key":"REST"},{"data":"Corpse Explosion","floor":15.0,"key":"SMITH"},{"data":"Neutralize","floor":23.0,"key":"SMITH"},{"floor":27.0,"key":"REST"},{"floor":32.0,"key":"REST"},{"data":"After Image","floor":40.0,"key":"SMITH"},{"data":"Acrobatics","floor":44.0,"key":"SMITH"},{"data":"Prepared","floor":49.0,"key":"SMITH"}],"circlet_count":0,"master_deck":["AscendersBane","Defend_G","Defend_G","Defend_G","Defend_G","Survivor","Neutralize+1","Noxious Fumes","Corpse Explosion+1","Bouncing Flask","Catalyst+1","Blade Dance","Deadly Poison","Escape Plan","Escape Plan","Deflect+1","Footwork+1","Backflip","Deadly Poison+1","PiercingWail","PiercingWail","Backflip","Prepared+1","Calculated Gamble+1","Deflect","After Image+1","Prepared","Crippling Poison","Acrobatics+1","Tactician"],"relics":["Ring of the Snake","Shuriken","Toy Ornithopter","Omamori","Dream Catcher","Astrolabe","Pantograph","Nloth\u0027s Gift","Question Card","Art of War","Red Mask","Coffee Dripper","Lantern","Orichalcum"],"acts_visited":["Exordium","TheCity","TheBeyond"],"potions_floor_usage":[50,50],"damage_taken":[{"damage":8.0,"enemies":"Jaw Worm","floor":1.0,"turns":6.0},{"damage":1.0,"enemies":"2 Louse","floor":2.0,"turns":4.0},{"damage":1.0,"enemies":"Cultist","floor":4.0,"turns":4.0},{"damage":9.0,"enemies":"Blue Slaver","floor":5.0,"turns":5.0},{"damage":32.0,"enemies":"3 Sentries","floor":7.0,"turns":7.0},{"damage":10.0,"enemies":"Lagavulin","floor":11.0,"turns":6.0},{"damage":0.0,"enemies":"2 Fungi Beasts","floor":12.0,"turns":2.0},{"damage":0.0,"enemies":"Lots of Slimes","floor":14.0,"turns":1.0},{"damage":8.0,"enemies":"The Guardian","floor":16.0,"turns":5.0},{"damage":5.0,"enemies":"Shell Parasite","floor":18.0,"turns":6.0},{"damage":0.0,"enemies":"3 Byrds","floor":19.0,"turns":2.0},{"damage":5.0,"enemies":"Snecko","floor":22.0,"turns":4.0},{"damage":53.0,"enemies":"Gremlin Leader","floor":24.0,"turns":8.0},{"damage":9.0,"enemies":"Masked Bandits","floor":28.0,"turns":2.0},{"damage":0.0,"enemies":"Snake Plant","floor":29.0,"turns":5.0},{"damage":0.0,"enemies":"Centurion and Healer","floor":30.0,"turns":4.0},{"damage":33.0,"enemies":"Champ","floor":33.0,"turns":12.0},{"damage":1.0,"enemies":"3 Shapes","floor":35.0,"turns":6.0},{"damage":1.0,"enemies":"Orb Walker","floor":36.0,"turns":5.0},{"damage":33.0,"enemies":"Maw","floor":37.0,"turns":8.0},{"damage":6.0,"enemies":"3 Darklings","floor":38.0,"turns":6.0},{"damage":10.0,"enemies":"Jaw Worm Horde","floor":41.0,"turns":5.0},{"damage":0.0,"enemies":"Writhing Mass","floor":42.0,"turns":5.0},{"damage":4.0,"enemies":"4 Shapes","floor":47.0,"turns":3.0},{"damage":39,"enemies":"Time Eater","floor":50,"turns":9}],"seed_played":"-7054734291492050861","potions_obtained":[{"floor":7.0,"key":"EssenceOfSteel"},{"floor":11.0,"key":"Strength Potion"},{"floor":12.0,"key":"SkillPotion"},{"floor":14.0,"key":"Block Potion"},{"floor":16.0,"key":"SkillPotion"},{"floor":19.0,"key":"ColorlessPotion"},{"floor":24.0,"key":"CultistPotion"},{"floor":29.0,"key":"SkillPotion"},{"floor":35.0,"key":"SkillPotion"},{"floor":41.0,"key":"SteroidPotion"},{"floor":47.0,"key":"Strength Potion"}],"is_trial":false,"path_per_floor":["M","M","?","M","M","R","E","R","T","?","E","M","T","M","R","B",null,"M","M","$","?","M","R","E","$","T","R","?","M","M","?","R","B",null,"M","M","M","M","$","R","M","M","T","R","?","?","M","?","R","B",null],"character_chosen":"THE_SILENT","items_purchased":["Pantograph","PiercingWail","PiercingWail","Lantern"],"campfire_rested":3,"item_purchase_floors":[20,20,25,39],"current_hp_per_floor":[51,50,50,49,40,40,8,26,26,26,21,21,21,26,26,23,51,51,51,51,51,51,51,3,3,3,21,12,12,12,12,30,27,52,51,50,22,16,16,16,6,11,11,11,11,11,7,49,49,20],"gold":70,"neow_bonus":"ONE_RARE_RELIC","is_daily":false,"chose_seed":false,"campfire_upgraded":6,"win_rate":0.0,"timestamp":1613930805,"path_taken":["M","M","?","M","M","R","E","R","T","?","E","M","?","M","R","BOSS","M","M","$","?","?","R","E","$","T","R","?","M","M","?","R","BOSS","M","M","M","?","$","R","M","M","T","R","?","?","M","?","R","BOSS"],"items_purchased_type":["Relic","Card","Card","Relic"],"build_version":"2020-12-22","purchased_purges":2,"victory":true,"max_hp_per_floor":[60,60,60,60,60,60,60,60,60,60,60,60,60,60,60,60,60,60,60,60,60,60,60,60,60,60,60,60,60,60,60,60,60,60,60,60,60,60,60,60,60,60,60,60,60,60,60,49,49,49],"relic_stats":{"Dream Catcher":2,"counters":[25,130],"Shuriken":[14],"Astrolabe":["Dash","Deflect","Footwork"],"Pantograph":25,"Nloth\u0027s Gift":7,"Art of War":[38],"Orichalcum":[6],"Question Card":13,"obtain_stats":[{"Lantern":39,"Astrolabe":17,"StoneCalendar":0,"Omamori":11,"Orichalcum":43,"Question Card":24,"Dream Catcher":13,"Shuriken":7,"Pantograph":20,"Nloth\u0027s Gift":21,"Art of War":26,"Red Mask":28,"Coffee Dripper":34,"Toy Ornithopter":9,"Ring of the Snake":0},{"Lantern":21,"Astrolabe":9,"StoneCalendar":0,"Omamori":6,"Orichalcum":23,"Question Card":13,"Dream Catcher":7,"Shuriken":5,"Pantograph":11,"Nloth\u0027s Gift":11,"Art of War":13,"Red Mask":14,"Coffee Dripper":17,"Toy Ornithopter":5,"Ring of the Snake":0},{"Lantern":108,"Astrolabe":40,"StoneCalendar":0,"Omamori":32,"Orichalcum":118,"Question Card":60,"Dream Catcher":34,"Shuriken":26,"Pantograph":48,"Nloth\u0027s Gift":48,"Art of War":60,"Red Mask":62,"Coffee Dripper":83,"Toy Ornithopter":26,"Ring of the Snake":0}],"Toy Ornithopter":55,"Ring of the Snake":[50]},"card_choices":[{"not_picked":["Deflect","Bane"],"picked":"Slice","floor":1.0},{"not_picked":["Backstab","Setup"],"picked":"Noxious Fumes","floor":2.0},{"not_picked":["Calculated Gamble","Flying Knee"],"picked":"Bouncing Flask","floor":4.0},{"not_picked":["Calculated Gamble","Well Laid Plans"],"picked":"Catalyst","floor":5.0},{"not_picked":["Terror","Setup"],"picked":"Blade Dance","floor":7.0},{"not_picked":["Sucker Punch","Dagger Spray"],"picked":"Deadly Poison","floor":11.0},{"not_picked":["Heel Hook","Prepared"],"picked":"Escape Plan","floor":12.0},{"not_picked":["Infinite Blades","Dodge and Roll"],"picked":"Escape Plan","floor":14.0},{"not_picked":["Dash","Deadly Poison"],"picked":"Backflip","floor":18.0},{"not_picked":["Skewer","Dagger Throw"],"picked":"Deadly Poison+1","floor":19.0},{"not_picked":["Blur","Endless Agony","Deflect"],"picked":"SKIP","floor":22.0},{"not_picked":["Die Die Die","Masterful Stab","Unload"],"picked":"SKIP","floor":24.0},{"not_picked":["Expertise","Flying Knee+1","Quick Slash+1"],"picked":"Backflip","floor":27.0},{"not_picked":["Outmaneuver+1","Backflip","Venomology"],"picked":"Prepared","floor":28.0},{"not_picked":["Riddle With Holes","Underhanded Strike","Quick Slash"],"picked":"Calculated Gamble+1","floor":29.0},{"not_picked":["Finisher","PiercingWail","Poisoned Stab","Night Terror"],"picked":"SKIP","floor":30.0},{"not_picked":["Blade Dance","Predator+1","Dagger Throw"],"picked":"Deflect","floor":32.0},{"not_picked":["Wraith Form v2","Storm of Steel","Grand Finale"],"picked":"After Image","floor":33.0},{"not_picked":["Poisoned Stab+1","Outmaneuver","Flying Knee"],"picked":"Prepared","floor":35.0},{"not_picked":["Dagger Spray+1","Outmaneuver+1","Deadly Poison","Sucker Punch"],"picked":"SKIP","floor":36.0},{"not_picked":["Unload","Blade Dance+1","Well Laid Plans"],"picked":"Crippling Poison","floor":37.0},{"not_picked":["Dash","Die Die Die","Flechettes","Infinite Blades"],"picked":"SKIP","floor":38.0},{"not_picked":["Slice+1","Riddle With Holes+1","Sucker Punch"],"picked":"Acrobatics","floor":41.0},{"not_picked":["Crippling Poison","Finisher+1","Tools of the Trade","Cloak And Dagger"],"picked":"SKIP","floor":42.0},{"not_picked":["Catalyst+1","Sucker Punch","Outmaneuver+1"],"picked":"Tactician","floor":47.0}],"player_experience":69661,"relics_obtained":[{"floor":7.0,"key":"Shuriken"},{"floor":9.0,"key":"Toy Ornithopter"},{"floor":11.0,"key":"Omamori"},{"floor":13.0,"key":"Dream Catcher"},{"floor":24.0,"key":"Question Card"},{"floor":26.0,"key":"Art of War"},{"floor":28.0,"key":"Red Mask"},{"floor":43.0,"key":"Orichalcum"}],"event_choices":[{"damage_healed":0.0,"max_hp_gain":0.0,"max_hp_loss":0.0,"gold_gain":0.0,"cards_transformed":["Strike_G"],"event_name":"Living Wall","player_choice":"Change","floor":3.0,"gold_loss":0.0,"damage_taken":0.0,"cards_obtained":["Corpse Explosion"]},{"damage_healed":0.0,"max_hp_gain":0.0,"max_hp_loss":0.0,"gold_gain":30.0,"event_name":"Dead Adventurer","player_choice":"Searched \u00271\u0027 times","floor":10.0,"gold_loss":0.0,"damage_taken":0.0},{"damage_healed":0.0,"max_hp_gain":0.0,"max_hp_loss":0.0,"gold_gain":0.0,"event_name":"N\u0027loth","player_choice":"Traded Relic","floor":21.0,"relics_lost":["StoneCalendar"],"gold_loss":0.0,"damage_taken":0.0,"relics_obtained":["Nloth\u0027s Gift"]},{"damage_healed":0.0,"max_hp_gain":0.0,"max_hp_loss":0.0,"gold_gain":0.0,"event_name":"Masked Bandits","player_choice":"Fought Bandits","floor":28.0,"gold_loss":0.0,"damage_taken":0.0},{"cards_removed":["Slice"],"damage_healed":0.0,"max_hp_gain":0.0,"max_hp_loss":0.0,"gold_gain":0.0,"event_name":"Purifier","player_choice":"Purged","floor":31.0,"gold_loss":0.0,"damage_taken":0.0},{"damage_healed":0.0,"max_hp_gain":0.0,"max_hp_loss":0.0,"gold_gain":0.0,"event_name":"Mysterious Sphere","player_choice":"Ignored","floor":45.0,"gold_loss":0.0,"damage_taken":0.0},{"cards_removed":["Dash"],"damage_healed":0.0,"max_hp_gain":0.0,"max_hp_loss":0.0,"gold_gain":0.0,"event_name":"Falling","player_choice":"Removed Attack","floor":46.0,"gold_loss":0.0,"damage_taken":0.0},{"damage_healed":49.0,"max_hp_gain":0.0,"max_hp_loss":11.0,"gold_gain":0.0,"event_name":"The Moai Head","player_choice":"Heal","floor":48.0,"gold_loss":0.0,"damage_taken":0.0}],"is_beta":false,"boss_relics":[{"not_picked":["Empty Cage","WristBlade"],"picked":"Astrolabe"},{"not_picked":["Snecko Eye","Velvet Choker"],"picked":"Coffee Dripper"}],"items_purged_floors":[20,39],"is_endless":false,"potions_floor_spawned":[7,11,12,14,16,19,24,29,35,41,47],"ascension_level":17}}