{"host":"lv7etzzgwahaenh9","time":1613885915,"event":{"mods":["AchievementEnabler","BaseMod","Colored Map","Colored Powertips","Highlight Path","Minty Spire (QoL Compilation)","Permanent Neow","Quick Restart","Random Character Button","StSLib"],"gold_per_floor":[19,19,32,43,59,59,77,77,77,94,110,120,120,155,155,234,234,250,267,38,71,95,95,95,95,95,20,120,136,136,35,35,112,112,132,146,166,184,199,199,199],"floor_reached":40,"language":"ENG","playtime":2463,"items_purged":["Strike_B"],"score":751,"play_id":"b858c8b7-0239-4671-a611-69cef1b8613a","local_time":"20210220213835","is_ascension_mode":true,"campfire_choices":[{"data":"Blizzard","floor":6.0,"key":"SMITH"},{"data":"Zap","floor":8.0,"key":"SMITH"},{"floor":13.0,"key":"REST"},{"data":"Echo Form","floor":15.0,"key":"SMITH"},{"floor":23,"key":"REST"},{"floor":25,"key":"REST"},{"floor":30,"key":"REST"},{"data":"Hologram","floor":32,"key":"SMITH"}],"circlet_count":0,"master_deck":["AscendersBane","Strike_B","Defend_B","Defend_B+1","Zap+1","Dualcast","Static Discharge","Hologram+1","Cold Snap","Blizzard+1","Genetic Algorithm","Cold Snap","Glacier+1","Compile Driver","Barrage","Beam Cell","Echo Form+1","Ball Lightning","Seek","CurseOfTheBell","Sweeping Beam","Necronomicurse","Turbo","Steam","Self Repair","Glacier","Electrodynamics","Coolheaded"],"relics":["Cracked Core","TungstenRod","Girya","Calling Bell","War Paint","Pantograph","Incense Burner","Oddly Smooth Stone","Red Mask","Bag of Preparation","Necronomicon","FossilizedHelix","Torii","StrikeDummy","Inserter"],"acts_visited":["Exordium","TheCity","TheBeyond"],"potions_floor_usage":[21,33],"damage_taken":[{"damage":6.0,"enemies":"Jaw Worm","floor":1.0,"turns":4.0},{"damage":5.0,"enemies":"2 Louse","floor":3.0,"turns":3.0},{"damage":3.0,"enemies":"Small Slimes","floor":4.0,"turns":4.0},{"damage":2.0,"enemies":"3 Louse","floor":5.0,"turns":3.0},{"damage":8.0,"enemies":"2 Fungi Beasts","floor":7.0,"turns":4.0},{"damage":1.0,"enemies":"Large Slime","floor":10.0,"turns":4.0},{"damage":0.0,"enemies":"3 Louse","floor":11.0,"turns":3.0},{"damage":8.0,"enemies":"2 Fungi Beasts","floor":12.0,"turns":3.0},{"damage":2.0,"enemies":"Gremlin Nob","floor":14.0,"turns":4.0},{"damage":43.0,"enemies":"The Guardian","floor":16.0,"turns":11.0},{"damage":14.0,"enemies":"3 Byrds","floor":18.0,"turns":4.0},{"damage":15,"enemies":"Chosen","floor":19,"turns":6},{"damage":20,"enemies":"Masked Bandits","floor":21,"turns":5},{"damage":9,"enemies":"Colosseum Slavers","floor":28,"turns":5},{"damage":17,"enemies":"Colosseum Nobs","floor":28,"turns":7},{"damage":0,"enemies":"Snecko","floor":29,"turns":5},{"damage":0,"enemies":"Collector","floor":33,"turns":15},{"damage":7,"enemies":"Orb Walker","floor":35,"turns":8},{"damage":13,"enemies":"3 Darklings","floor":36,"turns":6},{"damage":12,"enemies":"4 Shapes","floor":37,"turns":8},{"damage":21,"enemies":"Maw","floor":38,"turns":11},{"damage":19,"enemies":"Transient","floor":39,"turns":5},{"damage":30,"enemies":"Nemesis","floor":40,"turns":8}],"seed_played":"6104657505360421171","potions_obtained":[{"floor":1.0,"key":"Block Potion"},{"floor":4.0,"key":"Explosive Potion"},{"floor":5.0,"key":"Weak Potion"},{"floor":16.0,"key":"SteroidPotion"},{"floor":18.0,"key":"Explosive Potion"},{"floor":28,"key":"Dexterity Potion"},{"floor":37,"key":"AttackPotion"}],"is_trial":false,"path_per_floor":["M","?","M","M","M","R","M","R","T","M","M","M","R","E","R","B",null,"M","M","$","?","T","R","?","R","T","?","?","M","R","$","R","B",null,"M","M","M","M","M","E"],"character_chosen":"DEFECT","items_purchased":["Oddly Smooth Stone","Self Repair","Glacier"],"campfire_rested":4,"item_purchase_floors":[20,31,31],"current_hp_per_floor":[58,58,53,50,48,48,40,40,40,39,39,31,52,50,50,7,55,41,26,26,6,6,27,15,36,36,36,10,10,31,31,31,63,69,69,56,51,44,25,0,0],"gold":199,"neow_bonus":"TRANSFORM_TWO_CARDS","is_daily":false,"chose_seed":false,"campfire_upgraded":4,"win_rate":0.0,"timestamp":1613885915,"path_taken":["M","?","M","M","M","R","M","R","T","M","M","M","R","E","R","BOSS","M","M","$","?","?","R","?","R","T","?","?","M","R","?","R","BOSS","M","M","M","M","M","E"],"items_purchased_type":["Relic","Card","Card"],"build_version":"2020-12-22","purchased_purges":1,"victory":false,"max_hp_per_floor":[71,71,71,71,71,71,71,71,71,71,71,71,71,71,71,71,71,71,71,71,71,71,71,71,71,71,71,71,71,71,71,71,71,71,71,71,71,71,71,71,71],"card_choices":[{"not_picked":["Lockon","Capacitor"],"picked":"Cold Snap","floor":1.0},{"not_picked":["Stack","Steam Power"],"picked":"Genetic Algorithm","floor":3.0},{"not_picked":["Streamline","Ball Lightning"],"picked":"Cold Snap","floor":4.0},{"not_picked":["Leap","Darkness"],"picked":"Glacier","floor":5.0},{"not_picked":["Auto Shields","Stack"],"picked":"Compile Driver","floor":7.0},{"not_picked":["Heatsinks","Sunder"],"picked":"Barrage","floor":10.0},{"not_picked":["Fusion","Steam"],"picked":"Beam Cell","floor":11.0},{"not_picked":["Turbo","White Noise"],"picked":"Echo Form","floor":12.0},{"not_picked":["Redo","Gash"],"picked":"Ball Lightning","floor":14.0},{"not_picked":["Reboot","Core Surge"],"picked":"Seek","floor":16.0},{"not_picked":["Stack","Steam"],"picked":"Sweeping Beam","floor":18.0},{"not_picked":["Conserve Battery","Go for the Eyes","Hologram"],"picked":"SKIP","floor":19},{"not_picked":["Capacitor","Streamline"],"picked":"Turbo","floor":28},{"not_picked":["Beam Cell","Heatsinks"],"picked":"Steam","floor":29},{"not_picked":["Echo Form","Thunder Strike"],"picked":"Electrodynamics","floor":33},{"not_picked":["Reinforced Body","Redo","Conserve Battery"],"picked":"SKIP","floor":35},{"not_picked":["Undo+1","Gash","Rip and Tear"],"picked":"SKIP","floor":36},{"not_picked":["Streamline","Cold Snap","Echo Form"],"picked":"SKIP","floor":37},{"not_picked":["Steam","Sweeping Beam","Reinforced Body"],"picked":"SKIP","floor":38},{"not_picked":["Barrage","Stack"],"picked":"Coolheaded","floor":39}],"player_experience":491573,"relics_obtained":[{"floor":9.0,"key":"TungstenRod"},{"floor":14.0,"key":"Girya"},{"floor":17.0,"key":"War Paint"},{"floor":17.0,"key":"Pantograph"},{"floor":17.0,"key":"Incense Burner"},{"floor":21,"key":"Red Mask"},{"floor":22,"key":"Bag of Preparation"},{"floor":24,"key":"Necronomicon"},{"floor":26,"key":"FossilizedHelix"},{"floor":28,"key":"Torii"},{"floor":28,"key":"StrikeDummy"}],"event_choices":[{"damage_healed":0.0,"max_hp_gain":0.0,"max_hp_loss":0.0,"gold_gain":0.0,"cards_transformed":["Strike_B"],"event_name":"Living Wall","player_choice":"Change","floor":2.0,"gold_loss":0.0,"damage_taken":0.0,"cards_obtained":["Blizzard"]},{"damage_healed":0,"gold_gain":0,"player_choice":"Fought Bandits","damage_taken":0,"max_hp_gain":0,"max_hp_loss":0,"event_name":"Masked Bandits","floor":21,"gold_loss":0},{"damage_healed":0,"gold_gain":0,"player_choice":"Obtained Book","damage_taken":16,"max_hp_gain":0,"max_hp_loss":0,"event_name":"Cursed Tome","floor":24,"gold_loss":0},{"cards_removed":["Defend_B"],"damage_healed":0,"gold_gain":0,"player_choice":"Gave Gold","damage_taken":0,"max_hp_gain":0,"max_hp_loss":0,"event_name":"Beggar","floor":27,"gold_loss":75},{"damage_healed":0,"gold_gain":0,"player_choice":"Fight","damage_taken":0,"max_hp_gain":0,"max_hp_loss":0,"event_name":"Colosseum","floor":28,"gold_loss":0},{"damage_healed":0,"gold_gain":0,"player_choice":"Fought Nobs","damage_taken":0,"max_hp_gain":0,"max_hp_loss":0,"event_name":"Colosseum","floor":28,"gold_loss":0}],"is_beta":false,"boss_relics":[{"not_picked":["Runic Dome","SlaversCollar"],"picked":"Calling Bell"},{"not_picked":["Tiny House","Philosopher\u0027s Stone"],"picked":"Inserter"}],"items_purged_floors":[20],"is_endless":false,"potions_floor_spawned":[1,4,5,16,18,28,28,37,38],"killed_by":"Nemesis","ascension_level":14}}