{"host":"l3lzhw5qete3bz2v","time":1613896201,"event":{"mods":["BaseMod","Colored Map","Colored Powertips","Minty Spire (QoL Compilation)","StSLib","SuperFastMode"],"gold_per_floor":[99,99,99,99,99,99,99,69,69,69,69,19,19,19,19,19,19,19,19,19,19,19,19,19,19,19,19,19,19,19,19,19,19,19,19,19,19,19,19,19,19,19,19,19,19,19,19,19,19,19],"floor_reached":51,"language":"JPN","playtime":3535,"items_purged":[],"score":915,"play_id":"e59428c3-a91f-4ad4-8802-cb165b54858a","local_time":"20210221173001","is_ascension_mode":true,"campfire_choices":[{"data":"Predator","floor":6.0,"key":"SMITH"},{"data":"Deadly Poison","floor":10.0,"key":"SMITH"},{"data":"Footwork","floor":15.0,"key":"SMITH"},{"data":"Malaise","floor":23.0,"key":"SMITH"},{"data":"Footwork","floor":25.0,"key":"SMITH"},{"floor":32.0,"key":"REST"},{"data":"1","floor":40.0,"key":"LIFT"},{"data":"Phantasmal Killer","floor":42.0,"key":"SMITH"},{"floor":49,"key":"REST"}],"circlet_count":0,"master_deck":["Strike_G","Defend_G","Defend_G","Defend_G","Defend_G","Defend_G","Survivor","Neutralize","Dagger Throw+1","Predator+1","Footwork+1","Deadly Poison+1","Backflip","Footwork+1","Malaise+1","Predator+1","Phantasmal Killer+1","Tactician+1","Dodge and Roll","Acrobatics","Prepared+1","Reflex","Escape Plan","RitualDagger","Deflect+1","Phantasmal Killer+1","Noxious Fumes+1","Madness","Madness","Noxious Fumes+1","Tools of the Trade","Well Laid Plans+1"],"relics":["Ectoplasm","CeramicFish","Lantern","Nloth\u0027s Gift","Tiny Chest","Ninja Scroll","MutagenicStrength","Centennial Puzzle","SlaversCollar","Toxic Egg 2","Girya","Kunai","Nunchaku"],"acts_visited":["Exordium","TheCity","TheBeyond"],"potions_floor_usage":[50,50],"damage_taken":[{"damage":0.0,"enemies":"Small Slimes","floor":1.0,"turns":3.0},{"damage":0.0,"enemies":"Cultist","floor":3.0,"turns":4.0},{"damage":0.0,"enemies":"Jaw Worm","floor":4.0,"turns":3.0},{"damage":5.0,"enemies":"3 Sentries","floor":7.0,"turns":6.0},{"damage":3.0,"enemies":"Looter","floor":8.0,"turns":3.0},{"damage":1.0,"enemies":"Blue Slaver","floor":11.0,"turns":3.0},{"damage":7.0,"enemies":"Large Slime","floor":13.0,"turns":4.0},{"damage":18.0,"enemies":"The Guardian","floor":16.0,"turns":10.0},{"damage":0.0,"enemies":"Spheric Guardian","floor":18.0,"turns":3.0},{"damage":0.0,"enemies":"Chosen","floor":19.0,"turns":4.0},{"damage":2.0,"enemies":"Snake Plant","floor":21.0,"turns":5.0},{"damage":7.0,"enemies":"Cultist and Chosen","floor":22.0,"turns":8.0},{"damage":5.0,"enemies":"Book of Stabbing","floor":24.0,"turns":8.0},{"damage":19.0,"enemies":"Slavers","floor":28.0,"turns":4.0},{"damage":3.0,"enemies":"Centurion and Healer","floor":29.0,"turns":5.0},{"damage":6.0,"enemies":"Snake Plant","floor":31.0,"turns":6.0},{"damage":31.0,"enemies":"Automaton","floor":33.0,"turns":15.0},{"damage":3.0,"enemies":"Orb Walker","floor":35.0,"turns":4.0},{"damage":0.0,"enemies":"Mind Bloom Boss Battle","floor":38.0,"turns":6.0},{"damage":0.0,"enemies":"3 Shapes","floor":41.0,"turns":5.0},{"damage":10.0,"enemies":"Sphere and 2 Shapes","floor":44.0,"turns":5.0},{"damage":8.0,"enemies":"Jaw Worm Horde","floor":45.0,"turns":4.0},{"damage":6.0,"enemies":"Writhing Mass","floor":46.0,"turns":6.0},{"damage":7,"enemies":"3 Darklings","floor":48,"turns":5},{"damage":5,"enemies":"Time Eater","floor":50,"turns":12}],"seed_played":"6101979463529371801","potions_obtained":[{"floor":1.0,"key":"Explosive Potion"},{"floor":4.0,"key":"Dexterity Potion"},{"floor":11.0,"key":"Fruit Juice"},{"floor":18.0,"key":"Dexterity Potion"},{"floor":24.0,"key":"Poison Potion"},{"floor":28.0,"key":"SteroidPotion"},{"floor":29.0,"key":"DuplicationPotion"},{"floor":35.0,"key":"PowerPotion"},{"floor":41.0,"key":"AttackPotion"},{"floor":45.0,"key":"Swift Potion"}],"is_trial":false,"path_per_floor":["M","?","M","M","?","R","E","M","T","R","M","?","M","$","R","B",null,"M","M","?","M","M","R","E","R","T","?","E","M","?","M","R","B",null,"M","?","T","?","?","R","M","R","T","M","M","M","T","M","R","B",null],"character_chosen":"THE_SILENT","items_purchased":[],"campfire_rested":2,"item_purchase_floors":[],"current_hp_per_floor":[63,70,70,70,70,70,65,62,62,62,61,61,54,54,54,36,62,67,67,67,65,58,58,53,53,53,53,34,31,25,19,41,10,59,56,47,47,47,47,47,47,47,47,37,29,23,23,16,38,33],"gold":19,"neow_bonus":"BOSS_RELIC","is_daily":false,"chose_seed":false,"campfire_upgraded":6,"win_rate":0.0,"timestamp":1613896201,"path_taken":["M","?","?","M","?","R","E","M","T","R","M","?","M","?","R","BOSS","M","M","?","?","M","R","E","R","T","?","E","M","?","M","R","BOSS","M","?","?","?","?","R","M","R","T","M","?","M","?","?","R","BOSS"],"items_purchased_type":[],"build_version":"2020-12-22","purchased_purges":0,"victory":true,"max_hp_per_floor":[70,70,70,70,70,70,70,70,70,70,70,70,70,70,70,70,70,75,75,75,75,75,75,75,75,75,75,75,75,75,75,75,75,75,75,75,75,75,75,75,75,75,75,75,75,75,75,75,75,75],"card_choices":[{"not_picked":["Backstab","Underhanded Strike"],"picked":"Dagger Throw","floor":1.0},{"not_picked":["Setup","Dodge and Roll"],"picked":"Sucker Punch","floor":3.0},{"not_picked":["Slice","Backflip"],"picked":"Predator","floor":4.0},{"not_picked":["Phantasmal Killer","Acrobatics"],"picked":"Footwork","floor":7.0},{"not_picked":["Dagger Throw","Underhanded Strike"],"picked":"Deadly Poison","floor":8.0},{"not_picked":["Distraction","Dagger Throw"],"picked":"Backflip","floor":11.0},{"not_picked":["Cloak And Dagger","Slice"],"picked":"Footwork","floor":13.0},{"not_picked":["Envenom","Grand Finale"],"picked":"Malaise","floor":16.0},{"not_picked":["Heel Hook","Underhanded Strike"],"picked":"Dodge and Roll","floor":18.0},{"not_picked":["Dash+1","Prepared"],"picked":"Acrobatics","floor":19.0},{"not_picked":["Dash","Deadly Poison","Dagger Spray"],"picked":"SKIP","floor":21.0},{"not_picked":["Flechettes","Bane"],"picked":"Prepared+1","floor":22.0},{"not_picked":["Poisoned Stab","Accuracy","Heel Hook"],"picked":"SKIP","floor":24.0},{"not_picked":["Night Terror","Storm of Steel"],"picked":"Reflex","floor":28.0},{"not_picked":["Catalyst","Setup"],"picked":"Escape Plan","floor":29.0},{"not_picked":["Masterful Stab+1","Doppelganger"],"picked":"Deflect+1","floor":31.0},{"not_picked":["Wraith Form v2","Grand Finale"],"picked":"Phantasmal Killer","floor":33.0},{"not_picked":["Dodge and Roll+1","Choke+1"],"picked":"Noxious Fumes+1","floor":35.0},{"not_picked":["Escape Plan+1","Dagger Spray","Dodge and Roll+1"],"picked":"SKIP","floor":41.0},{"not_picked":["Escape Plan+1","Dagger Spray","Dodge and Roll+1"],"picked":"SKIP","floor":41.0},{"not_picked":["Expertise+1","Dagger Spray"],"picked":"Noxious Fumes+1","floor":44.0},{"not_picked":["Blade Dance+1","Dagger Throw"],"picked":"Tools of the Trade","floor":45.0},{"not_picked":["Setup+1","Backflip+1"],"picked":"Well Laid Plans+1","floor":46.0},{"not_picked":["Flying Knee","Crippling Poison+1","Deadly Poison+1"],"picked":"SKIP","floor":48}],"player_experience":139495,"relics_obtained":[{"floor":7.0,"key":"CeramicFish"},{"floor":9.0,"key":"Lantern"},{"floor":24.0,"key":"Tiny Chest"},{"floor":26.0,"key":"Ninja Scroll"},{"floor":28.0,"key":"Centennial Puzzle"},{"floor":37.0,"key":"Toxic Egg 2"},{"floor":38.0,"key":"Girya"},{"floor":43.0,"key":"Kunai"},{"floor":47.0,"key":"Nunchaku"}],"event_choices":[{"damage_healed":7.0,"max_hp_gain":0.0,"max_hp_loss":0.0,"gold_gain":0.0,"event_name":"Wheel of Change","player_choice":"Full Heal","floor":2.0,"gold_loss":0.0,"damage_taken":0.0},{"damage_healed":0.0,"max_hp_gain":0.0,"max_hp_loss":0.0,"gold_gain":0.0,"event_name":"Living Wall","player_choice":"Grow","floor":5.0,"gold_loss":0.0,"damage_taken":0.0,"cards_upgraded":["Dagger Throw"]},{"cards_removed":["Strike_G"],"damage_healed":0.0,"max_hp_gain":0.0,"max_hp_loss":0.0,"gold_gain":0.0,"event_name":"The Cleric","player_choice":"Card Removal","floor":12.0,"gold_loss":50.0,"damage_taken":0.0},{"damage_healed":0.0,"max_hp_gain":0.0,"max_hp_loss":0.0,"gold_gain":0.0,"event_name":"N\u0027loth","player_choice":"Traded Relic","floor":20.0,"relics_lost":["Astrolabe"],"gold_loss":0.0,"damage_taken":0.0,"relics_obtained":["Nloth\u0027s Gift"]},{"damage_healed":0.0,"max_hp_gain":0.0,"max_hp_loss":0.0,"gold_gain":0.0,"event_name":"Drug Dealer","player_choice":"Inject Mutagens","floor":27.0,"gold_loss":0.0,"damage_taken":0.0,"relics_obtained":["MutagenicStrength"]},{"damage_healed":0.0,"max_hp_gain":0.0,"max_hp_loss":0.0,"gold_gain":0.0,"event_name":"Nest","player_choice":"Joined the Cult","floor":30.0,"gold_loss":0.0,"damage_taken":6.0,"cards_obtained":["RitualDagger"]},{"damage_healed":0.0,"max_hp_gain":0.0,"max_hp_loss":0.0,"gold_gain":0.0,"event_name":"Winding Halls","player_choice":"Embrace Madness","floor":36.0,"gold_loss":0.0,"damage_taken":9.0,"cards_obtained":["Madness","Madness"]},{"damage_healed":0.0,"max_hp_gain":0.0,"max_hp_loss":0.0,"gold_gain":0.0,"event_name":"MindBloom","player_choice":"Fight","floor":38.0,"gold_loss":0.0,"damage_taken":0.0},{"cards_removed":["Sucker Punch"],"damage_healed":0.0,"max_hp_gain":0.0,"max_hp_loss":0.0,"gold_gain":0.0,"event_name":"Falling","player_choice":"Removed Attack","floor":39.0,"gold_loss":0.0,"damage_taken":0.0}],"is_beta":false,"boss_relics":[{"not_picked":["Cursed Key","Sozu"],"picked":"Astrolabe"},{"not_picked":["Coffee Dripper","Busted Crown"],"picked":"SlaversCollar"}],"items_purged_floors":[],"is_endless":false,"potions_floor_spawned":[1,4,11,18,24,28,29,35,41,45],"ascension_level":7}}