{"host":"uzp1tn8qxn9571p9","time":1613898854,"event":{"mods":["Aspiration","BaseMod","Better Third Choice","Better Vampires","Bossed Relics","Colored Map","Colored Powertips","Curses Come First","Hermit","Marisa£®ÏF”Í°°ƒß¿Ì…≥£©","Minty Spire (QoL Compilation)","StSLib","The Jungle","The Marked","The Runesmith"],"gold_per_floor":[119,138,313,328,328,328,354,354,354,429,444,478,478,493,493,597,597,611,626,541,560,485,511,527,527,527,527,553,254,271,271,271,372,372,389,389,389,400,419,444,444,119,119,119,166,166,194,211,211,211],"floor_reached":51,"language":"ZHS","playtime":3130,"items_purged":["Runesmith:Strike_RS","Runesmith:Overpower"],"score":881,"play_id":"7325fec6-9467-434f-812e-aa944916df57","local_time":"20210221171414","is_ascension_mode":true,"campfire_choices":[{"data":"Runesmith:CraftFirestone","floor":6.0,"key":"SMITH"},{"data":"Runesmith:Firestorm","floor":8.0,"key":"SMITH"},{"data":"Runesmith:HammerThrow","floor":15.0,"key":"SMITH"},{"data":"1","floor":25,"key":"LIFT"},{"data":"2","floor":27,"key":"LIFT"},{"data":"3","floor":32,"key":"LIFT"},{"data":"Runesmith:Supernova","floor":41,"key":"SMITH"},{"data":"Runesmith:OneForEveryone","floor":44,"key":"SMITH"},{"data":"Runesmith:HammerThrow","floor":46,"key":"SMITH"},{"data":"Runesmith:Retool","floor":49,"key":"SMITH"}],"circlet_count":0,"master_deck":["Runesmith:Defend_RS+1","Runesmith:Defend_RS","Runesmith:Defend_RS","Runesmith:CraftFirestone+1","Runesmith:Fortify+1","Runesmith:HammerThrow+1","Runesmith:Retool+1","Runesmith:Firestorm+1","Runesmith:CraftPrismatica","DeusExMachina","Runesmith:CraftPrismatica","Runesmith:HammerThrow+1","Runesmith:ChaoticBlast+1","Runesmith:CraftIncendium+1","Runesmith:CraftIndustria","Runesmith:UnstableHammer","Runesmith:RuneHurl","Runesmith:OneForEveryone+1","Bite","Bite","Runesmith:CraftMedicinae","Secret Technique","Trip","Blind","Runesmith:RuneHurl","Runesmith:HammerThrow+1","Runesmith:Supernova+1","Runesmith:WhiteBalance","Runesmith:HammerAndChisel+1","Runesmith:UnstableHammer+1"],"relics":["Runesmith:BrokenRuby","Meat on the Bone","Girya","Runesmith:MiniCore","Runesmith:EmergencyProvisions","aspiration:FutureDiary","TungstenRod","Torii","Kunai","aspiration:AnachronicSnailShell","Potion Belt","aspiration:MobileForge","aspiration:FrozenJewel","Runesmith:AutoHammer","Sundial","CatCart","aspiration:HiddenCompartment"],"acts_visited":["Exordium","TheCity","TheBeyond"],"potions_floor_usage":[18,23,24,50,50],"damage_taken":[{"damage":0.0,"enemies":"Small Slimes","floor":1.0,"turns":3.0},{"damage":0.0,"enemies":"Jaw Worm","floor":2.0,"turns":5.0},{"damage":3.0,"enemies":"2 Louse","floor":4.0,"turns":3.0},{"damage":10.0,"enemies":"Lagavulin","floor":7.0,"turns":6.0},{"damage":0.0,"enemies":"Large Slime","floor":11.0,"turns":5.0},{"damage":16.0,"enemies":"Gremlin Nob","floor":12.0,"turns":4.0},{"damage":11.0,"enemies":"Looter","floor":14.0,"turns":4.0},{"damage":8.0,"enemies":"The Guardian","floor":16.0,"turns":8.0},{"damage":0,"enemies":"Spheric Guardian","floor":18,"turns":3},{"damage":4,"enemies":"3 Byrds","floor":19,"turns":3},{"damage":18,"enemies":"Centurion and Healer","floor":21,"turns":8},{"damage":0,"enemies":"Slavers","floor":23,"turns":4},{"damage":18,"enemies":"Snecko","floor":24,"turns":4},{"damage":20,"enemies":"Book of Stabbing","floor":28,"turns":4},{"damage":5,"enemies":"3 Cultists","floor":30,"turns":4},{"damage":7,"enemies":"Automaton","floor":33,"turns":7},{"damage":16,"enemies":"3 Darklings","floor":35,"turns":4},{"damage":20,"enemies":"3 Shapes","floor":38,"turns":3},{"damage":14,"enemies":"Maw","floor":39,"turns":6},{"damage":13,"enemies":"Nemesis","floor":40,"turns":5},{"damage":0,"enemies":"Orin","floor":45,"turns":5},{"damage":0,"enemies":"Reptomancer","floor":47,"turns":3},{"damage":0,"enemies":"4 Shapes","floor":48,"turns":2},{"damage":5,"enemies":"Donu and Deca","floor":50,"turns":3}],"seed_played":"-6403598437497177791","potions_obtained":[{"floor":7.0,"key":"Regen Potion"},{"floor":11.0,"key":"SkillPotion"},{"floor":12.0,"key":"Explosive Potion"},{"floor":18,"key":"Regen Potion"},{"floor":19,"key":"FearPotion"},{"floor":21,"key":"AttackPotion"},{"floor":23,"key":"SteroidPotion"},{"floor":28,"key":"Weak Potion"},{"floor":35,"key":"FairyPotion"},{"floor":47,"key":"Swift Potion"},{"floor":48,"key":"Energy Potion"}],"is_trial":false,"path_per_floor":["M","M","?","M","?","R","E","R","T","?","M","E","?","M","R","B",null,"M","M","?","M","?","E","M","R","T","R","E","$","M","?","R","B",null,"M","?","?","M","M","E","R","$","T","R","?","R","E","M","R","B",null],"character_chosen":"RUNESMITH_CLASS","items_purchased":["Potion Belt","Runesmith:OneForEveryone","Runesmith:WhiteBalance","Runesmith:AutoHammer"],"campfire_rested":0,"item_purchase_floors":[29,29,42,42],"current_hp_per_floor":[63,63,63,60,47,47,37,37,37,26,38,34,29,30,30,37,63,63,59,59,41,41,41,35,35,35,35,27,27,34,34,34,33,55,43,34,34,28,31,40,40,40,40,40,47,47,55,55,55,53],"gold":211,"neow_bonus":"REMOVE_TWO","is_daily":false,"chose_seed":false,"campfire_upgraded":7,"win_rate":0.0,"timestamp":1613898854,"path_taken":["M","M","?","M","?","R","E","R","T","?","M","E","?","M","R","BOSS","M","M","?","M","?","E","M","R","T","R","E","$","M","?","R","BOSS","M","?","?","M","M","E","R","$","T","R","?","R","E","M","R","BOSS"],"items_purchased_type":["Relic","Card","Card","Relic"],"build_version":"2020-12-22","purchased_purges":2,"victory":true,"max_hp_per_floor":[63,63,63,63,63,63,63,63,63,63,63,63,63,63,63,63,63,63,63,63,63,63,63,63,63,63,63,63,63,63,55,55,55,55,55,55,55,55,55,55,55,55,55,55,55,55,55,55,55,55],"card_choices":[{"not_picked":["Runesmith:EnergizedChisel","Runesmith:Grindstone"],"picked":"Runesmith:HammerThrow","floor":1.0},{"not_picked":["Runesmith:Prism","Runesmith:EarthShield"],"picked":"Runesmith:BackupBattery","floor":2.0},{"not_picked":["Runesmith:Grindstone","Runesmith:ShiftingStrike"],"picked":"Runesmith:Retool","floor":4.0},{"not_picked":["Runesmith:MakeshiftArmor","Runesmith:BackupBattery"],"picked":"Runesmith:Firestorm","floor":7.0},{"not_picked":["Runesmith:DuctTape","Runesmith:Repurpose"],"picked":"Runesmith:Overpower","floor":11.0},{"not_picked":["Runesmith:HammerTime","Runesmith:CraftMagma"],"picked":"Runesmith:CraftPrismatica","floor":12.0},{"not_picked":["Runesmith:ElementalConversion","Runesmith:PoweredAnvil","Runesmith:WhiteBalance"],"picked":"SKIP","floor":14.0},{"not_picked":["Runesmith:Supernova","Runesmith:GrandSlam"],"picked":"Runesmith:CraftPrismatica","floor":16.0},{"not_picked":["Runesmith:RuneHurl","Runesmith:CraftProtectio"],"picked":"Runesmith:HammerThrow+1","floor":18},{"not_picked":["Runesmith:Overpower","Runesmith:EarthShield"],"picked":"Runesmith:ChaoticBlast+1","floor":19},{"not_picked":["Runesmith:WhiteBalance+1","Runesmith:CraftObretio"],"picked":"Runesmith:CraftIncendium+1","floor":21},{"not_picked":["Runesmith:CraftProtectio","Runesmith:FieryHammer"],"picked":"Runesmith:CraftIndustria","floor":23},{"not_picked":["Runesmith:Grindstone","Runesmith:Overpower"],"picked":"Runesmith:UnstableHammer","floor":24},{"not_picked":["Runesmith:ElementalConversion","Runesmith:ShiftingStrike+1"],"picked":"Runesmith:RuneHurl","floor":28},{"not_picked":["Runesmith:ChargedHammer","Runesmith:CraftSpiculum","Runesmith:ShiftingStrike+1"],"picked":"SKIP","floor":30},{"not_picked":["Runesmith:DuctTape","Runesmith:CraftIndustria"],"picked":"Runesmith:CraftMedicinae","floor":33},{"not_picked":["Runesmith:ChiselStab","Runesmith:Repurpose","Runesmith:MakeshiftArmor"],"picked":"SKIP","floor":35},{"not_picked":["Forethought","Deep Breath"],"picked":"Secret Technique","floor":36},{"not_picked":["Impatience","Dramatic Entrance"],"picked":"Trip","floor":36},{"not_picked":["PanicButton","Dramatic Entrance"],"picked":"Blind","floor":36},{"not_picked":["Runesmith:Permafrost+1","Runesmith:CraftMagma"],"picked":"Runesmith:RuneHurl","floor":38},{"not_picked":["Runesmith:CraftMagma+1","Runesmith:Grindstone+1"],"picked":"Runesmith:HammerThrow","floor":39},{"not_picked":["Runesmith:Electrocute","Runesmith:FieryHammer"],"picked":"Runesmith:Supernova","floor":40},{"not_picked":["Runesmith:Superposition","Runesmith:ChiselStab"],"picked":"Runesmith:HammerAndChisel+1","floor":45},{"not_picked":["Runesmith:CraftMedicinae","Runesmith:CraftSpiculum"],"picked":"Runesmith:UnstableHammer+1","floor":47},{"not_picked":["Runesmith:ShiftingStrike+1","Runesmith:CraftSpiculum","Runesmith:NanitesCloud"],"picked":"SKIP","floor":48}],"player_experience":443630,"relics_obtained":[{"floor":7.0,"key":"Meat on the Bone"},{"floor":9.0,"key":"Girya"},{"floor":12.0,"key":"Runesmith:MiniCore"},{"floor":23,"key":"Torii"},{"floor":26,"key":"Kunai"},{"floor":28,"key":"aspiration:AnachronicSnailShell"},{"floor":40,"key":"aspiration:FrozenJewel"},{"floor":43,"key":"Sundial"},{"floor":45,"key":"CatCart"},{"floor":47,"key":"aspiration:HiddenCompartment"}],"event_choices":[{"damage_healed":0.0,"max_hp_gain":0.0,"max_hp_loss":0.0,"gold_gain":175.0,"event_name":"betterThird:BetterSerpent","player_choice":"AGREE","floor":3.0,"gold_loss":0.0,"damage_taken":138.0},{"damage_healed":60.0,"max_hp_gain":0.0,"max_hp_loss":63.0,"gold_gain":0.0,"event_name":"betterThird:BetterShining","player_choice":"Upgrade","floor":5.0,"gold_loss":0.0,"damage_taken":13.0,"cards_upgraded":["Runesmith:Defend_RS","Runesmith:Fortify"]},{"damage_healed":0.0,"max_hp_gain":0.0,"max_hp_loss":0.0,"gold_gain":75.0,"event_name":"betterThird:BetterGoop","player_choice":"Gold","floor":10.0,"gold_loss":0.0,"damage_taken":11.0},{"damage_healed":0,"gold_gain":0,"player_choice":"Obtained Relic","damage_taken":0,"relics_obtained":["TungstenRod"],"max_hp_gain":0,"max_hp_loss":0,"event_name":"Addict","floor":20,"gold_loss":85},{"cards_removed":["Doubt"],"damage_healed":0,"gold_gain":0,"player_choice":"Gave Gold","damage_taken":0,"max_hp_gain":0,"max_hp_loss":0,"event_name":"Beggar","floor":22,"gold_loss":75},{"damage_healed":0,"gold_gain":0,"player_choice":"Became a vampire","damage_taken":0,"max_hp_gain":0,"max_hp_loss":8,"event_name":"Vampires","floor":31,"gold_loss":0,"cards_obtained":["Bite","Bite"]},{"damage_healed":0,"gold_gain":0,"player_choice":"Memory 3","damage_taken":10,"max_hp_gain":0,"max_hp_loss":0,"event_name":"SensoryStone","floor":36,"gold_loss":0},{"cards_removed":["Runesmith:BackupBattery"],"damage_healed":0,"gold_gain":0,"player_choice":"Removed Skill","damage_taken":0,"max_hp_gain":0,"max_hp_loss":0,"event_name":"Falling","floor":37,"gold_loss":0},{"damage_healed":0,"gold_gain":0,"player_choice":"Fight","damage_taken":0,"max_hp_gain":0,"max_hp_loss":0,"event_name":"OrinTheCat","floor":45,"gold_loss":0}],"is_beta":false,"boss_relics":[{"not_picked":["Snecko Eye","SlaversCollar"],"picked":"aspiration:FutureDiary"},{"not_picked":["Runesmith:CoreCrystal","aspiration:IroncladSkillbook"],"picked":"aspiration:MobileForge"}],"items_purged_floors":[29,42],"is_endless":false,"potions_floor_spawned":[7,11,12,18,19,21,23,28,35,47,48],"ascension_level":2}}