{"host":"phy652c7lim9lcu2","time":1613903262,"event":{"mods":["BaseMod","Colored Powertips","Googly Eyes","Minty Spire (QoL Compilation)","Relic Stats","Spicy Shops","StSLib","everything is the same but u backflip on backflip"],"gold_per_floor":[114,114,114,114,39,70,70,70,94,125,172,194,226,269,281,365,377,403,427,454,466,488,500,512,512],"floor_reached":24,"language":"ENG","playtime":970,"items_purged":["Regret"],"score":398,"play_id":"42852182-9640-4243-bcf6-cda35192bb36","local_time":"20210221202742","is_ascension_mode":true,"campfire_choices":[{"data":"Darkness","floor":7.0,"key":"SMITH"},{"data":"Rainbow","floor":15.0,"key":"SMITH"},{"data":"Hologram","floor":23,"key":"SMITH"}],"circlet_count":0,"master_deck":["AscendersBane","Zap","Dualcast","Conserve Battery","Darkness+1","Cold Snap","Redo","Reinforced Body","Hologram+1","Doom and Gloom","Coolheaded","Rainbow+1","Rainbow","Auto Shields","FTL","Seek","Storm","Recycle","Coolheaded+1"],"relics":["Cracked Core","Centennial Puzzle","MealTicket","PreservedInsect","Pantograph","MawBank","Blue Candle","Art of War","Pandora\u0027s Box"],"acts_visited":["Exordium","TheCity"],"potions_floor_usage":[],"damage_taken":[{"damage":0.0,"enemies":"2 Louse","floor":1.0,"turns":3.0},{"damage":19.0,"enemies":"3 Sentries","floor":6.0,"turns":7.0},{"damage":0.0,"enemies":"Small Slimes","floor":10.0,"turns":3.0},{"damage":5.0,"enemies":"Lagavulin","floor":11.0,"turns":5.0},{"damage":0.0,"enemies":"Jaw Worm","floor":12.0,"turns":3.0},{"damage":4.0,"enemies":"Looter","floor":13.0,"turns":3.0},{"damage":0.0,"enemies":"Gremlin Nob","floor":14.0,"turns":3.0},{"damage":27.0,"enemies":"The Guardian","floor":16.0,"turns":9.0},{"damage":4,"enemies":"Spheric Guardian","floor":18,"turns":3},{"damage":5,"enemies":"Chosen","floor":19,"turns":4},{"damage":26,"enemies":"Centurion and Healer","floor":20,"turns":8},{"damage":24,"enemies":"Snake Plant","floor":22,"turns":5},{"damage":20,"enemies":"Book of Stabbing","floor":24,"turns":3}],"seed_played":"3113448150425433557","potions_obtained":[{"floor":10.0,"key":"FearPotion"},{"floor":13.0,"key":"DuplicationPotion"},{"floor":14.0,"key":"Swift Potion"}],"is_trial":false,"path_per_floor":["M","?","?","T","$","E","R","?","T","M","E","M","M","E","R","B",null,"M","M","M","$","M","R","E"],"character_chosen":"DEFECT","items_purchased":[],"campfire_rested":0,"item_purchase_floors":[],"current_hp_per_floor":[50,32,32,32,47,28,28,21,21,21,16,16,12,12,12,10,59,55,50,24,39,15,15,0,0],"gold":512,"neow_bonus":"TRANSFORM_TWO_CARDS","is_daily":false,"chose_seed":true,"campfire_upgraded":3,"win_rate":0.0,"timestamp":1613903262,"path_taken":["M","?","?","?","$","E","R","?","T","?","E","M","M","E","R","BOSS","M","?","M","$","M","R","E"],"items_purchased_type":[],"build_version":"2020-12-22","purchased_purges":1,"victory":false,"max_hp_per_floor":[75,75,75,75,75,75,75,75,75,75,75,75,75,75,75,75,75,75,75,75,75,75,75,75,75],"relic_stats":{"Centennial Puzzle":[27],"counters":[13,59],"Pantograph":25,"Blue Candle":[0],"MealTicket":30,"Pandora\u0027s Box":["Auto Shields","FTL","Seek","Storm","Recycle"],"PreservedInsect":126,"Art of War":[12],"MawBank":180,"obtain_stats":[{"Centennial Puzzle":2,"Pantograph":6,"Blue Candle":11,"MealTicket":3,"Pandora\u0027s Box":17,"PreservedInsect":4,"Art of War":14,"Cracked Core":0,"MawBank":9},{"Centennial Puzzle":1,"Pantograph":2,"Blue Candle":4,"MealTicket":1,"Pandora\u0027s Box":8,"PreservedInsect":1,"Art of War":7,"Cracked Core":0,"MawBank":2},{"Centennial Puzzle":3,"Pantograph":10,"Blue Candle":18,"MealTicket":3,"Pandora\u0027s Box":36,"PreservedInsect":3,"Art of War":27,"Cracked Core":0,"MawBank":10}]},"card_choices":[{"not_picked":["Hologram","Recycle"],"picked":"Cold Snap","floor":1.0},{"not_picked":["Steam","Tempest"],"picked":"Redo","floor":6.0},{"not_picked":["Compile Driver","Chill"],"picked":"Reinforced Body","floor":10.0},{"not_picked":["Compile Driver","Leap"],"picked":"Hologram","floor":11.0},{"not_picked":["Compile Driver","Gash"],"picked":"Doom and Gloom","floor":12.0},{"not_picked":["Gash","Barrage"],"picked":"Coolheaded","floor":13.0},{"not_picked":["BootSequence","Cold Snap"],"picked":"Rainbow","floor":14.0},{"not_picked":["Reboot","Electrodynamics"],"picked":"Rainbow","floor":16.0},{"not_picked":["Compile Driver","Sweeping Beam"],"picked":"Coolheaded+1","floor":18},{"not_picked":["Ball Lightning","Beam Cell","Blizzard+1"],"picked":"SKIP","floor":19},{"not_picked":["Steam","Compile Driver","Scrape"],"picked":"SKIP","floor":20},{"not_picked":["Cold Snap","FTL","Rebound"],"picked":"SKIP","floor":22}],"player_experience":349590,"relics_obtained":[{"floor":4.0,"key":"PreservedInsect"},{"floor":6.0,"key":"Pantograph"},{"floor":9.0,"key":"MawBank"},{"floor":11.0,"key":"Blue Candle"},{"floor":14.0,"key":"Art of War"}],"event_choices":[{"damage_healed":0.0,"max_hp_gain":0.0,"max_hp_loss":0.0,"gold_gain":0.0,"event_name":"Scrap Ooze","player_choice":"Success","floor":2.0,"gold_loss":0.0,"damage_taken":18.0,"relics_obtained":["Centennial Puzzle"]},{"damage_healed":0.0,"max_hp_gain":0.0,"max_hp_loss":0.0,"gold_gain":0.0,"event_name":"Big Fish","player_choice":"Box","floor":3.0,"gold_loss":0.0,"damage_taken":0.0,"relics_obtained":["MealTicket"],"cards_obtained":["Regret"]},{"cards_removed":["Strike_B"],"damage_healed":0.0,"max_hp_gain":0.0,"max_hp_loss":0.0,"gold_gain":0.0,"event_name":"Golden Wing","player_choice":"Card Removal","floor":8.0,"gold_loss":0.0,"damage_taken":7.0}],"is_beta":false,"boss_relics":[{"not_picked":["Philosopher\u0027s Stone","Busted Crown"],"picked":"Pandora\u0027s Box"}],"items_purged_floors":[5],"is_endless":false,"potions_floor_spawned":[10,13,14,16,20,22],"killed_by":"Book of Stabbing","ascension_level":13}}