{"host":"aapp7ew3jk5k1bvd","time":1613903603,"event":{"mods":["AchievementEnabler","BaseMod","Colored Map","Custom Start","Keyboard Shortcuts","Minty Spire (QoL Compilation)","Permanent Neow","Quick Restart","StSLib","SuperFastMode"],"gold_per_floor":[115,129,139,13,23,23,48,48,48,64,64,64,139,155,155,155,155],"floor_reached":16,"language":"KOR","playtime":256,"items_purged":["Strike_R"],"score":158,"play_id":"cd947c90-0d30-418c-80b9-14c98f77dbd3","local_time":"20210221193323","is_ascension_mode":true,"campfire_choices":[{"data":"Armaments","floor":6,"key":"SMITH"},{"data":"Immolate","floor":8,"key":"SMITH"},{"data":"True Grit","floor":15,"key":"SMITH"}],"circlet_count":0,"master_deck":["AscendersBane","Strike_R","Strike_R","Strike_R","Strike_R","Defend_R","Defend_R","Defend_R","Defend_R","Bash","Immolate+1","Shrug It Off","Ghostly Armor","True Grit+1","Armaments+1","Shrug It Off"],"relics":["Burning Blood","Bottled Lightning","Du-Vu Doll"],"acts_visited":["Exordium"],"potions_floor_usage":[7],"damage_taken":[{"damage":1,"enemies":"2 Louse","floor":1,"turns":2},{"damage":7,"enemies":"Jaw Worm","floor":2,"turns":3},{"damage":0,"enemies":"Small Slimes","floor":3,"turns":2},{"damage":6,"enemies":"Exordium Wildlife","floor":5,"turns":4},{"damage":34,"enemies":"Gremlin Nob","floor":7,"turns":5},{"damage":8,"enemies":"3 Louse","floor":10,"turns":2},{"damage":6,"enemies":"Looter","floor":14,"turns":3},{"damage":23,"enemies":"The Guardian","floor":16,"turns":4}],"seed_played":"6560492695938818140","potions_obtained":[{"floor":3,"key":"LiquidMemories"},{"floor":5,"key":"PowerPotion"},{"floor":7,"key":"EssenceOfSteel"}],"is_trial":false,"path_per_floor":["M","M","M","$","M","R","E","R","T","M","?","$","?","M","R","B"],"character_chosen":"IRONCLAD","items_purchased":["True Grit"],"campfire_rested":0,"item_purchase_floors":[4],"current_hp_per_floor":[77,76,80,80,80,80,52,52,52,50,55,55,44,44,44,21,21],"gold":155,"neow_bonus":"ONE_RANDOM_RARE_CARD","is_daily":false,"chose_seed":false,"campfire_upgraded":3,"win_rate":0.0,"timestamp":1613903603,"path_taken":["M","M","M","$","M","R","E","R","T","M","?","?","?","M","R","BOSS"],"items_purchased_type":["Card"],"build_version":"2020-12-22","purchased_purges":1,"victory":false,"max_hp_per_floor":[80,80,80,80,80,80,80,80,80,80,85,85,85,85,85,85,85],"card_choices":[{"not_picked":["Disarm","Wild Strike"],"picked":"Shrug It Off","floor":1},{"not_picked":["Cleave","Iron Wave","True Grit"],"picked":"SKIP","floor":2},{"not_picked":["Rampage","Perfected Strike"],"picked":"Ghostly Armor","floor":3},{"not_picked":["Disarm","Clash"],"picked":"Armaments","floor":5},{"not_picked":["Headbutt","Impervious","Anger"],"picked":"SKIP","floor":7},{"not_picked":["Cleave","Hemokinesis","Flex"],"picked":"SKIP","floor":10},{"not_picked":["Searing Blow","Body Slam"],"picked":"Shrug It Off","floor":14}],"player_experience":1046076,"relics_obtained":[{"floor":7,"key":"Bottled Lightning"},{"floor":9,"key":"Du-Vu Doll"}],"event_choices":[{"damage_healed":0,"gold_gain":0,"player_choice":"Donut","damage_taken":0,"max_hp_gain":5,"max_hp_loss":0,"event_name":"Big Fish","floor":11,"gold_loss":0},{"damage_healed":0,"gold_gain":75,"player_choice":"Gather Gold","damage_taken":11,"max_hp_gain":0,"max_hp_loss":0,"event_name":"World of Goop","floor":13,"gold_loss":0}],"is_beta":false,"boss_relics":[],"items_purged_floors":[4],"is_endless":false,"potions_floor_spawned":[3,5,7],"killed_by":"The Guardian","ascension_level":11}}