{"host":"py7qdianp3jrm8dm","time":1613928650,"event":{"mods":["AchievementEnabler","BaseMod","Bestiary","Downfall","Highlight Path","Minty Spire (QoL Compilation)","StSLib"],"gold_per_floor":[115,45,55,155,155,188,188,15,41,57,57,89,102,122,122,223,223,235,248,260,275,19,49,49,74,74,101,116,41,41,41],"floor_reached":30,"language":"ENG","playtime":1170,"items_purged":["Strike_P"],"score":380,"play_id":"a5830a64-6988-4aba-9481-f007a248d12f","local_time":"20210221173050","is_ascension_mode":true,"campfire_choices":[{"data":"WheelKick","floor":7,"key":"SMITH"},{"data":"FlurryOfBlows","floor":11,"key":"SMITH"},{"data":"TalkToTheHand","floor":15,"key":"SMITH"},{"floor":24,"key":"REST"}],"circlet_count":0,"master_deck":["Strike_P","Strike_P","Defend_P","Defend_P","Defend_P","Defend_P","Eruption","Vigilance","FlurryOfBlows+1","PathToVictory","Protect","WheelKick+1","downfall:Haunted","downfall:Haunted","Devotion","downfall:Bewildered","Injury","FollowUp","FlyingSleeves","TalkToTheHand","ReachHeaven","TalkToTheHand+1","ConjureBlade","CutThroughFate","DeceiveReality+1","ThirdEye","EmptyBody+1"],"relics":["Busted Crown","Du-Vu Doll","Spirit Poop","Blue Candle","Akabeko","Potion Belt","Regal Pillow","SlaversCollar","Membership Card","MealTicket","Gambling Chip","Yang","InkBottle","Damaru"],"acts_visited":["Exordium","TheCity"],"potions_floor_usage":[10,21,23,25,25,28],"damage_taken":[{"damage":0,"enemies":"Cultist","floor":1,"turns":2},{"damage":0,"enemies":"2 Louse","floor":3,"turns":1},{"damage":0,"enemies":"Gremlin Nob","floor":6,"turns":2},{"damage":1,"enemies":"Jaw Worm","floor":10,"turns":2},{"damage":21,"enemies":"3 Sentries","floor":12,"turns":6},{"damage":0,"enemies":"Red Slaver","floor":13,"turns":1},{"damage":1,"enemies":"Large Slime","floor":14,"turns":4},{"damage":6,"enemies":"The Guardian","floor":16,"turns":6},{"damage":14,"enemies":"Chosen","floor":18,"turns":4},{"damage":13,"enemies":"2 Thieves","floor":19,"turns":3},{"damage":1,"enemies":"Sentry and Sphere","floor":20,"turns":3},{"damage":20,"enemies":"Chosen and Byrds","floor":21,"turns":5},{"damage":7,"enemies":"Slavers","floor":23,"turns":5},{"damage":41,"enemies":"Gremlin Leader","floor":25,"turns":4},{"damage":0,"enemies":"Snake Plant","floor":28,"turns":1},{"damage":12,"enemies":"Book of Stabbing","floor":30,"turns":2}],"seed_played":"3289983825539218498","potions_obtained":[{"floor":3,"key":"Swift Potion"},{"floor":6,"key":"Block Potion"},{"floor":10,"key":"sneckomod:MuddlingPotion"},{"floor":12,"key":"FearPotion"},{"floor":18,"key":"champ:CounterPotion"},{"floor":21,"key":"FearPotion"}],"is_trial":false,"path_per_floor":["M","$","M","?","?","E","R","$","T","M","R","E","M","M","R","B",null,"M","M","M","M","$","E","R","E","T","T","M","?","E"],"character_chosen":"WATCHER","items_purchased":["PathToVictory","Protect","FlyingSleeves","Akabeko","Membership Card","MealTicket"],"campfire_rested":1,"item_purchase_floors":[2,2,8,8,22,22],"current_hp_per_floor":[72,72,72,77,77,77,77,77,77,76,76,55,55,54,54,48,70,56,43,42,22,22,15,53,12,12,12,12,12,0,0],"gold":41,"neow_bonus":"BOSS_RELIC","is_daily":false,"chose_seed":false,"campfire_upgraded":3,"win_rate":0.0,"timestamp":1613928650,"path_taken":["M","$","?","?","?","E","R","$","T","M","R","E","M","M","R","BOSS","M","M","M","M","$","E","R","E","T","?","M","?","E"],"items_purchased_type":["Card","Card","Card","Relic","Relic","Relic"],"build_version":"2020-12-22","purchased_purges":1,"victory":false,"max_hp_per_floor":[72,72,72,77,77,77,77,77,77,77,77,77,77,77,77,77,77,77,77,77,77,77,77,77,77,77,77,77,77,77,77],"card_choices":[{"not_picked":[],"picked":"FlurryOfBlows","floor":1},{"not_picked":[],"picked":"WheelKick","floor":3},{"not_picked":[],"picked":"FollowUp","floor":6},{"not_picked":["InnerPeace"],"picked":"SKIP","floor":10},{"not_picked":[],"picked":"TalkToTheHand","floor":12},{"not_picked":[],"picked":"ReachHeaven","floor":13},{"not_picked":[],"picked":"TalkToTheHand","floor":14},{"not_picked":[],"picked":"ConjureBlade","floor":16},{"not_picked":[],"picked":"CutThroughFate","floor":18},{"not_picked":["LikeWater"],"picked":"SKIP","floor":19},{"not_picked":[],"picked":"DeceiveReality+1","floor":20},{"not_picked":[],"picked":"ThirdEye","floor":21},{"not_picked":[],"picked":"EmptyBody+1","floor":23},{"not_picked":["Worship"],"picked":"SKIP","floor":25},{"not_picked":["BowlingBash+1"],"picked":"SKIP","floor":28}],"player_experience":642306,"relics_obtained":[{"floor":6,"key":"Blue Candle"},{"floor":9,"key":"Potion Belt"},{"floor":12,"key":"Regal Pillow"},{"floor":23,"key":"Gambling Chip"},{"floor":25,"key":"Yang"},{"floor":26,"key":"InkBottle"},{"floor":27,"key":"Damaru"}],"event_choices":[{"cards_removed":["Normality"],"damage_healed":0,"gold_gain":0,"player_choice":"Offered Curse","damage_taken":0,"relics_obtained":["Spirit Poop"],"max_hp_gain":0,"max_hp_loss":0,"event_name":"Bonfire Elementals","floor":5,"gold_loss":0},{"cards_removed":["Strike_P"],"damage_healed":0,"gold_gain":0,"player_choice":"Gave Gold","damage_taken":0,"max_hp_gain":0,"max_hp_loss":0,"event_name":"Beggar","floor":29,"gold_loss":75}],"is_beta":false,"boss_relics":[{"not_picked":["SacredBark","Snecko Eye"],"picked":"SlaversCollar"}],"items_purged_floors":[22],"is_endless":false,"potions_floor_spawned":[3,6,10,12,18,21],"killed_by":"Book of Stabbing","ascension_level":5}}