{"host":"vx9g5eyuglzorf3u","time":1613878583,"event":{"mods":["2.2 Compatiblity","BaseMod","DeckTracker","Keyboard Shortcuts","Minty Spire (QoL Compilation)","Relic Stats","StSLib","SuperFastMode","everything is the same but u backflip on backflip"],"gold_per_floor":[109,109,184,22,22,54,64,64,64,27,47,62,62,74,74,149,149,161,161,11,11,11,11,11,43,43,74,90,7,7,21,21,94,94,109,109,22,42,59,88,88,117,117,117,134,168,180,199,199,199,199,199,199,83,108,108,108],"floor_reached":56,"language":"KOR","playtime":2948,"items_purged":["Fusion","Zap"],"score":2471,"play_id":"a0ce298d-78a6-4ea9-a5b0-4e5e31ec6906","local_time":"20210221123623","is_ascension_mode":true,"campfire_choices":[{"data":"Defragment","floor":13.0,"key":"SMITH"},{"floor":15.0,"key":"REST"},{"data":"Blizzard","floor":23.0,"key":"SMITH"},{"data":"Capacitor","floor":32.0,"key":"SMITH"},{"floor":44,"key":"RECALL"},{"data":"Reboot","floor":49,"key":"SMITH"},{"data":"Coolheaded","floor":53,"key":"SMITH"}],"circlet_count":0,"master_deck":["AscendersBane","Dualcast+1","Gash","Fusion+1","Cold Snap+1","Reboot+1","Chill+1","Heatsinks","Hyperbeam","Coolheaded+1","Defragment+1","Sweeping Beam+1","Capacitor+1","Coolheaded+1","Skim+1","Blizzard+1","Amplify+1","CurseOfTheBell","Recycle+1","Turbo+1","Coolheaded+1","Ghostly+1","Ghostly+1","Ghostly+1","Steam Power+1","Double Energy+1","BootSequence+1","Defragment+1","Echo Form+1","Glacier+1","Defragment+1","Chill+1","Self Repair+1","Madness+1","Madness+1","Hologram+1","Blizzard+1","Purity+1","Redo+1"],"relics":["Pandora\u0027s Box","Mercury Hourglass","Du-Vu Doll","Toxic Egg 2","Calling Bell","Orichalcum","Ornamental Fan","Pocketwatch","HornCleat","Toy Ornithopter","Frozen Egg 2","Eternal Feather","Runic Pyramid","Whetstone","MealTicket","Pen Nib","War Paint"],"acts_visited":["Exordium","TheCity","TheBeyond","TheEnding"],"potions_floor_usage":[39,42,56,56],"damage_taken":[{"damage":0.0,"enemies":"Cultist","floor":1.0,"turns":2.0},{"damage":12.0,"enemies":"3 Sentries","floor":6.0,"turns":6.0},{"damage":15.0,"enemies":"2 Louse","floor":7.0,"turns":2.0},{"damage":0.0,"enemies":"Jaw Worm","floor":11.0,"turns":3.0},{"damage":9.0,"enemies":"2 Fungi Beasts","floor":12.0,"turns":3.0},{"damage":5.0,"enemies":"3 Louse","floor":14.0,"turns":2.0},{"damage":12.0,"enemies":"The Guardian","floor":16.0,"turns":9.0},{"damage":11.0,"enemies":"Shell Parasite","floor":18.0,"turns":7.0},{"damage":0.0,"enemies":"Slavers","floor":25.0,"turns":2.0},{"damage":10.0,"enemies":"Book of Stabbing","floor":27.0,"turns":6.0},{"damage":0.0,"enemies":"Chosen","floor":28.0,"turns":8.0},{"damage":9.0,"enemies":"Snake Plant","floor":31.0,"turns":6.0},{"damage":5.0,"enemies":"Champ","floor":33.0,"turns":15.0},{"damage":3.0,"enemies":"Orb Walker","floor":35.0,"turns":7.0},{"damage":0,"enemies":"3 Shapes","floor":38,"turns":10},{"damage":12,"enemies":"Transient","floor":39,"turns":6},{"damage":0,"enemies":"Nemesis","floor":40,"turns":11},{"damage":0,"enemies":"Reptomancer","floor":42,"turns":8},{"damage":0,"enemies":"4 Shapes","floor":45,"turns":6},{"damage":0,"enemies":"Nemesis","floor":46,"turns":9},{"damage":0,"enemies":"Writhing Mass","floor":47,"turns":9},{"damage":16,"enemies":"Transient","floor":48,"turns":6},{"damage":0,"enemies":"Awakened One","floor":50,"turns":10},{"damage":0,"enemies":"Donu and Deca","floor":51,"turns":8},{"damage":0,"enemies":"Shield and Spear","floor":55,"turns":8},{"damage":43,"enemies":"The Heart","floor":56,"turns":11}],"seed_played":"-3639831262129844166","potions_obtained":[{"floor":6.0,"key":"Energy Potion"},{"floor":11.0,"key":"Fire Potion"},{"floor":16.0,"key":"PowerPotion"},{"floor":39,"key":"Swift Potion"},{"floor":42,"key":"Fruit Juice"},{"floor":47,"key":"Strength Potion"},{"floor":48,"key":"PotionOfCapacity"},{"floor":55,"key":"DuplicationPotion"}],"is_trial":false,"path_per_floor":["M","?","?","$","T","E","M","?","T","$","M","M","R","M","R","B",null,"M","?","$","?","?","R","?","E","T","E","M","$","?","M","R","B",null,"M","?","$","M","M","E","?","E","T","R","M","E","M","M","R","B","B",null,"R","$","E","B"],"character_chosen":"DEFECT","items_purchased":["Defragment","Capacitor","Turbo+1","Defragment+1","Defragment+1","Purity+1","Redo+1"],"campfire_rested":1,"item_purchase_floors":[4,10,20,29,37,54,54],"current_hp_per_floor":[64,69,58,58,58,46,31,31,31,31,31,22,22,17,39,27,64,53,53,53,53,53,53,38,38,38,28,28,28,28,19,34,29,36,33,33,33,33,26,36,29,43,43,43,43,43,43,37,43,43,43,43,43,43,43,0,0],"gold":108,"neow_bonus":"BOSS_RELIC","is_daily":false,"chose_seed":false,"campfire_upgraded":5,"win_rate":0.0,"timestamp":1613878583,"path_taken":["M","?","?","$","?","E","M","?","T","$","M","M","R","M","R","BOSS","M","?","$","?","?","R","?","E","T","E","M","?","?","M","R","BOSS","M","?","$","?","M","E","?","E","T","R","M","E","M","M","R","BOSS","BOSS","R","$","E","BOSS"],"items_purchased_type":["Card","Card","Card","Card","Card","Card","Card"],"build_version":"2020-12-22","purchased_purges":2,"victory":false,"max_hp_per_floor":[71,76,76,76,76,76,76,76,76,76,76,76,76,76,76,76,76,76,76,76,76,76,76,38,38,38,38,38,38,38,38,38,38,38,38,38,38,38,38,38,38,43,43,43,43,43,43,43,43,43,43,43,43,43,43,43,43],"relic_stats":{"counters":[26,179],"Eternal Feather":21,"Pen Nib":[6],"Whetstone":["Cold Snap","Sweeping Beam"],"Orichalcum":[180],"War Paint":["Dualcast"],"Mercury Hourglass":[596],"Ornamental Fan":[104],"Pandora\u0027s Box":["Fusion","Gash","Fusion","Cold Snap","Reboot","Chill","Heatsinks","Hyperbeam"],"MealTicket":0,"obtain_stats":[{"Eternal Feather":27,"Pen Nib":46,"Whetstone":40,"Orichalcum":17,"Frozen Egg 2":26,"War Paint":55,"Mercury Hourglass":5,"Du-Vu Doll":6,"Calling Bell":17,"HornCleat":22,"Ornamental Fan":17,"Pandora\u0027s Box":0,"MealTicket":42,"Toxic Egg 2":9,"Cracked Core":0,"Toy Ornithopter":25,"Pocketwatch":17,"Runic Pyramid":34},{"Eternal Feather":10,"Pen Nib":20,"Whetstone":17,"Orichalcum":7,"Frozen Egg 2":9,"War Paint":25,"Mercury Hourglass":1,"Du-Vu Doll":2,"Calling Bell":7,"HornCleat":8,"Ornamental Fan":7,"Pandora\u0027s Box":0,"MealTicket":18,"Toxic Egg 2":3,"Cracked Core":0,"Toy Ornithopter":9,"Pocketwatch":7,"Runic Pyramid":13},{"Eternal Feather":41,"Pen Nib":127,"Whetstone":104,"Orichalcum":26,"Frozen Egg 2":35,"War Paint":168,"Mercury Hourglass":2,"Du-Vu Doll":8,"Calling Bell":26,"HornCleat":33,"Ornamental Fan":26,"Pandora\u0027s Box":0,"MealTicket":112,"Toxic Egg 2":9,"Cracked Core":0,"Toy Ornithopter":35,"Pocketwatch":26,"Runic Pyramid":70}],"Toy Ornithopter":5,"Pocketwatch":[45]},"card_choices":[{"not_picked":["Ball Lightning","White Noise"],"picked":"Coolheaded","floor":1.0},{"not_picked":["Stack","Hologram"],"picked":"Sweeping Beam","floor":6.0},{"not_picked":["Rip and Tear","Stack","Ball Lightning"],"picked":"SKIP","floor":7.0},{"not_picked":["Tempest+1","Go for the Eyes"],"picked":"Coolheaded+1","floor":11.0},{"not_picked":["Compile Driver","Static Discharge"],"picked":"Skim+1","floor":12.0},{"not_picked":["Turbo+1","Fusion+1"],"picked":"Blizzard","floor":14.0},{"not_picked":["Multi-Cast+1","Rainbow+1"],"picked":"Amplify+1","floor":16.0},{"not_picked":["Rebound+1","Redo+1"],"picked":"Recycle+1","floor":18.0},{"not_picked":["Machine Learning","Ball Lightning"],"picked":"Steam Power+1","floor":25.0},{"not_picked":["Cold Snap","Compile Driver"],"picked":"Double Energy+1","floor":27.0},{"not_picked":["Coolheaded+1","Rebound"],"picked":"BootSequence+1","floor":28.0},{"not_picked":["Rebound","Leap+1","Redo+1"],"picked":"SKIP","floor":31.0},{"not_picked":["Reboot+1","Buffer+1"],"picked":"Echo Form+1","floor":33.0},{"not_picked":["Leap+1","Streamline"],"picked":"Glacier+1","floor":35},{"not_picked":["Hologram+1","Lockon"],"picked":"Chill+1","floor":38},{"not_picked":["Barrage","Gash+1","Self Repair+1"],"picked":"SKIP","floor":39},{"not_picked":["Barrage","Gash+1"],"picked":"Self Repair+1","floor":39},{"not_picked":["Redo+1","Steam+1","Core Surge"],"picked":"SKIP","floor":40},{"not_picked":["Leap+1","Compile Driver+1"],"picked":"Hologram+1","floor":42},{"not_picked":["Beam Cell+1","Coolheaded+1"],"picked":"Blizzard+1","floor":45},{"not_picked":["Creative AI+1","Compile Driver+1","Aggregate+1"],"picked":"SKIP","floor":46},{"not_picked":["Creative AI+1","Compile Driver+1","Aggregate+1"],"picked":"SKIP","floor":46},{"not_picked":["Turbo+1","Rebound","Hologram+1"],"picked":"SKIP","floor":47},{"not_picked":["Rebound","Storm+1","Stack+1"],"picked":"SKIP","floor":48},{"not_picked":["Rebound","Doom and Gloom+1","Rip and Tear+1"],"picked":"SKIP","floor":55}],"player_experience":1546516,"relics_obtained":[{"floor":5.0,"key":"Mercury Hourglass"},{"floor":6.0,"key":"Du-Vu Doll"},{"floor":9.0,"key":"Toxic Egg 2"},{"floor":17.0,"key":"Orichalcum"},{"floor":17.0,"key":"Ornamental Fan"},{"floor":17.0,"key":"Pocketwatch"},{"floor":25.0,"key":"Toy Ornithopter"},{"floor":26.0,"key":"Frozen Egg 2"},{"floor":27.0,"key":"Eternal Feather"},{"floor":40,"key":"Whetstone"},{"floor":42,"key":"MealTicket"},{"floor":46,"key":"Pen Nib"},{"floor":55,"key":"War Paint"}],"event_choices":[{"damage_healed":0.0,"max_hp_gain":5.0,"max_hp_loss":0.0,"gold_gain":0.0,"event_name":"Big Fish","player_choice":"Donut","floor":2.0,"gold_loss":0.0,"damage_taken":0.0},{"damage_healed":0.0,"max_hp_gain":0.0,"max_hp_loss":0.0,"gold_gain":75.0,"event_name":"World of Goop","player_choice":"Gather Gold","floor":3.0,"gold_loss":0.0,"damage_taken":11.0},{"damage_healed":0.0,"max_hp_gain":0.0,"max_hp_loss":0.0,"gold_gain":0.0,"event_name":"Living Wall","player_choice":"Grow","floor":8.0,"gold_loss":0.0,"damage_taken":0.0,"cards_upgraded":["Fusion"]},{"damage_healed":0.0,"max_hp_gain":0.0,"max_hp_loss":0.0,"gold_gain":0.0,"event_name":"Vampires","player_choice":"Ignored","floor":19.0,"gold_loss":0.0,"damage_taken":0.0},{"damage_healed":0.0,"max_hp_gain":0.0,"max_hp_loss":0.0,"gold_gain":0.0,"event_name":"The Library","player_choice":"Read","floor":21.0,"gold_loss":0.0,"damage_taken":0.0,"cards_obtained":["Coolheaded"]},{"damage_healed":0.0,"max_hp_gain":0.0,"max_hp_loss":0.0,"gold_gain":0.0,"event_name":"Addict","player_choice":"Stole Relic","floor":22.0,"gold_loss":0.0,"damage_taken":0.0,"relics_obtained":["HornCleat"],"cards_obtained":["Shame"]},{"damage_healed":0.0,"max_hp_gain":0.0,"max_hp_loss":38.0,"gold_gain":0.0,"event_name":"Ghosts","player_choice":"Became a Ghost","floor":24.0,"gold_loss":0.0,"damage_taken":0.0,"cards_obtained":["Ghostly","Ghostly","Ghostly"]},{"cards_removed":["Shame"],"damage_healed":0.0,"max_hp_gain":0.0,"max_hp_loss":0.0,"gold_gain":0.0,"event_name":"Back to Basics","player_choice":"Elegance","floor":30.0,"gold_loss":0.0,"damage_taken":0.0},{"damage_healed":0,"gold_gain":0,"player_choice":"Upgraded","damage_taken":0,"max_hp_gain":0,"max_hp_loss":0,"event_name":"Upgrade Shrine","floor":36,"gold_loss":0,"cards_upgraded":["Chill"]},{"damage_healed":0,"gold_gain":0,"player_choice":"Embrace Madness","damage_taken":7,"max_hp_gain":0,"max_hp_loss":0,"event_name":"Winding Halls","floor":41,"gold_loss":0,"cards_obtained":["Madness","Madness"]}],"is_beta":false,"boss_relics":[{"not_picked":["Fusion Hammer","Cursed Key"],"picked":"Calling Bell"},{"not_picked":["Inserter","Sozu"],"picked":"Runic Pyramid"}],"items_purged_floors":[4,20],"is_endless":false,"potions_floor_spawned":[6,11,16,25,27,33,35,39,40,42,47,48,55],"killed_by":"The Heart","ascension_level":20}}