{"host":"zk6vb2npgw3pu6j2","time":1613931576,"event":{"mods":["Act Like it!","Aspiration","Bard","BaseMod","Beaked The Cultist","Bestiary","Better Note","Better Sensory Stone","CapriCore","Conspire","Downfall","Friendly Minions","Gensokyo","GifTheSpireLib","Hermit","Hubris","Koishi","Marisa????????","Marked Mod","Minty Spire (QoL Compilation)","Quarter Circle Forward PUNCH!","Reimu??????","Reliquary","Replay The Spire","Retaliation","Ruina","StSLib","The Administrix","The Alterego","The Blue Laboratory","The Bug Knight","The Construct","The Exalted","The Hierophant","The Immortal","The Marked","The Runesmith","The Senshi","The Servant 0.9.4","The Wild Card","TheVacant","Wandering Minibosses","yUi"],"gold_per_floor":[99,99,49,1,1,1,1,37,95,95,131,52,68,88,126,221,221,21,21,41,91,8,23,23,23,33,33,55,73,198,35,54,54,54],"floor_reached":32,"language":"ENG","playtime":2044,"items_purged":["Slimebound:Defend_Slimebound"],"score":238,"play_id":"a3477c7c-73d6-4baa-a4a9-20d2493f2a20","local_time":"20210221131936","is_ascension_mode":false,"campfire_choices":[{"data":"Slimebound:Split","floor":1,"key":"SMITH"},{"floor":10,"key":"REST"},{"data":"Slimebound:RollThrough","floor":18,"key":"SMITH"},{"floor":27,"key":"REST"}],"circlet_count":0,"master_deck":["Slimebound:Strike_Slimebound","Slimebound:Strike_Slimebound","Slimebound:Strike_Slimebound","Slimebound:Tackle","Slimebound:Defend_Slimebound","Slimebound:Defend_Slimebound","Slimebound:Defend_Slimebound","Slimebound:Split+1","Slimebound:CorrosiveSpit","Slimebound:SplitMire","conspire:SpireCoStock","Slimebound:FinishingTackle","Slimebound:RollThrough+1","Slimebound:Repurpose","Slimebound:Prepare","Slimebound:Grow","Slimebound:Nibble","Slimebound:GoopTackle","Slimebound:DisruptingSlam","Slimebound:ItLooksTasty","Slimebound:LivingWall","Slimebound:SlimeSpikes","Slimebound:Teamwork","Slimebound:SplitLeeching","Slimebound:Schlurp","Slimebound:LeadByExample","Slimebound:LevelUp+1","Slimebound:Prepare","Slimebound:RollThrough","Slimebound:SlimeSpikes+1","Slimebound:Prepare+1"],"relics":["Slimebound:AbsorbEndCombat","downfall:HeartsMalice","Quantum Egg","aspiration:EmptySkull","Replay:Baseball","Runic Pyramid","downfall:HeartBlessingBlue","downfall:HeartBlessingGreen","qcfpunch:White_Boots","aspiration:RitualStick","White Beast Statue","Slimebound:SelfDamagePreventRelic"],"acts_visited":["Exordium","TheCity"],"potions_floor_usage":[23],"damage_taken":[{"damage":0,"enemies":"conspire:RoseBush","floor":2,"turns":1},{"damage":0,"enemies":"downfall:FleeingMerchant","floor":4,"turns":1},{"damage":0,"enemies":"Jaw Worm","floor":5,"turns":1},{"damage":2,"enemies":"2 Louse","floor":8,"turns":3},{"damage":23,"enemies":"Lagavulin Event","floor":9,"turns":5},{"damage":21,"enemies":"3 Sentries","floor":11,"turns":7},{"damage":0,"enemies":"downfall:FleeingMerchant","floor":12,"turns":4},{"damage":6,"enemies":"Large Slime","floor":13,"turns":2},{"damage":10,"enemies":"downfall:LooterAlt","floor":14,"turns":2},{"damage":16,"enemies":"Lots of Slimes","floor":15,"turns":3},{"damage":8,"enemies":"SI_SHIV_ARCHETYPE","floor":16,"turns":5},{"damage":7,"enemies":"Spheric Guardian","floor":20,"turns":4},{"damage":0,"enemies":"downfall:FleeingMerchant","floor":22,"turns":4},{"damage":27,"enemies":"3 Byrds","floor":23,"turns":6},{"damage":12,"enemies":"Snake Plant","floor":26,"turns":4},{"damage":17,"enemies":"Sentry and Sphere","floor":28,"turns":7},{"damage":24,"enemies":"Centurion and Healer","floor":29,"turns":4},{"damage":1,"enemies":"downfall:LadyInBlue","floor":30,"turns":10},{"damage":0,"enemies":"downfall:FleeingMerchant","floor":31,"turns":4},{"damage":24,"enemies":"Cultist and Chosen","floor":32,"turns":4}],"seed_played":"3649610490583087587","potions_obtained":[{"floor":11,"key":"SpeedPotion"},{"floor":13,"key":"blueLaboratory:FrostheartPotion"},{"floor":14,"key":"blueLaboratory:LouseDecoction"},{"floor":16,"key":"EntropicBrew"},{"floor":23,"key":"blueLaboratory:HorrorPotion"}],"is_trial":false,"path_per_floor":["R","M","?","$","M","T","T","M","?","R","E","$","M","M","M","B",null,"R","?","M","?","$","M","T","?","M","R","M","M","?","$","M"],"character_chosen":"SLIMEBOUND","items_purchased":["Slimebound:RollThrough","Slimebound:DisruptingSlam","Slimebound:SelfDamagePreventRelic"],"campfire_rested":2,"item_purchase_floors":[4,12,31],"current_hp_per_floor":[65,65,65,65,65,65,65,65,46,65,48,52,50,42,26,26,65,75,75,70,52,58,39,39,24,14,36,25,9,14,20,0,0,0],"gold":54,"neow_bonus":"THREE_ENEMY_KILL","is_daily":false,"chose_seed":false,"campfire_upgraded":2,"win_rate":0.0,"timestamp":1613931576,"path_taken":["R","M","?","$","M","?","T","M","?","R","E","$","M","M","M","BOSS","R","?","M","?","$","M","T","?","M","R","M","M","?","$","M"],"items_purchased_type":["Card","Card","Relic"],"build_version":"2020-12-22","purchased_purges":1,"victory":false,"max_hp_per_floor":[65,65,65,65,65,65,65,65,65,65,65,65,65,65,65,65,65,75,75,75,75,75,75,75,75,75,75,75,75,75,75,75,75,75],"card_choices":[{"not_picked":["Slimebound:SplitBruiser","Slimebound:Dissolve"],"picked":"Slimebound:SplitMire","floor":2},{"not_picked":["Slimebound:GoopTackle","Slimebound:Chomp"],"picked":"Slimebound:FinishingTackle","floor":4},{"not_picked":["Slimebound:RollThrough","Slimebound:SplitAcid"],"picked":"Slimebound:Repurpose","floor":5},{"not_picked":["Slimebound:ViciousTackle","Slimebound:Nibble"],"picked":"Slimebound:Prepare","floor":8},{"not_picked":["Slimebound:FinishingTackle","Slimebound:ComboTackle"],"picked":"Slimebound:Grow","floor":9},{"not_picked":["Slimebound:ComboTackle","Slimebound:HauntingLick"],"picked":"Slimebound:Nibble","floor":11},{"not_picked":["Slimebound:FinishingTackle","Slimebound:ProtectTheBoss"],"picked":"Slimebound:GoopTackle","floor":12},{"not_picked":["Slimebound:SamplingLick","Slimebound:ComboTackle"],"picked":"Slimebound:ItLooksTasty","floor":13},{"not_picked":["Slimebound:Nibble","Slimebound:RejuvenatingLick"],"picked":"Slimebound:LivingWall","floor":14},{"not_picked":["Slimebound:Schlurp","Slimebound:LivingWall"],"picked":"Slimebound:SlimeSpikes","floor":15},{"not_picked":["Slimebound:DouseInSlime","Slimebound:MinionMaster"],"picked":"Slimebound:Teamwork","floor":16},{"not_picked":["Slimebound:SplitAcid","Slimebound:Replication+1"],"picked":"Slimebound:SplitLeeching","floor":20},{"not_picked":["Slimebound:SlimeTap","Slimebound:Prepare"],"picked":"Slimebound:Schlurp","floor":21},{"not_picked":["Slimebound:Schlurp","Slimebound:SamplingLick"],"picked":"Slimebound:LeadByExample","floor":22},{"not_picked":["Slimebound:ItLooksTasty+1","Slimebound:SplitAcid"],"picked":"Slimebound:LevelUp+1","floor":23},{"not_picked":["Slimebound:SpikyOuterGoop","Slimebound:AcidTongue"],"picked":"Slimebound:Prepare","floor":26},{"not_picked":["Slimebound:RejuvenatingLick","Slimebound:HauntingLick"],"picked":"Slimebound:RollThrough","floor":28},{"not_picked":["Slimebound:FinishingTackle","Slimebound:GrowthPunch"],"picked":"Slimebound:SlimeSpikes+1","floor":29},{"not_picked":["Slimebound:DuplicatedForm","Slimebound:ComboTackle"],"picked":"Slimebound:Prepare+1","floor":30},{"not_picked":["Slimebound:LeechingTouch","Slimebound:Replication+1","Slimebound:Dissolve+1"],"picked":"SKIP","floor":31}],"player_experience":308653,"relics_obtained":[{"floor":7,"key":"Quantum Egg"},{"floor":9,"key":"aspiration:EmptySkull"},{"floor":11,"key":"Replay:Baseball"},{"floor":24,"key":"qcfpunch:White_Boots"},{"floor":30,"key":"White Beast Statue"}],"event_choices":[{"damage_healed":0,"gold_gain":0,"player_choice":"Invest 1","damage_taken":0,"max_hp_gain":0,"max_hp_loss":0,"event_name":"conspire:Investor","floor":3,"gold_loss":0},{"damage_healed":0,"gold_gain":0,"player_choice":"Ignored","damage_taken":0,"max_hp_gain":0,"max_hp_loss":0,"event_name":"betterNote:BetterNote","floor":19,"gold_loss":0,"cards_obtained":["hexamod:ApocalypseNow"]}],"is_beta":false,"boss_relics":[{"not_picked":["Replay:Ancient Bell","reliquary:RedCape"],"picked":"Runic Pyramid"}],"items_purged_floors":[22],"is_endless":false,"potions_floor_spawned":[11,13,14,15,16,20,23,28,31],"killed_by":"Cultist and Chosen","ascension_level":0}}