{"host":"p2ps6s9o3p66sm0r","time":1613907322,"event":{"mods":["BaseMod","Downfall","Hermit","Minty Spire (QoL Compilation)","Replay The Spire","StSLib","The Cursed","The Servant 0.9.4"],"gold_per_floor":[119,133,208,208,208,208,241,241,267,267,283,299,338,357,357,485,485,505,35,35,39,39,39,52,73,73,38,53,253,289,18,18,144,207,221,234,234,234],"floor_reached":37,"language":"ENG","playtime":3509,"items_purged":[],"score":481,"play_id":"80f79b77-cd17-45f4-a2fc-f478265248d3","local_time":"20210221063522","is_ascension_mode":false,"campfire_choices":[{"floor":6,"key":"REST"},{"data":"TheWorld","floor":8,"key":"SMITH"},{"data":"KidneyShot","floor":10,"key":"SMITH"},{"floor":23,"key":"REST"},{"floor":32,"key":"REST"}],"circlet_count":0,"master_deck":["Strike_S","Strike_S","Strike_S","Strike_S","Defend_S","Defend_S","Defend_S","Defend_S","KidneyShot+1","Exchange+1","Barrier","Moonlight","TheWorld+1","Reset","FastForward","SilverBlades","Rearm+1","FlawlessForm","Spin","Pot Of Greed+1","Pot Of Greed+1","RealityMarble","Jack Of All Trades+1","Barrier+1","BottledTime+1","DoubleEdge","Pot Of Greed+1","Ricochet+1","Starlight","Moonlight","Luminosity","Starlight","Starlight","KillingDoll","Alleviate+1","Reset+1","ShiftingGears+1"],"relics":["Uniform","NeowsBlessing","Blue Candle","Golden Idol","Vajra","Art of War","Toxic Egg 2","SlaversCollar","Grinning Jar","Strange Spoon","Tiny House"],"acts_visited":["Exordium","TheCity","TheBeyond"],"potions_floor_usage":[13,13,15,18,24,25,33,33,37],"damage_taken":[{"damage":0,"enemies":"Cultist","floor":1,"turns":1},{"damage":0,"enemies":"Small Slimes","floor":2,"turns":1},{"damage":0,"enemies":"3 Sentries","floor":7,"turns":1},{"damage":0,"enemies":"Jaw Worm","floor":11,"turns":2},{"damage":11,"enemies":"3 Louse","floor":12,"turns":3},{"damage":26,"enemies":"Lagavulin","floor":13,"turns":9},{"damage":0,"enemies":"Blue Slaver","floor":14,"turns":4},{"damage":0,"enemies":"Gremlin Nob","floor":15,"turns":1},{"damage":7,"enemies":"The Guardian","floor":16,"turns":15},{"damage":16,"enemies":"Chosen","floor":18,"turns":7},{"damage":10,"enemies":"2 Thieves","floor":21,"turns":4},{"damage":12,"enemies":"3 Cultists","floor":24,"turns":6},{"damage":8,"enemies":"Shelled Parasite and Fungi","floor":25,"turns":5},{"damage":0,"enemies":"Snecko","floor":28,"turns":5},{"damage":1,"enemies":"Snake Plant","floor":30,"turns":4},{"damage":0,"enemies":"Collector","floor":33,"turns":8},{"damage":50,"enemies":"3 Darklings","floor":35,"turns":7},{"damage":15,"enemies":"Orb Walker","floor":36,"turns":5},{"damage":11,"enemies":"3 Darklings","floor":37,"turns":4}],"seed_played":"6684143678070917618","potions_obtained":[{"floor":1,"key":"SmokeBomb"},{"floor":2,"key":"AttackPotion"},{"floor":12,"key":"SpeedPotion"},{"floor":16,"key":"Fire Potion"},{"floor":18,"key":"Toxic Potion"},{"floor":24,"key":"SpeedPotion"},{"floor":28,"key":"Weak Potion"},{"floor":34,"key":"Death Potion"},{"floor":35,"key":"GamblersBrew"}],"is_trial":false,"path_per_floor":["M","M","?","?","?","R","E","R","T","R","M","M","E","M","R","B",null,"M","$","?","M","?","R","M","M","T","$","M","?","M","$","R","B",null,"M","M","M"],"character_chosen":"THE_SERVANT","items_purchased":["Grinning Jar","RealityMarble","Jack Of All Trades+1","Barrier+1","LiquidMemories","Elixir","Luminosity","Strange Spoon","Starlight"],"campfire_rested":3,"item_purchase_floors":[19,19,19,19,19,27,31,31,31],"current_hp_per_floor":[65,65,54,49,33,52,52,52,52,52,52,41,15,15,15,8,65,49,49,49,39,39,58,46,38,38,38,38,38,37,37,56,56,70,20,5,0,0],"gold":234,"neow_bonus":"THREE_ENEMY_KILL","is_daily":false,"chose_seed":false,"campfire_upgraded":2,"win_rate":0.0,"timestamp":1613907322,"path_taken":["M","?","?","?","?","R","E","R","T","R","M","M","E","M","R","BOSS","M","$","?","?","?","R","M","M","T","$","M","?","M","$","R","BOSS","M","M","M"],"items_purchased_type":["Relic","Card","Card","Card","Potion","Potion","Card","Relic","Card"],"build_version":"2020-12-22","purchased_purges":0,"victory":false,"max_hp_per_floor":[65,65,65,65,65,65,65,65,65,65,65,65,65,65,65,65,65,65,65,65,65,65,65,65,65,65,65,65,65,65,65,65,65,70,70,70,70,70],"card_choices":[{"not_picked":["SurpressingFire","MoonPhase"],"picked":"Barrier","floor":1},{"not_picked":["Revamp","RealityMarble"],"picked":"Moonlight","floor":2},{"not_picked":["Alleviate","ReturningBlade"],"picked":"TheWorld","floor":7},{"not_picked":["ShatteredReality","Foresight"],"picked":"Reset","floor":11},{"not_picked":["Read","Starlight"],"picked":"FastForward","floor":12},{"not_picked":["Ricochet","FanOfKnives"],"picked":"SilverBlades","floor":13},{"not_picked":["Potential","DoubleEdge"],"picked":"Rearm+1","floor":14},{"not_picked":["MurderousAura","TheWorld+1"],"picked":"FlawlessForm","floor":16},{"not_picked":["Desolation","Starlight"],"picked":"Spin","floor":18},{"not_picked":["Ricochet","Unruled"],"picked":"BottledTime+1","floor":21},{"not_picked":["Rearm+1","Contraction+1"],"picked":"DoubleEdge","floor":24},{"not_picked":["Unruled","Starlight"],"picked":"Ricochet+1","floor":25},{"not_picked":["Potential","Read+1"],"picked":"Starlight","floor":28},{"not_picked":["Duplication+1","Replace+1"],"picked":"Moonlight","floor":30},{"not_picked":["Deny+1","Dilation+1"],"picked":"KillingDoll","floor":33},{"not_picked":["FastForward+1","Moonlight+1"],"picked":"Alleviate+1","floor":34},{"not_picked":["Gouge+1","Advance+1"],"picked":"Reset+1","floor":35},{"not_picked":["Starlight+1","Collapse+1"],"picked":"ShiftingGears+1","floor":36}],"player_experience":183539,"relics_obtained":[{"floor":7,"key":"Vajra"},{"floor":9,"key":"Art of War"},{"floor":13,"key":"Toxic Egg 2"}],"event_choices":[{"damage_healed":0,"gold_gain":75,"player_choice":"Gather Gold","damage_taken":11,"max_hp_gain":0,"max_hp_loss":0,"event_name":"World of Goop","floor":3,"gold_loss":0},{"damage_healed":0,"gold_gain":0,"player_choice":"Take Damage","damage_taken":16,"relics_obtained":["Golden Idol"],"max_hp_gain":0,"max_hp_loss":0,"event_name":"Golden Idol","floor":5,"gold_loss":0},{"damage_healed":0,"gold_gain":0,"player_choice":"Searched \u00271\u0027 times","damage_taken":0,"max_hp_gain":0,"max_hp_loss":0,"event_name":"Dead Adventurer","floor":15,"gold_loss":0},{"damage_healed":0,"gold_gain":0,"player_choice":"Ignored","damage_taken":0,"max_hp_gain":0,"max_hp_loss":0,"event_name":"The Mausoleum","floor":20,"gold_loss":0},{"damage_healed":0,"gold_gain":200,"player_choice":"Gold","damage_taken":0,"max_hp_gain":0,"max_hp_loss":0,"event_name":"Wheel of Change","floor":29,"gold_loss":0}],"is_beta":false,"boss_relics":[{"not_picked":["Snecko Eye","Replay:Ancient Bell"],"picked":"SlaversCollar"},{"not_picked":["bronze:MakeshiftBattery","Philosopher\u0027s Stone"],"picked":"Tiny House"}],"items_purged_floors":[],"is_endless":false,"potions_floor_spawned":[1,2,12,16,18,24,28,35],"killed_by":"3 Darklings","ascension_level":0}}