{"host":"mvhzznpw3ffw85pv","time":1613915594,"event":{"mods":["AchievementEnabler","BaseMod","Bestiary","Block Reminder","Colored Map","Highlight Path","Minty Spire (QoL Compilation)","Relic Stats"],"gold_per_floor":[359,371,321,21,33,33,33,33],"floor_reached":7,"language":"ENG","playtime":464,"items_purged":[],"score":66,"play_id":"d402a8f1-f3cb-4a03-bd28-3df552fd0460","local_time":"20210221085314","is_ascension_mode":true,"campfire_choices":[{"data":"Cleave","floor":6,"key":"SMITH"}],"circlet_count":0,"master_deck":["AscendersBane","Strike_R","Strike_R","Strike_R","Strike_R","Defend_R","Defend_R","Defend_R","Defend_R","Bash","Headbutt","Cleave+1","Cleave"],"relics":["Burning Blood","Meat on the Bone"],"acts_visited":["Exordium"],"potions_floor_usage":[7],"damage_taken":[{"damage":7,"enemies":"Small Slimes","floor":1,"turns":4},{"damage":7,"enemies":"2 Louse","floor":2,"turns":4},{"damage":16,"enemies":"Jaw Worm","floor":5,"turns":4},{"damage":51,"enemies":"Lagavulin","floor":7,"turns":7}],"seed_played":"1562659286776195364","potions_obtained":[{"floor":2,"key":"PowerPotion"}],"is_trial":false,"path_per_floor":["M","M","?","$","M","R","E"],"character_chosen":"IRONCLAD","items_purchased":["Meat on the Bone","Fire Potion"],"campfire_rested":0,"item_purchase_floors":[4,4],"current_hp_per_floor":[50,49,49,49,51,51,0,0],"gold":33,"neow_bonus":"TWO_FIFTY_GOLD","is_daily":false,"chose_seed":false,"campfire_upgraded":1,"win_rate":0.0,"timestamp":1613915594,"path_taken":["M","M","?","$","M","R","E"],"items_purchased_type":["Relic","Potion"],"build_version":"2020-12-22","purchased_purges":0,"victory":false,"max_hp_per_floor":[80,80,80,80,80,80,80,80],"relic_stats":{"counters":[4,19],"obtain_stats":[{"Burning Blood":0,"Meat on the Bone":4},{"Burning Blood":0,"Meat on the Bone":2},{"Burning Blood":0,"Meat on the Bone":8}],"Burning Blood":18,"Meat on the Bone":12},"card_choices":[{"not_picked":["Second Wind","Dual Wield"],"picked":"Headbutt","floor":1},{"not_picked":["Blood for Blood","Flex"],"picked":"Cleave","floor":2},{"not_picked":["Perfected Strike","Iron Wave"],"picked":"Cleave","floor":5}],"player_experience":641599,"relics_obtained":[],"event_choices":[{"cards_removed":["Strike_R"],"damage_healed":0,"gold_gain":0,"player_choice":"Card Removal","damage_taken":0,"max_hp_gain":0,"max_hp_loss":0,"event_name":"The Cleric","floor":3,"gold_loss":50}],"is_beta":false,"boss_relics":[],"items_purged_floors":[],"is_endless":false,"potions_floor_spawned":[2,5],"killed_by":"Lagavulin","ascension_level":12}}