{"host":"zwfn3igoxym2o8ah","time":1613898930,"event":{"mods":["AchievementEnabler","BaseMod","Downfall","Hermit","Minty Spire (QoL Compilation)","Quick Restart","Replay The Spire","StSLib","The Cursed"],"gold_per_floor":[116,116,135,83,96,128,140,156,156,174,204,204,221,151,151,256,256,276,296,307,326,2,2,2],"floor_reached":23,"language":"ENG","playtime":1944,"items_purged":[],"score":207,"play_id":"3de575f4-e79d-4fc5-8e1f-4e45d3271054","local_time":"20210221041530","is_ascension_mode":false,"campfire_choices":[{"floor":12,"key":"REST"},{"floor":15,"key":"REST"}],"circlet_count":0,"master_deck":["Strike_G","Strike_G","Strike_G","Strike_G","Strike_G","Defend_G","Defend_G","Defend_G","Defend_G","Defend_G","Survivor","Neutralize","Wraith Form v2","Prepared","Poisoned Stab","Caltrops","Caltrops","Quick Slash","Dagger Spray","Catalyst","Acrobatics","Prepared","Poison Darts","All Out Attack","ReplayTheSpireMod:From All Sides","Malaise","Sucker Punch","Blur","Deadly Poison+1","Terror"],"relics":["Ring of the Snake","Tingsha","Pear","Basket Of Snakes","Tough Bandages","HoveringKite","Membership Card","Matryoshka"],"acts_visited":["Exordium","TheCity"],"potions_floor_usage":[11,16,16,16,23,23],"damage_taken":[{"damage":0,"enemies":"Jaw Worm","floor":1,"turns":6},{"damage":1,"enemies":"Cultist","floor":3,"turns":3},{"damage":0,"enemies":"Small Slimes","floor":5,"turns":3},{"damage":8,"enemies":"Gremlin Nob","floor":6,"turns":5},{"damage":2,"enemies":"Looter","floor":7,"turns":3},{"damage":8,"enemies":"Red Slaver","floor":8,"turns":4},{"damage":12,"enemies":"Exordium Wildlife","floor":10,"turns":4},{"damage":30,"enemies":"Lagavulin","floor":11,"turns":5},{"damage":13,"enemies":"Exordium Thugs","floor":13,"turns":4},{"damage":7,"enemies":"Hexaghost","floor":16,"turns":6},{"damage":26,"enemies":"2 Thieves","floor":18,"turns":4},{"damage":0,"enemies":"3 Byrds","floor":19,"turns":2},{"damage":6,"enemies":"Snake Plant","floor":20,"turns":5},{"damage":8,"enemies":"Snecko","floor":21,"turns":6},{"damage":40,"enemies":"Slavers","floor":23,"turns":4}],"seed_played":"-5891700182198947808","potions_obtained":[{"floor":5,"key":"CultistPotion"},{"floor":7,"key":"Death Potion"},{"floor":8,"key":"SteroidPotion"},{"floor":13,"key":"hexamod:SoulburnPotion"},{"floor":16,"key":"CultistPotion"},{"floor":20,"key":"champ:CounterPotion"}],"is_trial":false,"path_per_floor":["M","?","M","$","M","E","M","M","T","M","E","R","M","$","R","B",null,"M","M","M","M","$","E"],"character_chosen":"THE_SILENT","items_purchased":["Caltrops","ReplayTheSpireMod:From All Sides","Membership Card","Matryoshka","Terror"],"campfire_rested":2,"item_purchase_floors":[4,14,22,22,22],"current_hp_per_floor":[70,70,69,69,69,71,69,61,61,49,19,43,30,30,54,47,80,54,54,48,40,40,0,0],"gold":2,"neow_bonus":"ONE_RANDOM_RARE_CARD","is_daily":false,"chose_seed":false,"campfire_upgraded":0,"win_rate":0.0,"timestamp":1613898930,"path_taken":["M","?","M","$","M","E","M","M","T","M","E","R","M","$","R","BOSS","M","M","M","?","$","E"],"items_purchased_type":["Card","Card","Relic","Relic","Card"],"build_version":"2020-12-22","purchased_purges":0,"victory":false,"max_hp_per_floor":[70,70,70,70,70,80,80,80,80,80,80,80,80,80,80,80,80,80,80,80,80,80,80,80],"card_choices":[{"not_picked":["PiercingWail","Dodge and Roll"],"picked":"Prepared","floor":1},{"not_picked":["Underhanded Strike","Blade Dance"],"picked":"Poisoned Stab","floor":3},{"not_picked":["Slice","Bane"],"picked":"Quick Slash","floor":5},{"not_picked":["Blur","Endless Agony"],"picked":"Dagger Spray","floor":6},{"not_picked":["Dodge and Roll","Escape Plan"],"picked":"Catalyst","floor":7},{"not_picked":["Deflect","Hidden Blade"],"picked":"Acrobatics","floor":8},{"not_picked":["Dagger Throw","Choke"],"picked":"Prepared","floor":10},{"not_picked":["Poisoned Stab","Dodge and Roll"],"picked":"Poison Darts","floor":11},{"not_picked":["Hidden Blade","Acrobatics"],"picked":"All Out Attack","floor":13},{"not_picked":["Burst","Replay:Bag of Tricks"],"picked":"Malaise","floor":16},{"not_picked":["Blade Dance","Dagger Throw","Finisher"],"picked":"SKIP","floor":18},{"not_picked":["Acrobatics","Dagger Throw+1"],"picked":"Sucker Punch","floor":19},{"not_picked":["Backflip","Draining Mist+1"],"picked":"Blur","floor":20},{"not_picked":["Quick Slash","PiercingWail+1"],"picked":"Deadly Poison+1","floor":21}],"player_experience":10785,"relics_obtained":[{"floor":2,"key":"Tingsha"},{"floor":6,"key":"Pear"},{"floor":9,"key":"Basket Of Snakes"},{"floor":11,"key":"Tough Bandages"}],"event_choices":[{"damage_healed":0,"gold_gain":0,"player_choice":"Relic","damage_taken":0,"max_hp_gain":0,"max_hp_loss":0,"event_name":"Wheel of Change","floor":2,"gold_loss":0}],"is_beta":false,"boss_relics":[{"not_picked":["WristBlade","Ring of Chaos"],"picked":"HoveringKite"}],"items_purged_floors":[],"is_endless":false,"potions_floor_spawned":[5,7,8,13,16,20],"killed_by":"Slavers","ascension_level":0}}