{"host":"x8sam8fprezugive","time":1613905798,"event":{"mods":["A Magickal Journey","Bard","BaseMod","Colored Powertips","Downfall","Hero for Fun","Minty Spire (QoL Compilation)","Replay The Spire","StSLib","The Necromancer"],"gold_per_floor":[109,149,163,163,180,180,190,190,567,489,501,543,555,181,181,286,286,301,151,170,170,170,195,195,43,43,60,60,60,60,70,70,70,70],"floor_reached":33,"language":"ENG","playtime":5949,"items_purged":[],"score":263,"play_id":"e1dbd270-257d-4e25-80b3-29d939d8741b","local_time":"20210221120958","is_ascension_mode":false,"campfire_choices":[{"data":"Draining Mist","floor":8,"key":"SMITH"},{"floor":15,"key":"REST"},{"floor":28,"key":"RECALL"},{"data":"Burst","floor":32,"key":"SMITH"}],"circlet_count":0,"master_deck":["Strike_G","Strike_G","Strike_G","Strike_G","Strike_G","Defend_G","Defend_G","Defend_G","Defend_G","Defend_G","Survivor","Neutralize","Hidden Blade","ReplayTheSpireMod:Shiv Toss","Dagger Spray","Quick Slash","Quick Slash","Draining Mist+1","Terror","Deadly Poison","Accuracy+1","Burst+1","Acrobatics+1","Spreading Infection","Replay:Poison Smokescreen+1","Slice","ReplayTheSpireMod:Exploit Weakness","Well Laid Plans+1"],"relics":["Ring of the Snake","Frozen Egg 2","Replay:Mystery Machine","ReplayTheSpireMod:Ring of Collecting","Ring of Peace","Ring of Greed","Smiling Mask","Old Coin","MawBank","Du-Vu Doll","Strawberry","Replay:Rubber Ducky","bronze:MakeshiftBattery","Vajra","Vampiric Spirits","Blue Candle","Pen Nib","ReplayTheSpireMod:Ring of Exchange","Ring of Misfortune","Counterbalance"],"acts_visited":["Exordium","TheCity"],"potions_floor_usage":[12,33,33,33],"damage_taken":[{"damage":0,"enemies":"2 Louse","floor":1,"turns":4},{"damage":0,"enemies":"Small Slimes","floor":3,"turns":4},{"damage":0,"enemies":"Cultist","floor":5,"turns":3},{"damage":14,"enemies":"Large Slime","floor":7,"turns":7},{"damage":0,"enemies":"Looter","floor":10,"turns":3},{"damage":20,"enemies":"3 Sentries","floor":12,"turns":9},{"damage":23,"enemies":"The Guardian","floor":16,"turns":13},{"damage":1,"enemies":"Shell Parasite","floor":18,"turns":4},{"damage":3,"enemies":"Spheric Guardian","floor":20,"turns":4},{"damage":14,"enemies":"Book of Stabbing","floor":23,"turns":5},{"damage":0,"enemies":"Snake Plant","floor":27,"turns":4},{"damage":0,"enemies":"Chosen and Byrds","floor":31,"turns":5},{"damage":63,"enemies":"Pondfish","floor":33,"turns":9}],"seed_played":"-4232233540328877730","potions_obtained":[{"floor":3,"key":"LifebloodPotion"},{"floor":5,"key":"Milkshake"},{"floor":12,"key":"LiquidMemories"},{"floor":23,"key":"Toxic Potion"},{"floor":31,"key":"Strength Potion"}],"is_trial":false,"path_per_floor":["M","?","M","?","M","?","M","R","T","M","?","E","?","$","R","B",null,"M","$","M","?","?","E","?","$","T","M","R","T","$","M","R","B"],"character_chosen":"THE_SILENT","items_purchased":["Accuracy+1","Strawberry","Replay:Rubber Ducky","Vajra","Pen Nib"],"campfire_rested":1,"item_purchase_floors":[14,14,14,19,25],"current_hp_per_floor":[75,57,57,57,57,57,43,43,43,43,36,16,16,23,47,24,82,81,81,78,78,78,64,59,59,59,60,60,60,60,60,60,0,0],"gold":70,"neow_bonus":"RANDOM_EVENT","is_daily":false,"chose_seed":false,"campfire_upgraded":2,"win_rate":0.0,"timestamp":1613905798,"path_taken":["M","?","M","?","?","?","M","R","T","M","?","E","?","?","R","BOSS","M","$","M","?","?","E","?","$","T","M","R","?","$","M","R","BOSS"],"items_purchased_type":["Card","Relic","Relic","Relic","Relic"],"build_version":"2020-12-22","purchased_purges":0,"victory":false,"max_hp_per_floor":[75,75,75,75,75,75,75,75,75,75,75,75,75,82,82,82,82,82,82,82,82,82,82,82,82,82,82,82,82,82,82,82,82,82],"card_choices":[{"not_picked":["Acrobatics","Bane"],"picked":"Hidden Blade","floor":1},{"not_picked":["Dagger Throw","Slice"],"picked":"ReplayTheSpireMod:Shiv Toss","floor":2},{"not_picked":["Deadly Poison","Prepared"],"picked":"Dagger Spray","floor":2},{"not_picked":["Deflect","ReplayTheSpireMod:From All Sides"],"picked":"Quick Slash","floor":3},{"not_picked":["Deflect","Dodge and Roll"],"picked":"Quick Slash","floor":5},{"not_picked":["Quick Slash","Finisher"],"picked":"Draining Mist","floor":7},{"not_picked":["Slice","Prepared"],"picked":"Terror","floor":10},{"not_picked":["Eviscerate","Unload"],"picked":"Deadly Poison","floor":12},{"not_picked":["Unload","Tools of the Trade+1"],"picked":"Burst","floor":16},{"not_picked":["Deadly Poison","Skewer"],"picked":"Acrobatics+1","floor":18},{"not_picked":["Bouncing Flask","Bane"],"picked":"Replay:Poison Smokescreen+1","floor":20},{"not_picked":["Night Terror","Dagger Throw"],"picked":"Slice","floor":23},{"not_picked":["ReplayTheSpireMod:The Works","Hidden Blade"],"picked":"ReplayTheSpireMod:Exploit Weakness","floor":27},{"not_picked":["Deflect+1","Backflip"],"picked":"Well Laid Plans+1","floor":31}],"player_experience":252381,"relics_obtained":[{"floor":2,"key":"Frozen Egg 2"},{"floor":6,"key":"ReplayTheSpireMod:Ring of Collecting"},{"floor":6,"key":"Ring of Peace"},{"floor":9,"key":"Ring of Greed"},{"floor":9,"key":"Smiling Mask"},{"floor":9,"key":"Old Coin"},{"floor":9,"key":"MawBank"},{"floor":12,"key":"Du-Vu Doll"},{"floor":23,"key":"Vampiric Spirits"},{"floor":26,"key":"ReplayTheSpireMod:Ring of Exchange"},{"floor":29,"key":"Ring of Misfortune"},{"floor":29,"key":"Counterbalance"}],"event_choices":[{"damage_healed":0,"gold_gain":0,"player_choice":"Donut","damage_taken":0,"max_hp_gain":5,"max_hp_loss":0,"event_name":"Big Fish","floor":0,"gold_loss":0},{"damage_healed":0,"gold_gain":0,"player_choice":"Gave Potion","damage_taken":0,"relics_obtained":["Replay:Mystery Machine"],"max_hp_gain":0,"max_hp_loss":0,"event_name":"WeMeetAgain","floor":4,"gold_loss":0},{"cards_removed":["downfall:Aged"],"damage_healed":0,"gold_gain":0,"player_choice":"Card Removal","damage_taken":7,"max_hp_gain":0,"max_hp_loss":0,"event_name":"Golden Wing","floor":11,"gold_loss":0},{"cards_removed":["Shame"],"damage_healed":0,"gold_gain":0,"player_choice":"Forget","damage_taken":0,"max_hp_gain":0,"max_hp_loss":0,"event_name":"Living Wall","floor":13,"gold_loss":0},{"damage_healed":0,"gold_gain":0,"player_choice":"Ignored","damage_taken":0,"max_hp_gain":0,"max_hp_loss":0,"event_name":"Vampires","floor":21,"gold_loss":0}],"is_beta":false,"boss_relics":[{"not_picked":["Painkiller Herb","Replay:Bronze Core"],"picked":"bronze:MakeshiftBattery"}],"items_purged_floors":[],"is_endless":false,"potions_floor_spawned":[3,5,12,23,31],"killed_by":"Pondfish","ascension_level":0}}