{"host":"6rzd029finub32db","time":1613917484,"event":{"mods":["BaseMod","DeckTracker","Highlight Path","Minty Spire (QoL Compilation)","Relic Stats","StSLib","SuperFastMode"],"gold_per_floor":[111,12,12,28,42,42,76,89,143,172,172,191,202,234,234,334,334,344,130,147,164,164,198,198,223,246,161,37,47,82,95,95,195,195,210,220,220,2,19,51,67,98,98,123,173,46,59,84,84,84,84,84,9,37,37,37],"floor_reached":55,"language":"ENG","playtime":3525,"items_purged":["Strike_R","Writhe","Strike_R","Strike_R"],"score":935,"play_id":"e5df601b-8fa0-496d-ade9-d71b23e00452","local_time":"20210221152444","is_ascension_mode":true,"campfire_choices":[{"data":"Bash","floor":6,"key":"SMITH"},{"data":"Inflame","floor":15,"key":"SMITH"},{"floor":24,"key":"REST"},{"data":"Double Tap","floor":32,"key":"SMITH"},{"floor":49,"key":"RECALL"},{"data":"Barricade","floor":52,"key":"SMITH"}],"circlet_count":0,"master_deck":["Strike_R","Strike_R","Defend_R+1","Defend_R","Defend_R","Defend_R","Bash+1","Fire Breathing","Armaments","Thunderclap","Shrug It Off+1","True Grit","Hemokinesis","Inflame+1","Corruption","Limit Break","Flame Barrier","Shockwave","Seeing Red","Uppercut+1","Armaments","Entrench+1","Double Tap+1","Shrug It Off","Armaments+1","Heavy Blade+1","Reaper","Flex+1","Impervious","Sword Boomerang+1","Spot Weakness+1","Heavy Blade+1","Barricade+1"],"relics":["Burning Blood","Letter Opener","War Paint","Vajra","Mango","Strawberry","Regal Pillow","Mark of Pain","Orichalcum","CaptainsWheel","Juzu Bracelet","Lantern","PreservedInsect","Thread and Needle","Coffee Dripper","Membership Card","Meat on the Bone","Dream Catcher","Oddly Smooth Stone","Charon\u0027s Ashes","Gremlin Horn","Red Skull","Blood Vial"],"acts_visited":["Exordium","TheCity","TheBeyond","TheEnding"],"potions_floor_usage":[14,16,25,48,55,55,55],"damage_taken":[{"damage":7,"enemies":"2 Louse","floor":1,"turns":4},{"damage":1,"enemies":"Cultist","floor":4,"turns":3},{"damage":11,"enemies":"Jaw Worm","floor":5,"turns":2},{"damage":10,"enemies":"Gremlin Nob","floor":7,"turns":4},{"damage":10,"enemies":"3 Louse","floor":8,"turns":4},{"damage":10,"enemies":"3 Sentries","floor":10,"turns":6},{"damage":0,"enemies":"Blue Slaver","floor":12,"turns":5},{"damage":3,"enemies":"2 Fungi Beasts","floor":13,"turns":3},{"damage":20,"enemies":"Lagavulin","floor":14,"turns":7},{"damage":12,"enemies":"Slime Boss","floor":16,"turns":8},{"damage":12,"enemies":"Shell Parasite","floor":18,"turns":5},{"damage":29,"enemies":"Spheric Guardian","floor":20,"turns":6},{"damage":14,"enemies":"3 Cultists","floor":21,"turns":6},{"damage":24,"enemies":"Book of Stabbing","floor":23,"turns":7},{"damage":31,"enemies":"Slavers","floor":25,"turns":6},{"damage":3,"enemies":"Cultist and Chosen","floor":29,"turns":6},{"damage":15,"enemies":"Book of Stabbing","floor":30,"turns":5},{"damage":6,"enemies":"Snecko","floor":31,"turns":6},{"damage":44,"enemies":"Automaton","floor":33,"turns":9},{"damage":1,"enemies":"Orb Walker","floor":35,"turns":4},{"damage":6,"enemies":"3 Darklings","floor":36,"turns":5},{"damage":24,"enemies":"Maw","floor":39,"turns":8},{"damage":18,"enemies":"Giant Head","floor":40,"turns":7},{"damage":0,"enemies":"Sphere and 2 Shapes","floor":41,"turns":6},{"damage":22,"enemies":"Nemesis","floor":42,"turns":9},{"damage":31,"enemies":"Giant Head","floor":44,"turns":10},{"damage":4,"enemies":"Mind Bloom Boss Battle","floor":45,"turns":10},{"damage":2,"enemies":"Writhing Mass","floor":47,"turns":5},{"damage":2,"enemies":"Nemesis","floor":48,"turns":5},{"damage":27,"enemies":"Awakened One","floor":50,"turns":13},{"damage":9,"enemies":"Shield and Spear","floor":54,"turns":7},{"damage":123,"enemies":"The Heart","floor":55,"turns":8}],"seed_played":"8528085449719993582","potions_obtained":[{"floor":5,"key":"SteroidPotion"},{"floor":10,"key":"FearPotion"},{"floor":12,"key":"DistilledChaos"},{"floor":16,"key":"Fire Potion"},{"floor":21,"key":"FearPotion"},{"floor":25,"key":"Energy Potion"},{"floor":35,"key":"LiquidMemories"},{"floor":48,"key":"Weak Potion"}],"is_trial":false,"path_per_floor":["M","$","?","M","M","R","E","M","T","E","?","M","M","E","R","B",null,"M","$","M","M","?","E","R","E","T","?","$","M","E","M","R","B",null,"M","M","?","$","M","E","M","E","T","E","?","$","M","E","R","B",null,"R","$","E","B"],"character_chosen":"IRONCLAD","items_purchased":["Fire Breathing","Armaments","Shockwave","Seeing Red","Shrug It Off","Membership Card","Gremlin Horn"],"campfire_rested":1,"item_purchase_floors":[2,2,19,19,28,38,46],"current_hp_per_floor":[87,87,75,80,75,75,71,67,67,77,84,90,93,79,79,73,109,103,103,80,72,72,54,101,76,76,76,76,79,70,70,70,32,109,109,109,109,109,91,95,109,99,99,83,92,92,97,101,101,105,109,109,109,106,0,0],"gold":37,"neow_bonus":"TEN_PERCENT_HP_BONUS","is_daily":false,"chose_seed":false,"campfire_upgraded":4,"win_rate":0.0,"timestamp":1613917484,"path_taken":["M","$","?","M","M","R","E","M","T","E","?","M","M","E","R","BOSS","M","$","?","M","?","E","R","E","T","?","$","M","E","M","R","BOSS","M","M","?","$","M","E","M","E","T","E","?","$","M","E","R","BOSS","R","$","E","BOSS"],"items_purchased_type":["Card","Card","Card","Card","Card","Relic","Relic"],"build_version":"2020-12-22","purchased_purges":4,"victory":false,"max_hp_per_floor":[88,88,88,88,88,88,88,88,88,102,109,109,109,109,109,109,109,109,109,109,109,109,109,109,109,109,109,109,109,109,109,109,109,109,109,109,109,109,109,109,109,109,109,109,109,109,109,109,109,109,109,109,109,109,109,109],"relic_stats":{"Regal Pillow":15,"Gremlin Horn":[4,4],"counters":[32,199],"PreservedInsect":452,"Charon\u0027s Ashes":[66],"Juzu Bracelet":0,"Letter Opener":[305],"War Paint":["Defend_R","Shrug It Off"],"Orichalcum":[84],"Burning Blood":169,"Blood Vial":2,"Dream Catcher":0,"obtain_stats":[{"Regal Pillow":14,"Lantern":26,"Gremlin Horn":46,"Vajra":9,"Oddly Smooth Stone":44,"Mango":10,"Thread and Needle":30,"PreservedInsect":27,"Charon\u0027s Ashes":45,"Juzu Bracelet":25,"Letter Opener":3,"War Paint":7,"Orichalcum":22,"Burning Blood":0,"Blood Vial":54,"CaptainsWheel":23,"Dream Catcher":42,"Strawberry":11,"Mark of Pain":17,"Coffee Dripper":34,"Membership Card":38,"Red Skull":48,"Meat on the Bone":40},{"Regal Pillow":9,"Lantern":15,"Gremlin Horn":27,"Vajra":5,"Oddly Smooth Stone":26,"Mango":6,"Thread and Needle":17,"PreservedInsect":15,"Charon\u0027s Ashes":27,"Juzu Bracelet":15,"Letter Opener":1,"War Paint":4,"Orichalcum":13,"Burning Blood":0,"Blood Vial":31,"CaptainsWheel":14,"Dream Catcher":25,"Strawberry":6,"Mark of Pain":10,"Coffee Dripper":19,"Membership Card":21,"Red Skull":29,"Meat on the Bone":23},{"Regal Pillow":38,"Lantern":76,"Gremlin Horn":161,"Vajra":17,"Oddly Smooth Stone":151,"Mango":23,"Thread and Needle":87,"PreservedInsect":76,"Charon\u0027s Ashes":161,"Juzu Bracelet":76,"Letter Opener":4,"War Paint":13,"Orichalcum":63,"Burning Blood":0,"Blood Vial":191,"CaptainsWheel":70,"Dream Catcher":141,"Strawberry":23,"Mark of Pain":46,"Coffee Dripper":102,"Membership Card":111,"Red Skull":171,"Meat on the Bone":126}],"Meat on the Bone":0},"card_choices":[{"not_picked":["Heavy Blade","Iron Wave"],"picked":"Perfected Strike","floor":1},{"not_picked":["Warcry","Clothesline"],"picked":"Thunderclap","floor":4},{"not_picked":["Warcry","Anger"],"picked":"Shrug It Off","floor":5},{"not_picked":["Heavy Blade","Sword Boomerang","Clash"],"picked":"SKIP","floor":7},{"not_picked":["Twin Strike","Feel No Pain"],"picked":"True Grit","floor":8},{"not_picked":["Perfected Strike","Rage","Headbutt"],"picked":"SKIP","floor":10},{"not_picked":["Warcry","Iron Wave"],"picked":"Hemokinesis","floor":12},{"not_picked":["Rampage","Armaments"],"picked":"Inflame","floor":13},{"not_picked":["Clash","Warcry"],"picked":"Corruption","floor":14},{"not_picked":["Demon Form","Corruption"],"picked":"Limit Break","floor":16},{"not_picked":["Cleave","Spot Weakness+1"],"picked":"Flame Barrier","floor":18},{"not_picked":["Dark Embrace+1","Perfected Strike+1"],"picked":"Uppercut+1","floor":20},{"not_picked":["Rampage","Pummel"],"picked":"Armaments","floor":21},{"not_picked":["Perfected Strike","Metallicize"],"picked":"Entrench+1","floor":23},{"not_picked":["Clash","Intimidate+1"],"picked":"Double Tap","floor":25},{"not_picked":["Dropkick","Thunderclap"],"picked":"Armaments+1","floor":29},{"not_picked":["Combust+1","Rupture","Perfected Strike"],"picked":"SKIP","floor":30},{"not_picked":["Anger","Ghostly Armor"],"picked":"Heavy Blade+1","floor":31},{"not_picked":["Limit Break","Corruption"],"picked":"Reaper","floor":33},{"not_picked":["Headbutt","Flex","Warcry+1"],"picked":"SKIP","floor":35},{"not_picked":["Clothesline+1","Blood for Blood"],"picked":"Flex+1","floor":36},{"not_picked":["Clothesline","Warcry","True Grit"],"picked":"SKIP","floor":39},{"not_picked":["Perfected Strike+1","Fiend Fire"],"picked":"Impervious","floor":40},{"not_picked":["Twin Strike+1","Body Slam"],"picked":"Sword Boomerang+1","floor":41},{"not_picked":["Corruption","Twin Strike","Clothesline+1"],"picked":"SKIP","floor":42},{"not_picked":["Fire Breathing","Clash+1"],"picked":"Spot Weakness+1","floor":44},{"not_picked":["Intimidate","Hemokinesis"],"picked":"Heavy Blade+1","floor":45},{"not_picked":["Clothesline","Sword Boomerang","Iron Wave+1"],"picked":"SKIP","floor":47},{"not_picked":["Rage","Rampage+1"],"picked":"Barricade","floor":48},{"not_picked":["Cleave+1","Clothesline+1","Inflame"],"picked":"SKIP","floor":54}],"player_experience":15161,"relics_obtained":[{"floor":7,"key":"War Paint"},{"floor":9,"key":"Vajra"},{"floor":10,"key":"Mango"},{"floor":14,"key":"Regal Pillow"},{"floor":23,"key":"CaptainsWheel"},{"floor":25,"key":"Juzu Bracelet"},{"floor":26,"key":"Lantern"},{"floor":30,"key":"Thread and Needle"},{"floor":40,"key":"Meat on the Bone"},{"floor":42,"key":"Dream Catcher"},{"floor":44,"key":"Oddly Smooth Stone"},{"floor":45,"key":"Charon\u0027s Ashes"},{"floor":48,"key":"Red Skull"},{"floor":54,"key":"Blood Vial"}],"event_choices":[{"damage_healed":0,"gold_gain":0,"player_choice":"Success","damage_taken":12,"relics_obtained":["Letter Opener"],"max_hp_gain":0,"max_hp_loss":0,"event_name":"Scrap Ooze","floor":3,"gold_loss":0},{"cards_removed":["Perfected Strike"],"damage_healed":0,"gold_gain":0,"player_choice":"Gave Card","damage_taken":0,"relics_obtained":["Strawberry"],"max_hp_gain":0,"max_hp_loss":0,"event_name":"WeMeetAgain","floor":11,"gold_loss":0},{"damage_healed":0,"gold_gain":0,"player_choice":"Opened","damage_taken":0,"relics_obtained":["Orichalcum"],"max_hp_gain":0,"max_hp_loss":0,"event_name":"The Mausoleum","floor":22,"gold_loss":0,"cards_obtained":["Writhe"]},{"damage_healed":0,"gold_gain":0,"player_choice":"Obtained Relic","damage_taken":0,"relics_obtained":["PreservedInsect"],"max_hp_gain":0,"max_hp_loss":0,"event_name":"Addict","floor":27,"gold_loss":85},{"damage_healed":0,"gold_gain":0,"player_choice":"Memory 1","damage_taken":0,"max_hp_gain":0,"max_hp_loss":0,"event_name":"SensoryStone","floor":37,"gold_loss":0},{"damage_healed":0,"gold_gain":0,"player_choice":"Fight","damage_taken":0,"max_hp_gain":0,"max_hp_loss":0,"event_name":"MindBloom","floor":45,"gold_loss":0}],"is_beta":false,"boss_relics":[{"not_picked":["Black Star","Tiny House"],"picked":"Mark of Pain"},{"not_picked":["Runic Dome","Runic Pyramid"],"picked":"Coffee Dripper"}],"items_purged_floors":[19,28,38,53],"is_endless":false,"potions_floor_spawned":[5,10,12,13,16,21,23,25,30,35,39,41,42,44,47,48],"killed_by":"The Heart","ascension_level":1}}