{"host":"zsnmfqgcm92hlreo","time":1613889907,"event":{"mods":["AchievementEnabler","BaseMod","Bestiary","Block Reminder","Colored Map","Colored Powertips","Filter the Spire","Minty Spire (QoL Compilation)","Permanent Neow","Quick Restart","Relic Stats","StSLib","Weighted Paths"],"gold_per_floor":[111,261,261,279,299,331,331,363,431,431,338,373,18,28,28,105,105,124,142,417,11,11,11],"floor_reached":22,"language":"ENG","playtime":692,"items_purged":["Strike_R"],"score":404,"play_id":"ff709059-a972-4e51-9c7f-35c6df881d69","local_time":"20210221004507","is_ascension_mode":true,"campfire_choices":[{"floor":7,"key":"REST"},{"floor":10,"key":"REST"},{"data":"Armaments","floor":15,"key":"SMITH"}],"circlet_count":0,"master_deck":["AscendersBane","Bash","Heavy Blade","Twin Strike","Blood for Blood","Barricade","Burning Pact","Whirlwind","Armaments+1","Carnage","Demon Form","Fire Breathing","Whirlwind","Entrench","Clash","Reaper","Combust","Pommel Strike","Burning Pact","Regret","Disarm","Entrench","Armaments"],"relics":["Snecko Eye","Torii","Toy Ornithopter","The Courier","Pear","Bronze Scales","Kunai","Pandora\u0027s Box","Bag of Preparation","PreservedInsect"],"acts_visited":["Exordium","TheCity"],"potions_floor_usage":[6,8,16],"damage_taken":[{"damage":0.0,"enemies":"Cultist","floor":1.0,"turns":3.0},{"damage":12.0,"enemies":"Jaw Worm","floor":4.0,"turns":2.0},{"damage":12,"enemies":"Small Slimes","floor":5,"turns":2},{"damage":15,"enemies":"3 Sentries","floor":6,"turns":8},{"damage":35,"enemies":"Lagavulin","floor":8,"turns":6},{"damage":32,"enemies":"Gremlin Nob","floor":12,"turns":4},{"damage":0,"enemies":"Looter","floor":14,"turns":1},{"damage":12,"enemies":"Slime Boss","floor":16,"turns":6},{"damage":58,"enemies":"Shell Parasite","floor":18,"turns":5},{"damage":14,"enemies":"3 Byrds","floor":19,"turns":2},{"damage":19,"enemies":"Centurion and Healer","floor":22,"turns":2}],"seed_played":"-1443228152477173975","potions_obtained":[{"floor":4.0,"key":"SneckoOil"},{"floor":8,"key":"BloodPotion"},{"floor":12,"key":"Energy Potion"},{"floor":16,"key":"BlessingOfTheForge"}],"is_trial":false,"path_per_floor":["M","?","?","M","M","E","R","E","T","R","$","E","$","M","R","B",null,"M","M","?","$","M"],"character_chosen":"IRONCLAD","items_purchased":["Whirlwind","Bronze Scales","Kunai","Carnage","Bag of Preparation","Disarm","PreservedInsect","Entrench","Armaments"],"campfire_rested":2,"item_purchase_floors":[11,13,13,13,21,21,21,21,21],"current_hp_per_floor":[68,68,68,56,44,29,51,36,36,58,58,36,36,36,36,29,71,20,13,13,13,0,0],"gold":11,"neow_bonus":"BOSS_RELIC","is_daily":false,"chose_seed":false,"campfire_upgraded":1,"win_rate":0.0,"timestamp":1613889907,"path_taken":["M","?","?","M","M","E","R","E","T","R","?","E","$","M","R","BOSS","M","M","?","$","M"],"items_purchased_type":["Card","Relic","Relic","Card","Relic","Card","Relic","Card","Card"],"build_version":"2020-12-22","purchased_purges":1,"victory":false,"max_hp_per_floor":[75,75,75,75,75,75,75,75,75,75,75,85,85,85,85,85,85,85,85,85,85,85,85],"relic_stats":{"Torii":8,"counters":[11,41],"Bronze Scales":[71],"Snecko Eye":[64,57,78,66],"Pandora\u0027s Box":["Fire Breathing","Whirlwind","Entrench","Clash","Reaper","Combust","Pommel Strike","Burning Pact"],"PreservedInsect":0,"Bag of Preparation":[2],"Kunai":[7],"obtain_stats":[{"Pear":12,"Torii":6,"Bronze Scales":13,"Snecko Eye":0,"Pandora\u0027s Box":17,"The Courier":9,"PreservedInsect":21,"Bag of Preparation":21,"Kunai":13,"Burning Blood":0,"Toy Ornithopter":8},{"Pear":6,"Torii":4,"Bronze Scales":6,"Snecko Eye":0,"Pandora\u0027s Box":8,"The Courier":5,"PreservedInsect":10,"Bag of Preparation":10,"Kunai":6,"Burning Blood":0,"Toy Ornithopter":5},{"Pear":25,"Torii":15,"Bronze Scales":25,"Snecko Eye":0,"Pandora\u0027s Box":32,"The Courier":21,"PreservedInsect":39,"Bag of Preparation":39,"Kunai":25,"Burning Blood":0,"Toy Ornithopter":21}],"Toy Ornithopter":10},"card_choices":[{"not_picked":["Thunderclap","True Grit"],"picked":"Heavy Blade","floor":1.0},{"not_picked":["Shrug It Off","Metallicize"],"picked":"Twin Strike","floor":4.0},{"not_picked":["Rupture","Headbutt"],"picked":"Blood for Blood","floor":5},{"not_picked":["Infernal Blade","Evolve"],"picked":"Barricade","floor":6},{"not_picked":["True Grit","Cleave"],"picked":"Burning Pact","floor":8},{"not_picked":["Pommel Strike","True Grit"],"picked":"Armaments","floor":12},{"not_picked":["Flex","Warcry","Seeing Red"],"picked":"SKIP","floor":14},{"not_picked":["Impervious","Corruption"],"picked":"Demon Form","floor":16},{"not_picked":["Dropkick","Pommel Strike","Perfected Strike"],"picked":"SKIP","floor":18},{"not_picked":["Hemokinesis","Twin Strike","Cleave"],"picked":"SKIP","floor":19}],"player_experience":1253198,"relics_obtained":[{"floor":6,"key":"Torii"},{"floor":8,"key":"Toy Ornithopter"},{"floor":9,"key":"The Courier"},{"floor":12,"key":"Pear"}],"event_choices":[{"damage_healed":0.0,"max_hp_gain":0.0,"max_hp_loss":0.0,"gold_gain":150.0,"event_name":"Liars Game","player_choice":"AGREE","floor":2.0,"gold_loss":0.0,"damage_taken":0.0,"cards_obtained":["Doubt"]},{"cards_removed":["Doubt"],"damage_healed":0.0,"max_hp_gain":0.0,"max_hp_loss":0.0,"gold_gain":0.0,"event_name":"Living Wall","player_choice":"Forget","floor":3.0,"gold_loss":0.0,"damage_taken":0.0},{"damage_healed":0,"gold_gain":275,"player_choice":"Desecrate","damage_taken":0,"max_hp_gain":0,"max_hp_loss":0,"event_name":"Golden Shrine","floor":20,"gold_loss":0,"cards_obtained":["Regret"]}],"is_beta":false,"boss_relics":[{"not_picked":["Tiny House","Black Star"],"picked":"Pandora\u0027s Box"}],"items_purged_floors":[11],"is_endless":false,"potions_floor_spawned":[4,8,12,16],"killed_by":"Centurion and Healer","ascension_level":20}}