{"host":"czen9m7c7ttmirt2","time":1613894204,"event":{"mods":["AchievementEnabler","Aspiration","BaseMod","Better Third Choice","Colored Map","Colored Powertips","Conspire","Hubris","Minty Spire (QoL Compilation)","Replay The Spire","StSLib"],"gold_per_floor":[119,119,136,136,148,148,148,178,232,243,243,262,110,120,120,120,120],"floor_reached":16,"language":"ENG","playtime":670,"items_purged":[],"score":122,"play_id":"79c5e647-0d59-4639-81dc-53dfc21c2034","local_time":"20210221015644","is_ascension_mode":true,"campfire_choices":[{"data":"Consume","floor":6,"key":"SMITH"},{"floor":15,"key":"REST"}],"circlet_count":0,"master_deck":["Strike_B","Strike_B","Strike_B","Defend_B","Defend_B","Defend_B","Defend_B","Zap","Dualcast","Streamline","Consume+1","hubris:Sloth","Panic Button","Machine Learning+1","BootSequence","Sweeping Beam","Dropkick+1","Time Bomb","Capacitor","Skim","FTL"],"relics":["Cracked Core","Ring of Hypnosis","Ring of Panic","conspire:BottledYoYo"],"acts_visited":["Exordium"],"potions_floor_usage":[8,14,16],"damage_taken":[{"damage":0,"enemies":"Cultist","floor":1,"turns":4},{"damage":0,"enemies":"2 Louse","floor":3,"turns":3},{"damage":3,"enemies":"conspire:RoseBush","floor":5,"turns":2},{"damage":51,"enemies":"Lagavulin","floor":8,"turns":7},{"damage":2,"enemies":"Large Slime","floor":10,"turns":6},{"damage":16,"enemies":"3 Louse","floor":12,"turns":4},{"damage":0,"enemies":"conspire:2 RoseBushes","floor":14,"turns":3},{"damage":40,"enemies":"Slime Boss","floor":16,"turns":3}],"seed_played":"4436255607954392004","potions_obtained":[{"floor":3,"key":"BlessingOfTheForge"},{"floor":8,"key":"FearPotion"},{"floor":10,"key":"SkillPotion"}],"is_trial":false,"path_per_floor":["M","$","M","?","M","R","?","E","T","M","?","M","$","M","R","B"],"character_chosen":"DEFECT","items_purchased":["Capacitor","Skim"],"campfire_rested":1,"item_purchase_floors":[13,13],"current_hp_per_floor":[82,82,82,82,79,79,79,28,28,26,24,8,8,8,32,0,0],"gold":120,"neow_bonus":"TEN_PERCENT_HP_BONUS","is_daily":false,"chose_seed":false,"campfire_upgraded":1,"win_rate":0.0,"timestamp":1613894204,"path_taken":["M","?","M","?","M","R","?","E","T","M","?","M","$","?","R","BOSS"],"items_purchased_type":["Card","Card"],"build_version":"2020-12-22","purchased_purges":0,"victory":false,"max_hp_per_floor":[82,82,82,82,82,82,82,82,82,82,82,82,82,82,82,82,82],"card_choices":[{"not_picked":["Barrage","BasicCrystalCard"],"picked":"Streamline","floor":1},{"not_picked":["Rebound","Go for the Eyes"],"picked":"Consume","floor":3},{"not_picked":["Compile Driver","Sweeping Beam"],"picked":"Panic Button","floor":5},{"not_picked":["Machine Learning","Doom and Gloom"],"picked":"BootSequence","floor":8},{"not_picked":["FTL","Static Discharge"],"picked":"Sweeping Beam","floor":10},{"not_picked":["Steam","Beam Cell"],"picked":"Time Bomb","floor":12},{"not_picked":["Stack","Go for the Eyes"],"picked":"FTL","floor":14}],"player_experience":221927,"relics_obtained":[{"floor":4,"key":"Ring of Hypnosis"},{"floor":4,"key":"Ring of Panic"},{"floor":8,"key":"conspire:BottledYoYo"}],"event_choices":[{"damage_healed":0,"gold_gain":1,"player_choice":"Card ","damage_taken":2,"max_hp_gain":0,"max_hp_loss":0,"event_name":"betterThird:BetterScrap","floor":11,"gold_loss":0,"cards_obtained":["Dropkick","Offering"]}],"is_beta":false,"boss_relics":[],"items_purged_floors":[],"is_endless":false,"potions_floor_spawned":[3,8,10],"killed_by":"Slime Boss","ascension_level":4}}