{"host":"4qkvkh7pd9qr2mca","time":1613921208,"event":{"mods":["AchievementEnabler","BaseMod","Colored Map","Colored Powertips","Curses Come First","Highlight Path","Minty Spire (QoL Compilation)","Permanent Neow","Quick Restart","Relic Stats","StSLib","SuperFastMode"],"gold_per_floor":[19,19,19,31,47,47,79,79,79,105,121,47,47,62,62,140,140,152,152,168,187,187,187,187],"floor_reached":23,"language":"ENG","playtime":771,"items_purged":[],"score":456,"play_id":"30f7fdbe-4fb1-4af2-b7cd-5fec38433c8b","local_time":"20210221162648","is_ascension_mode":true,"campfire_choices":[{"data":"Neutralize","floor":6,"key":"SMITH"},{"floor":8,"key":"REST"},{"data":"Blade Dance","floor":15,"key":"SMITH"}],"circlet_count":0,"master_deck":["AscendersBane","Strike_G","Strike_G","Defend_G","Defend_G","Defend_G","Defend_G","Survivor","Neutralize+1","Venomology+1","Slice","Sucker Punch","Blade Dance+1","Slice","Cloak And Dagger","Infinite Blades","Adrenaline","Terror","Venomology","Noxious Fumes","Clumsy","Finisher","Prepared"],"relics":["Ring of the Snake","CaptainsWheel","Paper Crane","Tiny Chest","Cursed Key","StoneCalendar"],"acts_visited":["Exordium","TheCity"],"potions_floor_usage":[1,7,7,10,16,18,18,20,20,21,21,22,23,23,23],"damage_taken":[{"damage":2,"enemies":"2 Louse","floor":1,"turns":2},{"damage":6,"enemies":"Small Slimes","floor":4,"turns":4},{"damage":4,"enemies":"Cultist","floor":5,"turns":3},{"damage":27,"enemies":"3 Sentries","floor":7,"turns":9},{"damage":0,"enemies":"Gremlin Nob","floor":10,"turns":3},{"damage":0,"enemies":"2 Fungi Beasts","floor":11,"turns":4},{"damage":0,"enemies":"Red Slaver","floor":14,"turns":3},{"damage":41,"enemies":"Hexaghost","floor":16,"turns":9},{"damage":14,"enemies":"2 Thieves","floor":18,"turns":4},{"damage":2,"enemies":"Chosen","floor":20,"turns":4},{"damage":12,"enemies":"Snake Plant","floor":21,"turns":6},{"damage":0,"enemies":"Shelled Parasite and Fungi","floor":22,"turns":1},{"damage":29,"enemies":"Book of Stabbing","floor":23,"turns":4}],"seed_played":"-5694316914989210827","potions_obtained":[{"floor":11,"key":"Ancient Potion"},{"floor":16,"key":"SkillPotion"}],"is_trial":false,"path_per_floor":["M","?","?","M","M","R","E","R","T","E","M","$","?","M","R","B",null,"M","T","M","M","M","E"],"character_chosen":"THE_SILENT","items_purchased":["Terror"],"campfire_rested":1,"item_purchase_floors":[12],"current_hp_per_floor":[57,57,57,51,47,47,35,54,54,54,54,54,54,54,54,13,53,39,39,37,25,25,0,0],"gold":187,"neow_bonus":"TRANSFORM_TWO_CARDS","is_daily":false,"chose_seed":false,"campfire_upgraded":2,"win_rate":0.0,"timestamp":1613921208,"path_taken":["M","?","?","M","?","R","E","R","T","E","M","$","?","M","R","BOSS","M","?","?","M","M","E"],"items_purchased_type":["Card"],"build_version":"2020-12-22","purchased_purges":0,"victory":false,"max_hp_per_floor":[66,66,66,66,66,66,66,66,66,66,66,66,66,66,66,66,66,66,66,66,66,66,66,66],"relic_stats":{"counters":[13,56],"Tiny Chest":0,"StoneCalendar":[0],"Cursed Key":1,"obtain_stats":[{"CaptainsWheel":7,"Tiny Chest":10,"StoneCalendar":19,"Paper Crane":9,"Cursed Key":17,"Ring of the Snake":0},{"CaptainsWheel":4,"Tiny Chest":5,"StoneCalendar":9,"Paper Crane":4,"Cursed Key":8,"Ring of the Snake":0},{"CaptainsWheel":18,"Tiny Chest":21,"StoneCalendar":41,"Paper Crane":18,"Cursed Key":37,"Ring of the Snake":0}],"Ring of the Snake":[26]},"card_choices":[{"not_picked":["Flying Knee","Deflect"],"picked":"Sucker Punch","floor":1},{"not_picked":["Sucker Punch","Underhanded Strike"],"picked":"Blade Dance","floor":4},{"not_picked":["Prepared","Deflect"],"picked":"Slice","floor":5},{"not_picked":["Bane","Distraction"],"picked":"Cloak And Dagger","floor":7},{"not_picked":["Reflex","Dash"],"picked":"Infinite Blades","floor":10},{"not_picked":["Acrobatics","Cloak And Dagger"],"picked":"Adrenaline","floor":11},{"not_picked":["Tactician","Endless Agony","Deadly Poison"],"picked":"SKIP","floor":14},{"not_picked":["Unload","Glass Knife"],"picked":"Venomology","floor":16},{"not_picked":["Expertise+1","Flechettes"],"picked":"Noxious Fumes","floor":18},{"not_picked":["Dagger Spray","Backflip"],"picked":"Finisher","floor":20},{"not_picked":["Deflect","Underhanded Strike"],"picked":"Prepared","floor":21}],"player_experience":657507,"relics_obtained":[{"floor":7,"key":"CaptainsWheel"},{"floor":9,"key":"Paper Crane"},{"floor":10,"key":"Tiny Chest"},{"floor":19,"key":"StoneCalendar"}],"event_choices":[{"damage_healed":0,"gold_gain":0,"player_choice":"Grow","damage_taken":0,"max_hp_gain":0,"max_hp_loss":0,"event_name":"Living Wall","floor":2,"gold_loss":0,"cards_upgraded":["Venomology"]},{"cards_removed":["Strike_G"],"damage_healed":0,"gold_gain":0,"player_choice":"Offered Basic","damage_taken":0,"max_hp_gain":0,"max_hp_loss":0,"event_name":"Bonfire Elementals","floor":3,"gold_loss":0},{"cards_removed":["Strike_G"],"damage_healed":0,"gold_gain":0,"player_choice":"Purged","damage_taken":0,"max_hp_gain":0,"max_hp_loss":0,"event_name":"Purifier","floor":13,"gold_loss":0}],"is_beta":false,"boss_relics":[{"not_picked":["Runic Pyramid","Ring of the Serpent"],"picked":"Cursed Key"}],"items_purged_floors":[],"is_endless":false,"potions_floor_spawned":[5,11,16,18,22],"killed_by":"Book of Stabbing","ascension_level":20}}