{"host":"mi0eibewekhugwl1","time":1613924619,"event":{"mods":["AchievementEnabler","BaseMod","Colored Map","Colored Powertips","DeckTracker","Keyboard Shortcuts","Minty Spire (QoL Compilation)","Quick Restart","Rare Cards Sparkle","Relic Stats","StSLib","SuperFastMode","everything is the same but u backflip on backflip"],"gold_per_floor":[117,127,146,146,164,164,179,205,205,205,205],"floor_reached":10,"language":"KOR","playtime":175,"items_purged":[],"score":140,"play_id":"a25899dc-9630-4da9-a74d-0dda80ae874e","local_time":"20210222012339","is_ascension_mode":true,"campfire_choices":[{"data":"After Image","floor":6,"key":"SMITH"}],"circlet_count":0,"master_deck":["AscendersBane","Strike_G","Strike_G","Strike_G","Strike_G","Strike_G","Defend_G","Defend_G","Defend_G","Defend_G","Defend_G","Survivor","Neutralize","Dagger Throw","After Image+1","Flying Knee","Masterful Stab"],"relics":["Ring of the Snake","NeowsBlessing","Happy Flower","Pantograph"],"acts_visited":["Exordium"],"potions_floor_usage":[8,10],"damage_taken":[{"damage":0,"enemies":"2 Louse","floor":1,"turns":1},{"damage":0,"enemies":"Cultist","floor":2,"turns":1},{"damage":0,"enemies":"Jaw Worm","floor":3,"turns":1},{"damage":4,"enemies":"Blue Slaver","floor":5,"turns":6},{"damage":12,"enemies":"2 Fungi Beasts","floor":7,"turns":6},{"damage":36,"enemies":"Lagavulin","floor":8,"turns":9},{"damage":9,"enemies":"3 Sentries","floor":10,"turns":4}],"seed_played":"7352582642058571854","potions_obtained":[{"floor":3,"key":"Swift Potion"},{"floor":4,"key":"Fire Potion"},{"floor":4,"key":"Explosive Potion"}],"is_trial":false,"path_per_floor":["M","M","M","?","M","R","M","E","T","E"],"character_chosen":"THE_SILENT","items_purchased":[],"campfire_rested":0,"item_purchase_floors":[],"current_hp_per_floor":[59,59,59,59,55,55,43,7,7,0,0],"gold":205,"neow_bonus":"THREE_ENEMY_KILL","is_daily":false,"chose_seed":false,"campfire_upgraded":1,"win_rate":0.0,"timestamp":1613924619,"path_taken":["M","M","M","?","?","R","M","E","T","E"],"items_purchased_type":[],"build_version":"2020-12-22","purchased_purges":0,"victory":false,"max_hp_per_floor":[66,66,66,66,66,66,66,66,66,66,66],"relic_stats":{"Happy Flower":[1],"counters":[7,28],"Pantograph":0,"obtain_stats":[{"NeowsBlessing":0,"Happy Flower":8,"Pantograph":9,"Ring of the Snake":0},{"NeowsBlessing":0,"Happy Flower":6,"Pantograph":6,"Ring of the Snake":0},{"NeowsBlessing":0,"Happy Flower":24,"Pantograph":24,"Ring of the Snake":0}],"Ring of the Snake":[14]},"card_choices":[{"not_picked":["Slice","Prepared","Deflect"],"picked":"SKIP","floor":1},{"not_picked":["Caltrops","Slice","Bane"],"picked":"SKIP","floor":2},{"not_picked":["Slice","Dodge and Roll"],"picked":"Dagger Throw","floor":3},{"not_picked":["Escape Plan","Slice"],"picked":"After Image","floor":5},{"not_picked":["Sucker Punch","Prepared"],"picked":"Flying Knee","floor":7},{"not_picked":["Bane","Corpse Explosion"],"picked":"Masterful Stab","floor":8}],"player_experience":1815677,"relics_obtained":[{"floor":8,"key":"Happy Flower"},{"floor":9,"key":"Pantograph"}],"event_choices":[{"damage_healed":0,"gold_gain":0,"player_choice":"Got Potions","damage_taken":0,"max_hp_gain":0,"max_hp_loss":0,"event_name":"Lab","floor":4,"gold_loss":0}],"is_beta":false,"boss_relics":[],"items_purged_floors":[],"is_endless":false,"potions_floor_spawned":[3,7],"killed_by":"3 Sentries","ascension_level":20}}