{"host":"ja7oz5ga8zh2u8it","time":1613888880,"event":{"mods":["Ascension Reborn","Aspiration","BaseMod","Downfall","Hermit","Infinite Spire","Mimic Mod","Minty Spire (QoL Compilation)","Replay The Spire","StSLib","The Jungle","The Runesmith"],"gold_per_floor":[99,39,69,84,102,102,125,152,162,178,178,195,222,10,29,125,125,125,145,161,261,273,273,297,307,337,349,103,120,120,84,99,198,198,198,208,208,220,220,249,249,4,4,17,32,51,51,64,74,74],"floor_reached":51,"language":"ENG","playtime":3117,"items_purged":["hexamod:Strike","hexamod:Defend","hexamod:Strike"],"score":820,"play_id":"f831f093-44e0-42d9-a543-f6b93cfa44c0","local_time":"20210221012800","is_ascension_mode":true,"campfire_choices":[{"data":"hexamod:Sear","floor":1,"key":"SMITH"},{"data":"hexamod:BurningTouch","floor":11,"key":"SMITH"},{"data":"hexamod:RetreatToShadows","floor":18,"key":"SMITH"},{"data":"hexamod:RainOfEmbers","floor":23,"key":"SMITH"},{"floor":35,"key":"RECALL"},{"floor":43,"key":"REST"},{"floor":47,"key":"REST"}],"circlet_count":0,"master_deck":["hexamod:Strike","hexamod:Strike","hexamod:Defend","hexamod:Defend","hexamod:Defend","hexamod:Sear+1","hexamod:Float+1","hexamod:ExtraCrispy","hexamod:BurningTouch","hexamod:FastForward","hexamod:BurningTouch+1","hexamod:StepThrough","hexamod:HeatCrush","hexamod:ExtraCrispy","hexamod:RetreatToShadows+1","hexamod:FirstSeal","hexamod:FlamesFromBeyond","hexamod:InspiringFlames","hexamod:RainOfEmbers+1","hexamod:GhostflameBarrier","hexamod:InspiringFlames+1","hexamod:SearingWound+1","infinitespire:Fortify+1","hexamod:SearingWound","Replay:SS_forest_2","hexamod:HexaLevel","hexamod:SoulSteal","hexamod:FlamesFromBeyond+1","hexamod:HeatCrush+1","hexamod:AdvancingGuard+1"],"relics":["hexamod:SpiritBrand","Centennial Puzzle","Tiny Chest","infinitespire:Satchel","Omamori","Replay:WaspNest","hexamod:MatchstickCase","Calling Bell","Replay:Rubber Ducky","Mirror","aspiration:AnachronicSnailShell","Happy Flower","Matryoshka","Orichalcum","ReplayTheSpireMod:TigerMarble","Fusion Hammer","downfall:ExtraCursedKey","Replay:Bottled Steam","War Paint"],"acts_visited":["Exordium","TheCity","TheBeyond"],"potions_floor_usage":[13,15,28,31,33,45,48,50],"damage_taken":[{"damage":0,"enemies":"downfall:FleeingMerchant","floor":2,"turns":4},{"damage":1,"enemies":"Cultist","floor":4,"turns":5},{"damage":6,"enemies":"Jaw Worm","floor":5,"turns":3},{"damage":1,"enemies":"Gremlin Nob","floor":8,"turns":3},{"damage":0,"enemies":"Small Slimes","floor":9,"turns":3},{"damage":2,"enemies":"Blue Slaver","floor":10,"turns":3},{"damage":3,"enemies":"Red Slaver","floor":12,"turns":3},{"damage":5,"enemies":"3 Sentries","floor":13,"turns":5},{"damage":5,"enemies":"downfall:FleeingMerchant","floor":14,"turns":4},{"damage":11,"enemies":"Exordium Thugs","floor":15,"turns":4},{"damage":6,"enemies":"SI_SHIV_ARCHETYPE","floor":16,"turns":6},{"damage":6,"enemies":"3 Byrds","floor":19,"turns":4},{"damage":9,"enemies":"downfall:LooterAlt2","floor":20,"turns":4},{"damage":3,"enemies":"3 Cultists","floor":22,"turns":3},{"damage":6,"enemies":"Snecko","floor":25,"turns":3},{"damage":0,"enemies":"Sentry and Sphere","floor":26,"turns":3},{"damage":3,"enemies":"Sentry and Sphere","floor":27,"turns":4},{"damage":3,"enemies":"downfall:FleeingMerchant","floor":28,"turns":4},{"damage":1,"enemies":"Centurion and Healer","floor":29,"turns":3},{"damage":8,"enemies":"downfall:FleeingMerchant","floor":31,"turns":3},{"damage":0,"enemies":"Snake Plant","floor":32,"turns":2},{"damage":3,"enemies":"WA_ARCHETYPE_CALM","floor":33,"turns":8},{"damage":3,"enemies":"Orb Walker","floor":36,"turns":3},{"damage":1,"enemies":"3 Darklings","floor":38,"turns":3},{"damage":4,"enemies":"Nemesis","floor":40,"turns":3},{"damage":13,"enemies":"4 Shapes","floor":44,"turns":6},{"damage":3,"enemies":"Transient","floor":45,"turns":5},{"damage":6,"enemies":"Maw","floor":46,"turns":5},{"damage":18,"enemies":"4 Shapes","floor":48,"turns":5},{"damage":3,"enemies":"Spire Growth","floor":49,"turns":3},{"damage":16,"enemies":"DF_ARCHETYPE_ORBS","floor":50,"turns":6}],"seed_played":"7940204804550940870","potions_obtained":[{"floor":5,"key":"Milkshake"},{"floor":8,"key":"Block Potion"},{"floor":9,"key":"Strength Potion"},{"floor":13,"key":"PowerPotion"},{"floor":20,"key":"DistilledChaos"},{"floor":27,"key":"Block Potion"},{"floor":29,"key":"ColorlessPotion"},{"floor":36,"key":"hexamod:EctoCoolerPotion"},{"floor":45,"key":"Energy Potion"},{"floor":49,"key":"Adrenaline Potion"}],"is_trial":false,"path_per_floor":["R","$","?","M","M","?","T","E","M","M","R","M","E","$","M","B",null,"R","M","M","?","M","R","T","M","MIM","M","$","M","AVR","$","M","B",null,"R","M","?","M","T","E","T","$","R","M","M","M","R","M","M","B",null],"character_chosen":"THE_SPIRIT","items_purchased":["hexamod:BurningTouch","hexamod:FlamesFromBeyond","hexamod:MatchstickCase","hexamod:SearingWound","ReplayTheSpireMod:TigerMarble","hexamod:SearingWound","Replay:SS_forest_2","War Paint"],"campfire_rested":2,"item_purchase_floors":[2,14,14,28,31,31,31,42],"current_hp_per_floor":[70,70,70,69,63,63,63,62,62,60,60,57,52,47,43,44,70,70,70,61,61,58,58,58,52,52,56,53,59,59,58,58,55,70,70,70,70,70,70,70,70,70,70,64,68,69,70,59,63,54],"gold":74,"neow_bonus":"RANDOM_COMMON_RELIC","is_daily":false,"chose_seed":false,"campfire_upgraded":4,"win_rate":0.0,"timestamp":1613888880,"path_taken":["R","?","?","M","M","?","T","E","M","?","R","M","E","$","M","BOSS","R","M","M","?","M","R","T","M","?","?","$","M","AVR","?","M","BOSS","R","M","?","M","?","E","T","$","R","M","M","M","R","?","M","BOSS"],"items_purchased_type":["Card","Card","Relic","Card","Relic","Card","Card","Relic"],"build_version":"2020-12-22","purchased_purges":3,"victory":true,"max_hp_per_floor":[70,70,70,70,70,70,70,70,70,70,70,70,70,70,70,70,70,70,70,70,70,70,70,70,70,70,70,70,70,70,70,70,70,70,70,70,70,70,70,70,70,70,70,70,70,70,70,70,70,70],"card_choices":[{"not_picked":["hexamod:SpectralAdrenaline","hexamod:RecurringNightmare"],"picked":"hexamod:ExtraCrispy","floor":2},{"not_picked":["hexamod:ThirdSeal","hexamod:SwordOfDarkness"],"picked":"hexamod:FastForward","floor":4},{"not_picked":["hexamod:NightmareGuise","hexamod:HauntingEcho"],"picked":"hexamod:BurningTouch","floor":5},{"not_picked":["hexamod:GhostOfSpireFuture","hexamod:NightmareStrike"],"picked":"hexamod:StepThrough","floor":8},{"not_picked":["hexamod:HeatShield","hexamod:BacktrackSmack"],"picked":"hexamod:HeatCrush","floor":9},{"not_picked":["hexamod:SpectersWail","hexamod:HauntingEcho","hexamod:SwordOfDarkness"],"picked":"SKIP","floor":10},{"not_picked":["hexamod:HeatMetal","hexamod:NightmareStrike"],"picked":"hexamod:ExtraCrispy","floor":12},{"not_picked":["hexamod:ShieldOfDarkness","hexamod:Hexaguard"],"picked":"hexamod:RetreatToShadows","floor":13},{"not_picked":["hexamod:AdvancingGuard","hexamod:Hexaguard"],"picked":"hexamod:FirstSeal","floor":14},{"not_picked":["hexamod:GhostLash","hexamod:BurningTouch"],"picked":"hexamod:InspiringFlames","floor":15},{"not_picked":["hexamod:SwordOfDarkness","hexamod:FirstSeal","hexamod:SpectersWail"],"picked":"SKIP","floor":19},{"not_picked":["hexamod:NightmareStrike","hexamod:HeatMetal"],"picked":"hexamod:RainOfEmbers","floor":20},{"not_picked":["hexamod:GhostLash+1","hexamod:SpectersWail","hexamod:FourthSeal"],"picked":"SKIP","floor":22},{"not_picked":["hexamod:GhostShield","hexamod:BacktrackSmack+1"],"picked":"hexamod:GhostflameBarrier","floor":25},{"not_picked":["hexamod:Haunt","hexamod:UnleashSpirits","hexamod:InspiringFlames"],"picked":"SKIP","floor":27},{"not_picked":["hexamod:DynamicBlow","hexamod:FastForward"],"picked":"hexamod:InspiringFlames+1","floor":28},{"not_picked":["hexamod:CatchUp","hexamod:InspiringFlames","hexamod:SkipABeat"],"picked":"SKIP","floor":29},{"not_picked":["hexamod:SwordOfDarkness+1","hexamod:StepThrough","hexamod:ThermalTransfer+1"],"picked":"SKIP","floor":31},{"not_picked":["hexamod:RecurringNightmare+1","hexamod:GhostOfSpirePast+1","hexamod:SpectersWail"],"picked":"SKIP","floor":32},{"not_picked":["hexamod:SixthSeal","hexamod:WildfireWeapon"],"picked":"hexamod:HexaLevel","floor":33},{"not_picked":["hexamod:AdvancingGuard","hexamod:DynamicBlow"],"picked":"hexamod:SoulSteal","floor":36},{"not_picked":["hexamod:ExtraCrispy+1","hexamod:PhantomCloak"],"picked":"hexamod:FlamesFromBeyond+1","floor":38},{"not_picked":["hexamod:InspiringFlames","hexamod:SecondSeal","hexamod:CatchUp+1"],"picked":"SKIP","floor":40},{"not_picked":["hexamod:ThermalTransfer","hexamod:SecondSeal","hexamod:Hexaguard"],"picked":"SKIP","floor":44},{"not_picked":["hexamod:SpectersWail","hexamod:GhostOfSpireFuture","hexamod:GhostLash+1"],"picked":"SKIP","floor":45},{"not_picked":["hexamod:HauntingEcho","hexamod:NightmareGuise"],"picked":"hexamod:HeatCrush+1","floor":46},{"not_picked":["hexamod:ThirdSeal","hexamod:RecurringNightmare+1"],"picked":"hexamod:AdvancingGuard+1","floor":48},{"not_picked":["hexamod:HauntingEcho","hexamod:WildfireWeapon","hexamod:RecurringNightmare+1"],"picked":"SKIP","floor":49}],"player_experience":347248,"relics_obtained":[{"floor":7,"key":"infinitespire:Satchel"},{"floor":8,"key":"Omamori"},{"floor":13,"key":"Replay:WaspNest"},{"floor":17,"key":"Replay:Rubber Ducky"},{"floor":17,"key":"Mirror"},{"floor":17,"key":"aspiration:AnachronicSnailShell"},{"floor":24,"key":"Happy Flower"},{"floor":26,"key":"Matryoshka"},{"floor":40,"key":"Replay:Bottled Steam"}],"event_choices":[],"is_beta":false,"boss_relics":[{"not_picked":["ChewingGum","bronze:MakeshiftBattery"],"picked":"Calling Bell"},{"not_picked":["hexamod:UnbrokenSoul","Empty Cage"],"picked":"Fusion Hammer"}],"items_purged_floors":[28,30,42],"is_endless":false,"potions_floor_spawned":[5,8,9,10,13,20,27,29,36,45,49],"ascension_level":0}}