{"host":"mpvt08kax8preffg","time":1613890526,"event":{"mods":["AchievementEnabler","BaseMod","Minty Spire (QoL Compilation)","Replay The Spire","StSLib","The Servant 0.9.4"],"gold_per_floor":[111,163,163,163,174,174,174,249,249,265,295,67,82,92,92,193,193,204,204,204,221,146,173,192,192,192,192,3,13,13,48,48,153,153,178,178,237,258,281,281,300,300,389,401,428,440,452,5,5,25],"floor_reached":51,"language":"ENG","playtime":8284,"items_purged":[],"score":831,"play_id":"b0fd96c3-a133-41dc-8c7c-07b3225a3e2e","local_time":"20210220225526","daily_mods":["Draft","Allstar","Colorless Cards","Heirloom","Flight","Night Terrors"],"is_ascension_mode":false,"campfire_choices":[{"data":"Survey Options","floor":6.0,"key":"SMITH"},{"data":"DevaForm","floor":15.0,"key":"SMITH"},{"floor":25,"key":"REST"},{"data":"Decay","floor":32,"key":"PURGE"},{"floor":40,"key":"REST"},{"data":"Rainbow","floor":44,"key":"SMITH"}],"circlet_count":0,"master_deck":["Wraith Form v2","Echo Form","DevaForm+1","FlawlessForm","Lockon","BasicCrystalCard","Contraction","Survey Options+1","BasicCrystalCard","Redo","White Noise","Redo","Chill","Compile Driver","Cold Snap","Recycle","Reinforced Body","BestPractice","Moondial","Parasite","PanicButton","Capacitor","Sunder+1","White Noise","Redo","RealityMarble+1","Panic Button","Time Bomb","ReplayUltimateDefense","Compile Driver+1","Collapse+1","Time Bomb","FIFO Queue","Barrage","Machine Learning","Barrage+1","Madness","Madness","Ball Lightning","Consume","Amplify","Darkness+1","Rainbow+1","Advance","Barrage+1","Tempest","Enlightenment"],"relics":["Cracked Core","replay:Trail_Library","TungstenRod","Symbiotic Virus","Bottled Tornado","ReplayTheSpireMod:Lightbulb","Orrery","Empty Cage","Ring of Misfortune","Replay:Baseball","Replay:Ringing Soul","Bag of Preparation","Bronze Scales","Replay:Bandana","Honey Jar","Incense Burner","Whetstone","MawBank","Onion Ring","Thread and Needle"],"acts_visited":["Exordium","TheCity","TheBeyond"],"potions_floor_usage":[33,45],"damage_taken":[{"damage":9.0,"enemies":"Small Slimes","floor":1.0,"turns":5.0},{"damage":10.0,"enemies":"Jaw Worm","floor":5.0,"turns":3.0},{"damage":0.0,"enemies":"Cultist","floor":10.0,"turns":4.0},{"damage":0.0,"enemies":"Gremlin Nob","floor":11.0,"turns":4.0},{"damage":14.0,"enemies":"3 Louse","floor":13.0,"turns":3.0},{"damage":0.0,"enemies":"Large Slime","floor":14.0,"turns":5.0},{"damage":0.0,"enemies":"Slime Boss","floor":16.0,"turns":7.0},{"damage":12,"enemies":"Shell Parasite","floor":18,"turns":5},{"damage":8,"enemies":"Chosen","floor":21,"turns":4},{"damage":30,"enemies":"Slavers","floor":23,"turns":9},{"damage":6,"enemies":"Sentry and Sphere","floor":24,"turns":5},{"damage":0,"enemies":"Centurion and Healer","floor":29,"turns":5},{"damage":21,"enemies":"Replay:Snechameleon","floor":31,"turns":6},{"damage":21,"enemies":"Pondfish","floor":33,"turns":13},{"damage":21,"enemies":"Orb Walker","floor":35,"turns":3},{"damage":36,"enemies":"2 Orb Walkers","floor":37,"turns":4},{"damage":17,"enemies":"3 Darklings","floor":38,"turns":6},{"damage":35,"enemies":"Sphere and 2 Shapes","floor":41,"turns":6},{"damage":11,"enemies":"4 Shapes","floor":45,"turns":5},{"damage":18,"enemies":"Replay:Hell Engine","floor":50,"turns":9}],"seed_played":"-8368272319673536165","potions_obtained":[{"floor":5.0,"key":"Elixir"},{"floor":10.0,"key":"BlessingOfTheForge"},{"floor":11.0,"key":"Venom Potion"},{"floor":13.0,"key":"ColorlessPotion"},{"floor":31,"key":"Death Potion"},{"floor":33,"key":"Swift Potion"},{"floor":45,"key":"PowerPotion"}],"is_trial":true,"path_per_floor":["M","?","?","?","M","R","?","?","T","M","E","$","M","M","R","B",null,"M","?","?","M","?","E","M","R","T","?","$","M","T","E","R","B",null,"M","?","?","M","T","R","M","T","T","R","M","?","?","$","R","B",null],"character_chosen":"DEFECT","items_purchased":["Capacitor","Orrery","Bag of Preparation","FIFO Queue","Tempest","Thread and Needle","Enlightenment"],"campfire_rested":2,"item_purchase_floors":[12,12,28,28,48,48,48],"current_hp_per_floor":[66,66,52,85,75,75,85,78,78,78,78,78,64,64,64,64,85,73,73,73,65,65,35,29,80,80,83,86,86,86,68,68,50,92,74,66,33,19,19,102,70,70,73,76,68,68,68,71,112,94],"gold":25,"neow_bonus":"","is_daily":false,"chose_seed":false,"campfire_upgraded":3,"win_rate":0.0,"timestamp":1613890526,"path_taken":["M","?","?","?","?","R","?","?","T","?","E","?","M","M","R","BOSS","M","?","?","?","?","E","M","R","T","?","?","?","?","E","R","BOSS","M","?","?","M","?","R","?","?","T","R","?","?","?","?","R","BOSS"],"items_purchased_type":["Card","Relic","Relic","Card","Card","Relic","Card"],"build_version":"2020-12-22","purchased_purges":0,"victory":true,"max_hp_per_floor":[75,75,75,85,85,85,85,85,85,85,85,85,85,85,85,85,85,85,85,85,85,85,85,85,80,80,83,86,86,86,89,89,92,92,95,98,101,104,104,102,105,105,108,111,114,114,114,117,112,112],"card_choices":[{"not_picked":["Unruled","Conserve Battery"],"picked":"Lockon","floor":0.0},{"not_picked":["Steam","Stack"],"picked":"BasicCrystalCard","floor":0.0},{"not_picked":["Beam Cell","Unruled"],"picked":"Contraction","floor":0.0},{"not_picked":["Replay:Bootleg Shield Generator","Defy"],"picked":"Survey Options","floor":0.0},{"not_picked":["Rip and Tear","Steam"],"picked":"BasicCrystalCard","floor":0.0},{"not_picked":["Rewind","Double Energy"],"picked":"Redo","floor":0.0},{"not_picked":["Streamline","ReplayTheSpireMod:Trickstab"],"picked":"White Noise","floor":0.0},{"not_picked":["Revamp","Defy"],"picked":"Redo","floor":0.0},{"not_picked":["Alleviate","Hologram"],"picked":"Conserve Battery","floor":0.0},{"not_picked":["Stack","Rearm"],"picked":"Chill","floor":0.0},{"not_picked":["Steam","Impatience"],"picked":"Compile Driver","floor":0.0},{"not_picked":["Defy","Luminosity"],"picked":"Cold Snap","floor":0.0},{"not_picked":["Beam Cell","Starlight"],"picked":"Recycle","floor":0.0},{"not_picked":["Go for the Eyes","Ricochet"],"picked":"Reinforced Body","floor":0.0},{"not_picked":["Beam Cell","Starlight"],"picked":"Blizzard","floor":0.0},{"not_picked":["Ricochet","Leap"],"picked":"Blizzard","floor":1.0},{"not_picked":["Gash","Revamp"],"picked":"BestPractice","floor":2.0},{"not_picked":["ReplayTheSpireMod:Repulse","Blind"],"picked":"Moondial","floor":5.0},{"not_picked":["Ricochet","Leap","Stack"],"picked":"SKIP","floor":10.0},{"not_picked":["Scrape","Replay:BasicMightCard"],"picked":"PanicButton","floor":11.0},{"not_picked":["Hologram","Revamp"],"picked":"Sunder","floor":12.0},{"not_picked":["Moonlight","Sabotage"],"picked":"White Noise","floor":12.0},{"not_picked":["Desolation","Replay:Parry"],"picked":"Redo","floor":12.0},{"not_picked":["Potential","Reboot"],"picked":"RealityMarble","floor":12.0},{"not_picked":["Coolheaded","Poisoned Strike"],"picked":"Panic Button","floor":12.0},{"not_picked":["SurpressingFire","Beam Cell"],"picked":"Time Bomb","floor":13.0},{"not_picked":["FastForward","ReplayTheSpireMod:System Scan","TimeWarp"],"picked":"SKIP","floor":14.0},{"not_picked":["FlawlessForm","Secret Weapon"],"picked":"ReplayUltimateDefense","floor":16.0},{"not_picked":["Starlight+1","Cold Snap","Shuttle+1"],"picked":"SKIP","floor":18},{"not_picked":["DoubleEdge","ShatteredReality+1","Auto Shields"],"picked":"SKIP","floor":21},{"not_picked":["Spin","Potential"],"picked":"Compile Driver+1","floor":23},{"not_picked":["Deadline","Snipe+1"],"picked":"Collapse","floor":24},{"not_picked":["Unruled","Sweeping Beam","DoubleEdge+1"],"picked":"SKIP","floor":29},{"not_picked":["Moondial","Replay:Bootleg Shield Generator+1"],"picked":"Barrage","floor":31},{"not_picked":["Transmutation","Master of Strategy"],"picked":"Machine Learning","floor":33},{"not_picked":["Good Instincts","Leap","Defy+1"],"picked":"Barrage+1","floor":35},{"not_picked":["Sweeping Beam+1","Good Instincts+1","Chill+1"],"picked":"Ball Lightning","floor":37},{"not_picked":["PanicButton+1","Leap+1","Beam Cell+1"],"picked":"Consume","floor":38},{"not_picked":["SpecialFormula","Conserve Battery","Rebound"],"picked":"Darkness+1","floor":41},{"not_picked":["Contraction","Sweeping Beam","Coolheaded"],"picked":"Barrage+1","floor":45}],"player_experience":14261,"relics_obtained":[{"floor":2.0,"key":"Symbiotic Virus"},{"floor":9.0,"key":"Bottled Tornado"},{"floor":11.0,"key":"ReplayTheSpireMod:Lightbulb"},{"floor":20,"key":"Ring of Misfortune"},{"floor":23,"key":"Replay:Baseball"},{"floor":26,"key":"Replay:Ringing Soul"},{"floor":30,"key":"Bronze Scales"},{"floor":31,"key":"Replay:Bandana"},{"floor":37,"key":"Incense Burner"},{"floor":39,"key":"Whetstone"},{"floor":42,"key":"MawBank"},{"floor":43,"key":"Onion Ring"}],"event_choices":[{"damage_healed":0.0,"max_hp_gain":0.0,"max_hp_loss":0.0,"gold_gain":0.0,"event_name":"Shining Light","player_choice":"Entered Light","floor":3.0,"gold_loss":0.0,"damage_taken":15.0,"cards_upgraded":["Blizzard","Blizzard"]},{"cards_removed":["Demon Form"],"damage_healed":23.0,"max_hp_gain":10.0,"max_hp_loss":0.0,"gold_gain":0.0,"event_name":"Bonfire Elementals","player_choice":"Offered Rare","floor":4.0,"gold_loss":0.0,"damage_taken":0.0},{"damage_healed":21.0,"max_hp_gain":0.0,"max_hp_loss":0.0,"gold_gain":0.0,"event_name":"Mushrooms","player_choice":"Healed and dodged fight","floor":7.0,"gold_loss":0.0,"damage_taken":0.0,"cards_obtained":["Parasite"]},{"damage_healed":0.0,"max_hp_gain":0.0,"max_hp_loss":0.0,"gold_gain":75.0,"event_name":"FaceTrader","player_choice":"Touch","floor":8.0,"gold_loss":0.0,"damage_taken":8.0},{"damage_healed":0,"gold_gain":0,"player_choice":"Smashed Altar","damage_taken":0,"max_hp_gain":0,"max_hp_loss":0,"event_name":"Forgotten Altar","floor":19,"gold_loss":0,"cards_obtained":["Decay"]},{"cards_removed":["Delirium"],"damage_healed":0,"gold_gain":0,"player_choice":"Gave Gold","damage_taken":0,"max_hp_gain":0,"max_hp_loss":0,"event_name":"Beggar","floor":22,"gold_loss":75},{"damage_healed":0,"gold_gain":0,"player_choice":"Ignored","damage_taken":0,"max_hp_gain":0,"max_hp_loss":0,"event_name":"Vampires","floor":27,"gold_loss":0},{"damage_healed":0,"gold_gain":0,"player_choice":"Embrace Madness","damage_taken":12,"max_hp_gain":0,"max_hp_loss":0,"event_name":"Winding Halls","floor":36,"gold_loss":0,"cards_obtained":["Madness","Madness"]},{"damage_healed":0,"gold_gain":0,"player_choice":"Fight","damage_taken":0,"max_hp_gain":0,"max_hp_loss":0,"event_name":"Mysterious Sphere","floor":37,"gold_loss":0},{"damage_healed":0,"gold_gain":0,"player_choice":"Ignored","damage_taken":0,"max_hp_gain":0,"max_hp_loss":0,"event_name":"Tomb of Lord Red Mask","floor":46,"gold_loss":0},{"cards_removed":["Conserve Battery"],"damage_healed":0,"gold_gain":0,"player_choice":"Removed Skill","damage_taken":0,"max_hp_gain":0,"max_hp_loss":0,"event_name":"Falling","floor":47,"gold_loss":0}],"is_beta":false,"boss_relics":[{"not_picked":["Painkiller Herb","Astrolabe"],"picked":"Empty Cage"},{"not_picked":["FrozenCore","Ring of Chaos"],"picked":"Honey Jar"}],"items_purged_floors":[],"is_endless":false,"potions_floor_spawned":[5,10,11,13,21,24,31,33,45],"ascension_level":0}}