{"host":"anox4050deqdcqoh","time":1613945355,"event":{"mods":["BaseMod","Colored Map","Displayed Cursed Tome","Highlight Path","Minty Spire (QoL Compilation)","Quick Restart","Rare Cards Sparkle","everything is the same but u backflip on backflip"],"gold_per_floor":[117,127,52,66,80,80,413,413,413,413,185,242,242,257,257,362,362,362],"floor_reached":17,"language":"ENG","playtime":1644,"items_purged":["Shame"],"score":186,"play_id":"14cd238f-72de-4eca-85c2-e6a9238f5e5c","local_time":"20210221170915","is_ascension_mode":true,"campfire_choices":[{"data":"Conserve Battery","floor":6,"key":"SMITH"},{"data":"Electrodynamics","floor":8,"key":"SMITH"},{"data":"Gash","floor":10,"key":"SMITH"},{"floor":15,"key":"REST"}],"circlet_count":0,"master_deck":["Strike_B","Strike_B","Strike_B+1","Strike_B+1","Defend_B","Defend_B","Defend_B","Defend_B","Zap","Dualcast","Cold Snap","Self Repair","Beam Cell","Gash+1","Melter","Coolheaded","Conserve Battery+1","Turbo","Electrodynamics+1","Glacier","Rebound","Steam","Thunder Strike"],"relics":["Cracked Core","Prayer Wheel","Old Coin","Girya","Bronze Scales","Runic Pyramid"],"acts_visited":["Exordium","TheCity"],"potions_floor_usage":[16,16],"damage_taken":[{"damage":1,"enemies":"Cultist","floor":1,"turns":3},{"damage":5,"enemies":"Small Slimes","floor":2,"turns":4},{"damage":12,"enemies":"Jaw Worm","floor":4,"turns":3},{"damage":8,"enemies":"Blue Slaver","floor":5,"turns":2},{"damage":28,"enemies":"Lagavulin","floor":7,"turns":9},{"damage":9,"enemies":"Lots of Slimes","floor":14,"turns":2},{"damage":51,"enemies":"Hexaghost","floor":16,"turns":10}],"seed_played":"-6477761487407117285","potions_obtained":[{"floor":2,"key":"Dexterity Potion"},{"floor":5,"key":"FairyPotion"},{"floor":7,"key":"Regen Potion"},{"floor":14,"key":"Regen Potion"}],"is_trial":false,"path_per_floor":["M","M","$","M","M","R","E","R","T","R","$","?","?","M","R","B",null],"character_chosen":"DEFECT","items_purchased":["Glacier","Bronze Scales"],"campfire_rested":1,"item_purchase_floors":[11,11],"current_hp_per_floor":[74,75,75,70,69,69,48,48,48,48,48,48,33,31,53,59,75,75],"gold":362,"neow_bonus":"ONE_RARE_RELIC","is_daily":false,"chose_seed":false,"campfire_upgraded":3,"win_rate":0.0,"timestamp":1613945355,"path_taken":["M","M","$","M","M","R","E","R","T","R","$","?","?","M","R","BOSS"],"items_purchased_type":["Card","Relic"],"build_version":"2020-12-22","purchased_purges":1,"victory":false,"max_hp_per_floor":[75,75,75,75,75,75,75,75,75,75,75,75,75,75,75,75,75,75],"card_choices":[{"not_picked":["Compile Driver","Beam Cell"],"picked":"Cold Snap","floor":1},{"not_picked":["Undo","Loop"],"picked":"Self Repair","floor":1},{"not_picked":["Barrage","Turbo"],"picked":"Beam Cell","floor":2},{"not_picked":["Doom and Gloom","Stack"],"picked":"Gash","floor":2},{"not_picked":["Steam","Undo"],"picked":"Melter","floor":4},{"not_picked":["Doom and Gloom","Skim"],"picked":"Coolheaded","floor":4},{"not_picked":["Steam","Hologram"],"picked":"Conserve Battery","floor":5},{"not_picked":["Tempest","Stack"],"picked":"Turbo","floor":5},{"not_picked":["Self Repair","Beam Cell"],"picked":"Electrodynamics","floor":7},{"not_picked":["Coolheaded","Beam Cell"],"picked":"Rebound","floor":14},{"not_picked":["Sweeping Beam","Steam Power"],"picked":"Steam","floor":14},{"not_picked":["Fission","Machine Learning"],"picked":"Thunder Strike","floor":16}],"player_experience":491583,"relics_obtained":[{"floor":7,"key":"Old Coin"},{"floor":9,"key":"Girya"}],"event_choices":[{"damage_healed":0,"gold_gain":57,"player_choice":"Gained Gold","damage_taken":0,"max_hp_gain":0,"max_hp_loss":0,"event_name":"Golden Wing","floor":12,"gold_loss":0},{"damage_healed":0,"gold_gain":0,"player_choice":"Entered Light","damage_taken":15,"max_hp_gain":0,"max_hp_loss":0,"event_name":"Shining Light","floor":13,"gold_loss":0,"cards_upgraded":["Strike_B","Strike_B"]}],"is_beta":false,"boss_relics":[{"not_picked":["Velvet Choker","Fusion Hammer"],"picked":"Runic Pyramid"}],"items_purged_floors":[3],"is_endless":false,"potions_floor_spawned":[2,5,7,14],"ascension_level":4}}