{"host":"9slw7l0ws16384qq","time":1613937761,"event":{"mods":["A Penny For Your Troubles","BaseMod","Colored Map","Downfall","Evolution","Hubris","Minty Spire (QoL Compilation)","Replay The Spire","StS++","StSLib"],"gold_per_floor":[99,99,99,99,113,113,113,130,130,130,230,249,267,367,378,452,452,352,363,389,405,315,315,315,333,233,118,118,118,134,134,154,228,228,228,246,262,287,302,1,1,1,1,1],"floor_reached":42,"language":"FRA","playtime":2150,"items_purged":["Looming Evil","Guardian:Defend_Guardian","downfall:Icky"],"score":695,"play_id":"acbdc698-355d-490c-b597-aaa63fed67ae","local_time":"20210221210241","is_ascension_mode":true,"campfire_choices":[{"data":"Guardian:PrimingBeam","floor":6.0,"key":"SMITH"},{"floor":9.0,"key":"RECALL"},{"data":"Guardian:StasisField","floor":18.0,"key":"SMITH"},{"data":"Guardian:ChargeUp","floor":26,"key":"SMITH"},{"data":"Guardian:PiercingHide","floor":29,"key":"SMITH"},{"data":"Guardian:RevengeProtocol","floor":35,"key":"SMITH"}],"circlet_count":0,"master_deck":["AscendersBane","Guardian:Reroute","Guardian:Strike_Guardian","Guardian:Strike_Guardian","Guardian:Strike_Guardian","Guardian:Defend_Guardian","Guardian:Defend_Guardian","Guardian:CurlUp","Guardian:TwinSlam","Guardian:PrimingBeam+1","Guardian:PiercingHide+1","Guardian:ChargeUp+1","Guardian:ConstructionForm","Guardian:StasisField+1","Guardian:PiercingHide+1","Guardian:ArmoredProtocol","Guardian:Planning","Guardian:RevengeProtocol+1","Guardian:Gem_Blue","Guardian:PrimingBeam+1","Guardian:Gem_Blue"],"relics":["Guardian:ModeShifterPlus","EVO:Axolotl","downfall:HeartsMalice","Ring of Fury","Ring of Hypnosis","Garlic","downfall:GremlinWheel","downfall:HeartBlessingRed","Red Mask","ReplayTheSpireMod:TigerMarble","downfall:HeartBlessingBlue","ChewingGum","TungstenRod","DollysMirror","Shovel"],"acts_visited":["Exordium","TheCity","TheBeyond"],"potions_floor_usage":[33,42],"damage_taken":[{"damage":0.0,"enemies":"2 Louse","floor":2.0,"turns":1.0},{"damage":0.0,"enemies":"Jaw Worm","floor":3.0,"turns":1.0},{"damage":0.0,"enemies":"Cultist","floor":4.0,"turns":1.0},{"damage":8.0,"enemies":"downfall:LooterAlt","floor":5.0,"turns":3.0},{"damage":3.0,"enemies":"Blue Slaver","floor":8.0,"turns":4.0},{"damage":5.0,"enemies":"Blue Slaver","floor":11.0,"turns":4.0},{"damage":16.0,"enemies":"Exordium Thugs","floor":12.0,"turns":4.0},{"damage":0.0,"enemies":"3 Louse","floor":13.0,"turns":3.0},{"damage":3.0,"enemies":"Exordium Wildlife","floor":15.0,"turns":3.0},{"damage":15.0,"enemies":"IC_STATUS_ARCHETYPE","floor":16.0,"turns":10.0},{"damage":0.0,"enemies":"Spheric Guardian","floor":19.0,"turns":6.0},{"damage":16,"enemies":"Masked Bandits","floor":20,"turns":7},{"damage":0,"enemies":"downfall:LooterAlt2","floor":21,"turns":6},{"damage":0,"enemies":"downfall:FleeingMerchant","floor":22,"turns":4},{"damage":8,"enemies":"Sentry and Sphere","floor":25,"turns":6},{"damage":0,"enemies":"downfall:FleeingMerchant","floor":27,"turns":4},{"damage":0,"enemies":"Snecko","floor":30,"turns":6},{"damage":0,"enemies":"Centurion and Healer","floor":32,"turns":6},{"damage":15,"enemies":"SI_MIRROR_ARCHETYPE","floor":33,"turns":11},{"damage":0,"enemies":"Orb Walker","floor":36,"turns":4},{"damage":0,"enemies":"3 Darklings","floor":37,"turns":5},{"damage":0,"enemies":"3 Darklings","floor":38,"turns":9},{"damage":0,"enemies":"4 Shapes","floor":39,"turns":7},{"damage":0,"enemies":"downfall:FleeingMerchant","floor":40,"turns":4},{"damage":75,"enemies":"Giant Head","floor":42,"turns":9}],"seed_played":"-2125542933656313237","potions_obtained":[{"floor":8.0,"key":"ColorlessPotion"},{"floor":12.0,"key":"Cursed Concoction"},{"floor":13.0,"key":"Explosive Potion"},{"floor":15.0,"key":"hexamod:SoulburnPotion"},{"floor":25,"key":"AttackPotion"},{"floor":30,"key":"Doom Potion"},{"floor":31,"key":"CultistPotion"},{"floor":37,"key":"SpeedPotion"},{"floor":38,"key":"SteroidPotion"}],"is_trial":false,"path_per_floor":["R_BF","M","M","M","M","R","T","M","R","?","?","M","M","?","M","B",null,"R_BF","M","?","M","$","?","T","M","R","$","?","R","M","?","M","B",null,"R","M","M","?","M","$","T","E"],"character_chosen":"GUARDIAN","items_purchased":["DollysMirror"],"campfire_rested":0,"item_purchase_floors":[40],"current_hp_per_floor":[65,65,65,65,57,57,57,54,54,54,49,33,33,33,30,15,58,58,58,42,42,42,42,42,34,44,44,44,44,44,44,44,29,69,69,69,69,69,69,69,69,0,0,0],"gold":1,"neow_bonus":"THREE_ENEMY_KILL","is_daily":false,"chose_seed":false,"campfire_upgraded":5,"win_rate":0.0,"timestamp":1613937761,"path_taken":["R_BF","M","M","M","M","R","T","?","R","?","?","?","M","?","M","BOSS","R_BF","M","?","M","$","?","T","M","R","?","?","R","?","?","M","BOSS","R","M","M","?","M","$","T","E"],"items_purchased_type":["Relic"],"build_version":"2020-12-22","purchased_purges":3,"victory":false,"max_hp_per_floor":[72,72,72,72,72,72,72,72,72,72,72,72,72,72,72,72,72,72,72,72,72,72,72,72,72,82,82,82,82,82,82,82,82,82,82,82,82,82,82,82,82,82,82,82],"card_choices":[{"not_picked":["Guardian:TemporalStrike","Guardian:Gem_Lightblue"],"picked":"Guardian:PrimingBeam","floor":2.0},{"not_picked":["Guardian:CrystalBeam","Guardian:WalkerClaw","Guardian:Gem_Lightblue"],"picked":"SKIP","floor":3.0},{"not_picked":["Guardian:TemporalShield","Guardian:BronzeOrb","Guardian:Incinerate"],"picked":"SKIP","floor":4.0},{"not_picked":["Guardian:Gem_Lightblue","Guardian:Gem_Crimson"],"picked":"Guardian:PiercingHide","floor":5.0},{"not_picked":["Guardian:GuardianWhirl","Guardian:Reroute"],"picked":"Guardian:ChargeUp","floor":8.0},{"not_picked":["Guardian:RefractedBeam","Guardian:Recover","Guardian:SpikerProtocol"],"picked":"SKIP","floor":12.0},{"not_picked":["Guardian:ShieldCharger","Guardian:TemporalStrike","Guardian:Planning"],"picked":"SKIP","floor":13.0},{"not_picked":["Guardian:Gem_Red","Guardian:Planning"],"picked":"Guardian:ConstructionForm","floor":15.0},{"not_picked":["Guardian:GemFinder","Guardian:GemFire"],"picked":"Guardian:StasisField","floor":16.0},{"not_picked":["Guardian:Planning","Guardian:Suspension","Guardian:GuardianWhirl"],"picked":"SKIP","floor":19.0},{"not_picked":["Guardian:CrystalBeam","Guardian:PolyBeam"],"picked":"Guardian:PiercingHide+1","floor":20},{"not_picked":["Guardian:PrismaticBeam","Guardian:CrystalBeam","Guardian:Gem_Red"],"picked":"SKIP","floor":21},{"not_picked":["Guardian:Emergency","Guardian:GuardianWhirl","Guardian:Gem_Crimson"],"picked":"SKIP","floor":22},{"not_picked":["Guardian:Suspension","Guardian:Planning","Guardian:DecasProtection+1"],"picked":"SKIP","floor":25},{"not_picked":["Guardian:TimeSifter","Guardian:Recover+1"],"picked":"Guardian:ArmoredProtocol","floor":27},{"not_picked":["Guardian:Planning","Guardian:Repulse","Guardian:PolyBeam"],"picked":"SKIP","floor":30},{"not_picked":["Guardian:Suspension","Guardian:ChargeCore","Guardian:Planning"],"picked":"SKIP","floor":32},{"not_picked":["Guardian:Gem_Synthetic","Guardian:BaubleBeam"],"picked":"Guardian:RevengeProtocol","floor":33},{"not_picked":["Guardian:BodySlam","Guardian:CrystalBeam+1","Guardian:Incinerate"],"picked":"SKIP","floor":36},{"not_picked":["Guardian:ArmoredProtocol","Guardian:Planning","Guardian:ChargeCore"],"picked":"SKIP","floor":37},{"not_picked":["Guardian:Reroute","Guardian:PrismaticBeam"],"picked":"Guardian:Gem_Blue","floor":38},{"not_picked":["Guardian:FloatingOrbs","Guardian:Gem_Red","Guardian:Incinerate"],"picked":"SKIP","floor":39},{"not_picked":["Guardian:Planning+1","Guardian:Incinerate+1"],"picked":"Guardian:PrimingBeam+1","floor":40}],"player_experience":1717246,"relics_obtained":[{"floor":1.0,"key":"Ring of Fury"},{"floor":1.0,"key":"Ring of Hypnosis"},{"floor":7.0,"key":"Garlic"},{"floor":11.0,"key":"downfall:GremlinWheel"},{"floor":20,"key":"Red Mask"},{"floor":38,"key":"TungstenRod"},{"floor":41,"key":"Shovel"}],"event_choices":[{"damage_healed":0,"gold_gain":0,"player_choice":"Fought Bandits","damage_taken":0,"max_hp_gain":0,"max_hp_loss":0,"event_name":"Masked Bandits","floor":20,"gold_loss":0},{"damage_healed":0,"gold_gain":0,"player_choice":"Stole Relic","damage_taken":0,"relics_obtained":["ReplayTheSpireMod:TigerMarble"],"max_hp_gain":0,"max_hp_loss":0,"event_name":"Addict","floor":23,"gold_loss":0,"cards_obtained":["Pride"]},{"cards_removed":["Pride"],"damage_healed":0,"gold_gain":0,"player_choice":"Card Removal","damage_taken":0,"max_hp_gain":0,"max_hp_loss":0,"event_name":"Wheel of Change","floor":26,"gold_loss":0}],"is_beta":false,"boss_relics":[{"not_picked":["bronze:MakeshiftBattery","Philosopher\u0027s Stone"],"picked":"Guardian:ModeShifterPlus"},{"not_picked":["Pandora\u0027s Box","hubris:BlackHole"],"picked":"ChewingGum"}],"items_purged_floors":[22,27,40],"is_endless":false,"potions_floor_spawned":[8,12,13,15,25,30,32,37,38],"killed_by":"Giant Head","ascension_level":16}}