{"host":"xp5rvh2jwe2ejyfm","time":1613874733,"event":{"mods":["2.2 Compatiblity","Aspiration","BaseMod","Better Altar","Better Match","Better Note","Better Sensory Stone","Better Skull","BetterRewards","Colored Powertips","Conspire","Downfall","GifTheSpireLib","Gremlin Mod","GungeonMod","Hermit","Hubris","Jorbs\u0027s Wanderer Trilogy","Minty Spire (QoL Compilation)","Potionbrewer","Quick Restart","Replay The Spire","Robot Space Explorer","Shade Mod","Somnambulant","StSLib","The Bug Knight","The Clintock","The Construct","The Cursed","The Disciple","The Forsaken","The Hierophant","The Marked","The Necromancer","The Runesmith","The Servant 0.9.4","The Valiant","The Witch","TheFirefly","thorton"],"gold_per_floor":[111,111,136,136,161,204,204,7,55,91,110,37,71,91,92,93,93],"floor_reached":16,"language":"ENG","playtime":431,"items_purged":[],"score":120,"play_id":"93761d4b-25db-4927-880e-a84c3db7b257","local_time":"20210220213213","is_ascension_mode":false,"campfire_choices":[{"floor":7,"key":"REST"},{"floor":15,"key":"REST"}],"circlet_count":0,"master_deck":["TheCursedMod:Strike_TheCursed","TheCursedMod:Strike_TheCursed","TheCursedMod:Strike_TheCursed","TheCursedMod:Strike_TheCursed","TheCursedMod:Defend_TheCursed","TheCursedMod:Defend_TheCursed","TheCursedMod:Defend_TheCursed","TheCursedMod:Defend_TheCursed","TheCursedMod:CursedWand","TheCursedMod:CleanUpWorkshop","TheCursedMod:Dregs","TheCursedMod:Hemoplague","Injury","TheCursedMod:HellfireBreathing","TheCursedMod:CursedStaff","TheCursedMod:CircleOfWindfury","TheCursedMod:CircleOfWindfury","TheCursedMod:CircleOfCorruption","TheCursedMod:EmpowerCircles","TheCursedMod:FleshFromBone","TheCursedMod:SurpriseAttack","TheCursedMod:SurpriseAttack","TheCursedMod:CursedBlade"],"relics":["TheCursedMod:BlackMagic101","NeowsBlessing","Golden Idol","Bronze Scales","Singing Bowl","potionbrewer:Keyblade","Strawberry","thethorton:BankDeed"],"acts_visited":["Exordium"],"potions_floor_usage":[6,11],"damage_taken":[{"damage":0,"enemies":"Small Slimes","floor":1,"turns":1},{"damage":0,"enemies":"2 Louse","floor":3,"turns":1},{"damage":0,"enemies":"Cultist","floor":5,"turns":1},{"damage":20,"enemies":"3 Sentries","floor":6,"turns":6},{"damage":28,"enemies":"Lagavulin","floor":10,"turns":5},{"damage":13,"enemies":"Lots of Slimes","floor":11,"turns":4},{"damage":19,"enemies":"Gremlin Nob","floor":13,"turns":4},{"damage":0,"enemies":"2 Fungi Beasts","floor":14,"turns":2},{"damage":42,"enemies":"The Guardian","floor":16,"turns":7}],"seed_played":"7336000732293865918","potions_obtained":[{"floor":1,"key":"SpeedPotion"},{"floor":5,"key":"Swift Potion"},{"floor":10,"key":"LiquidBronze"},{"floor":13,"key":"Elixir"}],"is_trial":false,"path_per_floor":["M","?","M","?","M","E","R","$","T","E","M","$","E","M","R","B"],"character_chosen":"THE_CURSED","items_purchased":["potionbrewer:Keyblade","TheCursedMod:CircleOfWindfury","TheCursedMod:FleshFromBone","TheCursedMod:SurpriseAttack"],"campfire_rested":2,"item_purchase_floors":[8,8,12,12],"current_hp_per_floor":[75,75,75,60,60,42,65,65,65,44,31,31,12,12,37,0,0],"gold":93,"neow_bonus":"THREE_ENEMY_KILL","is_daily":false,"chose_seed":false,"campfire_upgraded":0,"win_rate":0.0,"timestamp":1613874733,"path_taken":["M","?","M","?","M","E","R","$","T","E","?","?","E","M","R","BOSS"],"items_purchased_type":["Relic","Card","Card","Card"],"build_version":"2020-12-22","purchased_purges":0,"victory":false,"max_hp_per_floor":[75,75,75,75,75,77,77,77,77,84,84,84,84,84,84,84,84],"card_choices":[{"not_picked":["TheCursedMod:CircleOfCorruption","TheCursedMod:TacticalStrike"],"picked":"TheCursedMod:Hemoplague","floor":1},{"not_picked":["TheCursedMod:SpitefulPlan","TheCursedMod:StingEye"],"picked":"TheCursedMod:HellfireBreathing","floor":3},{"not_picked":["TheCursedMod:Obscuration","TheCursedMod:CircleOfCorruption"],"picked":"TheCursedMod:CursedStaff","floor":5},{"not_picked":["TheCursedMod:Evocation","TheCursedMod:SmokeScreen","TheCursedMod:AshesToAshes"],"picked":"Singing Bowl","floor":6},{"not_picked":["TheCursedMod:CursedMace","TheCursedMod:DarkBarrier"],"picked":"TheCursedMod:CircleOfCorruption","floor":10},{"not_picked":["TheCursedMod:Torture","TheCursedMod:Stigma"],"picked":"TheCursedMod:EmpowerCircles","floor":11},{"not_picked":["TheCursedMod:FleshFromBone","TheCursedMod:Stigma"],"picked":"TheCursedMod:SurpriseAttack","floor":13},{"not_picked":["TheCursedMod:ForbiddenAlchemy","TheCursedMod:ReleasedKnowledge"],"picked":"TheCursedMod:CursedBlade","floor":14}],"player_experience":542139,"relics_obtained":[{"floor":6,"key":"Singing Bowl"},{"floor":10,"key":"Strawberry"},{"floor":13,"key":"thethorton:BankDeed"}],"event_choices":[{"damage_healed":0,"gold_gain":0,"player_choice":"Take Wound","damage_taken":0,"relics_obtained":["Golden Idol"],"max_hp_gain":0,"max_hp_loss":0,"event_name":"Golden Idol","floor":2,"gold_loss":0,"cards_obtained":["Injury"]},{"damage_healed":0,"gold_gain":0,"player_choice":"RE ","damage_taken":17,"relics_obtained":["Bronze Scales"],"max_hp_gain":0,"max_hp_loss":0,"event_name":"betterSkull:BetterSkull","floor":4,"gold_loss":0,"cards_upgraded":[]}],"is_beta":false,"boss_relics":[],"items_purged_floors":[],"is_endless":false,"potions_floor_spawned":[1,5,10,13],"killed_by":"The Guardian","ascension_level":0}}