{"host":"u7lm8z2rvb4dg2oo","time":1613889366,"event":{"mods":["AchievementEnabler","BaseMod","Bestiary","Block Reminder","Colored Map","Colored Powertips","Curses Come First","DeckTracker","Googly Eyes","Highlight Path","Minty Spire (QoL Compilation)","Quick Restart","StSLib"],"gold_per_floor":[112,123,137,137,157,186,200,200,200],"floor_reached":8,"language":"ENG","playtime":483,"items_purged":[],"score":111,"play_id":"fec8cb70-6882-403c-970b-379964f01d9b","local_time":"20210221013606","is_ascension_mode":true,"campfire_choices":[],"circlet_count":0,"master_deck":["AscendersBane","Strike_G","Strike_G","Strike_G","Strike_G","Strike_G","Defend_G","Defend_G","Defend_G","Defend_G","Defend_G","Survivor","Neutralize","Predator","Deadly Poison","Dash","Burst","Well Laid Plans"],"relics":["Ring of the Snake","Mummified Hand"],"acts_visited":["Exordium"],"potions_floor_usage":[6,8,8],"damage_taken":[{"damage":8,"enemies":"Cultist","floor":1,"turns":5},{"damage":2,"enemies":"Jaw Worm","floor":2,"turns":7},{"damage":0,"enemies":"2 Louse","floor":3,"turns":2},{"damage":8,"enemies":"Exordium Wildlife","floor":5,"turns":3},{"damage":27,"enemies":"Lagavulin","floor":6,"turns":8},{"damage":3,"enemies":"Blue Slaver","floor":7,"turns":4},{"damage":42,"enemies":"Gremlin Nob","floor":8,"turns":4}],"seed_played":"2271131292141236405","potions_obtained":[{"floor":5,"key":"Dexterity Potion"},{"floor":6,"key":"Energy Potion"},{"floor":7,"key":"SpeedPotion"}],"is_trial":false,"path_per_floor":["M","M","M","?","M","E","M","E"],"character_chosen":"THE_SILENT","items_purchased":[],"campfire_rested":0,"item_purchase_floors":[],"current_hp_per_floor":[57,55,55,60,52,25,22,0,0],"gold":200,"neow_bonus":"TEN_PERCENT_HP_BONUS","is_daily":false,"chose_seed":false,"campfire_upgraded":0,"win_rate":0.0,"timestamp":1613889366,"path_taken":["M","M","M","?","M","E","M","E"],"items_purchased_type":[],"build_version":"2020-12-22","purchased_purges":0,"victory":false,"max_hp_per_floor":[72,72,72,77,77,77,77,77,77],"card_choices":[{"not_picked":["Underhanded Strike","Sucker Punch","Flechettes"],"picked":"SKIP","floor":1},{"not_picked":["Eviscerate","Flying Knee"],"picked":"Predator","floor":2},{"not_picked":["Prepared","Tactician"],"picked":"Deadly Poison","floor":3},{"not_picked":["Slice","Prepared"],"picked":"Dash","floor":5},{"not_picked":["Dagger Throw","Poisoned Stab"],"picked":"Burst","floor":6},{"not_picked":["Acrobatics","Setup"],"picked":"Well Laid Plans","floor":7}],"player_experience":769425,"relics_obtained":[{"floor":6,"key":"Mummified Hand"}],"event_choices":[{"damage_healed":0,"gold_gain":0,"player_choice":"Donut","damage_taken":0,"max_hp_gain":5,"max_hp_loss":0,"event_name":"Big Fish","floor":4,"gold_loss":0}],"is_beta":false,"boss_relics":[],"items_purged_floors":[],"is_endless":false,"potions_floor_spawned":[5,6,7],"killed_by":"Gremlin Nob","ascension_level":17}}