{"host":"d52brwsy6af8zvaq","time":1613928671,"event":{"mods":["AchievementEnabler","BaseMod","Bestiary","Highlight Path","Minty Spire (QoL Compilation)","Quick Restart","Relic Stats","ojb\u0027s Better Paths Mod"],"gold_per_floor":[109,128,128,69,86,86,120,120,144,155,155,187,187,197,197,272,272,284,298,332,342,257,257,257,257],"floor_reached":24,"language":"ENG","playtime":918,"items_purged":[],"score":412,"play_id":"5de62517-9ba9-4a8e-aaf6-7e165ce3f232","local_time":"20210221103111","is_ascension_mode":true,"campfire_choices":[{"data":"Barrage","floor":6.0,"key":"SMITH"},{"floor":8.0,"key":"REST"},{"data":"Beam Cell","floor":11.0,"key":"SMITH"},{"floor":15.0,"key":"REST"},{"floor":23,"key":"REST"}],"circlet_count":0,"master_deck":["AscendersBane","Strike_B","Strike_B+1","Strike_B","Defend_B+1","Defend_B","Defend_B","Defend_B","Zap","Dualcast","Static Discharge","Leap","Barrage+1","Glacier","Sweeping Beam","Beam Cell+1","Defragment","Streamline","Core Surge","Doom and Gloom","Chill"],"relics":["Cracked Core","Potion Belt","Ancient Tea Set","Question Card","Snecko Eye","Red Mask","Cables"],"acts_visited":["Exordium","TheCity"],"potions_floor_usage":[24],"damage_taken":[{"damage":0.0,"enemies":"Small Slimes","floor":1.0,"turns":3.0},{"damage":2.0,"enemies":"Jaw Worm","floor":2.0,"turns":4.0},{"damage":0.0,"enemies":"Cultist","floor":5.0,"turns":3.0},{"damage":27.0,"enemies":"Gremlin Nob","floor":7.0,"turns":3.0},{"damage":6.0,"enemies":"Exordium Wildlife","floor":10.0,"turns":4.0},{"damage":4.0,"enemies":"3 Sentries","floor":12.0,"turns":6.0},{"damage":26.0,"enemies":"Gremlin Gang","floor":14.0,"turns":6.0},{"damage":21.0,"enemies":"Slime Boss","floor":16.0,"turns":11.0},{"damage":25.0,"enemies":"2 Thieves","floor":18.0,"turns":3.0},{"damage":2.0,"enemies":"3 Byrds","floor":19.0,"turns":6.0},{"damage":30.0,"enemies":"Masked Bandits","floor":20.0,"turns":5.0},{"damage":25,"enemies":"Snake Plant","floor":21,"turns":4},{"damage":26,"enemies":"Book of Stabbing","floor":24,"turns":6}],"seed_played":"5477114072332608461","potions_obtained":[{"floor":1.0,"key":"Swift Potion"},{"floor":2.0,"key":"BlessingOfTheForge"},{"floor":16.0,"key":"FairyPotion"},{"floor":18.0,"key":"Swift Potion"},{"floor":19.0,"key":"EssenceOfSteel"},{"floor":20.0,"key":"AttackPotion"},{"floor":21,"key":"PotionOfCapacity"}],"is_trial":false,"path_per_floor":["M","M","?","$","M","R","E","R","T","M","R","E","?","M","R","B",null,"M","M","?","M","?","R","E"],"character_chosen":"DEFECT","items_purchased":["Barrage"],"campfire_rested":3,"item_purchase_floors":[4],"current_hp_per_floor":[71,69,46,46,46,46,19,42,42,36,36,32,32,6,29,8,61,36,34,4,2,2,25,0,0],"gold":257,"neow_bonus":"TEN_PERCENT_HP_BONUS","is_daily":false,"chose_seed":false,"campfire_upgraded":2,"win_rate":0.0,"timestamp":1613928671,"path_taken":["M","M","?","$","M","R","E","R","T","M","R","E","?","M","R","BOSS","M","M","?","M","?","R","E"],"items_purchased_type":["Card"],"build_version":"2020-12-22","purchased_purges":0,"victory":false,"max_hp_per_floor":[78,78,78,78,78,78,78,78,78,78,78,78,78,78,78,78,78,78,78,78,78,78,78,78,78],"relic_stats":{"counters":[13,64],"Snecko Eye":[47,37,46,41],"Question Card":6,"obtain_stats":[{"Potion Belt":7,"Snecko Eye":17,"Red Mask":20,"Cracked Core":0,"Ancient Tea Set":9,"Question Card":12,"Cables":22},{"Potion Belt":4,"Snecko Eye":8,"Red Mask":11,"Cracked Core":0,"Ancient Tea Set":4,"Question Card":6,"Cables":12},{"Potion Belt":13,"Snecko Eye":40,"Red Mask":54,"Cracked Core":0,"Ancient Tea Set":13,"Question Card":23,"Cables":58}],"Cables":[6,3,3,0,0]},"card_choices":[{"not_picked":["Tempest","Coolheaded"],"picked":"Static Discharge","floor":1.0},{"not_picked":["Turbo","Tempest"],"picked":"Leap","floor":2.0},{"not_picked":["Hello World","Compile Driver"],"picked":"Glacier","floor":5.0},{"not_picked":["Amplify","Leap"],"picked":"Sweeping Beam","floor":7.0},{"not_picked":["Tempest","Loop"],"picked":"Beam Cell","floor":10.0},{"not_picked":["Sweeping Beam","Beam Cell","Compile Driver"],"picked":"SKIP","floor":12.0},{"not_picked":["Cold Snap","Hologram","Ball Lightning"],"picked":"Streamline","floor":14.0},{"not_picked":["Rainbow","All For One","Reboot"],"picked":"Core Surge","floor":16.0},{"not_picked":["Stack","Storm","Fusion","Sweeping Beam"],"picked":"SKIP","floor":18.0},{"not_picked":["Barrage","Storm","Steam"],"picked":"Doom and Gloom","floor":19.0},{"not_picked":["Glacier","Compile Driver","Stack"],"picked":"Chill","floor":20.0},{"not_picked":["Chaos","Steam","Blizzard","Rebound+1"],"picked":"SKIP","floor":21},{"not_picked":["Chaos","Steam","Blizzard","Rebound+1"],"picked":"SKIP","floor":21}],"player_experience":2327304,"relics_obtained":[{"floor":7.0,"key":"Potion Belt"},{"floor":9.0,"key":"Ancient Tea Set"},{"floor":12.0,"key":"Question Card"},{"floor":20.0,"key":"Red Mask"}],"event_choices":[{"damage_healed":0.0,"max_hp_gain":0.0,"max_hp_loss":0.0,"gold_gain":0.0,"event_name":"Shining Light","player_choice":"Entered Light","floor":3.0,"gold_loss":0.0,"damage_taken":23.0,"cards_upgraded":["Strike_B","Defend_B"]},{"damage_healed":0.0,"max_hp_gain":0.0,"max_hp_loss":0.0,"gold_gain":0.0,"cards_transformed":["Strike_B"],"event_name":"Living Wall","player_choice":"Change","floor":13.0,"gold_loss":0.0,"damage_taken":0.0,"cards_obtained":["Defragment"]},{"damage_healed":0.0,"max_hp_gain":0.0,"max_hp_loss":0.0,"gold_gain":0.0,"event_name":"Masked Bandits","player_choice":"Fought Bandits","floor":20.0,"gold_loss":0.0,"damage_taken":0.0},{"damage_healed":0,"gold_gain":0,"player_choice":"Obtained Relic","damage_taken":0,"relics_obtained":["Cables"],"max_hp_gain":0,"max_hp_loss":0,"event_name":"Addict","floor":22,"gold_loss":85}],"is_beta":false,"boss_relics":[{"not_picked":["Sozu","Tiny House"],"picked":"Snecko Eye"}],"items_purged_floors":[],"is_endless":false,"potions_floor_spawned":[1,2,16,18,19,20,21],"killed_by":"Book of Stabbing","ascension_level":20}}