{"host":"5n1fl7z5i1vf7jan","time":1613906743,"event":{"mods":["BaseMod","Minty Spire (QoL Compilation)","Quick Restart","Relic Stats"],"gold_per_floor":[111,111,123,123,137,164,164,176,202,202,234,234,254,270,270,270,270],"floor_reached":16,"language":"ENG","playtime":403,"items_purged":[],"score":224,"play_id":"31a4e0a4-51af-4f1e-b7d8-846e73865318","local_time":"20210221032543","is_ascension_mode":true,"campfire_choices":[{"data":"Defragment","floor":7.0,"key":"SMITH"},{"data":"Beam Cell","floor":10.0,"key":"SMITH"},{"floor":12.0,"key":"REST"},{"data":"Go for the Eyes","floor":15.0,"key":"SMITH"}],"circlet_count":0,"master_deck":["AscendersBane","Strike_B","Strike_B","Strike_B","Defend_B","Defend_B","Defend_B","Zap","Dualcast","Beam Cell+1","BootSequence","Fission","Defragment+1","Streamline","Self Repair","Glacier","Go for the Eyes+1"],"relics":["Cracked Core","Juzu Bracelet","Strawberry","Omamori","Pen Nib"],"acts_visited":["Exordium"],"potions_floor_usage":[16],"damage_taken":[{"damage":16.0,"enemies":"Small Slimes","floor":1.0,"turns":4.0},{"damage":0.0,"enemies":"Cultist","floor":3.0,"turns":3.0},{"damage":0.0,"enemies":"2 Louse","floor":5.0,"turns":2.0},{"damage":72.0,"enemies":"Gremlin Nob","floor":6.0,"turns":5.0},{"damage":2.0,"enemies":"Looter","floor":8.0,"turns":3.0},{"damage":15.0,"enemies":"Lagavulin","floor":11.0,"turns":7.0},{"damage":6.0,"enemies":"Blue Slaver","floor":13.0,"turns":3.0},{"damage":7.0,"enemies":"Large Slime","floor":14.0,"turns":6.0},{"damage":37,"enemies":"Hexaghost","floor":16,"turns":10}],"seed_played":"-3047069960930247911","potions_obtained":[{"floor":3.0,"key":"FairyPotion"},{"floor":6.0,"key":"SpeedPotion"},{"floor":13.0,"key":"Strength Potion"},{"floor":14.0,"key":"CultistPotion"}],"is_trial":false,"path_per_floor":["M","?","M","?","M","E","R","M","T","R","E","R","M","M","R","B"],"character_chosen":"DEFECT","items_purchased":[],"campfire_rested":1,"item_purchase_floors":[],"current_hp_per_floor":[48,48,48,48,48,28,28,26,26,26,11,34,35,35,35,0,0],"gold":270,"neow_bonus":"RANDOM_COMMON_RELIC","is_daily":false,"chose_seed":false,"campfire_upgraded":3,"win_rate":0.0,"timestamp":1613906743,"path_taken":["M","?","M","?","M","E","R","M","T","R","E","R","M","M","R","BOSS"],"items_purchased_type":[],"build_version":"2020-12-22","purchased_purges":0,"victory":false,"max_hp_per_floor":[71,71,71,71,71,78,78,78,78,78,78,78,78,78,78,78,78],"relic_stats":{"counters":[9,43],"Pen Nib":[2],"Juzu Bracelet":1,"obtain_stats":[{"Strawberry":6,"Pen Nib":11,"Juzu Bracelet":0,"Omamori":9,"Cracked Core":0},{"Strawberry":4,"Pen Nib":6,"Juzu Bracelet":0,"Omamori":5,"Cracked Core":0},{"Strawberry":14,"Pen Nib":24,"Juzu Bracelet":0,"Omamori":17,"Cracked Core":0}]},"card_choices":[{"not_picked":["Conserve Battery","Leap"],"picked":"Beam Cell","floor":1.0},{"not_picked":["Scrape","Beam Cell"],"picked":"BootSequence","floor":3.0},{"not_picked":["Gash","Glacier"],"picked":"Defragment","floor":5.0},{"not_picked":["Fusion","Stack","Steam"],"picked":"SKIP","floor":6.0},{"not_picked":["Chill","Conserve Battery"],"picked":"Streamline","floor":8.0},{"not_picked":["Double Energy","Aggregate"],"picked":"Self Repair","floor":11.0},{"not_picked":["Turbo","Streamline"],"picked":"Glacier","floor":13.0},{"not_picked":["Beam Cell","Undo"],"picked":"Go for the Eyes","floor":14.0}],"player_experience":374001,"relics_obtained":[{"floor":6.0,"key":"Strawberry"},{"floor":9.0,"key":"Omamori"},{"floor":11.0,"key":"Pen Nib"}],"event_choices":[{"cards_removed":["Strike_B"],"damage_healed":0.0,"max_hp_gain":0.0,"max_hp_loss":0.0,"gold_gain":0.0,"event_name":"Bonfire Elementals","player_choice":"Offered Basic","floor":2.0,"gold_loss":0.0,"damage_taken":0.0},{"damage_healed":0.0,"max_hp_gain":0.0,"max_hp_loss":0.0,"gold_gain":0.0,"cards_transformed":["Defend_B"],"event_name":"Transmorgrifier","player_choice":"Transformed","floor":4.0,"gold_loss":0.0,"damage_taken":0.0,"cards_obtained":["Fission"]}],"is_beta":false,"boss_relics":[],"items_purged_floors":[],"is_endless":false,"potions_floor_spawned":[3,6,13,14],"killed_by":"Hexaghost","ascension_level":20}}