{"host":"sl5hpy1jvdbpn5jq","time":1613876955,"event":{"mods":["Act Like it!","Ascension Reborn","BaseMod","Better Skull","BetterRewards","Dota2Spire","Downfall","Elementarium","Filter the Spire","GifTheSpireLib","Halation","Hubris","Jorbs\u0027s Wanderer Trilogy","Minty Spire (QoL Compilation)","Permanent Neow","Replay The Spire","Shop Mod","Spicy Shops","StSLib","The Jungle"],"gold_per_floor":[132,132,232,232,0,96,96,96,96,180,180,273,273,318,318,624,624,681,681,681,71,71,173,275,650,726,726,726,501,273,273,273,561,561,603,603,603,603,353,446,545,626,626,713,1034,1136,1217,547,547,577],"floor_reached":51,"language":"ENG","playtime":4812,"items_purged":["Strike_G","Defend_G","Defend_G","Survivor"],"score":933,"play_id":"690f2eac-c45c-40a5-9fb4-59b7915f6325","local_time":"20210220210915","daily_mods":["Vintage","ControlledChaos","Heirloom","Time Dilation","Flight","downfall:Jewelcrafting","Elite Swarm","Lethality","Midas"],"is_ascension_mode":true,"campfire_choices":[{"floor":13,"key":"REST"},{"floor":32,"key":"REST"}],"circlet_count":0,"master_deck":["Strike_G","Strike_G","Strike_G","Neutralize","Guardian:ExploitGems","Guardian:ExploitGems+1","Night Terror","Dramatic Entrance","Crow Ritual+1","Choke"],"relics":["Unceasing Top","Ring of Chaos","Guardian:PickAxe","champ:DeflectingBracers","Counterbalance","Dota2Spire:BladeMail","Frozen Egg 2","Dota2Spire:PowerTreads","Dota2Spire:BattleFury","Dota2Spire:Dagon","Replay:Bottled Steam","bronze:MakeshiftBattery","Pantograph","Omamori","ReplayTheSpireMod:CursedCoin","hubris:EmptyBottle","Replay:Wax Seal","hubris:Towel","Pondfish Scales","Dota2Spire:EyeOfSkadi","Old Coin","hexamod:CandleOfCauterizing","Replay:Rubber Ducky","NeowsBlessing","Strawberry","Runic Dome","Iron Hammer","PrismaticShard","hubris:DeckOfHolding","Dota2Spire:DrumOfEndurance","Replay:WaspNest","Potion Belt","Dota2Spire:EchoSabre","Darkstone Periapt","Chameleon Ring","BargainBundle","The Specimen","Dota2Spire:HandOfMidas"],"acts_visited":["Exordium","TheCity","TheBeyond"],"potions_floor_usage":[12,50,50,50,50,50,50,50,50],"damage_taken":[{"damage":0,"enemies":"Cultist","floor":1,"turns":2},{"damage":23,"enemies":"Gremlin Nob","floor":6,"turns":4},{"damage":35,"enemies":"Lagavulin","floor":10,"turns":5},{"damage":3,"enemies":"3 Sentries","floor":12,"turns":3},{"damage":0,"enemies":"Jaw Worm","floor":14,"turns":1},{"damage":64,"enemies":"Fading Forest","floor":16,"turns":11},{"damage":0,"enemies":"Chosen","floor":18,"turns":2},{"damage":0,"enemies":"Replay:Snechameleon","floor":23,"turns":1},{"damage":0,"enemies":"Gremlin Leader","floor":24,"turns":3},{"damage":4,"enemies":"Book of Stabbing","floor":25,"turns":2},{"damage":0,"enemies":"Pondfish","floor":33,"turns":1},{"damage":0,"enemies":"3 Darklings","floor":35,"turns":1},{"damage":0,"enemies":"R_Hoarder","floor":40,"turns":1},{"damage":0,"enemies":"Nemesis","floor":41,"turns":1},{"damage":0,"enemies":"R_Hoarder","floor":42,"turns":1},{"damage":0,"enemies":"Reptomancer","floor":44,"turns":1},{"damage":0,"enemies":"R_Hoarder","floor":46,"turns":2},{"damage":6,"enemies":"Nemesis","floor":47,"turns":2},{"damage":60,"enemies":"Time Eater","floor":50,"turns":7}],"seed_played":"-6275579531003948559","potions_obtained":[{"floor":10,"key":"DistilledChaos"},{"floor":14,"key":"FairyPotion"},{"floor":16,"key":"FairyPotion"},{"floor":23,"key":"CultistPotion"},{"floor":33,"key":"EssenceOfSteel"},{"floor":44,"key":"DistilledChaos"},{"floor":46,"key":"Poison Potion"},{"floor":49,"key":"Poison Potion"}],"is_trial":true,"path_per_floor":["M","WH","WH","WH","WH","E","WH","R","T","E","R","E","R","M","R","B",null,"M","WH","WH","$","?","E","E","E","T","?","WH","$","$","WH","R","B",null,"M","?","WH","?","$","E","E","E","T","E","?","E","E","$","R","B",null],"character_chosen":"THE_SILENT","items_purchased":["Omamori","ReplayTheSpireMod:CursedCoin","hubris:EmptyBottle","Replay:Wax Seal","Strawberry","PrismaticShard","Crow Ritual+1","BargainBundle","SkillPotion","The Specimen","Dota2Spire:HandOfMidas","Choke"],"campfire_rested":2,"item_purchase_floors":[21,21,21,21,30,39,39,48,48,48,48,48],"current_hp_per_floor":[70,63,63,63,63,40,40,40,40,5,5,2,20,20,38,9,63,63,45,51,51,51,51,56,52,52,52,52,52,59,59,81,81,81,81,81,81,81,81,81,81,81,81,81,61,61,55,55,55,20],"gold":577,"neow_bonus":"REMOVE_CARD","is_daily":false,"chose_seed":false,"campfire_upgraded":0,"win_rate":0.0,"timestamp":1613876955,"path_taken":["M","WH","WH","WH","WH","E","WH","R","T","E","R","E","R","?","R","BOSS","M","WH","WH","$","?","E","E","E","T","?","WH","$","$","WH","R","BOSS","M","?","WH","?","$","E","E","E","T","E","?","E","E","$","R","BOSS"],"items_purchased_type":["Relic","Relic","Relic","Relic","Relic","Relic","Card","Relic","Potion","Relic","Relic","Card"],"build_version":"2020-12-22","purchased_purges":4,"victory":true,"max_hp_per_floor":[70,63,63,63,63,63,63,63,63,63,63,63,63,63,63,63,63,63,63,69,69,69,69,74,74,74,74,74,74,81,81,81,81,81,81,81,81,81,81,81,81,81,81,81,81,81,81,81,81,81],"card_choices":[{"not_picked":["Burst","Phantasmal Killer"],"picked":"Night Terror","floor":5},{"not_picked":["Atom Bomb","Malaise","Night Terror"],"picked":"SKIP","floor":6},{"not_picked":["Storm of Steel","Burst","Doppelganger"],"picked":"SKIP","floor":10},{"not_picked":["Venomology","Atom Bomb","Grand Finale"],"picked":"SKIP","floor":12},{"not_picked":["Venomology","Atom Bomb","Poison Darts"],"picked":"SKIP","floor":23},{"not_picked":["Wraith Form v2+1","Malaise","Glass Knife"],"picked":"SKIP","floor":24},{"not_picked":["Tools of the Trade+1","Atom Bomb","Doppelganger"],"picked":"SKIP","floor":25},{"not_picked":["Magnetism+1","Deep Breath"],"picked":"Dramatic Entrance","floor":38},{"not_picked":["Exhume","Replay:Bag of Tricks","Machine Learning+1"],"picked":"SKIP","floor":40},{"not_picked":["Meteor Strike","Mirror Shield","Slimebound:WasteNot"],"picked":"SKIP","floor":41},{"not_picked":["bronze:RecursiveStrike","Corruption+1","hexamod:Toasty"],"picked":"SKIP","floor":42},{"not_picked":["stsjorbsmod:Trauma","sneckomod:Unknown3Cost","Guardian:SphericShield"],"picked":"SKIP","floor":44},{"not_picked":["hexamod:ApocalypseNow","Slimebound:Overexert+1","SpiritShield"],"picked":"SKIP","floor":46},{"not_picked":["hexamod:UnleashSpirits","hexamod:SearingWound","DeusExMachina"],"picked":"SKIP","floor":47}],"player_experience":244605,"relics_obtained":[{"floor":1,"key":"Counterbalance"},{"floor":6,"key":"Frozen Egg 2"},{"floor":9,"key":"Dota2Spire:PowerTreads"},{"floor":10,"key":"Dota2Spire:BattleFury"},{"floor":12,"key":"Dota2Spire:Dagon"},{"floor":14,"key":"Replay:Bottled Steam"},{"floor":18,"key":"Pantograph"},{"floor":23,"key":"Pondfish Scales"},{"floor":24,"key":"Dota2Spire:EyeOfSkadi"},{"floor":25,"key":"Old Coin"},{"floor":26,"key":"hexamod:CandleOfCauterizing"},{"floor":35,"key":"Iron Hammer"},{"floor":40,"key":"hubris:DeckOfHolding"},{"floor":41,"key":"Dota2Spire:DrumOfEndurance"},{"floor":42,"key":"Replay:WaspNest"},{"floor":43,"key":"Potion Belt"},{"floor":44,"key":"Dota2Spire:EchoSabre"},{"floor":46,"key":"Darkstone Periapt"},{"floor":47,"key":"Chameleon Ring"}],"event_choices":[{"damage_healed":0,"gold_gain":0,"player_choice":"Memory 1","damage_taken":0,"max_hp_gain":0,"max_hp_loss":0,"event_name":"SensoryStone","floor":38,"gold_loss":0}],"is_beta":false,"boss_relics":[{"not_picked":["Calling Bell","Pandora\u0027s Box"],"picked":"bronze:MakeshiftBattery"},{"not_picked":["hubris:ScarierMask","WristBlade"],"picked":"Runic Dome"}],"items_purged_floors":[21,29,29,30],"is_endless":false,"potions_floor_spawned":[10,14,16,23,33,42,44,46],"ascension_level":0}}