{"host":"Jinnai","time":1613944837,"event":{"mods":["BaseMod","Block Reminder","Colored Map","Colored Powertips","Curses Come First","Highlight Path","Minty Spire (QoL Compilation)","Potion Indicator Mod","Quick Restart","Relic Stats","StSLib","ojb\u0027s Info Mod"],"gold_per_floor":[113,127,140,158,168,168,168,206,206,206,206],"floor_reached":10,"language":"ENG","playtime":243,"items_purged":[],"score":140,"play_id":"1a996692-4c90-456b-bcec-81d6e77c7eb1","local_time":"20210221170037","is_ascension_mode":true,"campfire_choices":[{"data":"Sweeping Beam","floor":6,"key":"SMITH"}],"circlet_count":0,"master_deck":["AscendersBane","Strike_B","Strike_B","Strike_B","Strike_B","Defend_B","Defend_B","Defend_B","Defend_B","Zap","Dualcast","FTL","Ball Lightning","Leap","Sweeping Beam+1","Conserve Battery","Defragment"],"relics":["Velvet Choker","Golden Idol","Art of War","Bottled Flame"],"acts_visited":["Exordium"],"potions_floor_usage":[8],"damage_taken":[{"damage":0,"enemies":"2 Louse","floor":1,"turns":2},{"damage":7,"enemies":"Small Slimes","floor":2,"turns":3},{"damage":1,"enemies":"Cultist","floor":3,"turns":3},{"damage":7,"enemies":"2 Fungi Beasts","floor":4,"turns":4},{"damage":0,"enemies":"Red Slaver","floor":5,"turns":3},{"damage":39,"enemies":"Gremlin Nob","floor":8,"turns":5},{"damage":14,"enemies":"Lagavulin","floor":10,"turns":3}],"seed_played":"7804278402629454790","potions_obtained":[{"floor":5,"key":"Weak Potion"}],"is_trial":false,"path_per_floor":["M","M","M","M","M","R","?","E","T","E"],"character_chosen":"DEFECT","items_purchased":[],"campfire_rested":0,"item_purchase_floors":[],"current_hp_per_floor":[64,57,56,49,49,49,49,10,10,0,0],"gold":206,"neow_bonus":"BOSS_RELIC","is_daily":false,"chose_seed":false,"campfire_upgraded":1,"win_rate":0.0,"timestamp":1613944837,"path_taken":["M","M","M","M","M","R","?","E","T","E"],"items_purchased_type":[],"build_version":"2020-12-18","purchased_purges":0,"victory":false,"max_hp_per_floor":[71,71,71,71,71,71,64,64,64,64,64],"relic_stats":{"counters":[7,23],"Golden Idol":8,"Art of War":[0],"obtain_stats":[{"Bottled Flame":9,"Golden Idol":7,"Velvet Choker":0,"Art of War":8,"Cracked Core":0},{"Bottled Flame":6,"Golden Idol":5,"Velvet Choker":0,"Art of War":6,"Cracked Core":0},{"Bottled Flame":20,"Golden Idol":15,"Velvet Choker":0,"Art of War":20,"Cracked Core":0}]},"card_choices":[{"not_picked":["Hologram","Steam"],"picked":"FTL","floor":1},{"not_picked":["Beam Cell","Storm"],"picked":"Ball Lightning","floor":2},{"not_picked":["Barrage","Steam"],"picked":"Leap","floor":3},{"not_picked":["Stack","Reprogram"],"picked":"Sweeping Beam","floor":4},{"not_picked":["Darkness","Recycle"],"picked":"Conserve Battery","floor":5},{"not_picked":["Double Energy","Gash"],"picked":"Defragment","floor":8}],"player_experience":1748110,"relics_obtained":[{"floor":8,"key":"Art of War"},{"floor":9,"key":"Bottled Flame"}],"event_choices":[{"damage_healed":0,"gold_gain":0,"player_choice":"Lose Max HP","damage_taken":0,"relics_obtained":["Golden Idol"],"max_hp_gain":0,"max_hp_loss":7,"event_name":"Golden Idol","floor":7,"gold_loss":0}],"is_beta":true,"boss_relics":[],"items_purged_floors":[],"is_endless":false,"potions_floor_spawned":[5],"killed_by":"Lagavulin","ascension_level":20}}