{"host":"osru0s4hyl5hhaol","time":1613877544,"event":{"mods":["BaseMod","Colored Map","Minty Spire (QoL Compilation)"],"gold_per_floor":[112,123,123,138,138,138,153,153,200,200,234,234,311,321,321,417,417,428,85,85,22,52,64,76,88,100,123,135,147,171,203,215,227,227],"floor_reached":33,"language":"ENG","playtime":1245,"items_purged":[],"score":270,"play_id":"7b82b1b2-eaf9-44ec-b2a1-48fab48d5620","local_time":"20210220211904","is_ascension_mode":false,"campfire_choices":[{"data":"Chill","floor":6,"key":"SMITH"},{"data":"Zap","floor":10,"key":"SMITH"},{"data":"Loop","floor":12,"key":"SMITH"},{"floor":15,"key":"REST"},{"data":"Defragment","floor":23,"key":"SMITH"},{"data":"Beam Cell","floor":25,"key":"SMITH"},{"floor":32,"key":"REST"}],"circlet_count":0,"master_deck":["Strike_B+1","Strike_B+1","Strike_B+1","Strike_B+1","Defend_B+1","Defend_B+1","Defend_B+1","Zap+1","Dualcast","Cold Snap","Conserve Battery","Chill+1","Sweeping Beam","Loop+1","Beam Cell+1","Cold Snap","Defragment+1","Ball Lightning","Steam+1","Go for the Eyes+1","Ball Lightning","Darkness+1"],"relics":["FrozenCore","Art of War","PreservedInsect","Ice Cream","Darkstone Periapt","Membership Card","Calipers","MawBank","MealTicket"],"acts_visited":["Exordium","TheCity"],"potions_floor_usage":[11,11,14,31],"damage_taken":[{"damage":0,"enemies":"2 Louse","floor":1,"turns":3},{"damage":0,"enemies":"Small Slimes","floor":2,"turns":3},{"damage":0,"enemies":"Cultist","floor":4,"turns":3},{"damage":4,"enemies":"Red Slaver","floor":7,"turns":3},{"damage":0,"enemies":"Gremlin Nob","floor":11,"turns":2},{"damage":9,"enemies":"Large Slime","floor":14,"turns":6},{"damage":18,"enemies":"The Guardian","floor":16,"turns":13},{"damage":5,"enemies":"Chosen","floor":18,"turns":5},{"damage":6,"enemies":"2 Thieves","floor":21,"turns":5},{"damage":8,"enemies":"Sentry and Sphere","floor":22,"turns":7},{"damage":4,"enemies":"Snake Plant","floor":27,"turns":6},{"damage":3,"enemies":"3 Cultists","floor":30,"turns":5},{"damage":19,"enemies":"Snecko","floor":31,"turns":5},{"damage":45,"enemies":"Champ","floor":33,"turns":8}],"seed_played":"-4748613339722865603","potions_obtained":[{"floor":0,"key":"PowerPotion"},{"floor":0,"key":"PotionOfCapacity"},{"floor":0,"key":"SteroidPotion"},{"floor":1,"key":"Fire Potion"},{"floor":7,"key":"Explosive Potion"},{"floor":27,"key":"PowerPotion"}],"is_trial":false,"path_per_floor":["M","M","?","M","?","R","M","?","T","R","E","R","T","M","R","B",null,"M","$","?","M","M","R","$","R","T","M","?","?","M","M","R","B"],"character_chosen":"DEFECT","items_purchased":["Membership Card","Calipers","Defragment"],"campfire_rested":2,"item_purchase_floors":[19,19,19],"current_hp_per_floor":[75,75,75,75,68,68,64,64,64,64,64,64,64,55,75,57,75,70,70,70,64,56,56,56,56,56,52,52,38,35,16,40,0,0],"gold":227,"neow_bonus":"THREE_SMALL_POTIONS","is_daily":false,"chose_seed":false,"campfire_upgraded":5,"win_rate":0.0,"timestamp":1613877544,"path_taken":["M","M","?","M","?","R","M","?","T","R","E","R","?","M","R","BOSS","M","$","?","M","?","R","?","R","T","M","?","?","M","M","R","BOSS"],"items_purchased_type":["Relic","Relic","Card"],"build_version":"2020-12-22","purchased_purges":0,"victory":false,"max_hp_per_floor":[75,75,75,75,75,75,75,75,75,75,75,75,75,75,75,75,75,75,75,75,75,75,75,75,75,75,75,75,80,80,80,80,80,80],"card_choices":[{"not_picked":["Scrape","Reprogram"],"picked":"Cold Snap","floor":1},{"not_picked":["Static Discharge","Coolheaded"],"picked":"Conserve Battery","floor":2},{"not_picked":["Turbo","Undo"],"picked":"Chill","floor":4},{"not_picked":["Reprogram","Melter"],"picked":"Sweeping Beam","floor":7},{"not_picked":["Compile Driver","Capacitor"],"picked":"Loop","floor":11},{"not_picked":["Force Field","Stack"],"picked":"Beam Cell","floor":14},{"not_picked":["Turbo","Lockon"],"picked":"Cold Snap","floor":18},{"not_picked":["Gash","Rebound"],"picked":"Ball Lightning","floor":21},{"not_picked":["Conserve Battery","Rainbow"],"picked":"Steam+1","floor":22},{"not_picked":["Sunder","Gash"],"picked":"Go for the Eyes+1","floor":27},{"not_picked":["Coolheaded","Hologram"],"picked":"Ball Lightning","floor":30},{"not_picked":["Auto Shields","Defragment"],"picked":"Darkness+1","floor":31}],"player_experience":191987,"relics_obtained":[{"floor":9,"key":"PreservedInsect"},{"floor":11,"key":"Ice Cream"},{"floor":13,"key":"Darkstone Periapt"},{"floor":20,"key":"MawBank"},{"floor":26,"key":"MealTicket"}],"event_choices":[{"damage_healed":0,"gold_gain":0,"player_choice":"Leave","damage_taken":0,"max_hp_gain":0,"max_hp_loss":0,"event_name":"The Cleric","floor":3,"gold_loss":0},{"cards_removed":["Defend_B"],"damage_healed":0,"gold_gain":0,"player_choice":"Card Removal","damage_taken":7,"max_hp_gain":0,"max_hp_loss":0,"event_name":"Golden Wing","floor":5,"gold_loss":0},{"damage_healed":0,"gold_gain":0,"player_choice":"Searched \u00272\u0027 times","damage_taken":0,"relics_obtained":["Art of War"],"max_hp_gain":0,"max_hp_loss":0,"event_name":"Dead Adventurer","floor":8,"gold_loss":0},{"damage_healed":0,"gold_gain":0,"player_choice":"Relic","damage_taken":0,"max_hp_gain":0,"max_hp_loss":0,"event_name":"Wheel of Change","floor":20,"gold_loss":0},{"damage_healed":0,"gold_gain":0,"player_choice":"Simplicity","damage_taken":0,"max_hp_gain":0,"max_hp_loss":0,"event_name":"Back to Basics","floor":28,"gold_loss":0,"cards_upgraded":["Strike_B","Strike_B","Strike_B","Strike_B","Defend_B","Defend_B","Defend_B"]},{"damage_healed":0,"gold_gain":0,"player_choice":"Shed Blood","damage_taken":19,"max_hp_gain":5,"max_hp_loss":0,"event_name":"Forgotten Altar","floor":29,"gold_loss":0}],"is_beta":false,"boss_relics":[{"not_picked":["Snecko Eye","Calling Bell"],"picked":"FrozenCore"}],"items_purged_floors":[],"is_endless":false,"potions_floor_spawned":[1,2,7,27],"killed_by":"Champ","ascension_level":0}}