{"host":"22njw49i2r7r2wa8","time":1613886288,"event":{"mods":["2.2 Compatiblity","BaseMod","Colored Map","Minty Spire (QoL Compilation)"],"gold_per_floor":[111,127,138,138,154,154,164,164,164],"floor_reached":8,"language":"ENG","playtime":1300,"items_purged":[],"score":65,"play_id":"cf39d388-a0b1-44b9-a602-2d623a3dca17","local_time":"20210220214448","is_ascension_mode":true,"campfire_choices":[{"data":"Backflip","floor":6,"key":"SMITH"}],"circlet_count":0,"master_deck":["Strike_G","Strike_G","Strike_G","Strike_G","Strike_G","Defend_G","Defend_G","Defend_G","Defend_G","Defend_G","Survivor","Neutralize","Outmaneuver","Quick Slash","Leg Sweep","Prepared","Backflip+1"],"relics":["Ring of the Snake"],"acts_visited":["Exordium"],"potions_floor_usage":[7,8],"damage_taken":[{"damage":12,"enemies":"Jaw Worm","floor":1,"turns":5},{"damage":1,"enemies":"Cultist","floor":2,"turns":4},{"damage":3,"enemies":"2 Louse","floor":3,"turns":3},{"damage":2,"enemies":"Blue Slaver","floor":5,"turns":7},{"damage":0,"enemies":"3 Louse","floor":7,"turns":6},{"damage":55,"enemies":"Gremlin Nob","floor":8,"turns":5}],"seed_played":"3470946345876847878","potions_obtained":[{"floor":1,"key":"EssenceOfSteel"},{"floor":5,"key":"Block Potion"}],"is_trial":false,"path_per_floor":["M","M","M","?","M","R","M","E"],"character_chosen":"THE_SILENT","items_purchased":[],"campfire_rested":0,"item_purchase_floors":[],"current_hp_per_floor":[51,50,47,40,38,38,38,0,0],"gold":164,"neow_bonus":"THREE_CARDS","is_daily":false,"chose_seed":false,"campfire_upgraded":1,"win_rate":0.0,"timestamp":1613886288,"path_taken":["M","M","M","?","M","R","M","E"],"items_purchased_type":[],"build_version":"2020-12-22","purchased_purges":0,"victory":false,"max_hp_per_floor":[70,70,70,70,70,70,70,70,70],"card_choices":[{"not_picked":["PiercingWail","Noxious Fumes"],"picked":"Outmaneuver","floor":0},{"not_picked":["Caltrops","Poisoned Stab"],"picked":"Quick Slash","floor":1},{"not_picked":["Noxious Fumes","Escape Plan"],"picked":"Leg Sweep","floor":2},{"not_picked":["Cloak And Dagger","Masterful Stab"],"picked":"Prepared","floor":3},{"not_picked":["Prepared","Catalyst"],"picked":"Backflip","floor":5},{"not_picked":["Poisoned Stab","All Out Attack","Underhanded Strike"],"picked":"SKIP","floor":7}],"player_experience":511248,"relics_obtained":[],"event_choices":[{"damage_healed":0,"gold_gain":0,"player_choice":"Damaged","damage_taken":7,"max_hp_gain":0,"max_hp_loss":0,"event_name":"Wheel of Change","floor":4,"gold_loss":0}],"is_beta":false,"boss_relics":[],"items_purged_floors":[],"is_endless":false,"potions_floor_spawned":[1,5],"killed_by":"Gremlin Nob","ascension_level":6}}