{"host":"v0dnu0zs4qo0v13s","time":1613903520,"event":{"mods":["BaseMod","Colored Map","Colored Powertips","Minty Spire (QoL Compilation)","Relic Stats","StSLib","SuperFastMode","everything is the same but u backflip on backflip"],"gold_per_floor":[112,36,36,49,61,61,74,74,127,154,154,154,179,192,192,267,267,277,226,226,242,242,269,269,282,282,21,21,69,69,82,82,82,82],"floor_reached":33,"language":"ENG","playtime":2037,"items_purged":[],"score":503,"play_id":"271ee7d7-2761-41b2-8634-ce0ebcb19b18","local_time":"20210221053200","is_ascension_mode":true,"campfire_choices":[{"data":"Armaments","floor":6.0,"key":"SMITH"},{"floor":8.0,"key":"REST"},{"floor":12.0,"key":"REST"},{"floor":15.0,"key":"REST"},{"floor":24.0,"key":"REST"},{"data":"Metallicize","floor":28.0,"key":"SMITH"},{"floor":30.0,"key":"DIG"},{"floor":32.0,"key":"DIG"}],"circlet_count":0,"master_deck":["AscendersBane","Defend_R+1","Defend_R+1","Bash","Armaments+1","Fiend Fire","Iron Wave","Power Through","Headbutt","Flame Barrier","Sword Boomerang","Reckless Charge","Feed","Flex","Cleave","Bite","Bite","Bite","Bite","Bite","Intimidate","Metallicize+1","Sentinel+1"],"relics":["Empty Cage","Tiny Chest","Lantern","War Paint","Runic Pyramid","Shovel","Frozen Egg 2","Pear","Nunchaku","Oddly Smooth Stone","Dream Catcher"],"acts_visited":["Exordium","TheCity"],"potions_floor_usage":[33],"damage_taken":[{"damage":12.0,"enemies":"2 Louse","floor":1.0,"turns":3.0},{"damage":8.0,"enemies":"Small Slimes","floor":4.0,"turns":3.0},{"damage":0.0,"enemies":"Cultist","floor":5.0,"turns":2.0},{"damage":6.0,"enemies":"Looter","floor":7.0,"turns":2.0},{"damage":22.0,"enemies":"Lagavulin","floor":10.0,"turns":5.0},{"damage":13.0,"enemies":"Gremlin Nob","floor":13.0,"turns":3.0},{"damage":10.0,"enemies":"Exordium Wildlife","floor":14.0,"turns":5.0},{"damage":22.0,"enemies":"Slime Boss","floor":16.0,"turns":10.0},{"damage":12.0,"enemies":"Chosen","floor":18.0,"turns":3.0},{"damage":6.0,"enemies":"3 Byrds","floor":21.0,"turns":5.0},{"damage":43.0,"enemies":"Slavers","floor":23.0,"turns":9.0},{"damage":25.0,"enemies":"Centurion and Healer","floor":25.0,"turns":8.0},{"damage":14.0,"enemies":"Snake Plant","floor":31.0,"turns":4.0},{"damage":58,"enemies":"Collector","floor":33,"turns":7}],"seed_played":"-1237995666763270208","potions_obtained":[{"floor":1.0,"key":"PowerPotion"},{"floor":4.0,"key":"LiquidMemories"},{"floor":13.0,"key":"Explosive Potion"},{"floor":16.0,"key":"Dexterity Potion"},{"floor":18.0,"key":"SpeedPotion"},{"floor":31.0,"key":"DuplicationPotion"}],"is_trial":false,"path_per_floor":["M","$","?","M","M","R","M","R","T","E","?","R","E","M","R","B",null,"M","$","?","M","?","E","R","M","T","$","R","T","R","M","R","B"],"character_chosen":"IRONCLAD","items_purchased":["Fiend Fire","Cleave","Pear"],"campfire_rested":4,"item_purchase_floors":[2,19,27],"current_hp_per_floor":[56,56,49,41,41,41,35,57,57,35,35,57,44,34,56,34,65,53,53,52,55,55,24,41,30,30,40,40,40,40,33,33,0,0],"gold":82,"neow_bonus":"BOSS_RELIC","is_daily":false,"chose_seed":false,"campfire_upgraded":2,"win_rate":0.0,"timestamp":1613903520,"path_taken":["M","$","?","M","M","R","M","R","T","E","?","R","E","M","R","BOSS","M","$","?","M","?","E","R","M","T","$","R","?","R","M","R","BOSS"],"items_purchased_type":["Card","Card","Relic"],"build_version":"2020-12-22","purchased_purges":0,"victory":false,"max_hp_per_floor":[75,75,75,75,75,75,75,75,75,75,75,75,75,75,75,75,75,75,75,52,55,55,59,59,59,59,69,69,69,69,69,69,69,69],"relic_stats":{"Nunchaku":[2],"Dream Catcher":0,"Shovel":2,"counters":[14,69],"Tiny Chest":1,"War Paint":["Defend_R","Defend_R"],"obtain_stats":[{"Lantern":10,"Nunchaku":29,"Dream Catcher":32,"Shovel":23,"Pear":27,"Oddly Smooth Stone":30,"Tiny Chest":9,"War Paint":13,"Frozen Egg 2":26,"Empty Cage":0,"Burning Blood":0,"Runic Pyramid":17},{"Lantern":5,"Nunchaku":12,"Dream Catcher":13,"Shovel":11,"Pear":12,"Oddly Smooth Stone":12,"Tiny Chest":4,"War Paint":6,"Frozen Egg 2":12,"Empty Cage":0,"Burning Blood":0,"Runic Pyramid":8},{"Lantern":15,"Nunchaku":58,"Dream Catcher":62,"Shovel":50,"Pear":58,"Oddly Smooth Stone":58,"Tiny Chest":10,"War Paint":18,"Frozen Egg 2":58,"Empty Cage":0,"Burning Blood":0,"Runic Pyramid":33}]},"card_choices":[{"not_picked":["Disarm","True Grit"],"picked":"Armaments","floor":1.0},{"not_picked":["Sever Soul","Sword Boomerang"],"picked":"Iron Wave","floor":4.0},{"not_picked":["Inflame","Thunderclap"],"picked":"Power Through","floor":5.0},{"not_picked":["Flame Barrier","Shrug It Off"],"picked":"Headbutt","floor":7.0},{"not_picked":["Clothesline","Havoc"],"picked":"Flame Barrier","floor":10.0},{"not_picked":["Heavy Blade","Clothesline","Perfected Strike"],"picked":"SKIP","floor":13.0},{"not_picked":["Heavy Blade","Clothesline","Perfected Strike"],"picked":"SKIP","floor":13.0},{"not_picked":["Combust","Clash"],"picked":"Reckless Charge","floor":14.0},{"not_picked":["Juggernaut","Double Tap"],"picked":"Feed","floor":16.0},{"not_picked":["Clothesline","Clash"],"picked":"Flex","floor":18.0},{"not_picked":["Pommel Strike","Heavy Blade"],"picked":"Intimidate","floor":21.0},{"not_picked":["Sword Boomerang","Power Through","Heavy Blade"],"picked":"SKIP","floor":23.0},{"not_picked":["Rage","Perfected Strike"],"picked":"Metallicize","floor":25.0},{"not_picked":["Cleave","Burning Pact"],"picked":"Sentinel+1","floor":31.0}],"player_experience":765918,"relics_obtained":[{"floor":9.0,"key":"Tiny Chest"},{"floor":10.0,"key":"Lantern"},{"floor":13.0,"key":"War Paint"},{"floor":23.0,"key":"Shovel"},{"floor":26.0,"key":"Frozen Egg 2"},{"floor":29.0,"key":"Nunchaku"},{"floor":30.0,"key":"Oddly Smooth Stone"},{"floor":32.0,"key":"Dream Catcher"}],"event_choices":[{"cards_removed":["Defend_R"],"damage_healed":0.0,"max_hp_gain":0.0,"max_hp_loss":0.0,"gold_gain":0.0,"event_name":"Golden Wing","player_choice":"Card Removal","floor":3.0,"gold_loss":0.0,"damage_taken":7.0},{"damage_healed":0.0,"max_hp_gain":0.0,"max_hp_loss":0.0,"gold_gain":0.0,"cards_transformed":["Defend_R"],"event_name":"Transmorgrifier","player_choice":"Transformed","floor":11.0,"gold_loss":0.0,"damage_taken":0.0,"cards_obtained":["Sword Boomerang"]},{"damage_healed":0.0,"max_hp_gain":0.0,"max_hp_loss":23.0,"gold_gain":0.0,"event_name":"Vampires","player_choice":"Became a vampire","floor":20.0,"gold_loss":0.0,"damage_taken":0.0,"cards_obtained":["Bite","Bite","Bite","Bite","Bite"]},{"damage_healed":0.0,"max_hp_gain":0.0,"max_hp_loss":0.0,"gold_gain":0.0,"event_name":"Ghosts","player_choice":"Ignored","floor":22.0,"gold_loss":0.0,"damage_taken":0.0}],"is_beta":false,"boss_relics":[{"not_picked":["Black Star","Calling Bell"],"picked":"Runic Pyramid"}],"items_purged_floors":[],"is_endless":false,"potions_floor_spawned":[1,4,13,16,18,25,31],"killed_by":"Collector","ascension_level":15}}