{"host":"zsnmfqgcm92hlreo","time":1613889177,"event":{"mods":["AchievementEnabler","BaseMod","Bestiary","Block Reminder","Colored Map","Colored Powertips","Filter the Spire","Minty Spire (QoL Compilation)","Permanent Neow","Quick Restart","Relic Stats","StSLib","Weighted Paths"],"gold_per_floor":[113,130,130,140,157,157,191,191,491,519,531,13,40,50,50,122,122,140,140,140,140,340,372,372,404,429,443,443,461,461,473,473,473,473],"floor_reached":33,"language":"ENG","playtime":1491,"items_purged":["Strike_R"],"score":635,"play_id":"057e835e-5a97-46a1-9996-24f89a025ab9","local_time":"20210221003257","is_ascension_mode":true,"campfire_choices":[{"floor":6.0,"key":"REST"},{"data":"Armaments","floor":8.0,"key":"SMITH"},{"floor":15,"key":"REST"},{"data":"Immolate","floor":24,"key":"SMITH"},{"floor":28,"key":"REST"},{"data":"Flame Barrier","floor":30,"key":"SMITH"},{"floor":32,"key":"REST"}],"circlet_count":0,"master_deck":["AscendersBane","Defend_R","Defend_R","Defend_R","Defend_R","Bash","Dual Wield","Twin Strike","Impervious","Rupture","Armaments+1","Impervious","Feel No Pain","Immolate+1","Blood for Blood+1","Shrug It Off","Burning Pact","Burning Pact","Barricade","Clothesline","Bite","Bite","Bite","Bite","Bite+1","Spot Weakness","Heavy Blade","Flame Barrier+1","Exhume","Disarm"],"relics":["Snecko Eye","Bottled Lightning","Old Coin","Charon\u0027s Ashes","Orrery","White Beast Statue","Thread and Needle","SlaversCollar","Meat on the Bone","Whetstone","Pen Nib","Dream Catcher"],"acts_visited":["Exordium","TheCity"],"potions_floor_usage":[10,16,25],"damage_taken":[{"damage":4.0,"enemies":"Jaw Worm","floor":1.0,"turns":3.0},{"damage":16.0,"enemies":"Small Slimes","floor":2.0,"turns":3.0},{"damage":7.0,"enemies":"Cultist","floor":4.0,"turns":4.0},{"damage":19.0,"enemies":"Exordium Thugs","floor":5.0,"turns":5.0},{"damage":15.0,"enemies":"3 Sentries","floor":7.0,"turns":6.0},{"damage":28,"enemies":"Lagavulin","floor":10,"turns":9},{"damage":3,"enemies":"3 Louse","floor":11,"turns":2},{"damage":8,"enemies":"Gremlin Nob","floor":13,"turns":3},{"damage":0,"enemies":"Red Slaver","floor":14,"turns":3},{"damage":20,"enemies":"Hexaghost","floor":16,"turns":4},{"damage":0,"enemies":"Spheric Guardian","floor":18,"turns":5},{"damage":14,"enemies":"Book of Stabbing","floor":23,"turns":7},{"damage":35,"enemies":"Gremlin Leader","floor":25,"turns":6},{"damage":0,"enemies":"3 Byrds","floor":27,"turns":2},{"damage":0,"enemies":"Cultist and Chosen","floor":29,"turns":6},{"damage":30,"enemies":"Snecko","floor":31,"turns":4},{"damage":101,"enemies":"Automaton","floor":33,"turns":10}],"seed_played":"-270639007742768347","potions_obtained":[{"floor":1.0,"key":"Regen Potion"},{"floor":5.0,"key":"AttackPotion"},{"floor":7.0,"key":"Regen Potion"},{"floor":10,"key":"SteroidPotion"},{"floor":13,"key":"ColorlessPotion"},{"floor":16,"key":"Explosive Potion"},{"floor":23,"key":"FairyPotion"},{"floor":25,"key":"Fruit Juice"},{"floor":27,"key":"ElixirPotion"}],"is_trial":false,"path_per_floor":["M","M","?","M","M","R","E","R","T","E","M","$","E","M","R","B",null,"M","?","?","T","?","E","R","E","T","M","R","M","R","M","R","B"],"character_chosen":"IRONCLAD","items_purchased":["Orrery","White Beast Statue"],"campfire_rested":4,"item_purchase_floors":[12,12],"current_hp_per_floor":[64,48,48,41,22,44,44,44,44,31,28,28,20,20,42,22,62,62,52,52,52,52,38,38,25,25,29,46,54,54,33,50,0,0],"gold":473,"neow_bonus":"BOSS_RELIC","is_daily":false,"chose_seed":false,"campfire_upgraded":3,"win_rate":0.0,"timestamp":1613889177,"path_taken":["M","M","?","M","M","R","E","R","T","E","M","$","E","M","R","BOSS","M","?","?","?","?","E","R","E","T","M","R","M","R","?","R","BOSS"],"items_purchased_type":["Relic","Relic"],"build_version":"2020-12-22","purchased_purges":1,"victory":false,"max_hp_per_floor":[75,75,75,75,75,75,75,75,75,75,75,75,75,75,75,75,75,75,52,52,52,52,52,52,57,57,57,57,57,57,57,57,57,57],"relic_stats":{"Dream Catcher":2,"counters":[17,82],"Snecko Eye":[136,142,139,141],"Charon\u0027s Ashes":[164],"Pen Nib":[3],"Whetstone":["Bite","Blood for Blood"],"obtain_stats":[{"Thread and Needle":13,"Charon\u0027s Ashes":10,"Pen Nib":25,"Whetstone":23,"Burning Blood":0,"White Beast Statue":12,"Old Coin":9,"SlaversCollar":17,"Dream Catcher":26,"Snecko Eye":0,"Orrery":12,"Bottled Lightning":7,"Meat on the Bone":21},{"Thread and Needle":8,"Charon\u0027s Ashes":6,"Pen Nib":13,"Whetstone":12,"Burning Blood":0,"White Beast Statue":7,"Old Coin":5,"SlaversCollar":10,"Dream Catcher":13,"Snecko Eye":0,"Orrery":7,"Bottled Lightning":5,"Meat on the Bone":11},{"Thread and Needle":35,"Charon\u0027s Ashes":30,"Pen Nib":60,"Whetstone":54,"Burning Blood":0,"White Beast Statue":32,"Old Coin":21,"SlaversCollar":42,"Dream Catcher":60,"Snecko Eye":0,"Orrery":32,"Bottled Lightning":21,"Meat on the Bone":47}],"Meat on the Bone":12},"card_choices":[{"not_picked":["Headbutt","Pommel Strike"],"picked":"Dual Wield","floor":1.0},{"not_picked":["Sentinel","Dual Wield"],"picked":"Twin Strike","floor":2.0},{"not_picked":["Twin Strike","Armaments"],"picked":"Impervious","floor":4.0},{"not_picked":["Anger","Metallicize"],"picked":"Rupture","floor":5.0},{"not_picked":["Headbutt","Thunderclap"],"picked":"Armaments","floor":7.0},{"not_picked":["Sever Soul","Dark Embrace"],"picked":"Impervious","floor":10},{"not_picked":["Reckless Charge","Pommel Strike","Anger"],"picked":"SKIP","floor":11},{"not_picked":["Hemokinesis","Twin Strike"],"picked":"Feel No Pain","floor":12},{"not_picked":["Cleave","Burning Pact"],"picked":"Immolate","floor":12},{"not_picked":["Twin Strike","Carnage"],"picked":"Blood for Blood","floor":12},{"not_picked":["Twin Strike","Sword Boomerang"],"picked":"Shrug It Off","floor":12},{"not_picked":["Second Wind","Evolve"],"picked":"Burning Pact","floor":13},{"not_picked":["Headbutt","Twin Strike"],"picked":"Burning Pact","floor":14},{"not_picked":["Brutality","Berserk"],"picked":"Barricade","floor":16},{"not_picked":["Wild Strike","Anger"],"picked":"Clothesline","floor":18},{"not_picked":["True Grit","Clash"],"picked":"Heavy Blade","floor":23},{"not_picked":["Iron Wave+1","Pommel Strike"],"picked":"Flame Barrier","floor":25},{"not_picked":["Headbutt","Iron Wave"],"picked":"Exhume","floor":27},{"not_picked":["Warcry","Headbutt","Havoc"],"picked":"SKIP","floor":29},{"not_picked":["Thunderclap","Iron Wave+1"],"picked":"Disarm","floor":31}],"player_experience":1253198,"relics_obtained":[{"floor":7.0,"key":"Bottled Lightning"},{"floor":9.0,"key":"Old Coin"},{"floor":10,"key":"Charon\u0027s Ashes"},{"floor":13,"key":"Thread and Needle"},{"floor":21,"key":"Meat on the Bone"},{"floor":23,"key":"Whetstone"},{"floor":25,"key":"Pen Nib"},{"floor":26,"key":"Dream Catcher"}],"event_choices":[{"damage_healed":0.0,"max_hp_gain":0.0,"max_hp_loss":0.0,"gold_gain":0.0,"event_name":"Golden Wing","player_choice":"Ignored","floor":3.0,"gold_loss":0.0,"damage_taken":0.0},{"damage_healed":0,"gold_gain":0,"player_choice":"Became a vampire","damage_taken":0,"max_hp_gain":0,"max_hp_loss":23,"event_name":"Vampires","floor":19,"gold_loss":0,"cards_obtained":["Bite","Bite","Bite","Bite","Bite"]},{"damage_healed":0,"gold_gain":0,"player_choice":"Read","damage_taken":0,"max_hp_gain":0,"max_hp_loss":0,"event_name":"The Library","floor":20,"gold_loss":0,"cards_obtained":["Spot Weakness"]},{"damage_healed":0,"gold_gain":200,"player_choice":"Gold","damage_taken":0,"max_hp_gain":0,"max_hp_loss":0,"event_name":"Wheel of Change","floor":22,"gold_loss":0}],"is_beta":false,"boss_relics":[{"not_picked":["Tiny House","Busted Crown"],"picked":"SlaversCollar"}],"items_purged_floors":[12],"is_endless":false,"potions_floor_spawned":[1,5,7,10,13,14,16,18,23,25,27,29,31],"killed_by":"Automaton","ascension_level":20}}