{"host":"lktusdb9orijgc6z","time":1613944268,"event":{"mods":["BaseMod","Bestiary","Colored Map","Colored Powertips","Filter the Spire","Minty Spire (QoL Compilation)","Permanent Neow","Quick Restart","Relic Stats","StSLib","everything is the same but u backflip on backflip","slay the spire mod where everything is the same but ironclad has a cowboy hat"],"gold_per_floor":[119,119,44,59,75,108,108,127,127,138,138,169,187,219,219,293,293,311,311,326,339,9,41,52,81,81,81,113,125,147,190,202,214,214],"floor_reached":33,"language":"ENG","playtime":1690,"items_purged":["Prepared"],"score":694,"play_id":"d3bfe233-ea00-414a-90af-4091c61190a2","local_time":"20210221225108","is_ascension_mode":true,"campfire_choices":[{"data":"Wraith Form v2","floor":7.0,"key":"SMITH"},{"data":"Malaise","floor":15.0,"key":"SMITH"},{"data":"Well Laid Plans","floor":29,"key":"SMITH"},{"floor":32,"key":"REST"}],"circlet_count":0,"master_deck":["AscendersBane","Survivor","Neutralize","Choke","Catalyst","Adrenaline","Predator","Dagger Throw","Adrenaline","Storm of Steel","Wraith Form v2+1","Acrobatics","Masterful Stab","Deadly Poison","Dagger Spray","Malaise+1","Dash","Flying Knee+1","Well Laid Plans+1","Poisoned Stab+1","Endless Agony+1","Corpse Explosion","CurseOfTheBell","Endless Agony+1","Catalyst","Crippling Poison","Crippling Poison+1","Envenom","Poisoned Stab+1","Burst"],"relics":["Pandora\u0027s Box","Tiny Chest","Molten Egg 2","Incense Burner","Art of War","Pocketwatch","Calling Bell","Bag of Preparation","Letter Opener","Lizard Tail","Lee\u0027s Waffle","Centennial Puzzle","Bottled Tornado","Smiling Mask","Akabeko","Bottled Lightning","MawBank","Shuriken"],"acts_visited":["Exordium","TheCity"],"potions_floor_usage":[25,31,31],"damage_taken":[{"damage":0.0,"enemies":"Cultist","floor":1.0,"turns":2.0},{"damage":6.0,"enemies":"Small Slimes","floor":4.0,"turns":2.0},{"damage":7.0,"enemies":"2 Louse","floor":5.0,"turns":2.0},{"damage":11.0,"enemies":"3 Sentries","floor":6.0,"turns":5.0},{"damage":3.0,"enemies":"Looter","floor":8.0,"turns":2.0},{"damage":0.0,"enemies":"3 Louse","floor":10.0,"turns":2.0},{"damage":6.0,"enemies":"Lagavulin","floor":12.0,"turns":7.0},{"damage":0.0,"enemies":"Lots of Slimes","floor":13.0,"turns":2.0},{"damage":1.0,"enemies":"Gremlin Nob","floor":14.0,"turns":3.0},{"damage":6.0,"enemies":"Hexaghost","floor":16.0,"turns":8.0},{"damage":13.0,"enemies":"Shell Parasite","floor":18.0,"turns":3.0},{"damage":1.0,"enemies":"Spheric Guardian","floor":20.0,"turns":4.0},{"damage":11.0,"enemies":"Snecko","floor":21.0,"turns":4.0},{"damage":31.0,"enemies":"Slavers","floor":23.0,"turns":3.0},{"damage":18,"enemies":"Shelled Parasite and Fungi","floor":24,"turns":4},{"damage":22,"enemies":"Gremlin Leader","floor":25,"turns":6},{"damage":13,"enemies":"Slavers","floor":28,"turns":3},{"damage":23,"enemies":"Sentry and Sphere","floor":30,"turns":7},{"damage":3,"enemies":"Book of Stabbing","floor":31,"turns":4},{"damage":31,"enemies":"Champ","floor":33,"turns":6}],"seed_played":"4682707191453650404","potions_obtained":[{"floor":1.0,"key":"Explosive Potion"},{"floor":2.0,"key":"FairyPotion"},{"floor":13.0,"key":"LiquidBronze"},{"floor":18.0,"key":"Dexterity Potion"},{"floor":28,"key":"LiquidBronze"},{"floor":30,"key":"Energy Potion"}],"is_trial":false,"path_per_floor":["M","?","$","M","M","E","R","M","T","M","?","E","M","E","R","B",null,"M","?","M","M","$","E","M","E","T","T","E","R","M","E","R","B"],"character_chosen":"THE_SILENT","items_purchased":["Lee\u0027s Waffle","Centennial Puzzle"],"campfire_rested":1,"item_purchase_floors":[22,22],"current_hp_per_floor":[59,59,59,53,46,35,35,32,32,32,32,26,26,25,25,19,54,41,41,40,29,73,42,24,2,2,2,30,30,7,4,25,0,0],"gold":214,"neow_bonus":"BOSS_RELIC","is_daily":false,"chose_seed":false,"campfire_upgraded":3,"win_rate":0.0,"timestamp":1613944268,"path_taken":["M","?","$","M","M","E","R","M","T","?","?","E","M","E","R","BOSS","M","?","M","M","$","E","M","E","T","?","E","R","M","E","R","BOSS"],"items_purchased_type":["Relic","Relic"],"build_version":"2020-12-22","purchased_purges":1,"victory":false,"max_hp_per_floor":[66,66,66,66,66,66,66,66,66,66,66,66,66,66,66,66,66,66,66,66,66,73,73,73,73,73,73,73,73,73,73,73,73,73],"relic_stats":{"Lee\u0027s Waffle":44,"counters":[20,79],"Bag of Preparation":[21],"Letter Opener":[73],"Smiling Mask":0,"MawBank":60,"Lizard Tail":36,"Centennial Puzzle":[23],"Shuriken":[3],"Pandora\u0027s Box":["Choke","Catalyst","Adrenaline","Predator","Dagger Throw","Prepared","Adrenaline","Storm of Steel","Wraith Form v2","Acrobatics"],"Tiny Chest":1,"Art of War":[7],"obtain_stats":[{"Lee\u0027s Waffle":22,"Incense Burner":11,"Bag of Preparation":17,"Letter Opener":17,"Bottled Tornado":23,"Smiling Mask":25,"MawBank":28,"Akabeko":26,"Calling Bell":17,"Lizard Tail":17,"Centennial Puzzle":22,"Shuriken":31,"Pandora\u0027s Box":0,"Tiny Chest":6,"Molten Egg 2":9,"Art of War":12,"Bottled Lightning":27,"Ring of the Snake":0,"Pocketwatch":14},{"Lee\u0027s Waffle":13,"Incense Burner":6,"Bag of Preparation":10,"Letter Opener":10,"Bottled Tornado":14,"Smiling Mask":16,"MawBank":17,"Akabeko":16,"Calling Bell":10,"Lizard Tail":10,"Centennial Puzzle":13,"Shuriken":19,"Pandora\u0027s Box":0,"Tiny Chest":4,"Molten Egg 2":5,"Art of War":7,"Bottled Lightning":16,"Ring of the Snake":0,"Pocketwatch":9},{"Lee\u0027s Waffle":46,"Incense Burner":15,"Bag of Preparation":35,"Letter Opener":35,"Bottled Tornado":49,"Smiling Mask":59,"MawBank":62,"Akabeko":59,"Calling Bell":35,"Lizard Tail":35,"Centennial Puzzle":46,"Shuriken":73,"Pandora\u0027s Box":0,"Tiny Chest":11,"Molten Egg 2":13,"Art of War":22,"Bottled Lightning":59,"Ring of the Snake":0,"Pocketwatch":27}],"Pocketwatch":[32]},"card_choices":[{"not_picked":["Distraction","Deflect"],"picked":"Masterful Stab","floor":1.0},{"not_picked":["Skewer","Endless Agony"],"picked":"Deadly Poison","floor":4.0},{"not_picked":["PiercingWail","Backflip"],"picked":"Dagger Spray","floor":5.0},{"not_picked":["Expertise","Slice"],"picked":"Malaise","floor":6.0},{"not_picked":["Setup","Footwork"],"picked":"Dash","floor":8.0},{"not_picked":["PiercingWail","Blade Dance"],"picked":"Flying Knee+1","floor":10.0},{"not_picked":["Underhanded Strike+1","Riddle With Holes+1"],"picked":"Well Laid Plans","floor":12.0},{"not_picked":["Deadly Poison","Flying Knee+1"],"picked":"Poisoned Stab+1","floor":13.0},{"not_picked":["Footwork","Unload+1"],"picked":"Endless Agony+1","floor":14.0},{"not_picked":["Die Die Die+1","Tools of the Trade"],"picked":"Corpse Explosion","floor":16.0},{"not_picked":["Cloak And Dagger","Prepared"],"picked":"Endless Agony+1","floor":18.0},{"not_picked":["Masterful Stab+1","Dodge and Roll"],"picked":"Crippling Poison","floor":20.0},{"not_picked":["Deadly Poison","All Out Attack+1"],"picked":"Crippling Poison+1","floor":21.0},{"not_picked":["Dagger Spray+1","Flechettes+1"],"picked":"Envenom","floor":23},{"not_picked":["Eviscerate+1","Prepared","Flying Knee+1"],"picked":"SKIP","floor":24},{"not_picked":["Sucker Punch+1","Dodge and Roll","Acrobatics"],"picked":"SKIP","floor":25},{"not_picked":["Distraction","Quick Slash+1","Underhanded Strike+1"],"picked":"SKIP","floor":28},{"not_picked":["Eviscerate+1","Prepared"],"picked":"Poisoned Stab+1","floor":30},{"not_picked":["Choke+1","Deadly Poison"],"picked":"Burst","floor":31}],"player_experience":805769,"relics_obtained":[{"floor":6.0,"key":"Tiny Chest"},{"floor":9.0,"key":"Molten Egg 2"},{"floor":12.0,"key":"Art of War"},{"floor":14.0,"key":"Pocketwatch"},{"floor":17.0,"key":"Bag of Preparation"},{"floor":17.0,"key":"Letter Opener"},{"floor":17.0,"key":"Lizard Tail"},{"floor":23,"key":"Bottled Tornado"},{"floor":25,"key":"Smiling Mask"},{"floor":26,"key":"Akabeko"},{"floor":27,"key":"Bottled Lightning"},{"floor":28,"key":"MawBank"},{"floor":31,"key":"Shuriken"}],"event_choices":[{"damage_healed":0.0,"max_hp_gain":0.0,"max_hp_loss":0.0,"gold_gain":0.0,"event_name":"Lab","player_choice":"Got Potions","floor":2.0,"gold_loss":0.0,"damage_taken":0.0},{"damage_healed":0.0,"max_hp_gain":0.0,"max_hp_loss":0.0,"gold_gain":0.0,"event_name":"WeMeetAgain","player_choice":"Gave Potion","floor":11.0,"gold_loss":0.0,"damage_taken":0.0,"relics_obtained":["Incense Burner"]},{"damage_healed":0.0,"max_hp_gain":0.0,"max_hp_loss":0.0,"gold_gain":0.0,"event_name":"The Library","player_choice":"Read","floor":19.0,"gold_loss":0.0,"damage_taken":0.0,"cards_obtained":["Catalyst"]}],"is_beta":false,"boss_relics":[{"not_picked":["Tiny House","Busted Crown"],"picked":"Calling Bell"}],"items_purged_floors":[3],"is_endless":false,"potions_floor_spawned":[1,10,13,16,18,28,30],"killed_by":"Champ","ascension_level":20}}