{"host":"anox4050deqdcqoh","time":1613943708,"event":{"mods":["BaseMod","Colored Map","Displayed Cursed Tome","Highlight Path","Minty Spire (QoL Compilation)","Quick Restart","Rare Cards Sparkle","everything is the same but u backflip on backflip"],"gold_per_floor":[119,130,198,214,229,229,256,256,256,281,281,179,179,198,198,299,299,311,322,332,349,359,359,359,359],"floor_reached":24,"language":"ENG","playtime":1566,"items_purged":["Strike_B"],"score":252,"play_id":"e2f45b57-3f3c-4d31-92b6-e213da11d9af","local_time":"20210221164148","is_ascension_mode":true,"campfire_choices":[{"data":"Streamline","floor":6,"key":"SMITH"},{"data":"Chaos","floor":11,"key":"SMITH"},{"data":"Defragment","floor":13,"key":"SMITH"},{"floor":15,"key":"REST"},{"floor":23,"key":"REST"}],"circlet_count":0,"master_deck":["Strike_B","Strike_B","Strike_B","Defend_B","Defend_B","Defend_B","Defend_B","Zap+1","Dualcast+1","Go for the Eyes","Streamline+1","Seek","BootSequence","Defragment+1","Chaos+1","Ball Lightning","Doom and Gloom","Core Surge","Static Discharge","Heatsinks+1","Skim","Ball Lightning","Reinforced Body"],"relics":["Cracked Core","Ice Cream","Gambling Chip","Peace Pipe","Cursed Key"],"acts_visited":["Exordium","TheCity"],"potions_floor_usage":[7,21,22,22],"damage_taken":[{"damage":0,"enemies":"Small Slimes","floor":1,"turns":3},{"damage":4,"enemies":"Jaw Worm","floor":2,"turns":2},{"damage":1,"enemies":"Cultist","floor":4,"turns":3},{"damage":0,"enemies":"2 Fungi Beasts","floor":5,"turns":2},{"damage":14,"enemies":"Gremlin Nob","floor":7,"turns":4},{"damage":15,"enemies":"Lagavulin","floor":10,"turns":6},{"damage":0,"enemies":"Blue Slaver","floor":14,"turns":2},{"damage":35,"enemies":"Hexaghost","floor":16,"turns":8},{"damage":9,"enemies":"3 Byrds","floor":18,"turns":4},{"damage":6,"enemies":"Spheric Guardian","floor":19,"turns":3},{"damage":17,"enemies":"Snake Plant","floor":20,"turns":3},{"damage":33,"enemies":"Centurion and Healer","floor":21,"turns":4},{"damage":5,"enemies":"Cultist and Chosen","floor":22,"turns":4},{"damage":28,"enemies":"Book of Stabbing","floor":24,"turns":3}],"seed_played":"-148841755757040645","potions_obtained":[{"floor":5,"key":"Swift Potion"},{"floor":10,"key":"FocusPotion"},{"floor":18,"key":"Dexterity Potion"},{"floor":19,"key":"Explosive Potion"},{"floor":20,"key":"AttackPotion"}],"is_trial":false,"path_per_floor":["M","M","?","M","M","R","E","?","T","E","R","$","R","M","R","B",null,"M","M","M","M","M","R","E"],"character_chosen":"DEFECT","items_purchased":["Ball Lightning"],"campfire_rested":2,"item_purchase_floors":[12],"current_hp_per_floor":[75,71,71,70,70,70,56,56,56,41,41,41,41,41,63,28,75,66,60,43,10,5,27,0,0],"gold":359,"neow_bonus":"UPGRADE_CARD","is_daily":false,"chose_seed":false,"campfire_upgraded":3,"win_rate":0.0,"timestamp":1613943708,"path_taken":["M","M","?","M","M","R","E","?","T","E","R","$","R","M","R","BOSS","M","?","M","M","M","R","E"],"items_purchased_type":["Card"],"build_version":"2020-12-22","purchased_purges":1,"victory":false,"max_hp_per_floor":[75,75,75,75,75,75,75,75,75,75,75,75,75,75,75,75,75,75,75,75,75,75,75,75,75],"card_choices":[{"not_picked":["Compile Driver","Blizzard"],"picked":"Go for the Eyes","floor":1},{"not_picked":["Compile Driver","Conserve Battery"],"picked":"Streamline","floor":2},{"not_picked":["Streamline","Steam"],"picked":"Seek","floor":4},{"not_picked":["Capacitor","Blizzard"],"picked":"BootSequence","floor":5},{"not_picked":["Doom and Gloom","Loop"],"picked":"Defragment","floor":7},{"not_picked":["Conserve Battery","Auto Shields"],"picked":"Chaos","floor":10},{"not_picked":["Steam Power","Turbo"],"picked":"Doom and Gloom","floor":14},{"not_picked":["Biased Cognition","Hyperbeam"],"picked":"Core Surge","floor":16},{"not_picked":["Streamline+1","Stack"],"picked":"Static Discharge","floor":18},{"not_picked":["Static Discharge","Turbo+1"],"picked":"Heatsinks+1","floor":19},{"not_picked":["Streamline","Fission"],"picked":"Skim","floor":20},{"not_picked":["Gash","Skim"],"picked":"Ball Lightning","floor":21},{"not_picked":["Steam Power+1","Hello World"],"picked":"Reinforced Body","floor":22}],"player_experience":491583,"relics_obtained":[{"floor":7,"key":"Ice Cream"},{"floor":9,"key":"Gambling Chip"},{"floor":10,"key":"Peace Pipe"}],"event_choices":[{"damage_healed":0,"gold_gain":68,"player_choice":"Gained Gold","damage_taken":0,"max_hp_gain":0,"max_hp_loss":0,"event_name":"Golden Wing","floor":3,"gold_loss":0},{"damage_healed":0,"gold_gain":0,"player_choice":"Upgraded","damage_taken":0,"max_hp_gain":0,"max_hp_loss":0,"event_name":"Upgrade Shrine","floor":8,"gold_loss":0,"cards_upgraded":["Dualcast"]}],"is_beta":false,"boss_relics":[{"not_picked":["SacredBark","Empty Cage"],"picked":"Cursed Key"}],"items_purged_floors":[12],"is_endless":false,"potions_floor_spawned":[5,10,18,19,20],"killed_by":"Book of Stabbing","ascension_level":4}}