{"host":"ow66nzv2xecjoor3","time":1613899251,"event":{"mods":["BaseMod","Bestiary","Block Reminder","Colored Powertips","Curses Come First","Highlight Path","Keyboard Shortcuts","Minty Spire (QoL Compilation)","Permanent Neow","Relic Stats","StSLib","UnlockEverythingMod"],"gold_per_floor":[112,112,124,143,143,143,143],"floor_reached":6,"language":"ENG","playtime":160,"items_purged":[],"score":72,"play_id":"bee92de2-50df-4bb5-a8c5-1dbc396d02f5","local_time":"20210221032051","is_ascension_mode":true,"campfire_choices":[],"circlet_count":0,"master_deck":["AscendersBane","Strike_P","Strike_P","Strike_P","Strike_P","Defend_P","Defend_P","Defend_P","Defend_P","Eruption","Vigilance","DeusExMachina","WindmillStrike","CutThroughFate","Consecrate"],"relics":["PureWater","Strawberry","Golden Idol"],"acts_visited":["Exordium"],"potions_floor_usage":[],"damage_taken":[{"damage":0.0,"enemies":"Jaw Worm","floor":1.0,"turns":2.0},{"damage":6.0,"enemies":"Small Slimes","floor":3.0,"turns":4.0},{"damage":9.0,"enemies":"2 Louse","floor":4.0,"turns":3.0},{"damage":27,"enemies":"3 Sentries","floor":6,"turns":6}],"seed_played":"-4841422411784790119","potions_obtained":[{"floor":1.0,"key":"Ancient Potion"}],"is_trial":false,"path_per_floor":["M","?","M","M","?","E"],"character_chosen":"WATCHER","items_purchased":[],"campfire_rested":0,"item_purchase_floors":[],"current_hp_per_floor":[61,42,36,27,27,0,0],"gold":143,"neow_bonus":"ONE_RANDOM_RARE_CARD","is_daily":false,"chose_seed":false,"campfire_upgraded":0,"win_rate":0.0,"timestamp":1613899251,"path_taken":["M","?","M","M","?","E"],"items_purchased_type":[],"build_version":"2020-12-22","purchased_purges":0,"victory":false,"max_hp_per_floor":[68,75,75,75,68,68,68],"relic_stats":{"counters":[4,15],"Golden Idol":0,"obtain_stats":[{"Golden Idol":5,"Strawberry":2,"PureWater":0},{"Golden Idol":3,"Strawberry":1,"PureWater":0},{"Golden Idol":9,"Strawberry":2,"PureWater":0}]},"card_choices":[{"not_picked":["WreathOfFlame","SashWhip"],"picked":"WindmillStrike","floor":1.0},{"not_picked":["FollowUp","EmptyFist"],"picked":"CutThroughFate","floor":3.0},{"not_picked":["Wireheading","PathToVictory"],"picked":"Consecrate","floor":4.0}],"player_experience":2925232,"relics_obtained":[],"event_choices":[{"damage_healed":0.0,"max_hp_gain":0.0,"max_hp_loss":0.0,"gold_gain":0.0,"event_name":"Scrap Ooze","player_choice":"Success","floor":2.0,"gold_loss":0.0,"damage_taken":26.0,"relics_obtained":["Strawberry"]},{"damage_healed":0.0,"max_hp_gain":0.0,"max_hp_loss":7.0,"gold_gain":0.0,"event_name":"Golden Idol","player_choice":"Lose Max HP","floor":5.0,"gold_loss":0.0,"damage_taken":0.0,"relics_obtained":["Golden Idol"]}],"is_beta":false,"boss_relics":[],"items_purged_floors":[],"is_endless":false,"potions_floor_spawned":[1],"killed_by":"3 Sentries","ascension_level":20}}