{"host":"p2ps6s9o3p66sm0r","time":1613912955,"event":{"mods":["BaseMod","Downfall","Hermit","Minty Spire (QoL Compilation)","Replay The Spire","StSLib","The Cursed","The Servant 0.9.4"],"gold_per_floor":[99,99,114,125,125,136,136,148,148,148,148,161,180,206,216,317,317,317,335,351,366,466,466,490,490,501,513,526,526,526,526],"floor_reached":29,"language":"ENG","playtime":2833,"items_purged":[],"score":256,"play_id":"939b93ca-3a80-49f7-8367-670ef8d0f057","local_time":"20210221080915","is_ascension_mode":false,"campfire_choices":[{"data":"Guardian:CurlUp","floor":1,"key":"SMITH"},{"floor":9,"key":"REST"},{"data":"Guardian:SentryBeam","floor":11,"key":"SMITH"},{"data":"Guardian:Clone","floor":18,"key":"SMITH"}],"circlet_count":0,"master_deck":["Guardian:Strike_Guardian","Guardian:Strike_Guardian","Guardian:Strike_Guardian","Guardian:Strike_Guardian","Guardian:Defend_Guardian","Guardian:Defend_Guardian","Guardian:Defend_Guardian","Guardian:Defend_Guardian","Guardian:CurlUp+1","Guardian:TwinSlam","Guardian:Clone+1","Guardian:SentryBeam+1","Guardian:ExploitGems","Guardian:PiercingHide","Guardian:AncientConstruct","Guardian:TemporalShield","Guardian:Recover","Guardian:Gem_Lightblue","Guardian:TemporalStrike+1","Pride","Guardian:WalkerClaw","Guardian:ShieldCharger","Guardian:Gem_Red"],"relics":["Guardian:ModeShifter","Replay:Bottled Snecko","Quantum Egg","Turnip","Runic Pyramid","ReplayTheSpireMod:Ninjato","Boot"],"acts_visited":["Exordium","TheCity"],"potions_floor_usage":[14,16,16,21,28,28,28],"damage_taken":[{"damage":5,"enemies":"2 Louse","floor":3,"turns":3},{"damage":4,"enemies":"Cultist","floor":4,"turns":5},{"damage":6,"enemies":"Jaw Worm","floor":6,"turns":4},{"damage":21,"enemies":"Gremlin Gang","floor":8,"turns":7},{"damage":0,"enemies":"Exordium Wildlife","floor":12,"turns":4},{"damage":7,"enemies":"Blue Slaver","floor":13,"turns":5},{"damage":0,"enemies":"Lagavulin","floor":14,"turns":8},{"damage":6,"enemies":"3 Louse","floor":15,"turns":3},{"damage":24,"enemies":"DF_ARCHETYPE_STREAMLINE","floor":16,"turns":14},{"damage":17,"enemies":"downfall:LooterAlt2","floor":19,"turns":6},{"damage":0,"enemies":"Spheric Guardian","floor":20,"turns":5},{"damage":12,"enemies":"Shelled Parasite and Fungi","floor":21,"turns":6},{"damage":27,"enemies":"Cultist and Chosen","floor":26,"turns":8},{"damage":16,"enemies":"Chosen and Byrds","floor":27,"turns":7},{"damage":11,"enemies":"Snecko","floor":28,"turns":11},{"damage":10,"enemies":"Centurion and Healer","floor":29,"turns":1}],"seed_played":"883957757769624620","potions_obtained":[{"floor":3,"key":"Block Potion"},{"floor":12,"key":"BlessingOfTheForge"},{"floor":13,"key":"AttackPotion"},{"floor":14,"key":"ColorlessPotion"},{"floor":19,"key":"Explosive Potion"},{"floor":21,"key":"Adrenaline Potion"},{"floor":26,"key":"Weak Potion"}],"is_trial":false,"path_per_floor":["R","?","M","M","?","M","T","M","R","?","R","M","M","E","M","B",null,"R","M","M","M","?","?","T","T","M","M","M","M"],"character_chosen":"GUARDIAN","items_purchased":[],"campfire_rested":1,"item_purchase_floors":[],"current_hp_per_floor":[88,81,76,72,77,71,71,50,76,76,76,76,69,69,63,39,88,88,71,71,59,59,59,59,59,32,16,5,0,0,0],"gold":526,"neow_bonus":"TEN_PERCENT_HP_BONUS","is_daily":false,"chose_seed":false,"campfire_upgraded":3,"win_rate":0.0,"timestamp":1613912955,"path_taken":["R","?","M","M","?","M","T","?","R","?","R","?","M","E","M","BOSS","R","M","M","M","?","?","T","?","M","?","M","M"],"items_purchased_type":[],"build_version":"2020-12-22","purchased_purges":0,"victory":false,"max_hp_per_floor":[88,88,88,88,88,88,88,88,88,88,88,88,88,88,88,88,88,88,88,88,88,88,88,88,88,88,88,88,88,88,88],"card_choices":[{"not_picked":["Guardian:TemporalStrike","Guardian:VentSteam"],"picked":"Guardian:Gem_Cyan","floor":3},{"not_picked":["Guardian:ChargeCore","Guardian:Gem_Cyan"],"picked":"Guardian:PrimingBeam","floor":4},{"not_picked":["Guardian:TemporalStrike","Guardian:Gem_Fragmented"],"picked":"Guardian:Clone","floor":6},{"not_picked":["Guardian:ChargeCore","Guardian:Gem_Green"],"picked":"Guardian:SentryBeam","floor":8},{"not_picked":["Guardian:PrismaticBarrier","Guardian:TemporalShield"],"picked":"Guardian:PiercingHide","floor":12},{"not_picked":["Guardian:ChargeCore","Guardian:Planning"],"picked":"Guardian:Gem_Fragmented","floor":13},{"not_picked":["Guardian:FloatingOrbs","Guardian:TimeBomb"],"picked":"Guardian:AncientConstruct","floor":14},{"not_picked":["Guardian:Reroute","Guardian:VentSteam"],"picked":"Guardian:TemporalShield","floor":15},{"not_picked":["Guardian:RevengeProtocol","Guardian:SphericShield"],"picked":"Guardian:Gem_Orange","floor":16},{"not_picked":["Guardian:Planning","Guardian:BronzeOrb"],"picked":"Guardian:Recover","floor":19},{"not_picked":["Guardian:CrystalBeam","Guardian:Gem_Fragmented"],"picked":"Guardian:Gem_Lightblue","floor":20},{"not_picked":["Guardian:ChargeCore","Guardian:Preprogram"],"picked":"Guardian:TemporalStrike+1","floor":21},{"not_picked":["Guardian:TemporalStrike","Guardian:VentSteam"],"picked":"Guardian:WalkerClaw","floor":26},{"not_picked":["Guardian:Recover","Guardian:WalkerClaw"],"picked":"Guardian:ShieldCharger","floor":27},{"not_picked":["Guardian:CrystalBeam+1","Guardian:VentSteam"],"picked":"Guardian:Gem_Red","floor":28}],"player_experience":189774,"relics_obtained":[{"floor":7,"key":"Quantum Egg"},{"floor":14,"key":"Turnip"},{"floor":24,"key":"Boot"}],"event_choices":[{"damage_healed":0,"gold_gain":0,"player_choice":"Success","damage_taken":7,"relics_obtained":["Replay:Bottled Snecko"],"max_hp_gain":0,"max_hp_loss":0,"event_name":"Scrap Ooze","floor":2,"gold_loss":0},{"cards_removed":["Guardian:PrimingBeam"],"damage_healed":5,"gold_gain":0,"player_choice":"Offered Common","damage_taken":0,"max_hp_gain":0,"max_hp_loss":0,"event_name":"Bonfire Elementals","floor":5,"gold_loss":0},{"cards_removed":["Guardian:PrimingBeam"],"damage_healed":5,"gold_gain":0,"player_choice":"Offered Special","damage_taken":0,"max_hp_gain":0,"max_hp_loss":0,"event_name":"Bonfire Elementals","floor":5,"gold_loss":0},{"damage_healed":0,"gold_gain":0,"player_choice":"Stole Relic","damage_taken":0,"relics_obtained":["ReplayTheSpireMod:Ninjato"],"max_hp_gain":0,"max_hp_loss":0,"event_name":"Addict","floor":23,"gold_loss":0,"cards_obtained":["Pride"]}],"is_beta":false,"boss_relics":[{"not_picked":["Pandora\u0027s Box","Replay:Drink Me"],"picked":"Runic Pyramid"}],"items_purged_floors":[],"is_endless":false,"potions_floor_spawned":[3,12,13,14,19,21,26],"killed_by":"Centurion and Healer","ascension_level":0}}