{"host":"ij84le5dz5iaw1mq","time":1613919505,"event":{"mods":["AchievementEnabler","BaseMod","Better Altar","Better Match","Better Note","Better Sensory Stone","Better Skull","Better Third Choice","BetterRewards","Colored Map","Colored Powertips","DeckTracker","Hermit","Hubris","Infinite Spire","Minty Spire (QoL Compilation)","Permanent Neow","Quick Restart","Rare Cards Sparkle","Replay The Spire","Shop Mod","Somnambulant","StSLib","The Cursed","The Disciple","The Elementalist","The Runesmith","The Spell Scribe"],"gold_per_floor":[119,134,148,163,238,238,267,317,342,342,428,447,460,474,474,577,577,588,603,603,616,728,728,728,728],"floor_reached":24,"language":"ENG","playtime":2443,"items_purged":["Runesmith:Strike_RS"],"score":200,"play_id":"9b703736-cb6e-484e-b2c1-89e2a1967141","local_time":"20210221095825","is_ascension_mode":false,"campfire_choices":[{"data":"Runesmith:Fortify","floor":6,"key":"SMITH"},{"data":"Runesmith:Empowerment","floor":10,"key":"SMITH"},{"floor":15,"key":"REST"},{"data":"Runesmith:Permafrost","floor":23,"key":"SMITH"}],"circlet_count":0,"master_deck":["Runesmith:Strike_RS","Runesmith:Strike_RS","Runesmith:Strike_RS","Runesmith:Defend_RS","Runesmith:Defend_RS","Runesmith:Defend_RS","Runesmith:Defend_RS","Runesmith:CraftFirestone+1","Runesmith:Fortify+1","Runesmith:RuneHurl","Runesmith:CraftProtectio","Runesmith:Empowerment+1","Runesmith:CraftProtectio","Runesmith:EarthShield","Runesmith:Prism","Runesmith:Permafrost+1","Runesmith:CraftMagma","Runesmith:ChiselStab","Runesmith:Supernova","Runesmith:LithiumIon","Runesmith:PerfectChisel","Runesmith:FrozenChisel+1"],"relics":["Runesmith:BrokenRuby","infinitespire:Beetle Shell","Anchor","hubris:Metronome"],"acts_visited":["Exordium","TheCity"],"potions_floor_usage":[16,16,18],"damage_taken":[{"damage":0,"enemies":"Small Slimes","floor":1,"turns":4},{"damage":0,"enemies":"2 Louse","floor":2,"turns":2},{"damage":0,"enemies":"Jaw Worm","floor":3,"turns":3},{"damage":4,"enemies":"2 Fungi Beasts","floor":4,"turns":3},{"damage":15,"enemies":"Lagavulin","floor":7,"turns":7},{"damage":0,"enemies":"Exordium Wildlife","floor":12,"turns":5},{"damage":0,"enemies":"Looter","floor":13,"turns":5},{"damage":2,"enemies":"Blue Slaver","floor":14,"turns":4},{"damage":26,"enemies":"Fading Forest","floor":16,"turns":11},{"damage":15,"enemies":"Spheric Guardian","floor":18,"turns":6},{"damage":0,"enemies":"Shell Parasite","floor":19,"turns":6},{"damage":0,"enemies":"Centurion and Healer","floor":21,"turns":11},{"damage":53,"enemies":"Gremlin Leader","floor":24,"turns":4}],"seed_played":"-3805465327303655936","potions_obtained":[{"floor":2,"key":"SteroidPotion"},{"floor":7,"key":"EssenceOfSteel"},{"floor":13,"key":"Cursed Concoction"},{"floor":14,"key":"Energy Potion"},{"floor":16,"key":"Toxic Potion"}],"is_trial":false,"path_per_floor":["M","M","M","M","?","R","E","?","T","R","?","M","M","M","R","B",null,"M","M","AVR","M","?","R","E"],"character_chosen":"RUNESMITH_CLASS","items_purchased":[],"campfire_rested":1,"item_purchase_floors":[],"current_hp_per_floor":[70,70,70,66,55,55,40,40,40,40,12,12,12,10,31,15,70,55,55,55,55,48,48,0,0],"gold":728,"neow_bonus":"UPGRADE_CARD","is_daily":false,"chose_seed":false,"campfire_upgraded":3,"win_rate":0.0,"timestamp":1613919505,"path_taken":["M","M","M","M","?","R","E","?","T","R","?","M","M","M","R","BOSS","M","M","AVR","M","?","R","E"],"items_purchased_type":[],"build_version":"2020-12-22","purchased_purges":1,"victory":false,"max_hp_per_floor":[70,70,70,70,70,70,70,70,70,70,70,70,70,70,70,70,70,70,70,70,70,70,70,70,70],"card_choices":[{"not_picked":["Runesmith:StaticCage","Runesmith:ChiselStab"],"picked":"Runesmith:RuneHurl","floor":1},{"not_picked":["Runesmith:StaticCage","Runesmith:Refine"],"picked":"Runesmith:CraftProtectio","floor":2},{"not_picked":["Runesmith:Overpower","Runesmith:OneForEveryone","Runesmith:MakeshiftArmor"],"picked":"SKIP","floor":3},{"not_picked":["Runesmith:Grindstone","Runesmith:UnstableHammer"],"picked":"Runesmith:Empowerment","floor":4},{"not_picked":["Runesmith:Malloc","Runesmith:GenerateForcefield"],"picked":"Runesmith:CraftProtectio","floor":7},{"not_picked":["Runesmith:HeatedChisel","Runesmith:Empowerment"],"picked":"Runesmith:EarthShield","floor":11},{"not_picked":["Runesmith:Malloc","Runesmith:CraftObretio"],"picked":"Runesmith:Prism","floor":11},{"not_picked":["Runesmith:ShiftingStrike","Runesmith:FieryHammer"],"picked":"Runesmith:Permafrost","floor":11},{"not_picked":["Runesmith:Overpower","Runesmith:EnergizedChisel"],"picked":"Runesmith:CraftMagma","floor":12},{"not_picked":["Runesmith:MakeshiftArmor","Runesmith:ShiftingStrike","Runesmith:DoubleUp"],"picked":"SKIP","floor":13},{"not_picked":["Runesmith:Overpower","Runesmith:CraftMagma"],"picked":"Runesmith:ChiselStab","floor":14},{"not_picked":["Runesmith:MetallurgicalResearch","Runesmith:CraftPrismatica"],"picked":"Runesmith:Supernova","floor":16},{"not_picked":["Runesmith:CraftIncendium","Runesmith:UnstableHammer"],"picked":"Runesmith:LithiumIon","floor":18},{"not_picked":["Runesmith:PoweredAnvil+1","Runesmith:Overpower"],"picked":"Runesmith:PerfectChisel","floor":19},{"not_picked":["Runesmith:Augment","Runesmith:BackupBattery"],"picked":"Runesmith:FrozenChisel+1","floor":21}],"player_experience":148468,"relics_obtained":[{"floor":7,"key":"infinitespire:Beetle Shell"},{"floor":9,"key":"Anchor"}],"event_choices":[{"damage_healed":0,"gold_gain":75,"player_choice":"Gold","damage_taken":11,"max_hp_gain":0,"max_hp_loss":0,"event_name":"betterThird:BetterGoop","floor":5,"gold_loss":0},{"damage_healed":0,"gold_gain":112,"player_choice":"GO ","damage_taken":8,"relics_obtained":[],"max_hp_gain":0,"max_hp_loss":0,"event_name":"betterSkull:BetterSkull","floor":22,"gold_loss":0,"cards_upgraded":[]}],"is_beta":false,"boss_relics":[{"not_picked":["Honey Jar","Replay:Drink Me","Fusion Hammer"]}],"items_purged_floors":[20],"is_endless":false,"potions_floor_spawned":[2,7,13,14,16],"killed_by":"Gremlin Leader","ascension_level":0}}