{"host":"8i6urbfw19gmz7qf","time":1613894029,"event":{"mods":["AchievementEnabler","Aspiration","BaseMod","Colored Map","Conspire","Energized Spire","Friendly Minions","Halation","Hermit","Highlight Path","Hubris","Minty Spire (QoL Compilation)","Quick Restart","READ ME - Snecko Mod","Random Character Button","Replay The Spire","Robot Space Explorer","StSLib","Synergy Search","The Cursed","The Jungle","The Marked","The Necromancer"],"gold_per_floor":[116,126,126,142,157,157,171,171,171,171,196,196,212,223,223,320,320,335,135,155,182,209,209,236,243,243],"floor_reached":25,"language":"ENG","playtime":1770,"items_purged":[],"score":199,"play_id":"f855b2d2-e070-4bce-ad42-e19220afd955","local_time":"20210220235349","is_ascension_mode":false,"campfire_choices":[{"floor":6,"key":"REST"},{"floor":8,"key":"REST"},{"floor":12,"key":"REST"},{"floor":15,"key":"DIG"},{"floor":23,"key":"REST"}],"circlet_count":0,"master_deck":["hermit:Strike_Hermit","hermit:Strike_Hermit","hermit:Strike_Hermit","hermit:Strike_Hermit","hermit:Defend_Hermit","hermit:Defend_Hermit","hermit:Defend_Hermit","hermit:Defend_Hermit","hermit:Snapshot","hermit:Covet","Mayhem","hermit:TakeCover","hermit:Enervate","hermit:LowProfile","hermit:TakeAim","hermit:HighCaliber","hermit:EyeOfTheStorm","Sickly","hermit:Quickdraw","hermit:Brawl","hermit:BlackWind","hermit:Scavenge+1","hermit:Spite","hermit:Spite","hermit:Brawl","hermit:GoldenBullet","hermit:Shortfuse","hermit:Misfire"],"relics":["hermit:Momento","Iron Hammer","ReplayTheSpireMod:Ring of Collecting","Ring of Hypnosis","Bag of Preparation","Bottled Flame","hubris:ScarierMask","Chemical X"],"acts_visited":["Exordium","TheCity"],"potions_floor_usage":[16,16,16,25,25],"damage_taken":[{"damage":14.0,"enemies":"Jaw Worm","floor":1.0,"turns":4.0},{"damage":4.0,"enemies":"Cultist","floor":2.0,"turns":4.0},{"damage":7,"enemies":"2 Louse","floor":4,"turns":4},{"damage":20,"enemies":"Exordium Wildlife","floor":5,"turns":9},{"damage":22,"enemies":"Looter","floor":7,"turns":4},{"damage":8,"enemies":"Blue Slaver","floor":13,"turns":4},{"damage":2,"enemies":"Lots of Slimes","floor":14,"turns":5},{"damage":24,"enemies":"Hexaghost","floor":16,"turns":9},{"damage":3,"enemies":"conspire:FuzzyDice","floor":18,"turns":4},{"damage":28,"enemies":"Spheric Guardian","floor":20,"turns":7},{"damage":9,"enemies":"Snake Plant","floor":21,"turns":4},{"damage":5,"enemies":"Centurion and Healer","floor":22,"turns":4},{"damage":30,"enemies":"Shelled Parasite and Fungi","floor":24,"turns":7},{"damage":16,"enemies":"conspire:MimicChest","floor":25,"turns":2}],"seed_played":"8283220212912748323","potions_obtained":[{"floor":1.0,"key":"GamblersBrew"},{"floor":2.0,"key":"hermit:BlackBile"},{"floor":4,"key":"LifebloodPotion"},{"floor":7,"key":"ColorlessPotion"},{"floor":16,"key":"SteroidPotion"},{"floor":20,"key":"Elixir"},{"floor":24,"key":"Weak Potion"}],"is_trial":false,"path_per_floor":["M","M","?","M","M","R","M","R","T","?","T","R","M","M","R_BF","B",null,"M","$","M","M","M","R","M","?"],"character_chosen":"HERMIT","items_purchased":["hermit:Spite","Chemical X"],"campfire_rested":4,"item_purchase_floors":[19,19],"current_hp_per_floor":[54,50,50,43,23,43,21,41,41,41,41,61,53,51,51,27,68,65,65,37,28,23,43,13,0,0],"gold":243,"neow_bonus":"RANDOM_COLORLESS_2","is_daily":false,"chose_seed":false,"campfire_upgraded":0,"win_rate":0.0,"timestamp":1613894029,"path_taken":["M","M","?","M","?","R","M","R","T","?","?","R","M","M","R_BF","BOSS","M","$","M","M","M","R","M","?"],"items_purchased_type":["Card","Relic"],"build_version":"2020-12-22","purchased_purges":0,"victory":false,"max_hp_per_floor":[68,68,68,68,68,68,68,68,68,68,68,68,68,68,68,68,68,68,68,68,68,68,68,68,68,68],"card_choices":[{"not_picked":["Thinking Ahead","ReplayTheSpireMod:Brewmster"],"picked":"Mayhem","floor":0.0},{"not_picked":["hermit:ItchyTrigger","hermit:LuckOfTheDraw"],"picked":"hermit:TakeCover","floor":1.0},{"not_picked":["hermit:Virtue","hermit:Misfire"],"picked":"hermit:Enervate","floor":2.0},{"not_picked":["hermit:NoHoldsBarred","hermit:TrackingShot"],"picked":"hermit:TakeAim","floor":4},{"not_picked":["hermit:ItchyTrigger","hermit:Spite"],"picked":"hermit:HighCaliber","floor":5},{"not_picked":["hermit:Vantage","hermit:TakeAim"],"picked":"hermit:EyeOfTheStorm","floor":7},{"not_picked":["hermit:BodyArmor","hermit:ItchyTrigger"],"picked":"hermit:Quickdraw","floor":13},{"not_picked":["hermit:NoHoldsBarred","hermit:ItchyTrigger"],"picked":"hermit:Brawl","floor":14},{"not_picked":["hermit:Gambit","hermit:OverwhelmingPower"],"picked":"hermit:BlackWind","floor":16},{"not_picked":["hermit:Spite+1","hermit:Desperado+1"],"picked":"hermit:Scavenge+1","floor":18},{"not_picked":["hermit:Midnight+1","hermit:Manifest"],"picked":"hermit:Brawl","floor":20},{"not_picked":["hermit:LoneWolf","hermit:TrackingShot"],"picked":"hermit:GoldenBullet","floor":21},{"not_picked":["hermit:WideOpen+1","hermit:ShadowCloak+1"],"picked":"hermit:Shortfuse","floor":22},{"not_picked":["hermit:Reprieve","hermit:Snipe+1"],"picked":"hermit:Misfire","floor":24}],"player_experience":54546,"relics_obtained":[{"floor":9,"key":"Iron Hammer"},{"floor":10,"key":"ReplayTheSpireMod:Ring of Collecting"},{"floor":11,"key":"Ring of Hypnosis"},{"floor":11,"key":"Bag of Preparation"},{"floor":15,"key":"Bottled Flame"}],"event_choices":[{"damage_healed":0.0,"max_hp_gain":0.0,"max_hp_loss":0.0,"gold_gain":0.0,"event_name":"Match and Keep!","player_choice":"1 cards matched","floor":3.0,"gold_loss":0.0,"damage_taken":0.0,"cards_obtained":["hermit:LowProfile"]}],"is_beta":false,"boss_relics":[{"not_picked":["aspiration:FutureDiary","aspiration:WatcherSkillbook"],"picked":"hubris:ScarierMask"}],"items_purged_floors":[],"is_endless":false,"potions_floor_spawned":[1,2,4,7,16,20,24],"killed_by":"conspire:MimicChest","ascension_level":0}}