{"host":"ueur771it0nnharr","time":1613886458,"event":{"mods":["AchievementEnabler","BaseMod","Colored Map","Colored Powertips","Highlight Path","Hubris","Minty Spire (QoL Compilation)","StSLib"],"gold_per_floor":[112,112,130,130,140,170,186,186,186,199,210,210,175,195,195,297,297,317,345,75,91,91,119,87,87,87,114,114,75,75,75,75,175,175,195,195,495,194,194,14,14,14,38,62,80,80,130,161,161,161,161],"floor_reached":50,"language":"ENG","playtime":8994,"items_purged":["Regret"],"score":655,"play_id":"8a254172-629a-433a-a8b1-963fb4351e4f","local_time":"20210221004738","is_ascension_mode":true,"campfire_choices":[{"data":"Eruption","floor":8.0,"key":"SMITH"},{"data":"DeusExMachina","floor":12.0,"key":"SMITH"},{"data":"Defend_P","floor":15.0,"key":"SMITH"},{"floor":25.0,"key":"REST"},{"floor":28.0,"key":"REST"},{"floor":32.0,"key":"RECALL"},{"data":"DevaForm","floor":41.0,"key":"SMITH"},{"floor":46.0,"key":"REST"},{"floor":49.0,"key":"REST"}],"circlet_count":0,"master_deck":["Strike_P+1","Strike_P+1","Strike_P+1","Strike_P+1","Defend_P+1","Defend_P+1","Defend_P+1","Defend_P+1","Eruption+1","Vigilance+1","LessonLearned+1","Prostrate+1","JustLucky+1","Weave+1","DeusExMachina+1","FollowUp+1","FlurryOfBlows+1","DeusExMachina+1","LessonLearned+1","Wallop+1","EmptyFist+1","Ragnarok+1","BattleHymn+1","FlurryOfBlows+1","Crescendo+1","CarveReality+1","Consecrate+1","JustLucky+1","ConjureBlade+1","Sanctity","Evaluate","DevaForm+1","ReachHeaven+1","hubris:Lust","Doubt","TalkToTheHand+1","DeceiveReality+1"],"relics":["PureWater","hubris:MysteriousPyramids","Molten Egg 2","Cursed Key","Red Mask","The Courier","Ginger","Juzu Bracelet","Philosopher\u0027s Stone","Spirit Poop","hubris:TinFlute","Mummified Hand","Anchor","Omamori","Dead Branch","Gremlin Horn"],"acts_visited":["Exordium","TheCity","TheBeyond"],"potions_floor_usage":[50],"damage_taken":[{"damage":0.0,"enemies":"Jaw Worm","floor":1.0,"turns":5.0},{"damage":0.0,"enemies":"Small Slimes","floor":3.0,"turns":3.0},{"damage":0.0,"enemies":"Cultist","floor":5.0,"turns":2.0},{"damage":0.0,"enemies":"Gremlin Nob","floor":6.0,"turns":2.0},{"damage":3.0,"enemies":"Blue Slaver","floor":7.0,"turns":2.0},{"damage":0.0,"enemies":"Looter","floor":10.0,"turns":1.0},{"damage":0.0,"enemies":"Exordium Wildlife","floor":11.0,"turns":2.0},{"damage":0.0,"enemies":"Large Slime","floor":14.0,"turns":2.0},{"damage":38.0,"enemies":"Hexaghost","floor":16.0,"turns":9.0},{"damage":7.0,"enemies":"Chosen","floor":18.0,"turns":6.0},{"damage":26.0,"enemies":"Masked Bandits","floor":19.0,"turns":5.0},{"damage":0.0,"enemies":"Spheric Guardian","floor":21.0,"turns":1.0},{"damage":2.0,"enemies":"Book of Stabbing","floor":23.0,"turns":4.0},{"damage":4.0,"enemies":"Slavers","floor":27.0,"turns":3.0},{"damage":29.0,"enemies":"hubris:MusketHawk","floor":33.0,"turns":5.0},{"damage":40.0,"enemies":"3 Shapes","floor":35.0,"turns":4.0},{"damage":5.0,"enemies":"Orb Walker","floor":45.0,"turns":3.0},{"damage":0.0,"enemies":"Mind Bloom Boss Battle","floor":47.0,"turns":4.0},{"damage":51.0,"enemies":"Nemesis","floor":48.0,"turns":4.0},{"damage":36,"enemies":"Time Eater","floor":50,"turns":5}],"seed_played":"-6653665308540336008","potions_obtained":[{"floor":1.0,"key":"CultistPotion"},{"floor":4.0,"key":"Block Potion"},{"floor":4.0,"key":"Fire Potion"},{"floor":6.0,"key":"CultistPotion"},{"floor":10.0,"key":"Swift Potion"},{"floor":16.0,"key":"ColorlessPotion"},{"floor":19.0,"key":"Weak Potion"},{"floor":23.0,"key":"Swift Potion"},{"floor":45.0,"key":"Fruit Juice"},{"floor":48.0,"key":"EssenceOfSteel"}],"is_trial":false,"path_per_floor":["M","?","M","?","M","E","M","R","T","M","M","R","?","M","R","B",null,"M","?","$","M","?","E","$","R","T","E","R","$","?","?","R","B",null,"M","?","?","$","T","$","R","?","T","T","M","R","?","E","R","B"],"character_chosen":"WATCHER","items_purchased":["Ragnarok+1","BattleHymn","Block Potion","CarveReality+1","JustLucky+1","hubris:TinFlute","Sanctity","Evaluate","DevaForm","ReachHeaven+1"],"campfire_rested":4,"item_purchase_floors":[20,20,20,24,29,38,38,38,40,40],"current_hp_per_floor":[72,58,58,58,58,58,55,55,55,55,55,55,72,72,72,34,72,65,39,39,39,39,37,37,58,58,54,72,72,72,75,75,46,75,35,35,35,35,35,35,35,35,35,35,30,51,56,5,27,0,0],"gold":161,"neow_bonus":"ONE_RANDOM_RARE_CARD","is_daily":false,"chose_seed":false,"campfire_upgraded":4,"win_rate":0.0,"timestamp":1613886458,"path_taken":["M","?","M","?","?","E","M","R","T","M","M","R","?","M","R","BOSS","M","?","$","M","?","E","?","R","T","E","R","$","?","?","R","BOSS","M","?","?","$","?","?","R","?","T","?","M","R","?","E","R","BOSS"],"items_purchased_type":["Card","Card","Potion","Card","Card","Relic","Card","Card","Card","Card"],"build_version":"2020-12-22","purchased_purges":1,"victory":false,"max_hp_per_floor":[72,72,72,72,72,72,72,72,72,72,72,72,72,72,72,72,72,72,72,72,72,72,72,72,72,72,72,72,72,72,75,75,75,75,75,75,75,75,75,75,75,71,71,71,71,71,76,76,76,76,76],"card_choices":[{"not_picked":["LikeWater","FlurryOfBlows"],"picked":"Prostrate","floor":1.0},{"not_picked":["Indignation","ThirdEye"],"picked":"JustLucky","floor":3.0},{"not_picked":["LikeWater","ForeignInfluence"],"picked":"Weave","floor":5.0},{"not_picked":["Adaptation","Study"],"picked":"DeusExMachina","floor":6.0},{"not_picked":["Nirvana","Tantrum"],"picked":"FollowUp","floor":7.0},{"not_picked":["FlyingSleeves+1","SashWhip+1"],"picked":"FlurryOfBlows+1","floor":10.0},{"not_picked":["Prostrate","Halt","EmptyMind"],"picked":"SKIP","floor":11.0},{"not_picked":["Weave+1","EmptyMind"],"picked":"DeusExMachina","floor":14.0},{"not_picked":["Vault","DeusExMachina"],"picked":"LessonLearned+1","floor":16.0},{"not_picked":["LikeWater","Crescendo"],"picked":"Wallop+1","floor":18.0},{"not_picked":["Pray","TalkToTheHand+1"],"picked":"EmptyFist+1","floor":19.0},{"not_picked":["BowlingBash+1","SashWhip+1"],"picked":"FlurryOfBlows+1","floor":21.0},{"not_picked":["Evaluate","SpiritShield"],"picked":"Crescendo","floor":23.0},{"not_picked":["DeusExMachina","ThirdEye+1"],"picked":"Consecrate+1","floor":27.0},{"not_picked":["Omniscience","Alpha"],"picked":"ConjureBlade","floor":33.0},{"not_picked":["Vengeance","ClearTheMind+1","SandsOfTime+1"],"picked":"SKIP","floor":35.0},{"not_picked":["Wireheading+1","ClearTheMind+1"],"picked":"TalkToTheHand+1","floor":45.0},{"not_picked":["ThirdEye","Conclude+1"],"picked":"DeceiveReality+1","floor":47.0},{"not_picked":["FlyingSleeves+1","PathToVictory+1","SandsOfTime+1"],"picked":"SKIP","floor":48.0}],"player_experience":804872,"relics_obtained":[{"floor":6.0,"key":"hubris:MysteriousPyramids"},{"floor":9.0,"key":"Molten Egg 2"},{"floor":19.0,"key":"Red Mask"},{"floor":23.0,"key":"The Courier"},{"floor":26.0,"key":"Ginger"},{"floor":27.0,"key":"Juzu Bracelet"},{"floor":39.0,"key":"Mummified Hand"},{"floor":43.0,"key":"Anchor"},{"floor":44.0,"key":"Omamori"},{"floor":47.0,"key":"Dead Branch"},{"floor":48.0,"key":"Gremlin Horn"}],"event_choices":[{"damage_healed":0.0,"max_hp_gain":0.0,"max_hp_loss":0.0,"gold_gain":0.0,"event_name":"Shining Light","player_choice":"Entered Light","floor":2.0,"gold_loss":0.0,"damage_taken":14.0,"cards_upgraded":["Defend_P","Defend_P"]},{"damage_healed":0.0,"max_hp_gain":0.0,"max_hp_loss":0.0,"gold_gain":0.0,"event_name":"Lab","player_choice":"Got Potions","floor":4.0,"gold_loss":0.0,"damage_taken":0.0},{"damage_healed":18.0,"max_hp_gain":0.0,"max_hp_loss":0.0,"gold_gain":0.0,"event_name":"The Cleric","player_choice":"Healed","floor":13.0,"gold_loss":35.0,"damage_taken":0.0},{"damage_healed":0.0,"max_hp_gain":0.0,"max_hp_loss":0.0,"gold_gain":0.0,"event_name":"Masked Bandits","player_choice":"Fought Bandits","floor":19.0,"gold_loss":0.0,"damage_taken":0.0},{"damage_healed":0.0,"max_hp_gain":0.0,"max_hp_loss":0.0,"gold_gain":0.0,"event_name":"Ghosts","player_choice":"Ignored","floor":22.0,"gold_loss":0.0,"damage_taken":0.0},{"damage_healed":0.0,"max_hp_gain":0.0,"max_hp_loss":0.0,"gold_gain":0.0,"event_name":"Upgrade Shrine","player_choice":"Upgraded","floor":30.0,"gold_loss":0.0,"damage_taken":0.0,"cards_upgraded":["Crescendo"]},{"cards_removed":["hubris:Envy"],"damage_healed":0.0,"max_hp_gain":0.0,"max_hp_loss":0.0,"gold_gain":0.0,"event_name":"Bonfire Elementals","player_choice":"Offered Curse","floor":36.0,"gold_loss":0.0,"damage_taken":0.0,"relics_obtained":["Spirit Poop"]},{"damage_healed":0.0,"max_hp_gain":0.0,"max_hp_loss":0.0,"gold_gain":300.0,"event_name":"Wheel of Change","player_choice":"Gold","floor":37.0,"gold_loss":0.0,"damage_taken":0.0},{"damage_healed":0.0,"max_hp_gain":0.0,"max_hp_loss":4.0,"gold_gain":0.0,"event_name":"Winding Halls","player_choice":"Max HP","floor":42.0,"gold_loss":0.0,"damage_taken":0.0},{"damage_healed":0.0,"max_hp_gain":0.0,"max_hp_loss":0.0,"gold_gain":0.0,"event_name":"MindBloom","player_choice":"Fight","floor":47.0,"gold_loss":0.0,"damage_taken":0.0}],"is_beta":false,"boss_relics":[{"not_picked":["hubris:GrandSneckoEye","Tiny House"],"picked":"Cursed Key"},{"not_picked":["Astrolabe","hubris:TerracottaHorce"],"picked":"Philosopher\u0027s Stone"}],"items_purged_floors":[40],"is_endless":false,"potions_floor_spawned":[1,6,10,16,19,23,45,48],"killed_by":"Time Eater","ascension_level":3}}