{"host":"2a0mdijsgk15db4y","time":1613866393,"event":{"mods":["AchievementEnabler","BaseMod","Colored Map","Colored Powertips","Downfall","Googly Eyes","Hermit","Highlight Path","Hubris","Jorbs\u0027s Wanderer Trilogy","Minty Spire (QoL Compilation)","Quick Restart","Rare Cards Sparkle","Replay The Spire","Shop Mod","StSLib","The Bug Knight","The Construct","The Cursed","The Hierophant","The Mystic"],"gold_per_floor":[99,111,21,21,121,148,148,162,162,173,173,173,173,183,200,302,302,302,318,332,332,332,332,409,423,439,439,458,458,558,558,571,674,674,674,694,694,2,2,12,93,109,144,144,156,156,173,173,190,190],"floor_reached":51,"language":"ENG","playtime":2740,"items_purged":["bronze:Defend"],"score":754,"play_id":"7b1a5e9e-f707-4a12-9f78-d7c864a0b7c3","local_time":"20210220161313","is_ascension_mode":false,"campfire_choices":[{"data":"bronze:Goto","floor":1,"key":"SMITH"},{"floor":11,"key":"REST"},{"data":"bronze:Invalidate","floor":13,"key":"SMITH"},{"data":"bronze:Verify","floor":18,"key":"SMITH"},{"data":"bronze:Assembly","floor":23,"key":"SMITH"},{"data":"bronze:Fortify","floor":29,"key":"SMITH"},{"data":"bronze:Return","floor":35,"key":"SMITH"},{"data":"bronze:Repair","floor":44,"key":"SMITH"},{"data":"m_BronzeAgony","floor":46,"key":"SMITH"}],"circlet_count":0,"master_deck":["bronze:Strike","bronze:Defend","bronze:Defend","bronze:Branch+1","bronze:Branch","bronze:Optimize","bronze:Invalidate+1","bronze:WhirlingStrike+1","m_BronzeAgony+1","m_BronzeSurvivor+1","bronze:Assembly+1","bronze:Flail+1","bronze:Verify+1","bronze:Return+1","bronze:Fortify+1","bronze:Repulsor+1","bronze:Repair+1","expansioncontent:DashGenerateEvil","bronze:FineTuning+1"],"relics":["bronze:BronzeCore","hubris:Towel","Bag of Preparation","ReplayTheSpireMod:Shallot","Philosopher\u0027s Stone","Replay:Bottled Flurry","Counterbalance","Mirror","bronze:MakeshiftBattery","hubris:Icosahedron","Quantum Egg","Replay:Rubber Ducky","hubris:SphereOfDissonance","Orichalcum","bronze:BottledCode"],"acts_visited":["Exordium","TheCity","TheBeyond"],"potions_floor_usage":[5,14,16,16,25,30,33,38,43,43,50,50],"damage_taken":[{"damage":5,"enemies":"Small Slimes","floor":2,"turns":5},{"damage":2,"enemies":"downfall:FleeingMerchant","floor":3,"turns":4},{"damage":29,"enemies":"downfall:Heads","floor":5,"turns":5},{"damage":13,"enemies":"Lagavulin","floor":6,"turns":6},{"damage":0,"enemies":"Jaw Worm","floor":8,"turns":2},{"damage":0,"enemies":"Cultist","floor":10,"turns":2},{"damage":0,"enemies":"2 Fungi Beasts","floor":14,"turns":1},{"damage":0,"enemies":"3 Louse","floor":15,"turns":2},{"damage":0,"enemies":"WA_ARCHETYPE_RETAIN","floor":16,"turns":4},{"damage":0,"enemies":"Chosen","floor":19,"turns":3},{"damage":0,"enemies":"Shell Parasite","floor":20,"turns":3},{"damage":10,"enemies":"Snake Plant","floor":25,"turns":5},{"damage":0,"enemies":"Chosen and Byrds","floor":26,"turns":3},{"damage":1,"enemies":"Cultist and Chosen","floor":28,"turns":5},{"damage":22,"enemies":"Colosseum Nobs","floor":30,"turns":4},{"damage":0,"enemies":"Snake Plant","floor":32,"turns":4},{"damage":24,"enemies":"SI_MIRROR_ARCHETYPE","floor":33,"turns":6},{"damage":8,"enemies":"Orb Walker","floor":36,"turns":3},{"damage":4,"enemies":"downfall:FleeingMerchant","floor":38,"turns":4},{"damage":0,"enemies":"3 Darklings","floor":40,"turns":3},{"damage":20,"enemies":"4 Shapes","floor":42,"turns":4},{"damage":0,"enemies":"Nemesis","floor":43,"turns":7},{"damage":0,"enemies":"Writhing Mass","floor":45,"turns":5},{"damage":12,"enemies":"Spire Growth","floor":47,"turns":4},{"damage":0,"enemies":"Sphere and 2 Shapes","floor":49,"turns":5},{"damage":29,"enemies":"DF_ARCHETYPE_ORBS","floor":50,"turns":7}],"seed_played":"495136536311717325","potions_obtained":[{"floor":2,"key":"Explosive Potion"},{"floor":10,"key":"EntropicBrew"},{"floor":14,"key":"Adrenaline Potion"},{"floor":26,"key":"Swift Potion"},{"floor":28,"key":"GamblersBrew"},{"floor":30,"key":"SteroidPotion"},{"floor":32,"key":"Explosive Potion"},{"floor":36,"key":"BlessingOfTheForge"},{"floor":42,"key":"Weak Potion"},{"floor":47,"key":"EssenceOfSteel"}],"is_trial":false,"path_per_floor":["R","M","$","?","?","E","T","M","?","M","R","?","R","M","M","B",null,"R","M","M","?","?","R","T","M","M","?","M","R","?","?","M","B",null,"R","M","?","$","?","M","T","M","E","R","M","R","M","?","M","B",null],"character_chosen":"THE_AUTOMATON","items_purchased":["bronze:Optimize","Quantum Egg","Replay:Rubber Ducky","expansioncontent:DashGenerateEvil"],"campfire_rested":1,"item_purchase_floors":[3,38,38,38],"current_hp_per_floor":[77,72,70,70,41,28,28,28,28,28,51,56,56,56,56,56,82,82,82,82,82,82,82,82,72,72,72,71,71,49,49,49,25,82,82,74,74,78,78,78,78,58,66,66,76,76,74,72,72,43],"gold":190,"neow_bonus":"TEN_PERCENT_HP_BONUS","is_daily":false,"chose_seed":false,"campfire_upgraded":8,"win_rate":0.0,"timestamp":1613866393,"path_taken":["R","M","$","?","?","E","T","M","?","?","R","?","R","M","M","BOSS","R","M","M","?","?","R","T","?","M","?","M","R","?","?","M","BOSS","R","?","?","$","?","M","T","?","E","R","M","R","M","?","M","BOSS"],"items_purchased_type":["Card","Relic","Relic","Card"],"build_version":"2020-12-22","purchased_purges":1,"victory":true,"max_hp_per_floor":[77,77,77,77,77,77,77,77,77,77,77,82,82,82,82,82,82,82,82,82,82,82,82,82,82,82,82,82,82,82,82,82,82,82,82,82,82,82,82,82,82,82,82,82,82,82,82,72,72,72],"card_choices":[{"not_picked":["bronze:Safeguard","bronze:ForceShield"],"picked":"bronze:Branch","floor":2},{"not_picked":["bronze:OilSpill","bronze:Overheat"],"picked":"bronze:Branch","floor":3},{"not_picked":["bronze:MaxOutput","bronze:WildBeam"],"picked":"bronze:WhirlingStrike","floor":6},{"not_picked":["bronze:BuggyMess","bronze:Iterate","bronze:Return"],"picked":"SKIP","floor":8},{"not_picked":["bronze:Turbo","bronze:Branch"],"picked":"bronze:Assembly","floor":10},{"not_picked":["bronze:OilSpill","bronze:Optimize","bronze:Iterate"],"picked":"SKIP","floor":14},{"not_picked":["bronze:ClassDefault","bronze:Shield"],"picked":"bronze:Flail","floor":15},{"not_picked":["bronze:SpaghettiCode","bronze:FindAndReplace"],"picked":"bronze:Verify","floor":16},{"not_picked":["bronze:FollowUp+1","bronze:ChosenStrike+1","bronze:DelayedGuard"],"picked":"SKIP","floor":19},{"not_picked":["bronze:Shield","bronze:Iterate"],"picked":"bronze:Return","floor":20},{"not_picked":["bronze:BuggyMess","bronze:DarkDash+1"],"picked":"bronze:Fortify","floor":25},{"not_picked":["bronze:FollowUp","bronze:Turbo","bronze:Shield"],"picked":"SKIP","floor":26},{"not_picked":["bronze:CutThrough","bronze:Overload"],"picked":"bronze:Repulsor+1","floor":28},{"not_picked":["bronze:Turbo","bronze:WildBeam","bronze:WhirlingStrike+1"],"picked":"SKIP","floor":32},{"not_picked":["bronze:ChosenStrike","bronze:WildBeam"],"picked":"bronze:Repair","floor":36},{"not_picked":["bronze:DelayedSlice+1","bronze:Turbo","bronze:BitShift"],"picked":"SKIP","floor":38},{"not_picked":["bronze:DelayedGuard+1","bronze:WhirlingStrike+1","bronze:Frontload"],"picked":"SKIP","floor":40},{"not_picked":["bronze:Branch+1","bronze:ForLoop"],"picked":"bronze:FineTuning+1","floor":42},{"not_picked":["bronze:Branch+1","bronze:FindAndReplace","bronze:Iterate"],"picked":"SKIP","floor":43},{"not_picked":["bronze:Turbo","bronze:WhirlingStrike","bronze:DarkDash"],"picked":"SKIP","floor":45},{"not_picked":["bronze:BugBarrage","bronze:Shield+1","bronze:Overheat"],"picked":"SKIP","floor":47},{"not_picked":["bronze:Fortify+1","bronze:Frontload+1","bronze:Invalidate+1"],"picked":"SKIP","floor":49}],"player_experience":188095,"relics_obtained":[{"floor":6,"key":"Bag of Preparation"},{"floor":7,"key":"ReplayTheSpireMod:Shallot"},{"floor":24,"key":"Replay:Bottled Flurry"},{"floor":30,"key":"Counterbalance"},{"floor":30,"key":"Mirror"},{"floor":41,"key":"hubris:SphereOfDissonance"},{"floor":43,"key":"Orichalcum"}],"event_choices":[{"damage_healed":0,"gold_gain":0,"player_choice":"Donut","damage_taken":0,"max_hp_gain":5,"max_hp_loss":0,"event_name":"Big Fish","floor":12,"gold_loss":0},{"cards_removed":["bronze:Strike"],"damage_healed":0,"gold_gain":0,"player_choice":"Card Removal","damage_taken":0,"max_hp_gain":0,"max_hp_loss":0,"event_name":"Wheel of Change","floor":22,"gold_loss":0},{"damage_healed":0,"gold_gain":0,"player_choice":"Ignored","damage_taken":0,"max_hp_gain":0,"max_hp_loss":0,"event_name":"Ghosts","floor":27,"gold_loss":0}],"is_beta":false,"boss_relics":[{"not_picked":["ReplayTheSpireMod:DimensionalGlitch","Snecko Eye"],"picked":"Philosopher\u0027s Stone"},{"not_picked":["hubris:GrandSneckoEye","Calling Bell"],"picked":"bronze:MakeshiftBattery"}],"items_purged_floors":[38],"is_endless":false,"potions_floor_spawned":[2,10,14,26,28,30,32,36,42,47],"ascension_level":0}}