{"host":"2kh6k8g6hbrzqpbz","time":1613931359,"event":{"mods":["BaseMod","Minty Spire (QoL Compilation)","StSLib","The Bug Knight"],"gold_per_floor":[114,114,126,126,149,184,1,1,1,1,1,20,20,44,44,175,175,175,175],"floor_reached":18,"language":"ENG","playtime":2057,"items_purged":[],"score":160,"play_id":"5c899ca8-f8ce-4cbc-b09e-602f1e2bdc72","local_time":"20210221191559","is_ascension_mode":false,"campfire_choices":[{"data":"HollowMod:GoodIntentions","floor":11,"key":"SMITH"},{"floor":15,"key":"REST"}],"circlet_count":0,"master_deck":["HollowMod:NailStrikeStart","HollowMod:NailStrikeStart","HollowMod:NailStrikeStart","HollowMod:NailStrikeStart","HollowMod:QuickDashStart","HollowMod:QuickDashStart","HollowMod:QuickDashStart","HollowMod:FocusHealStart","HollowMod:PogoStrike","HollowMod:ChannelNail","HollowMod:GoodIntentions+1","HollowMod:HuntersJournal","HollowMod:PureNailStrike","HollowMod:NewGlowingWomb","HollowMod:PerfectDash","HollowMod:CrystalDash","HollowMod:VengefulSpirit","HollowMod:DesolateDive","HollowMod:Weaversong"],"relics":["HollowMod:VesselMask","NeowsBlessing","Blue Candle","Golden Idol","Pen Nib","Lizard Tail","Runic Pyramid"],"acts_visited":["Exordium","TheCity"],"potions_floor_usage":[14,16],"damage_taken":[{"damage":0,"enemies":"Cultist","floor":1,"turns":1},{"damage":0,"enemies":"Jaw Worm","floor":3,"turns":1},{"damage":0,"enemies":"2 Louse","floor":5,"turns":1},{"damage":39,"enemies":"HollowMod:MossKnight","floor":6,"turns":16},{"damage":31,"enemies":"Gremlin Gang","floor":12,"turns":10},{"damage":4,"enemies":"Large Slime","floor":14,"turns":5},{"damage":32,"enemies":"HollowMod:FalseKnight","floor":16,"turns":15},{"damage":6,"enemies":"Shell Parasite","floor":18,"turns":3}],"seed_played":"-7660232569048347854","potions_obtained":[{"floor":5,"key":"Explosive Potion"},{"floor":6,"key":"SneckoOil"}],"is_trial":false,"path_per_floor":["M","T","M","?","M","E","$","?","T","$","R","M","$","M","R","B",null,"M"],"character_chosen":"THE_BUGKNIGHT","items_purchased":["HollowMod:NewGlowingWomb","HollowMod:PerfectDash","HollowMod:CrystalDash"],"campfire_rested":1,"item_purchase_floors":[7,7,7],"current_hp_per_floor":[75,75,75,57,57,30,30,30,30,30,30,5,5,7,29,3,75,69,69],"gold":175,"neow_bonus":"THREE_ENEMY_KILL","is_daily":false,"chose_seed":false,"campfire_upgraded":1,"win_rate":0.0,"timestamp":1613931359,"path_taken":["M","?","M","?","M","E","$","?","T","$","R","M","$","M","R","BOSS","M"],"items_purchased_type":["Card","Card","Card"],"build_version":"2020-12-22","purchased_purges":0,"victory":false,"max_hp_per_floor":[75,75,75,75,75,75,75,75,75,75,75,75,75,75,75,75,75,75,75],"card_choices":[{"not_picked":["HollowMod:LifebloodCocoon","HollowMod:SiblingsSouls"],"picked":"HollowMod:ChannelNail","floor":1},{"not_picked":["HollowMod:InfectedCysts","HollowMod:LifebloodCocoon"],"picked":"HollowMod:GoodIntentions","floor":3},{"not_picked":["HollowMod:PureNailStrike","HollowMod:HowlingWraiths"],"picked":"HollowMod:HuntersJournal","floor":5},{"not_picked":["HollowMod:Hiveblood","HollowMod:HeavyBlow"],"picked":"HollowMod:PureNailStrike","floor":6},{"not_picked":["HollowMod:GoodIntentions","HollowMod:InfectedAttack"],"picked":"HollowMod:VengefulSpirit","floor":12},{"not_picked":["HollowMod:ChannelNail","HollowMod:QuirrelsAssistance"],"picked":"HollowMod:DesolateDive","floor":14},{"not_picked":["HollowMod:NewInfectedGuardian","HollowMod:SoulMaster"],"picked":"HollowMod:Weaversong","floor":16}],"player_experience":59621,"relics_obtained":[{"floor":2,"key":"Blue Candle"},{"floor":6,"key":"Pen Nib"},{"floor":9,"key":"Lizard Tail"}],"event_choices":[{"damage_healed":0,"gold_gain":0,"player_choice":"Take Damage","damage_taken":18,"relics_obtained":["Golden Idol"],"max_hp_gain":0,"max_hp_loss":0,"event_name":"Golden Idol","floor":4,"gold_loss":0},{"cards_removed":["HollowMod:QuickDashStart"],"damage_healed":0,"gold_gain":0,"player_choice":"Purged","damage_taken":0,"max_hp_gain":0,"max_hp_loss":0,"event_name":"Purifier","floor":8,"gold_loss":0}],"is_beta":false,"boss_relics":[{"not_picked":["SacredBark","Ectoplasm"],"picked":"Runic Pyramid"}],"items_purged_floors":[],"is_endless":false,"potions_floor_spawned":[5,6],"killed_by":"Shell Parasite","ascension_level":0}}