{"host":"nsiiwrl41ak9l0n5","time":1613889626,"event":{"mods":["Act Like it!","BaseMod","Better Altar","Better Match","Better Note","Better Sensory Stone","Better Skull","BetterRewards","Colored Map","Colored Powertips","Downfall","Emptier Cage","GifTheSpireLib","HexUI Lib","Highlight Path","MarisaÅiñ∂âJÅ@ñÇóùçπÅj","Minty Spire (QoL Compilation)","Permanent Neow","Quick Restart","Rare Cards Sparkle","Relic Sorter","Ruina","SacredBarkPlus","StSLib","The Cursed","The Servant 0.9.4"],"gold_per_floor":[99,115,128,146,55,70,70,100,100,100,116,216,232,232,243,348,348,348,368,384,384,384,11,36,36,36,48,48,62,82,82,82,82],"floor_reached":31,"language":"ENG","playtime":2654,"items_purged":[],"score":229,"play_id":"c801aab7-9d98-43ed-8214-97d6ad3bc6f1","local_time":"20210221164026","is_ascension_mode":false,"campfire_choices":[{"data":"bronze:Goto","floor":1,"key":"SMITH"},{"data":"bronze:Shell","floor":10,"key":"SMITH"},{"data":"bronze:AlphaBuild","floor":18,"key":"SMITH"},{"floor":28,"key":"REST"}],"circlet_count":0,"master_deck":["bronze:Strike","bronze:Strike","bronze:Strike","bronze:Strike","bronze:Defend","bronze:Defend","bronze:Defend","bronze:Defend","bronze:Replicate","bronze:Goto+1","bronze:WildBeam","bronze:DelayedSlice","bronze:FindAndReplace","bronze:Shell+1","bronze:ChildClass","bronze:WildBeam","bronze:DazingPulse","bronze:Repair","bronze:MaxOutput","bronze:RecursiveStrike","bronze:CloningBeam","bronze:AlphaBuild+1","bronze:BugBarrage+1","bronze:BugBarrage+1","bronze:HardenedForm","bronze:GetLatest","bronze:BuggyMess"],"relics":["bronze:BronzeCore","Mummified Hand","Runic Pyramid","downfall:RedIOU","Membership Card","Calipers","Anchor","Blood Vial"],"acts_visited":["Exordium","TheCity"],"potions_floor_usage":[15,16,16,16,19,31],"damage_taken":[{"damage":1,"enemies":"Jaw Worm","floor":2,"turns":4},{"damage":0,"enemies":"Small Slimes","floor":3,"turns":2},{"damage":1,"enemies":"Cultist","floor":4,"turns":3},{"damage":0,"enemies":"downfall:FleeingMerchant","floor":5,"turns":4},{"damage":0,"enemies":"downfall:LooterAlt","floor":6,"turns":3},{"damage":0,"enemies":"downfall:LooterAlt","floor":9,"turns":2},{"damage":0,"enemies":"2 Fungi Beasts","floor":11,"turns":2},{"damage":0,"enemies":"Gremlin Gang","floor":13,"turns":4},{"damage":1,"enemies":"3 Louse","floor":15,"turns":2},{"damage":63,"enemies":"DF_ARCHETYPE_STREAMLINE","floor":16,"turns":12},{"damage":25,"enemies":"Shell Parasite","floor":19,"turns":6},{"damage":0,"enemies":"Spheric Guardian","floor":20,"turns":3},{"damage":6,"enemies":"downfall:FleeingMerchant","floor":23,"turns":4},{"damage":0,"enemies":"Cultist and Chosen","floor":27,"turns":4},{"damage":29,"enemies":"Snake Plant","floor":29,"turns":5},{"damage":21,"enemies":"Centurion and Healer","floor":30,"turns":7},{"damage":29,"enemies":"Cultist and Chosen","floor":31,"turns":6}],"seed_played":"-5810745673968481699","potions_obtained":[{"floor":2,"key":"Fire Potion"},{"floor":3,"key":"GamblersBrew"},{"floor":6,"key":"Block Potion"},{"floor":15,"key":"EntropicBrew"},{"floor":30,"key":"Dexterity Potion"}],"is_trial":false,"path_per_floor":["R","M","M","M","$","M","T","?","?","R","M","?","M","?","M","B",null,"R","M","M","?","?","$","T","?","?","M","R","M","M","M"],"character_chosen":"THE_AUTOMATON","items_purchased":["bronze:ChildClass","Membership Card","Calipers","bronze:GetLatest","Energy Potion"],"campfire_rested":1,"item_purchase_floors":[5,23,23,23,23],"current_hp_per_floor":[70,69,69,68,68,68,68,68,68,68,68,68,68,68,67,11,70,70,45,45,45,45,39,39,39,21,30,51,31,19,0,0,0],"gold":82,"neow_bonus":"RANDOM_COMMON_RELIC","is_daily":false,"chose_seed":false,"campfire_upgraded":3,"win_rate":0.0,"timestamp":1613889626,"path_taken":["R","M","M","M","$","M","T","?","?","R","M","?","?","?","M","BOSS","R","M","M","?","?","$","T","?","?","M","R","M","?","M"],"items_purchased_type":["Card","Relic","Relic","Card","Potion"],"build_version":"2020-12-22","purchased_purges":0,"victory":false,"max_hp_per_floor":[70,70,70,70,70,70,70,70,70,70,70,70,70,70,70,70,70,70,70,70,70,70,70,70,70,70,70,70,70,70,70,70,70],"card_choices":[{"not_picked":["bronze:DarkDash","bronze:Deprecate"],"picked":"bronze:WildBeam","floor":2},{"not_picked":["bronze:Boost","bronze:Overheat"],"picked":"bronze:DelayedSlice","floor":3},{"not_picked":["bronze:DelayedSlice","bronze:WhirlingStrike"],"picked":"bronze:FindAndReplace","floor":4},{"not_picked":["bronze:Invalidate","bronze:MaxOutput"],"picked":"bronze:Shell","floor":5},{"not_picked":["bronze:MaxOutput","bronze:Shield"],"picked":"bronze:WildBeam","floor":6},{"not_picked":[],"picked":"bronze:DazingPulse","floor":9},{"not_picked":["bronze:Shield","bronze:DelayedSlice"],"picked":"bronze:Repair","floor":9},{"not_picked":["bronze:DelayedSlice","bronze:BitShift"],"picked":"bronze:MaxOutput","floor":11},{"not_picked":["bronze:Frontload","bronze:BugBarrage"],"picked":"bronze:RecursiveStrike","floor":13},{"not_picked":["bronze:WhirlingStrike","bronze:Flail"],"picked":"bronze:CloningBeam","floor":15},{"not_picked":["bronze:HardenedForm","bronze:Format"],"picked":"bronze:AlphaBuild","floor":16},{"not_picked":["bronze:BitShift","bronze:OilSpill+1"],"picked":"bronze:BugBarrage+1","floor":19},{"not_picked":["bronze:Frontload+1","bronze:Iterate"],"picked":"bronze:BugBarrage+1","floor":20},{"not_picked":["bronze:DelayedSlice","bronze:BugBarrage"],"picked":"bronze:HardenedForm","floor":23},{"not_picked":["bronze:Repulsor","bronze:Invalidate","bronze:FineTuning+1"],"picked":"SKIP","floor":27},{"not_picked":["bronze:DigitalCarnage","bronze:Deprecate+1","bronze:BronzeArmor+1"],"picked":"SKIP","floor":29},{"not_picked":["bronze:Overheat","bronze:CloningBeam"],"picked":"bronze:BuggyMess","floor":30}],"player_experience":189715,"relics_obtained":[{"floor":7,"key":"Mummified Hand"},{"floor":24,"key":"Anchor"}],"event_choices":[{"cards_removed":["bronze:Strike"],"damage_healed":0,"gold_gain":0,"player_choice":"Give","damage_taken":0,"max_hp_gain":0,"max_hp_loss":0,"event_name":"betterNote:BetterNote","floor":21,"gold_loss":0,"cards_obtained":["Defend_G"]},{"damage_healed":0,"gold_gain":0,"player_choice":" Vial ","damage_taken":18,"relics_obtained":["Blood Vial"],"max_hp_gain":39,"max_hp_loss":21,"event_name":"betterAltar:BetterAltar","floor":26,"potions_obtained":[],"relics_lost":[],"gold_loss":0}],"is_beta":false,"boss_relics":[{"not_picked":["Empty Cage","Coffee Dripper"],"picked":"Runic Pyramid"}],"items_purged_floors":[],"is_endless":false,"potions_floor_spawned":[2,3,6,9,15,27,30],"killed_by":"Cultist and Chosen","ascension_level":0}}