{"host":"51f9r4o9zca2xpvz","time":1613910198,"event":{"mods":["AchievementEnabler","BaseMod","Minty Spire (QoL Compilation)"],"gold_per_floor":[117,136,149,149,165,193,20,295,295,50,85,104,122,142,142,246,246,266,266,285,32,32,32,32,32,32,32,32,32,32,46,46,143,143,159,175,189,189,189,189],"floor_reached":39,"language":"ENG","playtime":5019,"items_purged":[],"score":441,"play_id":"da31b5e3-32cf-4c4c-8768-62cdd7f4e8bf","local_time":"20210221042318","is_ascension_mode":false,"campfire_choices":[{"floor":15,"key":"REST"},{"data":"After Image","floor":23,"key":"SMITH"},{"data":"Mayhem","floor":25,"key":"SMITH"},{"data":"Burst","floor":27,"key":"SMITH"},{"data":"Ghostly","floor":30,"key":"SMITH"},{"floor":32,"key":"REST"}],"circlet_count":0,"master_deck":["Strike_G","Strike_G","Strike_G","Defend_G","Defend_G","Defend_G","Defend_G","Defend_G","Survivor","Neutralize","Bouncing Flask","Terror","Backflip","Outmaneuver","Phantasmal Killer","Mayhem+1","Regret","Phantasmal Killer","Masterful Stab","Quick Slash","Prepared","Predator","Predator","Predator","After Image+1","Ghostly+1","Ghostly+1","Ghostly","Ghostly","Ghostly","Well Laid Plans","Prepared","Phantasmal Killer","Burst+1","Dodge and Roll","Prepared+1","Backflip+1"],"relics":["Ring of the Serpent","Gremlin Horn","Letter Opener","DollysMirror","Paper Crane","Busted Crown","Happy Flower","Bronze Scales"],"acts_visited":["Exordium","TheCity","TheBeyond"],"potions_floor_usage":[16],"damage_taken":[{"damage":2,"enemies":"Cultist","floor":1,"turns":5},{"damage":0,"enemies":"Jaw Worm","floor":2,"turns":4},{"damage":4,"enemies":"2 Louse","floor":3,"turns":3},{"damage":1,"enemies":"2 Fungi Beasts","floor":5,"turns":5},{"damage":10,"enemies":"Lagavulin","floor":6,"turns":6},{"damage":36,"enemies":"3 Sentries","floor":11,"turns":8},{"damage":0,"enemies":"Exordium Wildlife","floor":12,"turns":2},{"damage":3,"enemies":"Looter","floor":13,"turns":4},{"damage":0,"enemies":"Gremlin Gang","floor":14,"turns":3},{"damage":9,"enemies":"Slime Boss","floor":16,"turns":7},{"damage":32,"enemies":"3 Byrds","floor":18,"turns":5},{"damage":11,"enemies":"2 Thieves","floor":20,"turns":4},{"damage":16,"enemies":"Sentry and Sphere","floor":31,"turns":8},{"damage":17,"enemies":"Collector","floor":33,"turns":8},{"damage":10,"enemies":"3 Darklings","floor":35,"turns":5},{"damage":15,"enemies":"3 Shapes","floor":36,"turns":4},{"damage":0,"enemies":"Maw","floor":37,"turns":6},{"damage":14,"enemies":"4 Shapes","floor":39,"turns":3}],"seed_played":"-3257848419991588958","potions_obtained":[{"floor":1,"key":"LiquidBronze"},{"floor":11,"key":"Ancient Potion"},{"floor":12,"key":"Regen Potion"},{"floor":16,"key":"FearPotion"},{"floor":33,"key":"FearPotion"},{"floor":35,"key":"Strength Potion"}],"is_trial":false,"path_per_floor":["M","M","M","$","M","E","$","?","T","$","E","M","M","M","R","B",null,"M","?","M","$","?","R","$","R","T","R","$","?","R","M","R","B",null,"M","M","M","?","M"],"character_chosen":"THE_SILENT","items_purchased":["Mayhem","DollysMirror","Masterful Stab","Quick Slash","Happy Flower","Well Laid Plans","Prepared"],"campfire_rested":2,"item_purchase_floors":[7,10,10,10,21,21,21],"current_hp_per_floor":[75,75,71,71,70,60,60,60,60,60,24,24,21,21,44,40,77,45,38,27,27,27,27,27,27,27,27,27,27,27,11,22,5,38,28,13,13,13,0,0],"gold":189,"neow_bonus":"TEN_PERCENT_HP_BONUS","is_daily":false,"chose_seed":false,"campfire_upgraded":4,"win_rate":0.0,"timestamp":1613910198,"path_taken":["M","M","M","?","M","E","$","?","T","$","E","?","M","M","R","BOSS","M","?","M","$","?","R","$","R","T","R","?","?","R","M","R","BOSS","M","?","M","?","M"],"items_purchased_type":["Card","Relic","Card","Card","Relic","Card","Card"],"build_version":"2020-12-22","purchased_purges":0,"victory":false,"max_hp_per_floor":[77,77,77,77,77,77,77,77,77,77,77,77,77,77,77,77,77,77,38,38,38,38,38,38,38,38,38,38,38,38,38,38,38,38,38,38,38,38,38,38],"card_choices":[{"not_picked":["Skewer","Eviscerate"],"picked":"Bouncing Flask","floor":1},{"not_picked":["Dagger Spray","Slice"],"picked":"Terror","floor":2},{"not_picked":["Backstab","Reflex"],"picked":"Backflip","floor":3},{"not_picked":["Dodge and Roll","Dagger Spray"],"picked":"Outmaneuver","floor":5},{"not_picked":["Flying Knee","Sucker Punch"],"picked":"Phantasmal Killer","floor":6},{"not_picked":["Infinite Blades","Calculated Gamble"],"picked":"Prepared","floor":11},{"not_picked":["Caltrops","Dagger Spray"],"picked":"Predator","floor":12},{"not_picked":["Deadly Poison","Infinite Blades"],"picked":"Predator","floor":13},{"not_picked":["Infinite Blades","Quick Slash"],"picked":"Predator","floor":14},{"not_picked":["Tools of the Trade","Malaise"],"picked":"After Image","floor":16},{"not_picked":["PiercingWail"],"picked":"SKIP","floor":18},{"not_picked":[],"picked":"Flying Knee","floor":20},{"not_picked":["PiercingWail"],"picked":"SKIP","floor":31},{"not_picked":[],"picked":"Dodge and Roll","floor":35},{"not_picked":[],"picked":"Prepared+1","floor":36},{"not_picked":[],"picked":"Backflip+1","floor":37}],"player_experience":12824,"relics_obtained":[{"floor":6,"key":"Gremlin Horn"},{"floor":9,"key":"Letter Opener"},{"floor":11,"key":"Paper Crane"},{"floor":26,"key":"Bronze Scales"}],"event_choices":[{"damage_healed":0,"gold_gain":275,"player_choice":"Desecrate","damage_taken":0,"max_hp_gain":0,"max_hp_loss":0,"event_name":"Golden Shrine","floor":8,"gold_loss":0,"cards_obtained":["Regret"]},{"damage_healed":0,"gold_gain":0,"player_choice":"Became a Ghost","damage_taken":0,"max_hp_gain":0,"max_hp_loss":39,"event_name":"Ghosts","floor":19,"gold_loss":0,"cards_obtained":["Ghostly","Ghostly","Ghostly","Ghostly","Ghostly"]},{"damage_healed":0,"gold_gain":0,"cards_transformed":["Strike_G","Strike_G"],"player_choice":"Became Test Subject","damage_taken":0,"max_hp_gain":0,"max_hp_loss":0,"event_name":"Drug Dealer","floor":22,"gold_loss":0,"cards_obtained":["Phantasmal Killer","Burst"]},{"damage_healed":0,"gold_gain":0,"player_choice":"Upgraded","damage_taken":0,"max_hp_gain":0,"max_hp_loss":0,"event_name":"Upgrade Shrine","floor":29,"gold_loss":0,"cards_upgraded":["Ghostly"]},{"cards_removed":["Flying Knee"],"damage_healed":0,"gold_gain":0,"player_choice":"Removed Attack","damage_taken":0,"max_hp_gain":0,"max_hp_loss":0,"event_name":"Falling","floor":38,"gold_loss":0}],"is_beta":false,"boss_relics":[{"not_picked":["Snecko Eye","Ectoplasm"],"picked":"Busted Crown"},{"not_picked":["Coffee Dripper","HoveringKite"],"picked":"Ring of the Serpent"}],"items_purged_floors":[],"is_endless":false,"potions_floor_spawned":[1,11,12,14,16,33,35],"killed_by":"4 Shapes","ascension_level":0}}