{"host":"ow66nzv2xecjoor3","time":1613900585,"event":{"mods":["BaseMod","Bestiary","Block Reminder","Colored Powertips","Curses Come First","Highlight Path","Keyboard Shortcuts","Minty Spire (QoL Compilation)","Permanent Neow","Relic Stats","StSLib","UnlockEverythingMod"],"gold_per_floor":[116,135,147,158,39,39,65,65,65,96,96,96,111,126,126,200,200,215,233,41,41,41],"floor_reached":21,"language":"ENG","playtime":517,"items_purged":["Strike_R"],"score":432,"play_id":"658542b3-be1f-4c1b-b9e2-42819983b375","local_time":"20210221034305","is_ascension_mode":true,"campfire_choices":[{"data":"Bash","floor":6.0,"key":"SMITH"},{"data":"Shockwave","floor":8.0,"key":"SMITH"},{"data":"Fire Breathing","floor":11,"key":"SMITH"},{"data":"Armaments","floor":15,"key":"SMITH"}],"circlet_count":0,"master_deck":["AscendersBane","Strike_R","Strike_R","Strike_R","Strike_R","Defend_R","Defend_R","Defend_R","Defend_R","Bash+1","Wild Strike","Wild Strike","Shockwave+1","Exhume","Fire Breathing+1","Carnage+1","Armaments+1","Demon Form","Burning Pact","Shrug It Off"],"relics":["Cursed Key","Molten Egg 2","Regal Pillow","Fusion Hammer","Sling"],"acts_visited":["Exordium","TheCity"],"potions_floor_usage":[16,19,21],"damage_taken":[{"damage":1.0,"enemies":"Cultist","floor":1.0,"turns":3.0},{"damage":6.0,"enemies":"Small Slimes","floor":2.0,"turns":3.0},{"damage":4.0,"enemies":"2 Louse","floor":3.0,"turns":2.0},{"damage":0.0,"enemies":"2 Fungi Beasts","floor":4.0,"turns":2.0},{"damage":17.0,"enemies":"3 Sentries","floor":7.0,"turns":4.0},{"damage":0,"enemies":"Gremlin Nob","floor":10,"turns":2},{"damage":0,"enemies":"Large Slime","floor":13,"turns":3},{"damage":9,"enemies":"Looter","floor":14,"turns":3},{"damage":30,"enemies":"The Guardian","floor":16,"turns":9},{"damage":37,"enemies":"Shell Parasite","floor":18,"turns":5},{"damage":0,"enemies":"Chosen","floor":19,"turns":3},{"damage":25,"enemies":"Centurion and Healer","floor":21,"turns":3}],"seed_played":"-2544487573962619460","potions_obtained":[{"floor":2.0,"key":"AttackPotion"},{"floor":7.0,"key":"PowerPotion"},{"floor":18,"key":"BlessingOfTheForge"}],"is_trial":false,"path_per_floor":["M","M","M","M","$","R","E","R","T","E","R","T","M","M","R","B",null,"M","M","$","M"],"character_chosen":"IRONCLAD","items_purchased":["Fire Breathing","Shrug It Off","Sling"],"campfire_rested":0,"item_purchase_floors":[5,20,20],"current_hp_per_floor":[67,61,57,57,57,57,40,40,40,40,40,40,40,31,31,1,57,20,20,20,0,0],"gold":41,"neow_bonus":"BOSS_RELIC","is_daily":false,"chose_seed":false,"campfire_upgraded":4,"win_rate":0.0,"timestamp":1613900585,"path_taken":["M","?","M","M","$","R","E","R","T","E","R","?","M","M","R","BOSS","M","?","$","M"],"items_purchased_type":["Card","Card","Relic"],"build_version":"2020-12-22","purchased_purges":1,"victory":false,"max_hp_per_floor":[75,75,75,75,75,75,75,75,75,75,75,75,75,75,75,75,75,75,75,75,75,75],"relic_stats":{"Regal Pillow":0,"counters":[12,42],"Cursed Key":0,"obtain_stats":[{"Regal Pillow":10,"Molten Egg 2":7,"Fusion Hammer":17,"Cursed Key":0,"Sling":20,"Burning Blood":0},{"Regal Pillow":6,"Molten Egg 2":5,"Fusion Hammer":9,"Cursed Key":0,"Sling":11,"Burning Blood":0},{"Regal Pillow":16,"Molten Egg 2":14,"Fusion Hammer":31,"Cursed Key":0,"Sling":39,"Burning Blood":0}]},"card_choices":[{"not_picked":["Headbutt","True Grit"],"picked":"Wild Strike","floor":1.0},{"not_picked":["Iron Wave","Bloodletting"],"picked":"Wild Strike","floor":2.0},{"not_picked":["Heavy Blade","Warcry"],"picked":"Shockwave","floor":3.0},{"not_picked":["Twin Strike","Pommel Strike"],"picked":"Exhume","floor":4.0},{"not_picked":["Twin Strike+1","Clothesline+1"],"picked":"Carnage+1","floor":7.0},{"not_picked":["Body Slam+1","Dual Wield","Anger+1"],"picked":"SKIP","floor":10},{"not_picked":["Rupture","Heavy Blade+1","Warcry"],"picked":"SKIP","floor":13},{"not_picked":["Wild Strike+1","Perfected Strike+1"],"picked":"Armaments","floor":14},{"not_picked":["Limit Break","Barricade"],"picked":"Demon Form","floor":16},{"not_picked":["Pummel+1","Sword Boomerang+1","Clothesline+1"],"picked":"SKIP","floor":18},{"not_picked":["Thunderclap+1","Body Slam+1"],"picked":"Burning Pact","floor":19}],"player_experience":2926155,"relics_obtained":[{"floor":7.0,"key":"Molten Egg 2"},{"floor":10,"key":"Regal Pillow"}],"event_choices":[],"is_beta":false,"boss_relics":[{"not_picked":["Ectoplasm","Runic Cube"],"picked":"Fusion Hammer"}],"items_purged_floors":[5],"is_endless":false,"potions_floor_spawned":[2,7,10,18],"killed_by":"Centurion and Healer","ascension_level":20}}