{"host":"rxlazyja0fsq2vfk","time":1613887704,"event":{"mods":["2.2 Compatiblity","AchievementEnabler","Act Like it!","BaseMod","Bestiary","BetterRewards","Colored Map","Colored Powertips","Defuse TimeMaze Blight","Disable Question Mark Monsters","Downfall","GifTheSpireLib","Jedi Mod","Minty Spire (QoL Compilation)","Permanent Neow","Quick Restart","Random Character Button","Random Character Mod","Relic Sorter","Shop Mod","StSLib","Transform Curses","Unknown Chances","egg","everything is the same but u backflip on backflip"],"gold_per_floor":[111,111,131,145,208,239,249,274,274,339,359,359,393,443,443,539,539,553,603,676,726,739,766,816,843,869,869,886,423,473,492,492,597,597,615,665,157,0,70,70,97,109,160,259,287,304,339,389,389,389],"floor_reached":51,"language":"ENG","playtime":1544,"items_purged":["Strike_R","Rampage+1","Strike_R+1"],"score":1301,"play_id":"23c89a50-ccdb-4013-9a98-f94b9e834487","local_time":"20210221010824","is_ascension_mode":true,"campfire_choices":[{"data":"Evolve","floor":12,"key":"SMITH"},{"data":"Power Through","floor":15,"key":"SMITH"},{"data":"Inflame","floor":27,"key":"SMITH"},{"data":"Brutality","floor":32,"key":"SMITH"},{"floor":40,"key":"REST"},{"floor":49,"key":"REST"}],"circlet_count":0,"master_deck":["Strike_R+1","Defend_R+1","Defend_R+1","Defend_R+1","Bash","Uppercut+1","Fire Breathing+1","Power Through+1","Evolve+1","Sword Boomerang+1","Wild Strike+1","Wild Strike+1","Inflame+1","Whirlwind+1","jedi:unlimitedpower","Inflame+1","Infernal Blade+1","Inflame+1","True Grit+1","Brutality+1","Limit Break+1","jedi:MakeshiftSword","Battle Trance+1"],"relics":["Burning Blood","Molten Egg 2","Du-Vu Doll","StoneCalendar","Sling","Whetstone","SsserpentHead","Sundial","Mercury Hourglass","Guardian:PocketSentry","jedi:angrymask","Astrolabe","Art of War","jedi:shrinkray","White Beast Statue","MutagenicStrength","InkBottle","Red Skull","Toxic Egg 2","jedi:leech","Fusion Hammer","Thread and Needle","Red Mask","Bag of Marbles","Centennial Puzzle","Champion Belt","Blood Vial","Bottled Lightning"],"acts_visited":["Exordium","TheCity","TheBeyond"],"potions_floor_usage":[8,16,16,23,33,33,41,45,50,50],"damage_taken":[{"damage":3,"enemies":"2 Louse","floor":1,"turns":2},{"damage":0,"enemies":"Cultist","floor":3,"turns":3},{"damage":3,"enemies":"Jaw Worm","floor":4,"turns":3},{"damage":25,"enemies":"Exordium Wildlife","floor":5,"turns":5},{"damage":11,"enemies":"Gremlin Nob","floor":6,"turns":4},{"damage":7,"enemies":"3 Louse","floor":7,"turns":4},{"damage":3,"enemies":"Lagavulin","floor":8,"turns":5},{"damage":0,"enemies":"2 Fungi Beasts","floor":10,"turns":2},{"damage":9,"enemies":"Blue Slaver","floor":11,"turns":3},{"damage":7,"enemies":"Gremlin Nob","floor":13,"turns":3},{"damage":0,"enemies":"Slime Boss","floor":16,"turns":3},{"damage":0,"enemies":"3 Byrds","floor":18,"turns":3},{"damage":10,"enemies":"Shell Parasite","floor":22,"turns":3},{"damage":12,"enemies":"Slavers","floor":23,"turns":4},{"damage":12,"enemies":"Book of Stabbing","floor":25,"turns":4},{"damage":0,"enemies":"Snake Plant","floor":28,"turns":2},{"damage":15,"enemies":"Shelled Parasite and Fungi","floor":31,"turns":2},{"damage":6,"enemies":"Automaton","floor":33,"turns":5},{"damage":7,"enemies":"3 Shapes","floor":35,"turns":2},{"damage":2,"enemies":"Orb Walker","floor":39,"turns":3},{"damage":3,"enemies":"Reptomancer","floor":41,"turns":4},{"damage":2,"enemies":"4 Shapes","floor":42,"turns":3},{"damage":2,"enemies":"2 Orb Walkers","floor":44,"turns":3},{"damage":6,"enemies":"Nemesis","floor":45,"turns":3},{"damage":5,"enemies":"Maw","floor":46,"turns":4},{"damage":9,"enemies":"Reptomancer","floor":47,"turns":2},{"damage":35,"enemies":"Awakened One","floor":50,"turns":6}],"seed_played":"-549871915666364042","potions_obtained":[{"floor":3,"key":"DistilledChaos"},{"floor":4,"key":"SteroidPotion"},{"floor":10,"key":"jedi:StrikingPotion"},{"floor":11,"key":"SteroidPotion"},{"floor":25,"key":"Explosive Potion"},{"floor":28,"key":"GamblersBrew"},{"floor":31,"key":"Slimebound:ThreeZeroPotion"},{"floor":33,"key":"LiquidBronze"},{"floor":35,"key":"Swift Potion"},{"floor":41,"key":"PowerPotion"},{"floor":44,"key":"bronze:BurnAndBuffPotion"},{"floor":45,"key":"FairyPotion"}],"is_trial":false,"path_per_floor":["M","?","M","M","M","E","M","E","T","M","M","R","E","?","R","B",null,"M","?","T","?","M","E","?","E","T","R","M","$","T","M","R","B",null,"M","?","$","?","M","R","E","M","T","?","E","M","E","?","R","B",null],"character_chosen":"IRONCLAD","items_purchased":["Molten Egg 2","Uppercut+1","Sling","Whetstone","Toxic Egg 2","EssenceOfSteel","True Grit+1","Thread and Needle","jedi:MakeshiftSword"],"campfire_rested":2,"item_purchase_floors":[0,0,0,0,29,29,29,37,37],"current_hp_per_floor":[75,75,75,75,56,51,50,53,53,59,56,56,55,55,55,61,75,75,75,75,75,71,65,65,59,59,59,65,65,65,56,56,56,75,74,71,71,71,71,71,71,71,71,71,71,71,68,68,71,42],"gold":389,"neow_bonus":"","is_daily":false,"chose_seed":false,"campfire_upgraded":4,"win_rate":0.0,"timestamp":1613887704,"path_taken":["M","?","M","M","?","E","M","E","T","?","M","R","E","?","R","BOSS","M","?","?","?","M","E","?","E","T","R","M","$","?","M","R","BOSS","M","?","$","?","?","R","E","M","T","?","E","M","E","?","R","BOSS"],"items_purchased_type":["Relic","Card","Relic","Relic","Relic","Potion","Card","Relic","Card"],"build_version":"2020-12-22","purchased_purges":3,"victory":true,"max_hp_per_floor":[75,75,75,75,75,75,75,75,75,75,75,75,75,75,75,75,75,75,75,75,75,75,75,75,75,75,75,75,75,75,75,75,75,75,75,71,71,71,71,71,71,71,71,71,71,71,71,71,71,71],"card_choices":[{"not_picked":["Evolve","Twin Strike+1"],"picked":"Fire Breathing","floor":1},{"not_picked":["Clothesline+1","Twin Strike+1"],"picked":"Power Through","floor":3},{"not_picked":["Clash+1","True Grit","Carnage+1"],"picked":"SKIP","floor":4},{"not_picked":["Infernal Blade","Wild Strike+1"],"picked":"Evolve","floor":5},{"not_picked":["Blood for Blood+1","Battle Trance"],"picked":"Sword Boomerang+1","floor":6},{"not_picked":["Clothesline+1","Thunderclap+1"],"picked":"Wild Strike+1","floor":7},{"not_picked":["Dropkick+1","Berserk"],"picked":"Wild Strike+1","floor":8},{"not_picked":["Blood for Blood+1","Perfected Strike+1","Cleave+1"],"picked":"SKIP","floor":10},{"not_picked":["jedi:collectorstrike+1","Pommel Strike+1"],"picked":"Inflame","floor":11},{"not_picked":["Headbutt+1","Clash+1","Iron Wave+1"],"picked":"SKIP","floor":13},{"not_picked":["Shrug It Off","Armaments"],"picked":"Inflame+1","floor":18},{"not_picked":["Twin Strike+1","Metallicize+1","Infernal Blade+1"],"picked":"SKIP","floor":22},{"not_picked":["Twin Strike+1","Metallicize+1"],"picked":"Infernal Blade+1","floor":22},{"not_picked":["jedi:bloodyhammer","Brutality"],"picked":"Inflame+1","floor":23},{"not_picked":["Blood for Blood+1","Headbutt+1"],"picked":"Ghostly Armor","floor":25},{"not_picked":["Headbutt+1","Clash+1","Anger+1"],"picked":"SKIP","floor":28},{"not_picked":["Havoc+1","Twin Strike+1"],"picked":"Brutality","floor":31},{"not_picked":["Impervious+1","Fiend Fire+1"],"picked":"Limit Break+1","floor":33},{"not_picked":["Intimidate+1","Cleave+1","Headbutt+1"],"picked":"SKIP","floor":35},{"not_picked":["Cleave+1","Shrug It Off+1","Flex+1"],"picked":"SKIP","floor":39},{"not_picked":["Demon Form","Headbutt+1","jedi:unlimitedpower"],"picked":"SKIP","floor":41},{"not_picked":["Flex+1","True Grit+1"],"picked":"Battle Trance+1","floor":42},{"not_picked":["Metallicize","Warcry+1","Armaments+1"],"picked":"SKIP","floor":45},{"not_picked":["Heavy Blade+1","Dark Embrace+1","Reaper+1"],"picked":"SKIP","floor":46},{"not_picked":["Pommel Strike+1","Sword Boomerang+1","Body Slam+1"],"picked":"SKIP","floor":47}],"player_experience":576761,"relics_obtained":[{"floor":6,"key":"Sundial"},{"floor":8,"key":"Mercury Hourglass"},{"floor":9,"key":"Guardian:PocketSentry"},{"floor":13,"key":"jedi:angrymask"},{"floor":19,"key":"Art of War"},{"floor":20,"key":"jedi:shrinkray"},{"floor":23,"key":"White Beast Statue"},{"floor":25,"key":"InkBottle"},{"floor":26,"key":"Red Skull"},{"floor":30,"key":"jedi:leech"},{"floor":41,"key":"Bag of Marbles"},{"floor":43,"key":"Centennial Puzzle"},{"floor":44,"key":"Champion Belt"},{"floor":45,"key":"Blood Vial"},{"floor":47,"key":"Bottled Lightning"}],"event_choices":[{"damage_healed":0,"gold_gain":0,"player_choice":"Trade","damage_taken":0,"relics_obtained":["SsserpentHead"],"max_hp_gain":0,"max_hp_loss":0,"event_name":"FaceTrader","floor":2,"gold_loss":0},{"damage_healed":0,"gold_gain":0,"player_choice":"Grow","damage_taken":0,"max_hp_gain":0,"max_hp_loss":0,"event_name":"Living Wall","floor":14,"gold_loss":0,"cards_upgraded":["Fire Breathing"]},{"damage_healed":0,"gold_gain":0,"player_choice":"Simplicity","damage_taken":0,"max_hp_gain":0,"max_hp_loss":0,"event_name":"Back to Basics","floor":21,"gold_loss":0,"cards_upgraded":["Defend_R","Defend_R","Defend_R"]},{"damage_healed":0,"gold_gain":0,"player_choice":"Inject Mutagens","damage_taken":0,"relics_obtained":["MutagenicStrength"],"max_hp_gain":0,"max_hp_loss":0,"event_name":"Drug Dealer","floor":24,"gold_loss":0},{"damage_healed":0,"gold_gain":0,"player_choice":"Max HP","damage_taken":0,"max_hp_gain":0,"max_hp_loss":4,"event_name":"Winding Halls","floor":36,"gold_loss":0},{"damage_healed":0,"gold_gain":0,"player_choice":"Paid","damage_taken":0,"relics_obtained":["Red Mask"],"max_hp_gain":0,"max_hp_loss":0,"event_name":"Tomb of Lord Red Mask","floor":38,"gold_loss":207},{"damage_healed":0,"gold_gain":0,"player_choice":"Fight","damage_taken":0,"max_hp_gain":0,"max_hp_loss":0,"event_name":"Mysterious Sphere","floor":44,"gold_loss":0},{"cards_removed":["Ghostly Armor"],"damage_healed":0,"gold_gain":0,"player_choice":"Removed Skill","damage_taken":0,"max_hp_gain":0,"max_hp_loss":0,"event_name":"Falling","floor":48,"gold_loss":0}],"is_beta":false,"boss_relics":[{"not_picked":["Velvet Choker","Snecko Eye"],"picked":"Astrolabe"},{"not_picked":["sneckomod:SneckoTalon","Philosopher\u0027s Stone"],"picked":"Fusion Hammer"}],"items_purged_floors":[0,29,37],"is_endless":false,"potions_floor_spawned":[3,4,10,11,25,28,31,33,35,39,41,42,44,45,46,47],"ascension_level":1}}