{"host":"ppiucu9uavkq1hgp","time":1613873190,"event":{"mods":["Act Like it!","BaseMod","CapriCore","Gensokyo","LagranYue(¿≠∏Ò¿ °§‘¬)","Marisa£®ÏF”Í°°ƒß¿Ì…≥£©","Minty Spire (QoL Compilation)","Quick Restart","Reimu£®≤©¿ˆ¡È√Œ£©","Relic Stats","Remilia£®¿Ÿ√◊¿Ú—«£©","Replay The Spire","RumiaBox-¬∂√◊Ê´µƒ…Ò√ÿ∫–◊”","StSLib","SuperFastMode","TestMod","The Alterego","The Immortal","Yakumo Yukari mod","Youmu£®ªÍ∆«—˝√Œ£©","noobMod","°æπ¶ƒ‹Mod°øªÏ„Á÷Æª∑–ﬁ∏¥≤π∂°","°æ“≈ŒÔø®≈∆°øREMEMod"],"gold_per_floor":[110,110,125,50,68,100,100,127,127,127],"floor_reached":8,"language":"ZHS","playtime":470,"items_purged":["MokouMod:Strike"],"score":66,"play_id":"e68c8cdb-1a25-4c37-a08a-759e797ad2a7","local_time":"20210221100630","is_ascension_mode":false,"campfire_choices":[{"data":"MokouMod:HeatCyclone","floor":7,"key":"SMITH"}],"circlet_count":0,"master_deck":["MokouMod:Strike","MokouMod:Strike","MokouMod:Strike","MokouMod:Defend","MokouMod:Defend","MokouMod:Defend+1","MokouMod:HeatSpark","MokouMod:Meltdown","MokouMod:AdaptivePyromancy","MokouMod:Afterburner+1","MokouMod:HeatCyclone+1","MokouMod:Singe"],"relics":["MokouMod:PhoenixFeather","testmod-TestBox","ice","REME_ComplimentaryCards","LagranYue:RandomDrawCardRelic","ReplayFunnel","War Paint"],"acts_visited":["Exordium"],"potions_floor_usage":[],"damage_taken":[{"damage":8,"enemies":"2 Louse","floor":1,"turns":3},{"damage":1,"enemies":"Cultist","floor":3,"turns":3},{"damage":5,"enemies":"Small Slimes","floor":5,"turns":3},{"damage":39,"enemies":"Gremlin Nob","floor":6,"turns":5},{"damage":7,"enemies":"Replay:BlueRogue","floor":8,"turns":7}],"seed_played":"7212095837171180554","potions_obtained":[{"floor":1,"key":"BlessingOfTheForge"},{"floor":3,"key":"ColorlessPotion"}],"is_trial":false,"path_per_floor":["M","?","M","$","M","E","R","E"],"character_chosen":"MKU","items_purchased":[],"campfire_rested":0,"item_purchase_floors":[],"current_hp_per_floor":[67,67,66,66,61,22,22,15,15,15],"gold":127,"neow_bonus":"REMOVE_CARD","is_daily":false,"chose_seed":false,"campfire_upgraded":1,"win_rate":0.0,"timestamp":1613873190,"path_taken":["M","?","M","$","?","E","R","E"],"items_purchased_type":[],"build_version":"2020-12-22","purchased_purges":1,"victory":false,"max_hp_per_floor":[75,75,75,75,75,75,75,75,75,75],"relic_stats":{"counters":[5,21],"War Paint":["MokouMod:Defend","MokouMod:Afterburner"],"obtain_stats":[{"ReplayFunnel":6,"testmod-TestBox":0,"LagranYue:RandomDrawCardRelic":0,"MokouMod:PhoenixFeather":0,"ice":0,"War Paint":8,"REME_ComplimentaryCards":0},{"ReplayFunnel":4,"testmod-TestBox":0,"LagranYue:RandomDrawCardRelic":0,"MokouMod:PhoenixFeather":0,"ice":0,"War Paint":5,"REME_ComplimentaryCards":0},{"ReplayFunnel":14,"testmod-TestBox":0,"LagranYue:RandomDrawCardRelic":0,"MokouMod:PhoenixFeather":0,"ice":0,"War Paint":21,"REME_ComplimentaryCards":0}]},"card_choices":[{"not_picked":["MokouMod:Burn","MokouMod:IllusoryBattlefield"],"picked":"MokouMod:Meltdown","floor":1},{"not_picked":["MokouMod:FlickeringFlame","MokouMod:FlareStarter"],"picked":"MokouMod:AdaptivePyromancy","floor":3},{"not_picked":["MokouMod:Trailblazer","MokouMod:RoaringFlare"],"picked":"MokouMod:Afterburner","floor":5},{"not_picked":["MokouMod:RoaringFlare","MokouMod:Stoke"],"picked":"MokouMod:HeatCyclone","floor":6},{"not_picked":["MokouMod:Overheat","MokouMod:FlickeringFlame"],"picked":"MokouMod:Singe","floor":8}],"player_experience":34880,"relics_obtained":[{"floor":6,"key":"ReplayFunnel"},{"floor":8,"key":"War Paint"}],"event_choices":[{"cards_removed":["MokouMod:Strike"],"damage_healed":0,"gold_gain":0,"player_choice":"Offered Basic","damage_taken":0,"max_hp_gain":0,"max_hp_loss":0,"event_name":"Bonfire Elementals","floor":2,"gold_loss":0}],"is_beta":false,"boss_relics":[],"items_purged_floors":[4],"is_endless":false,"potions_floor_spawned":[1,3],"killed_by":"Replay:BlueRogue","ascension_level":0}}