{"host":"z42sc0n2dozsmk72","time":1613899415,"event":{"mods":["AchievementEnabler","BaseMod","Colored Map","Curses Come First","Highlight Path","Minty Spire (QoL Compilation)","Permanent Neow","Quick Restart","Relic Stats","Shop Mod","StSLib","egg","slay the spire mod where everything is the same but ironclad has a cowboy hat"],"gold_per_floor":[118,130,146,156,170,170,204,218,269,269,288,299,329,341,341,444,444,459,470,490,119,119,119],"floor_reached":22,"language":"ENG","playtime":1638,"items_purged":["Strike_P"],"score":263,"play_id":"fd742a6d-a365-46e4-977b-7d5527189092","local_time":"20210221222335","is_ascension_mode":true,"campfire_choices":[{"data":"CutThroughFate","floor":6.0,"key":"SMITH"},{"data":"Vigilance","floor":10.0,"key":"SMITH"},{"data":"LessonLearned","floor":15.0,"key":"SMITH"}],"circlet_count":0,"master_deck":["Strike_P","Strike_P+1","Strike_P+1","Defend_P","Defend_P","Defend_P","Defend_P+1","Eruption","Vigilance+1","SashWhip","CutThroughFate+1","Sanctity","EmptyBody","CarveReality","BattleHymn","FlurryOfBlows","EmptyMind","Wireheading","LessonLearned+1","MasterReality","Study+1","SashWhip+1","EmptyFist+1","DeusExMachina"],"relics":["Coffee Dripper","Bottled Lightning","Anchor","Pear","SacredBark","Potion Belt"],"acts_visited":["Exordium","TheCity"],"potions_floor_usage":[19,20,22],"damage_taken":[{"damage":7.0,"enemies":"Jaw Worm","floor":1.0,"turns":3.0},{"damage":0.0,"enemies":"Cultist","floor":2.0,"turns":3.0},{"damage":0.0,"enemies":"Small Slimes","floor":3.0,"turns":4.0},{"damage":0.0,"enemies":"2 Fungi Beasts","floor":4.0,"turns":2.0},{"damage":0.0,"enemies":"Looter","floor":5.0,"turns":3.0},{"damage":0.0,"enemies":"Lagavulin","floor":7.0,"turns":3.0},{"damage":10.0,"enemies":"Large Slime","floor":8.0,"turns":3.0},{"damage":0.0,"enemies":"Lots of Slimes","floor":11.0,"turns":3.0},{"damage":0.0,"enemies":"2 Fungi Beasts","floor":12.0,"turns":3.0},{"damage":8.0,"enemies":"3 Sentries","floor":13.0,"turns":6.0},{"damage":0.0,"enemies":"Gremlin Gang","floor":14.0,"turns":3.0},{"damage":22.0,"enemies":"Hexaghost","floor":16.0,"turns":7.0},{"damage":6,"enemies":"Spheric Guardian","floor":18,"turns":3},{"damage":7,"enemies":"Chosen","floor":19,"turns":6},{"damage":35,"enemies":"3 Cultists","floor":20,"turns":7},{"damage":18,"enemies":"Snake Plant","floor":22,"turns":3}],"seed_played":"-8910000193802687794","potions_obtained":[{"floor":1.0,"key":"FearPotion"},{"floor":7.0,"key":"SkillPotion"},{"floor":12.0,"key":"Weak Potion"},{"floor":16.0,"key":"GamblersBrew"}],"is_trial":false,"path_per_floor":["M","M","M","M","M","R","E","M","T","R","M","M","E","M","R","B",null,"M","M","M","$","M"],"character_chosen":"WATCHER","items_purchased":["Potion Belt","DeusExMachina"],"campfire_rested":0,"item_purchase_floors":[21,21],"current_hp_per_floor":[65,65,65,65,65,65,65,55,55,55,55,55,57,57,57,35,82,76,69,34,34,16,16],"gold":119,"neow_bonus":"BOSS_RELIC","is_daily":false,"chose_seed":false,"campfire_upgraded":3,"win_rate":0.0,"timestamp":1613899415,"path_taken":["M","M","M","M","M","R","E","M","T","R","M","M","E","M","R","BOSS","M","M","M","$","M"],"items_purchased_type":["Relic","Card"],"build_version":"2020-12-22","purchased_purges":1,"victory":false,"max_hp_per_floor":[72,72,72,72,72,72,72,72,72,72,72,72,82,82,82,82,82,82,82,82,82,82,82],"relic_stats":{"counters":[16,62],"obtain_stats":[{"Potion Belt":21,"Anchor":9,"Pear":13,"SacredBark":17,"Coffee Dripper":0,"Bottled Lightning":7,"PureWater":0},{"Potion Belt":15,"Anchor":7,"Pear":10,"SacredBark":12,"Coffee Dripper":0,"Bottled Lightning":6,"PureWater":0},{"Potion Belt":59,"Anchor":21,"Pear":33,"SacredBark":43,"Coffee Dripper":0,"Bottled Lightning":18,"PureWater":0}]},"card_choices":[{"not_picked":["Weave","FlyingSleeves","Prostrate"],"picked":"SKIP","floor":1.0},{"not_picked":["FlyingSleeves","Swivel"],"picked":"SashWhip","floor":2.0},{"not_picked":["Crescendo","CrushJoints"],"picked":"CutThroughFate","floor":3.0},{"not_picked":["Perseverance","Scrawl"],"picked":"Sanctity","floor":4.0},{"not_picked":["Halt","BowlingBash"],"picked":"EmptyBody","floor":5.0},{"not_picked":["Crescendo","ClearTheMind"],"picked":"CarveReality","floor":7.0},{"not_picked":["JustLucky","FollowUp"],"picked":"BattleHymn","floor":8.0},{"not_picked":["EmptyBody","ThirdEye"],"picked":"FlurryOfBlows","floor":11.0},{"not_picked":["SashWhip","Crescendo"],"picked":"EmptyMind","floor":12.0},{"not_picked":["Crescendo","BowlingBash"],"picked":"Wireheading","floor":13.0},{"not_picked":["Weave","CutThroughFate"],"picked":"LessonLearned","floor":14.0},{"not_picked":["ConjureBlade","Brilliance"],"picked":"MasterReality","floor":16.0},{"not_picked":["Perseverance+1","CutThroughFate"],"picked":"Study+1","floor":18},{"not_picked":["BowlingBash","SignatureMove+1"],"picked":"SashWhip+1","floor":19},{"not_picked":["BowlingBash","Crescendo"],"picked":"EmptyFist+1","floor":20}],"player_experience":982001,"relics_obtained":[{"floor":7.0,"key":"Bottled Lightning"},{"floor":9.0,"key":"Anchor"},{"floor":13.0,"key":"Pear"}],"event_choices":[],"is_beta":false,"boss_relics":[{"not_picked":["Calling Bell","Tiny House"],"picked":"SacredBark"}],"items_purged_floors":[21],"is_endless":false,"potions_floor_spawned":[1,7,12,16],"killed_by":"Snake Plant","ascension_level":3}}