{"host":"iggyqwhh1tk9qczq","time":1613898502,"event":{"mods":["BaseMod","Downfall","Googly Eyes","Minty Spire (QoL Compilation)","StSLib","The Disciple","The Mystic","The Necromancer","The Runesmith","The Servant 0.9.4","Together in Spire","Yuri Mod"],"gold_per_floor":[117,135,60,235,85,112,112,62,110,145,165,184,184,203,203,308,308,278,115,30,0,0,0,0,0,0,0,0,0,0,0,0,0,0,0,0,0,0,0,0,0,0,0,0,0,0,0,0,0,0,0,0,0,0,0,0],"floor_reached":55,"language":"ENG","playtime":4045,"items_purged":["Strike_G","Doubt","Strike_G"],"score":571,"play_id":"978896a0-ef78-49e8-97d1-9a67cce4fb92","local_time":"20210221010822","is_ascension_mode":false,"campfire_choices":[{"data":"Accuracy","floor":7.0,"key":"SMITH"},{"data":"Blade Dance","floor":13.0,"key":"SMITH"},{"data":"Infinite Blades","floor":15.0,"key":"SMITH"},{"data":"Infinite Blades","floor":24.0,"key":"SMITH"},{"data":"Cloak And Dagger","floor":27.0,"key":"SMITH"},{"data":"Cloak And Dagger","floor":30.0,"key":"SMITH"},{"floor":32.0,"key":"RECALL"},{"data":"Blade Dance","floor":40,"key":"SMITH"},{"data":"Cloak And Dagger","floor":47,"key":"SMITH"},{"data":"Neutralize","floor":49,"key":"SMITH"},{"data":"Infinite Blades","floor":52,"key":"SMITH"}],"circlet_count":0,"master_deck":["Defend_G","Defend_G","Defend_G","Defend_G","Survivor","Neutralize+1","Bandage Up","Accuracy+1","Blade Dance+1","Cloak And Dagger+1","Blade Dance+1","Infinite Blades+1","Infinite Blades+1","Cloak And Dagger+1","Infinite Blades+1","Cloak And Dagger+1"],"relics":["Ring of the Snake","Centennial Puzzle","Regal Pillow","Ectoplasm","Lantern","Strawberry","MealTicket","Blood Vial","Empty Cage","Red Mask","InkBottle","PreservedInsect","CaptainsWheel","Happy Flower","Orichalcum"],"acts_visited":["TheEnding"],"potions_floor_usage":[44,50,55,55,55],"damage_taken":[{"damage":1.0,"enemies":"Jaw Worm","floor":1.0,"turns":2.0},{"damage":0.0,"enemies":"2 Louse","floor":2.0,"turns":3.0},{"damage":3.0,"enemies":"3 Sentries","floor":6.0,"turns":7.0},{"damage":16.0,"enemies":"Gremlin Nob","floor":10.0,"turns":3.0},{"damage":0.0,"enemies":"Small Slimes","floor":11.0,"turns":2.0},{"damage":0.0,"enemies":"Exordium Wildlife","floor":12.0,"turns":2.0},{"damage":0.0,"enemies":"Exordium Thugs","floor":14.0,"turns":2.0},{"damage":0.0,"enemies":"Slime Boss","floor":16.0,"turns":6.0},{"damage":7.0,"enemies":"2 Thieves","floor":18.0,"turns":2.0},{"damage":5.0,"enemies":"Spheric Guardian","floor":22.0,"turns":3.0},{"damage":4.0,"enemies":"Gremlin Leader","floor":23.0,"turns":4.0},{"damage":1.0,"enemies":"Book of Stabbing","floor":25.0,"turns":3.0},{"damage":0.0,"enemies":"Shelled Parasite and Fungi","floor":29.0,"turns":2.0},{"damage":11.0,"enemies":"Snake Plant","floor":31.0,"turns":5.0},{"damage":1.0,"enemies":"Champ","floor":33.0,"turns":4.0},{"damage":1.0,"enemies":"Orb Walker","floor":35.0,"turns":2.0},{"damage":7,"enemies":"3 Shapes","floor":37,"turns":5},{"damage":0,"enemies":"3 Darklings","floor":41,"turns":3},{"damage":0,"enemies":"Giant Head","floor":42,"turns":5},{"damage":4,"enemies":"Mind Bloom Boss Battle","floor":44,"turns":3},{"damage":1,"enemies":"Reptomancer","floor":45,"turns":2},{"damage":0,"enemies":"Writhing Mass","floor":48,"turns":6},{"damage":48,"enemies":"Awakened One","floor":50,"turns":7},{"damage":2,"enemies":"Shield and Spear","floor":54,"turns":3},{"damage":81,"enemies":"The Heart","floor":55,"turns":6}],"seed_played":"-6876789465327544300","potions_obtained":[{"floor":2.0,"key":"Swift Potion"},{"floor":6.0,"key":"Ancient Potion"},{"floor":10.0,"key":"Fire Potion"},{"floor":23.0,"key":"GamblersBrew"},{"floor":31.0,"key":"DistilledChaos"},{"floor":41,"key":"Weak Potion"},{"floor":44,"key":"Block Potion"},{"floor":54,"key":"Explosive Potion"}],"is_trial":false,"path_per_floor":["M","M","$","?","$","E","R","?","T","E","M","M","R","M","R","B",null,"M","$","?","?","M","E","R","E","T","R","?","M","R","M","R","B",null,"M","?","M","?","$","R","M","E","T","?","E","$","R","M","R","B",null,"R","$","E","B"],"character_chosen":"THE_SILENT","items_purchased":["Blade Dance","Infinite Blades"],"campfire_rested":0,"item_purchase_floors":[5,19],"current_hp_per_floor":[69,69,69,69,69,69,69,69,69,57,61,65,65,65,65,69,70,63,63,63,63,62,69,69,72,72,72,72,74,74,69,69,74,77,76,76,74,74,77,77,77,77,77,73,74,77,77,77,77,33,77,77,77,75,0,0],"gold":0,"neow_bonus":"RANDOM_COLORLESS","is_daily":false,"chose_seed":false,"campfire_upgraded":10,"win_rate":0.0,"timestamp":1613898502,"path_taken":["M","M","$","?","$","E","R","?","T","E","M","M","R","M","R","BOSS","M","$","?","?","M","E","R","E","T","R","?","M","R","?","R","BOSS","M","?","M","?","$","R","M","E","T","?","E","$","R","M","R","BOSS","R","$","E","BOSS"],"items_purchased_type":["Card","Card"],"build_version":"2020-12-22","purchased_purges":3,"victory":false,"max_hp_per_floor":[70,70,70,70,70,70,70,70,70,70,70,70,70,70,70,70,70,70,70,70,70,70,77,77,77,77,77,77,77,77,77,77,77,77,77,77,77,77,77,77,77,77,77,77,77,77,77,77,77,77,77,77,77,77,77,77],"card_choices":[{"not_picked":["Deep Breath","Trip"],"picked":"Bandage Up","floor":0.0},{"not_picked":["Deflect","PiercingWail"],"picked":"Accuracy","floor":1.0},{"not_picked":["Poisoned Stab","Outmaneuver","Flechettes"],"picked":"SKIP","floor":2.0},{"not_picked":["Phantasmal Killer","Escape Plan"],"picked":"Cloak And Dagger","floor":6.0},{"not_picked":["Sucker Punch","Masterful Stab","Tactician"],"picked":"SKIP","floor":10.0},{"not_picked":["Backstab","Deflect","Dagger Spray"],"picked":"SKIP","floor":11.0},{"not_picked":["Die Die Die","Flechettes"],"picked":"Blade Dance","floor":12.0},{"not_picked":["Dodge and Roll","Underhanded Strike"],"picked":"Infinite Blades","floor":14.0},{"not_picked":["Escape Plan","Masterful Stab","Poisoned Stab"],"picked":"SKIP","floor":18.0},{"not_picked":["Dagger Spray","Dagger Throw","Noxious Fumes+1"],"picked":"SKIP","floor":22.0},{"not_picked":["Backstab+1","Slice","Noxious Fumes"],"picked":"SKIP","floor":23.0},{"not_picked":["Slice+1","Eviscerate","Expertise"],"picked":"SKIP","floor":25.0},{"not_picked":["Well Laid Plans+1","Underhanded Strike","Riddle With Holes"],"picked":"SKIP","floor":29.0},{"not_picked":["Blur","Backflip","Slice"],"picked":"SKIP","floor":31.0},{"not_picked":["Bane+1","Prepared","Skewer"],"picked":"SKIP","floor":35.0},{"not_picked":["Bane+1","Prepared","Venomology"],"picked":"SKIP","floor":37},{"not_picked":["Deadly Poison+1","Bane","Expertise+1"],"picked":"SKIP","floor":41},{"not_picked":["Setup","Prepared"],"picked":"Infinite Blades","floor":42},{"not_picked":["Escape Plan","Masterful Stab"],"picked":"Cloak And Dagger","floor":45},{"not_picked":["Underhanded Strike+1","Dagger Spray+1","Expertise"],"picked":"SKIP","floor":48},{"not_picked":["Dagger Spray+1","Doppelganger","Slice"],"picked":"SKIP","floor":54}],"player_experience":156185,"relics_obtained":[{"floor":6.0,"key":"Centennial Puzzle"},{"floor":10.0,"key":"Regal Pillow"},{"floor":23.0,"key":"Strawberry"},{"floor":25.0,"key":"MealTicket"},{"floor":26.0,"key":"Blood Vial"},{"floor":42,"key":"InkBottle"},{"floor":43,"key":"PreservedInsect"},{"floor":44,"key":"CaptainsWheel"},{"floor":45,"key":"Happy Flower"},{"floor":54,"key":"Orichalcum"}],"event_choices":[{"damage_healed":0.0,"max_hp_gain":0.0,"max_hp_loss":0.0,"gold_gain":175.0,"event_name":"Liars Game","player_choice":"AGREE","floor":4.0,"gold_loss":0.0,"damage_taken":0.0,"cards_obtained":["Doubt"]},{"cards_removed":["Strike_G"],"damage_healed":0.0,"max_hp_gain":0.0,"max_hp_loss":0.0,"gold_gain":0.0,"event_name":"The Cleric","player_choice":"Card Removal","floor":8.0,"gold_loss":50.0,"damage_taken":0.0},{"damage_healed":0.0,"max_hp_gain":0.0,"max_hp_loss":0.0,"gold_gain":0.0,"event_name":"Addict","player_choice":"Obtained Relic","floor":20.0,"gold_loss":85.0,"damage_taken":0.0,"relics_obtained":["Lantern"]},{"damage_healed":0.0,"max_hp_gain":0.0,"max_hp_loss":0.0,"gold_gain":0.0,"event_name":"Masked Bandits","player_choice":"Paid Fearfully","floor":21.0,"gold_loss":30.0,"damage_taken":0.0},{"damage_healed":0.0,"max_hp_gain":0.0,"max_hp_loss":0.0,"gold_gain":0.0,"event_name":"The Library","player_choice":"Read","floor":28.0,"gold_loss":0.0,"damage_taken":0.0,"cards_obtained":["Cloak And Dagger"]},{"cards_removed":["Defend_G"],"damage_healed":0.0,"max_hp_gain":0.0,"max_hp_loss":0.0,"gold_gain":0.0,"event_name":"Falling","player_choice":"Removed Skill","floor":36.0,"gold_loss":0.0,"damage_taken":0.0},{"damage_healed":0,"gold_gain":0,"player_choice":"Paid","damage_taken":0,"relics_obtained":["Red Mask"],"max_hp_gain":0,"max_hp_loss":0,"event_name":"Tomb of Lord Red Mask","floor":38,"gold_loss":0},{"damage_healed":0,"gold_gain":0,"player_choice":"Fight","damage_taken":0,"max_hp_gain":0,"max_hp_loss":0,"event_name":"MindBloom","floor":44,"gold_loss":0}],"is_beta":false,"boss_relics":[{"not_picked":["Tiny House","Runic Pyramid"],"picked":"Ectoplasm"},{"not_picked":["Snecko Eye","Runic Dome"],"picked":"Empty Cage"}],"items_purged_floors":[3,5,19],"is_endless":false,"potions_floor_spawned":[2,6,10,14,18,23,31,41,42,44,54],"killed_by":"The Heart","ascension_level":0}}