{"host":"bvc3bp2iol2n355r","time":1613899101,"event":{"mods":["AchievementEnabler","BaseMod","Dark Map","Downfall","Minty Spire (QoL Compilation)","Relic Stats","StSLib"],"gold_per_floor":[110,129,129,142,152,152,180,180,258,36,68,68,103,123,123,218,218,233,233,233,2,17,42,54,82,82,82,99,99,99,119,119,217,217,231,257,276,289,289,289,303,337,337,392,241,241,241,291,291,291,291,291,9,43,43,43],"floor_reached":55,"language":"ENG","playtime":3404,"items_purged":["Strike_G","Strike_G+1","Defend_G+1"],"score":1054,"play_id":"a9d88578-f201-4025-b763-a5f1d6229821","local_time":"20210221041821","is_ascension_mode":true,"campfire_choices":[{"data":"Neutralize","floor":6,"key":"SMITH"},{"floor":8,"key":"REST"},{"data":"Terror","floor":12,"key":"SMITH"},{"data":"Calculated Gamble","floor":15,"key":"SMITH"},{"data":"Reflex","floor":27,"key":"SMITH"},{"data":"Cloak And Dagger","floor":29,"key":"SMITH"},{"data":"Blur","floor":32,"key":"SMITH"},{"data":"Well Laid Plans","floor":40,"key":"SMITH"},{"floor":46,"key":"REST"},{"floor":49,"key":"RECALL"},{"floor":52,"key":"REST"}],"circlet_count":0,"master_deck":["Strike_G+1","Defend_G+1","Defend_G+1","Defend_G+1","Defend_G+1","Survivor","Neutralize+1","Reflex+1","Endless Agony","Flying Knee","Terror+1","Quick Slash","Riddle With Holes","Underhanded Strike","Calculated Gamble+1","Dagger Throw","Corpse Explosion","Cloak And Dagger+1","Crippling Poison","Blur+1","Dagger Throw","Dash+1","Acrobatics+1","Backflip","After Image","Reflex+1","Well Laid Plans+1","PiercingWail+1","Finisher+1","Predator+1","All Out Attack+1","Footwork+1","Unload"],"relics":["Ring of the Snake","Torii","Question Card","Sling","Blood Vial","Ancient Tea Set","HoveringKite","MutagenicStrength","Vajra","MealTicket","Snake Skull","HornCleat","SacredBark","Juzu Bracelet","StoneCalendar","Tingsha","StrikeDummy","The Specimen","Ornamental Fan"],"acts_visited":["Exordium","TheCity","TheBeyond","TheEnding"],"potions_floor_usage":[7,13,16,18,24,33,37,38,41,41,44,50,50,50,54,55],"damage_taken":[{"damage":2,"enemies":"2 Louse","floor":1,"turns":3},{"damage":0,"enemies":"Small Slimes","floor":2,"turns":3},{"damage":8,"enemies":"Jaw Worm","floor":4,"turns":5},{"damage":2,"enemies":"3 Louse","floor":5,"turns":5},{"damage":27,"enemies":"3 Sentries","floor":7,"turns":11},{"damage":13,"enemies":"Gremlin Nob","floor":11,"turns":3},{"damage":0,"enemies":"Lagavulin","floor":13,"turns":3},{"damage":1,"enemies":"Red Slaver","floor":14,"turns":3},{"damage":22,"enemies":"The Guardian","floor":16,"turns":9},{"damage":2,"enemies":"2 Thieves","floor":18,"turns":3},{"damage":0,"enemies":"Chosen","floor":22,"turns":3},{"damage":2,"enemies":"Slavers","floor":23,"turns":6},{"damage":0,"enemies":"Snecko","floor":24,"turns":3},{"damage":2,"enemies":"Book of Stabbing","floor":25,"turns":4},{"damage":0,"enemies":"Snake Plant","floor":28,"turns":1},{"damage":0,"enemies":"Cultist and Chosen","floor":31,"turns":3},{"damage":24,"enemies":"Automaton","floor":33,"turns":10},{"damage":2,"enemies":"3 Shapes","floor":35,"turns":2},{"damage":0,"enemies":"3 Darklings","floor":37,"turns":2},{"damage":0,"enemies":"Sphere and 2 Shapes","floor":38,"turns":3},{"damage":27,"enemies":"Transient","floor":41,"turns":5},{"damage":29,"enemies":"Nemesis","floor":42,"turns":5},{"damage":13,"enemies":"2 Orb Walkers","floor":44,"turns":2},{"damage":0,"enemies":"Mind Bloom Boss Battle","floor":48,"turns":6},{"damage":23,"enemies":"Time Eater","floor":50,"turns":15},{"damage":40,"enemies":"Shield and Spear","floor":54,"turns":5},{"damage":42,"enemies":"The Heart","floor":55,"turns":2}],"seed_played":"5440218374432127881","potions_obtained":[{"floor":4,"key":"Block Potion"},{"floor":7,"key":"BlessingOfTheForge"},{"floor":14,"key":"ColorlessPotion"},{"floor":16,"key":"Block Potion"},{"floor":18,"key":"Explosive Potion"},{"floor":22,"key":"Block Potion"},{"floor":33,"key":"Swift Potion"},{"floor":38,"key":"EntropicBrew"},{"floor":42,"key":"PowerPotion"},{"floor":44,"key":"Swift Potion"}],"is_trial":false,"path_per_floor":["M","M","?","M","M","R","E","R","T","$","E","R","E","M","R","B",null,"M","?","?","$","M","E","M","E","T","R","M","R","?","M","R","B",null,"M","T","M","M","?","R","M","E","T","?","$","R","T","?","R","B",null,"R","$","E","B"],"character_chosen":"THE_SILENT","items_purchased":["Sling","Vajra","CunningPotion","AttackPotion","CultistPotion","Swift Potion"],"campfire_rested":3,"item_purchase_floors":[10,21,21,45,53,53],"current_hp_per_floor":[61,61,54,46,44,44,17,38,38,38,25,25,27,28,28,8,55,55,55,55,55,57,57,59,59,59,59,61,61,61,63,63,41,63,63,63,65,67,67,67,42,15,15,4,19,40,40,42,42,21,58,70,70,30,0,0],"gold":43,"neow_bonus":"TRANSFORM_CARD","is_daily":false,"chose_seed":false,"campfire_upgraded":7,"win_rate":0.0,"timestamp":1613899101,"path_taken":["M","M","?","M","M","R","E","R","T","$","E","R","E","M","R","BOSS","M","?","?","$","M","E","?","E","T","R","M","R","?","M","R","BOSS","M","?","M","M","?","R","M","E","T","?","$","R","?","?","R","BOSS","R","$","E","BOSS"],"items_purchased_type":["Relic","Relic","Potion","Potion","Potion","Potion"],"build_version":"2020-12-22","purchased_purges":3,"victory":false,"max_hp_per_floor":[70,70,70,70,70,70,70,70,70,70,70,70,70,70,70,70,70,70,70,70,70,70,70,70,70,70,70,70,70,70,70,70,70,70,70,70,70,70,70,70,70,70,70,70,70,70,70,70,70,70,70,70,70,70,70,70],"relic_stats":{"Torii":36,"counters":[27,125],"HoveringKite":[48],"StoneCalendar":[52],"Tingsha":[144],"Snake Skull":[17],"Juzu Bracelet":0,"Question Card":21,"Blood Vial":40,"Ornamental Fan":[4],"MealTicket":15,"obtain_stats":[{"Torii":7,"The Specimen":48,"SacredBark":34,"HoveringKite":17,"Vajra":21,"StoneCalendar":43,"Tingsha":44,"Snake Skull":25,"Juzu Bracelet":42,"Question Card":9,"Sling":10,"Ancient Tea Set":13,"Blood Vial":11,"HornCleat":26,"Ornamental Fan":54,"MutagenicStrength":20,"MealTicket":23,"StrikeDummy":47,"Ring of the Snake":0},{"Torii":5,"The Specimen":24,"SacredBark":17,"HoveringKite":9,"Vajra":10,"StoneCalendar":22,"Tingsha":23,"Snake Skull":14,"Juzu Bracelet":22,"Question Card":5,"Sling":5,"Ancient Tea Set":7,"Blood Vial":6,"HornCleat":14,"Ornamental Fan":26,"MutagenicStrength":10,"MealTicket":12,"StrikeDummy":23,"Ring of the Snake":0},{"Torii":27,"The Specimen":103,"SacredBark":78,"HoveringKite":45,"Vajra":48,"StoneCalendar":95,"Tingsha":97,"Snake Skull":64,"Juzu Bracelet":95,"Question Card":27,"Sling":27,"Ancient Tea Set":33,"Blood Vial":30,"HornCleat":64,"Ornamental Fan":123,"MutagenicStrength":48,"MealTicket":57,"StrikeDummy":97,"Ring of the Snake":0}],"Ring of the Snake":[56]},"card_choices":[{"not_picked":["PiercingWail","Acrobatics"],"picked":"Endless Agony","floor":1},{"not_picked":["Blade Dance","Tactician"],"picked":"Flying Knee","floor":2},{"not_picked":["Concentrate","Escape Plan"],"picked":"Terror","floor":4},{"not_picked":["Eviscerate","Prepared"],"picked":"Quick Slash","floor":5},{"not_picked":["Dodge and Roll","Well Laid Plans"],"picked":"Riddle With Holes","floor":7},{"not_picked":["Escape Plan","Accuracy","Prepared"],"picked":"Underhanded Strike","floor":11},{"not_picked":["Bane","Finisher","Backflip"],"picked":"Calculated Gamble","floor":13},{"not_picked":["Reflex","Accuracy","Grand Finale"],"picked":"Dagger Throw","floor":14},{"not_picked":["Wraith Form v2","A Thousand Cuts","Glass Knife"],"picked":"Corpse Explosion","floor":16},{"not_picked":["Escape Plan+1","Quick Slash","Infinite Blades+1"],"picked":"Cloak And Dagger","floor":18},{"not_picked":["Catalyst","Slice","Venomology"],"picked":"Crippling Poison","floor":22},{"not_picked":["Grand Finale","Concentrate","Backflip"],"picked":"Blur","floor":23},{"not_picked":["Dodge and Roll","Flying Knee+1","Tactician"],"picked":"Dagger Throw","floor":24},{"not_picked":["Deadly Poison","Corpse Explosion","Slice"],"picked":"Dash","floor":25},{"not_picked":["Distraction","Slice","Dagger Throw"],"picked":"Acrobatics+1","floor":28},{"not_picked":["Flying Knee","Terror","Backstab"],"picked":"Backflip","floor":31},{"not_picked":["Doppelganger","Corpse Explosion","Phantasmal Killer"],"picked":"After Image","floor":33},{"not_picked":["Poisoned Stab","Dagger Spray+1","Backflip"],"picked":"Reflex+1","floor":35},{"not_picked":["Deadly Poison+1","Backstab+1","All Out Attack"],"picked":"Well Laid Plans","floor":37},{"not_picked":["Concentrate","Dodge and Roll+1","Deflect"],"picked":"PiercingWail+1","floor":38},{"not_picked":["Well Laid Plans","Deflect+1","Acrobatics"],"picked":"Finisher+1","floor":41},{"not_picked":["Backflip","Underhanded Strike+1","Heel Hook"],"picked":"Predator+1","floor":42},{"not_picked":["Slice","Backflip+1","Bane+1"],"picked":"All Out Attack+1","floor":44},{"not_picked":["Grand Finale","Cloak And Dagger+1","Eviscerate"],"picked":"Footwork+1","floor":48},{"not_picked":["Dodge and Roll","Slice+1","Glass Knife"],"picked":"Unload","floor":54}],"player_experience":601737,"relics_obtained":[{"floor":7,"key":"Torii"},{"floor":9,"key":"Question Card"},{"floor":11,"key":"Blood Vial"},{"floor":13,"key":"Ancient Tea Set"},{"floor":23,"key":"MealTicket"},{"floor":25,"key":"Snake Skull"},{"floor":26,"key":"HornCleat"},{"floor":42,"key":"Juzu Bracelet"},{"floor":43,"key":"StoneCalendar"},{"floor":44,"key":"Tingsha"},{"floor":47,"key":"StrikeDummy"},{"floor":48,"key":"The Specimen"},{"floor":54,"key":"Ornamental Fan"}],"event_choices":[{"cards_removed":["Strike_G"],"damage_healed":0,"gold_gain":0,"player_choice":"Card Removal","damage_taken":7,"max_hp_gain":0,"max_hp_loss":0,"event_name":"Golden Wing","floor":3,"gold_loss":0},{"damage_healed":0,"gold_gain":0,"player_choice":"Simplicity","damage_taken":0,"max_hp_gain":0,"max_hp_loss":0,"event_name":"Back to Basics","floor":19,"gold_loss":0,"cards_upgraded":["Strike_G","Strike_G","Defend_G","Defend_G","Defend_G","Defend_G","Defend_G"]},{"damage_healed":0,"gold_gain":0,"player_choice":"Inject Mutagens","damage_taken":0,"relics_obtained":["MutagenicStrength"],"max_hp_gain":0,"max_hp_loss":0,"event_name":"Drug Dealer","floor":20,"gold_loss":0},{"damage_healed":0,"gold_gain":0,"player_choice":"Upgraded","damage_taken":0,"max_hp_gain":0,"max_hp_loss":0,"event_name":"Upgrade Shrine","floor":30,"gold_loss":0,"cards_upgraded":["Dash"]},{"damage_healed":0,"gold_gain":0,"player_choice":"Memory 1","damage_taken":0,"max_hp_gain":0,"max_hp_loss":0,"event_name":"SensoryStone","floor":39,"gold_loss":0},{"damage_healed":0,"gold_gain":0,"player_choice":"Fight","damage_taken":0,"max_hp_gain":0,"max_hp_loss":0,"event_name":"Mysterious Sphere","floor":44,"gold_loss":0},{"damage_healed":0,"gold_gain":0,"player_choice":"Fight","damage_taken":0,"max_hp_gain":0,"max_hp_loss":0,"event_name":"MindBloom","floor":48,"gold_loss":0}],"is_beta":false,"boss_relics":[{"not_picked":["Philosopher\u0027s Stone","Cursed Key"],"picked":"HoveringKite"},{"not_picked":["Pandora\u0027s Box","Runic Pyramid"],"picked":"SacredBark"}],"items_purged_floors":[10,45,53],"is_endless":false,"potions_floor_spawned":[4,7,14,16,18,22,23,33,38,42,44],"killed_by":"The Heart","ascension_level":8}}