{"host":"ssceekdvsvld625r","time":1613892466,"event":{"mods":["AchievementEnabler","BaseMod","Better Third Choice","Block Reminder","Colored Map","Colored Powertips","Downfall","Minty Spire (QoL Compilation)","Permanent Neow","Quick Restart","Rare Cards Sparkle","Relic Stats","Reliquary","Replay The Spire","Shop Mod","StSLib"],"gold_per_floor":[113,113,123,123,139,139,118,118,118,131,131,147,4,18,18,115,115,130,130,130,149,0,0,10,10,34,53,138,155,180,180,180,276,276,276,276],"floor_reached":35,"language":"ENG","playtime":2107,"items_purged":["Pain"],"score":404,"play_id":"b98f2fc1-37d1-4091-bf15-1fa386d2360b","local_time":"20210221002746","is_ascension_mode":true,"campfire_choices":[{"data":"Noxious Fumes","floor":6.0,"key":"SMITH"},{"floor":11.0,"key":"REST"},{"floor":15.0,"key":"REST"},{"floor":23.0,"key":"RECALL"},{"floor":25.0,"key":"REST"},{"floor":32.0,"key":"REST"}],"circlet_count":0,"master_deck":["Strike_G","Strike_G","Strike_G","Strike_G","Strike_G","Defend_G","Defend_G","Defend_G","Defend_G","Defend_G","Survivor","Neutralize+1","Noxious Fumes+1","Swift Strike","Cloak And Dagger","ReplayTheSpireMod:From All Sides","Endless Agony","Blade Dance","Prepared","Infinite Blades","Masterful Stab","Prepared+1","Necronomicurse","Venomology"],"relics":["WristBlade","betterThird:SlimedRelic","Iron Hammer","Unceasing Top","Fusion Hammer","StoneCalendar","Strange Spoon","Gremlin Food","Gremlin Horn","CaptainsWheel","MerchantsRug","FossilizedHelix","Necronomicon","reliquary:ThirdArm"],"acts_visited":["Exordium","TheCity","TheBeyond"],"potions_floor_usage":[],"damage_taken":[{"damage":0.0,"enemies":"2 Louse","floor":1.0,"turns":2.0},{"damage":3.0,"enemies":"Jaw Worm","floor":3.0,"turns":4.0},{"damage":16.0,"enemies":"Small Slimes","floor":5.0,"turns":4.0},{"damage":7.0,"enemies":"Blue Slaver","floor":10.0,"turns":5.0},{"damage":34.0,"enemies":"Gremlin Gang","floor":12.0,"turns":6.0},{"damage":0.0,"enemies":"Red Slaver","floor":14.0,"turns":3.0},{"damage":24.0,"enemies":"Slime Boss","floor":16.0,"turns":4.0},{"damage":3.0,"enemies":"Spheric Guardian","floor":18.0,"turns":3.0},{"damage":3.0,"enemies":"3 Byrds","floor":21.0,"turns":5.0},{"damage":13.0,"enemies":"Sentry and Sphere","floor":24.0,"turns":4.0},{"damage":19.0,"enemies":"Snake Plant","floor":27.0,"turns":4.0},{"damage":4.0,"enemies":"3 Cultists","floor":29.0,"turns":4.0},{"damage":14.0,"enemies":"Book of Stabbing","floor":30.0,"turns":6.0},{"damage":36.0,"enemies":"Champ","floor":33.0,"turns":8.0},{"damage":73,"enemies":"3 Shapes","floor":35,"turns":3}],"seed_played":"-1740269358346487489","potions_obtained":[{"floor":1.0,"key":"AttackPotion"},{"floor":10.0,"key":"SkillPotion"},{"floor":12.0,"key":"Death Potion"},{"floor":16.0,"key":"Toxic Potion"},{"floor":18.0,"key":"AttackPotion"},{"floor":27.0,"key":"Venom Potion"},{"floor":33.0,"key":"LiquidBronze"}],"is_trial":false,"path_per_floor":["M","?","M","?","M","R","?","T","T","M","R","M","$","M","R_BF","B",null,"M","?","?","M","$","R","M","R","T","M","$","M","E","?","R","B",null,"M"],"character_chosen":"THE_SILENT","items_purchased":["Swift Strike","Cloak And Dagger","Strange Spoon","Prepared","Gremlin Horn","CaptainsWheel","Infinite Blades","MerchantsRug"],"campfire_rested":4,"item_purchase_floors":[13,13,22,28,28,28,28,28],"current_hp_per_floor":[70,70,67,67,51,51,40,40,40,33,54,20,20,20,41,17,70,67,67,67,64,64,64,51,70,70,51,51,47,33,17,38,2,70,0,0],"gold":276,"neow_bonus":"BOSS_RELIC","is_daily":false,"chose_seed":false,"campfire_upgraded":1,"win_rate":0.0,"timestamp":1613892466,"path_taken":["M","?","M","?","M","R","?","?","T","M","R","M","$","M","R_BF","BOSS","M","?","?","M","$","R","M","R","T","?","?","?","E","?","R","BOSS","M"],"items_purchased_type":["Card","Card","Relic","Card","Relic","Relic","Card","Relic"],"build_version":"2020-12-22","purchased_purges":1,"victory":false,"max_hp_per_floor":[70,70,70,70,70,70,70,70,70,70,70,70,70,70,70,70,70,70,70,70,70,70,70,70,70,70,70,70,70,70,70,70,70,70,70,70],"relic_stats":{"Strange Spoon":[26],"Gremlin Horn":[4,4],"counters":[15,65],"StoneCalendar":[52],"Necronomicon":[3],"obtain_stats":[{"Gremlin Food":26,"MerchantsRug":28,"Gremlin Horn":28,"StoneCalendar":20,"reliquary:ThirdArm":34,"Strange Spoon":22,"CaptainsWheel":28,"WristBlade":0,"betterThird:SlimedRelic":7,"Iron Hammer":8,"Fusion Hammer":17,"Necronomicon":31,"Unceasing Top":9,"FossilizedHelix":30,"Ring of the Snake":0},{"Gremlin Food":10,"MerchantsRug":11,"Gremlin Horn":11,"StoneCalendar":8,"reliquary:ThirdArm":14,"Strange Spoon":9,"CaptainsWheel":11,"WristBlade":0,"betterThird:SlimedRelic":3,"Iron Hammer":3,"Fusion Hammer":7,"Necronomicon":13,"Unceasing Top":3,"FossilizedHelix":13,"Ring of the Snake":0},{"Gremlin Food":40,"MerchantsRug":44,"Gremlin Horn":44,"StoneCalendar":31,"reliquary:ThirdArm":62,"Strange Spoon":36,"CaptainsWheel":44,"WristBlade":0,"betterThird:SlimedRelic":10,"Iron Hammer":10,"Fusion Hammer":28,"Necronomicon":54,"Unceasing Top":10,"FossilizedHelix":54,"Ring of the Snake":0}],"Unceasing Top":[21]},"card_choices":[{"not_picked":["ReplayTheSpireMod:Scrap Shanks","Outmaneuver","Underhanded Strike"],"picked":"SKIP","floor":1.0},{"not_picked":["Outmaneuver","Bane"],"picked":"Noxious Fumes","floor":3.0},{"not_picked":["Caltrops","All Out Attack","Flying Knee"],"picked":"SKIP","floor":5.0},{"not_picked":["Cloak And Dagger","Quick Slash","Poisoned Stab"],"picked":"SKIP","floor":10.0},{"not_picked":["PiercingWail","Eviscerate","Dash"],"picked":"SKIP","floor":12.0},{"not_picked":["All Out Attack","Bane","Dagger Throw"],"picked":"SKIP","floor":14.0},{"not_picked":["Die Die Die","Corpse Explosion"],"picked":"ReplayTheSpireMod:From All Sides","floor":16.0},{"not_picked":["Sucker Punch+1","PiercingWail","ReplayTheSpireMod:Exploit Weakness"],"picked":"SKIP","floor":18.0},{"not_picked":["Dagger Throw","PiercingWail"],"picked":"Blade Dance","floor":21.0},{"not_picked":["Prepared","Deflect","Quick Slash"],"picked":"SKIP","floor":24.0},{"not_picked":["Toxin Wave","Dagger Throw","Riddle With Holes+1"],"picked":"SKIP","floor":27.0},{"not_picked":["Hidden Blade+1","Poisoned Stab+1"],"picked":"Masterful Stab","floor":29.0},{"not_picked":["Dagger Throw","Acrobatics+1"],"picked":"Prepared","floor":30.0},{"not_picked":["Corpse Explosion","Die Die Die"],"picked":"Venomology","floor":33.0}],"player_experience":67018,"relics_obtained":[{"floor":8.0,"key":"Iron Hammer"},{"floor":9.0,"key":"Unceasing Top"},{"floor":26.0,"key":"Gremlin Food"},{"floor":30.0,"key":"FossilizedHelix"},{"floor":31.0,"key":"Necronomicon"}],"event_choices":[{"damage_healed":0.0,"max_hp_gain":0.0,"max_hp_loss":0.0,"gold_gain":0.0,"event_name":"Golden Wing","player_choice":"Ignored","floor":2.0,"gold_loss":0.0,"damage_taken":0.0},{"damage_healed":0.0,"max_hp_gain":0.0,"max_hp_loss":0.0,"gold_gain":0.0,"event_name":"Living Wall","player_choice":"Grow","floor":4.0,"gold_loss":0.0,"damage_taken":0.0,"cards_upgraded":["Neutralize"]},{"damage_healed":0.0,"max_hp_gain":0.0,"max_hp_loss":0.0,"gold_gain":0.0,"event_name":"betterThird:BetterGoop","player_choice":"Slimed","floor":7.0,"gold_loss":21.0,"damage_taken":11.0},{"damage_healed":0.0,"max_hp_gain":0.0,"max_hp_loss":0.0,"gold_gain":0.0,"event_name":"The Library","player_choice":"Read","floor":19.0,"gold_loss":0.0,"damage_taken":0.0,"cards_obtained":["Endless Agony"]},{"damage_healed":0.0,"max_hp_gain":0.0,"max_hp_loss":0.0,"gold_gain":0.0,"event_name":"Cursed Tome","player_choice":"Obtained Book","floor":31.0,"gold_loss":0.0,"damage_taken":16.0}],"is_beta":false,"boss_relics":[{"not_picked":["Busted Crown","ReplayTheSpireMod:DimensionalGlitch"],"picked":"Fusion Hammer"},{"not_picked":["reliquary:KinkedSpring","Velvet Choker"],"picked":"reliquary:ThirdArm"}],"items_purged_floors":[28],"is_endless":false,"potions_floor_spawned":[1,10,12,16,18,27,33],"killed_by":"3 Shapes","ascension_level":2}}