{"host":"8jwrv7sn1174lfer","time":1613910357,"event":{"mods":["BaseMod","Colored Map","Colored Powertips","Highlight Path","Minty Spire (QoL Compilation)","StSLib"],"gold_per_floor":[110,129,147,147,147,175,175,201,269,281,281,296,296,4,4,101,101,121,101,116,143,143,177,177,189,189,205,224,251,301,52,52,155,205,225,242,256,268,279,307,327,124,149,149,161,161,190,206,206,206],"floor_reached":51,"language":"ENG","playtime":3397,"items_purged":["Strike_G","Defend_G","Parasite"],"score":1019,"play_id":"c068bfef-233f-49b9-bb77-e536bfd36208","local_time":"20210221072557","is_ascension_mode":true,"campfire_choices":[{"data":"Noxious Fumes","floor":7,"key":"SMITH"},{"data":"Leg Sweep","floor":11,"key":"SMITH"},{"floor":13,"key":"REST"},{"data":"The Bomb","floor":15,"key":"SMITH"},{"floor":24,"key":"REST"},{"floor":32,"key":"REST"},{"floor":46,"key":"REST"},{"floor":49,"key":"REST"}],"circlet_count":0,"master_deck":["Strike_G+1","Strike_G","Strike_G","Defend_G","Defend_G+1","Defend_G","Defend_G","Survivor+1","Neutralize","Dagger Spray","Sucker Punch+1","Noxious Fumes+1","Flying Knee","Leg Sweep+1","PiercingWail+1","The Bomb+1","Dodge and Roll+1","Burst+1","Dash+1","Footwork+1","Adrenaline","Blur","Acrobatics+1","Blur+1","Backflip+1","Deflect+1"],"relics":["Ring of the Snake","Turnip","Ancient Tea Set","Gremlin Horn","Fusion Hammer","Red Mask","Whetstone","Molten Egg 2","Calipers","PreservedInsect","War Paint","Tiny House","StoneCalendar","Snake Skull","Meat on the Bone"],"acts_visited":["Exordium","TheCity","TheBeyond"],"potions_floor_usage":[2,8,16,20,21,23,29,33,35,40,40,40,50,50,50],"damage_taken":[{"damage":5,"enemies":"2 Louse","floor":1,"turns":4},{"damage":0,"enemies":"Small Slimes","floor":2,"turns":4},{"damage":0,"enemies":"Cultist","floor":3,"turns":4},{"damage":38,"enemies":"3 Sentries","floor":6,"turns":8},{"damage":17,"enemies":"Gremlin Nob","floor":8,"turns":4},{"damage":8,"enemies":"3 Louse","floor":10,"turns":3},{"damage":4,"enemies":"Gremlin Gang","floor":12,"turns":4},{"damage":7,"enemies":"The Guardian","floor":16,"turns":11},{"damage":1,"enemies":"Shell Parasite","floor":18,"turns":6},{"damage":2,"enemies":"3 Byrds","floor":20,"turns":3},{"damage":21,"enemies":"Masked Bandits","floor":21,"turns":4},{"damage":21,"enemies":"Slavers","floor":23,"turns":3},{"damage":7,"enemies":"Sentry and Sphere","floor":25,"turns":4},{"damage":4,"enemies":"Centurion and Healer","floor":27,"turns":5},{"damage":6,"enemies":"Chosen and Byrds","floor":28,"turns":6},{"damage":4,"enemies":"Book of Stabbing","floor":29,"turns":6},{"damage":13,"enemies":"Collector","floor":33,"turns":10},{"damage":0,"enemies":"Orb Walker","floor":35,"turns":5},{"damage":0,"enemies":"3 Darklings","floor":36,"turns":5},{"damage":13,"enemies":"Jaw Worm Horde","floor":37,"turns":3},{"damage":6,"enemies":"Sphere and 2 Shapes","floor":38,"turns":3},{"damage":3,"enemies":"3 Darklings","floor":39,"turns":4},{"damage":19,"enemies":"Reptomancer","floor":40,"turns":11},{"damage":0,"enemies":"Writhing Mass","floor":41,"turns":8},{"damage":1,"enemies":"Spire Growth","floor":45,"turns":7},{"damage":0,"enemies":"Nemesis","floor":47,"turns":9},{"damage":0,"enemies":"4 Shapes","floor":48,"turns":4},{"damage":4,"enemies":"Time Eater","floor":50,"turns":20}],"seed_played":"2120663589700991434","potions_obtained":[{"floor":1,"key":"DistilledChaos"},{"floor":6,"key":"SteroidPotion"},{"floor":10,"key":"Regen Potion"},{"floor":12,"key":"GhostInAJar"},{"floor":18,"key":"SpeedPotion"},{"floor":19,"key":"Regen Potion"},{"floor":20,"key":"Block Potion"},{"floor":25,"key":"LiquidMemories"},{"floor":28,"key":"Swift Potion"},{"floor":29,"key":"LiquidBronze"},{"floor":34,"key":"Block Potion"},{"floor":36,"key":"Swift Potion"},{"floor":38,"key":"Block Potion"},{"floor":40,"key":"Swift Potion"},{"floor":48,"key":"EssenceOfSteel"}],"is_trial":false,"path_per_floor":["M","M","M","?","?","E","R","E","T","M","R","M","R","$","R","B",null,"M","?","M","?","?","E","R","M","T","M","M","E","T","$","R","B",null,"M","M","M","M","M","E","M","$","T","?","M","R","E","M","R","B",null],"character_chosen":"THE_SILENT","items_purchased":["The Bomb","Dodge and Roll","War Paint","Ancient Potion"],"campfire_rested":5,"item_purchase_floors":[14,14,31,42],"current_hp_per_floor":[58,58,58,51,80,42,42,25,25,17,17,13,37,37,37,30,68,67,67,77,56,56,47,71,64,64,60,54,50,50,50,74,61,80,80,80,67,61,58,39,39,39,39,39,38,62,62,62,82,78],"gold":206,"neow_bonus":"ONE_RANDOM_RARE_CARD","is_daily":false,"chose_seed":false,"campfire_upgraded":3,"win_rate":0.0,"timestamp":1613910357,"path_taken":["M","M","M","?","?","E","R","E","T","M","R","?","R","$","R","BOSS","M","?","?","?","?","E","R","M","T","?","M","E","?","$","R","BOSS","M","M","M","M","?","E","M","$","T","?","M","R","E","M","R","BOSS"],"items_purchased_type":["Card","Card","Relic","Potion"],"build_version":"2020-12-22","purchased_purges":3,"victory":true,"max_hp_per_floor":[70,70,70,70,80,80,80,80,80,80,80,80,80,80,80,80,80,80,80,80,80,80,80,80,80,80,80,80,80,80,80,80,80,85,85,85,85,85,85,85,85,82,82,82,82,82,82,82,82,82],"card_choices":[{"not_picked":["Endless Agony","Underhanded Strike"],"picked":"Dagger Spray","floor":1},{"not_picked":["Deflect","Endless Agony"],"picked":"Sucker Punch","floor":2},{"not_picked":["Masterful Stab","Footwork"],"picked":"Noxious Fumes","floor":3},{"not_picked":["Underhanded Strike","Endless Agony"],"picked":"Flying Knee","floor":6},{"not_picked":["Deflect","Outmaneuver"],"picked":"Leg Sweep","floor":8},{"not_picked":["Deflect","Flying Knee"],"picked":"PiercingWail","floor":10},{"not_picked":["Concentrate","Infinite Blades","Deflect"],"picked":"SKIP","floor":12},{"not_picked":["Glass Knife","Die Die Die"],"picked":"Burst","floor":16},{"not_picked":["Prepared","Bane+1"],"picked":"Dash+1","floor":18},{"not_picked":["Outmaneuver","Deadly Poison"],"picked":"Footwork+1","floor":20},{"not_picked":["Phantasmal Killer","Tools of the Trade","Doppelganger"],"picked":"SKIP","floor":23},{"not_picked":["Underhanded Strike","Flechettes+1","Infinite Blades+1"],"picked":"SKIP","floor":25},{"not_picked":["Underhanded Strike","Flechettes+1","Infinite Blades+1"],"picked":"SKIP","floor":25},{"not_picked":["Underhanded Strike+1","Slice+1","Expertise+1"],"picked":"SKIP","floor":27},{"not_picked":["Eviscerate+1","Blade Dance","Dagger Throw+1"],"picked":"SKIP","floor":28},{"not_picked":["Blade Dance","Outmaneuver+1","Quick Slash+1"],"picked":"SKIP","floor":29},{"not_picked":["Doppelganger","A Thousand Cuts"],"picked":"Adrenaline","floor":33},{"not_picked":["Bouncing Flask+1","Reflex+1"],"picked":"Blur","floor":35},{"not_picked":["Underhanded Strike+1","Predator+1"],"picked":"Acrobatics+1","floor":36},{"not_picked":["Dagger Throw+1","Eviscerate+1","Catalyst"],"picked":"SKIP","floor":37},{"not_picked":["Underhanded Strike+1","Sucker Punch+1","Flying Knee+1"],"picked":"SKIP","floor":38},{"not_picked":["Reflex","Riddle With Holes+1","Backflip"],"picked":"SKIP","floor":39},{"not_picked":["Accuracy","Masterful Stab+1","Infinite Blades"],"picked":"SKIP","floor":40},{"not_picked":["Venomology","Escape Plan+1"],"picked":"Blur+1","floor":41},{"not_picked":["All Out Attack+1","Sucker Punch+1"],"picked":"Backflip+1","floor":45},{"not_picked":["All Out Attack+1","PiercingWail+1"],"picked":"Deflect+1","floor":47},{"not_picked":["PiercingWail","Well Laid Plans","Deadly Poison+1"],"picked":"SKIP","floor":48}],"player_experience":654152,"relics_obtained":[{"floor":6,"key":"Turnip"},{"floor":8,"key":"Ancient Tea Set"},{"floor":9,"key":"Gremlin Horn"},{"floor":21,"key":"Red Mask"},{"floor":23,"key":"Whetstone"},{"floor":26,"key":"Molten Egg 2"},{"floor":29,"key":"Calipers"},{"floor":30,"key":"PreservedInsect"},{"floor":40,"key":"StoneCalendar"},{"floor":43,"key":"Snake Skull"},{"floor":47,"key":"Meat on the Bone"}],"event_choices":[{"cards_removed":["Strike_G"],"damage_healed":0,"gold_gain":0,"player_choice":"Card Removal","damage_taken":7,"max_hp_gain":0,"max_hp_loss":0,"event_name":"Golden Wing","floor":4,"gold_loss":0},{"cards_removed":["Storm of Steel"],"damage_healed":19,"gold_gain":0,"player_choice":"Offered Rare","damage_taken":0,"max_hp_gain":10,"max_hp_loss":0,"event_name":"Bonfire Elementals","floor":5,"gold_loss":0},{"damage_healed":0,"gold_gain":0,"player_choice":"Bought 1 Potion","damage_taken":0,"max_hp_gain":0,"max_hp_loss":0,"event_name":"The Woman in Blue","floor":19,"gold_loss":0},{"damage_healed":0,"gold_gain":0,"player_choice":"Fought Bandits","damage_taken":0,"max_hp_gain":0,"max_hp_loss":0,"event_name":"Masked Bandits","floor":21,"gold_loss":0},{"damage_healed":0,"gold_gain":0,"player_choice":"Upgraded","damage_taken":0,"max_hp_gain":0,"max_hp_loss":0,"event_name":"Upgrade Shrine","floor":22,"gold_loss":0,"cards_upgraded":["Burst"]},{"damage_healed":0,"gold_gain":0,"player_choice":"Forge","damage_taken":0,"max_hp_gain":0,"max_hp_loss":0,"event_name":"Accursed Blacksmith","floor":44,"gold_loss":0,"cards_upgraded":["Dodge and Roll"]}],"is_beta":false,"boss_relics":[{"not_picked":["Velvet Choker","Sozu"],"picked":"Fusion Hammer"},{"not_picked":["Cursed Key","HoveringKite"],"picked":"Tiny House"}],"items_purged_floors":[14,31,42],"is_endless":false,"potions_floor_spawned":[1,6,10,12,18,20,25,28,29,36,38,40,48],"ascension_level":7}}