{"host":"xdl39l9yh4kpjupj","time":1613880219,"event":{"mods":["BaseMod","Colored Map","Highlight Path","Minty Spire (QoL Compilation)","SuperFastMode","Synergy Search"],"gold_per_floor":[111,125,125,125,145,145,176,176,201,224,271,283,326,338,350,460,472,501,531,543,555,585,597,637,661,673,717,743,755,236,252,252,356,356,376,376,123,173,173,173,200,249,249,282,354,385,397,411,411,411],"floor_reached":51,"language":"ENG","playtime":1756,"items_purged":["Strike_P","Defend_P"],"score":1071,"play_id":"13eda755-e323-4814-bc8a-f8c5d450745d","local_time":"20210220200339","is_ascension_mode":true,"campfire_choices":[{"data":"Eruption","floor":6.0,"key":"SMITH"},{"data":"Consecrate","floor":8.0,"key":"SMITH"},{"data":"ThirdEye","floor":12.0,"key":"SMITH"},{"floor":15.0,"key":"REST"},{"floor":23.0,"key":"REST"},{"floor":29,"key":"REST"},{"data":"Vault","floor":32,"key":"SMITH"},{"floor":40,"key":"REST"},{"floor":49,"key":"RECALL"}],"circlet_count":0,"master_deck":["Strike_P+1","Strike_P+1","Strike_P+1","Defend_P","Defend_P+1","Eruption+1","Vigilance","Tantrum+1","WheelKick+1","Consecrate+1","Protect+1","ThirdEye+1","ReachHeaven+1","LessonLearned+1","Evaluate","Consecrate+1","Halt+1","Vault+1","FearNoEvil+1","SpiritShield+1","Halt+1"],"relics":["PureWater","Blood Vial","Nunchaku","MawBank","Ice Cream","Regal Pillow","Sozu","White Beast Statue","GoldenEye","Lantern","PreservedInsect","Vajra","Fusion Hammer","Damaru","TungstenRod","Du-Vu Doll","CaptainsWheel","HornCleat","Shuriken","Eternal Feather","Bag of Marbles"],"acts_visited":["Exordium","TheCity","TheBeyond"],"potions_floor_usage":[],"damage_taken":[{"damage":4.0,"enemies":"Small Slimes","floor":1.0,"turns":4.0},{"damage":0.0,"enemies":"2 Louse","floor":2.0,"turns":1.0},{"damage":4.0,"enemies":"Jaw Worm","floor":5.0,"turns":2.0},{"damage":14.0,"enemies":"Gremlin Nob","floor":7.0,"turns":3.0},{"damage":12.0,"enemies":"Exordium Thugs","floor":10.0,"turns":3.0},{"damage":3.0,"enemies":"Lagavulin","floor":11.0,"turns":6.0},{"damage":8.0,"enemies":"3 Sentries","floor":13.0,"turns":3.0},{"damage":0.0,"enemies":"Slime Boss","floor":16.0,"turns":3.0},{"damage":27.0,"enemies":"Shell Parasite","floor":18.0,"turns":7.0},{"damage":17.0,"enemies":"2 Thieves","floor":19.0,"turns":4.0},{"damage":4.0,"enemies":"Chosen and Byrds","floor":22.0,"turns":4.0},{"damage":33.0,"enemies":"Book of Stabbing","floor":24.0,"turns":6.0},{"damage":0.0,"enemies":"Snake Plant","floor":25.0,"turns":2.0},{"damage":34,"enemies":"Slavers","floor":27,"turns":3},{"damage":0,"enemies":"Shelled Parasite and Fungi","floor":28,"turns":5},{"damage":0,"enemies":"3 Cultists","floor":31,"turns":3},{"damage":22,"enemies":"Collector","floor":33,"turns":6},{"damage":0,"enemies":"3 Shapes","floor":35,"turns":6},{"damage":0,"enemies":"Mind Bloom Boss Battle","floor":38,"turns":3},{"damage":0,"enemies":"Reptomancer","floor":41,"turns":3},{"damage":0,"enemies":"2 Orb Walkers","floor":42,"turns":4},{"damage":0,"enemies":"Giant Head","floor":44,"turns":6},{"damage":0,"enemies":"Nemesis","floor":46,"turns":3},{"damage":0,"enemies":"3 Darklings","floor":47,"turns":3},{"damage":6,"enemies":"Writhing Mass","floor":48,"turns":4},{"damage":30,"enemies":"Donu and Deca","floor":50,"turns":6}],"seed_played":"-3933323164130658338","potions_obtained":[{"floor":2.0,"key":"SpeedPotion"},{"floor":5.0,"key":"AttackPotion"},{"floor":7.0,"key":"PowerPotion"}],"is_trial":false,"path_per_floor":["M","M","?","?","M","R","E","R","T","M","E","R","E","?","R","B",null,"M","M","?","?","M","R","E","M","T","E","M","R","$","M","R","B",null,"M","?","$","?","?","R","E","?","T","E","T","E","M","M","R","B",null],"character_chosen":"WATCHER","items_purchased":["PreservedInsect","Vajra","SpiritShield","Damaru"],"campfire_rested":4,"item_purchase_floors":[30,30,30,37],"current_hp_per_floor":[75,75,75,75,73,73,61,61,61,51,50,50,44,28,66,68,79,52,37,37,37,35,73,42,44,44,12,14,52,52,54,54,34,79,79,79,79,79,79,79,79,79,79,79,79,79,79,73,79,49],"gold":411,"neow_bonus":"TEN_PERCENT_HP_BONUS","is_daily":false,"chose_seed":false,"campfire_upgraded":4,"win_rate":0.0,"timestamp":1613880219,"path_taken":["M","M","?","?","M","R","E","R","T","M","E","R","E","?","R","BOSS","M","M","?","?","M","R","E","M","T","E","M","R","$","?","R","BOSS","M","?","$","?","?","R","E","?","T","E","?","E","?","M","R","BOSS"],"items_purchased_type":["Relic","Relic","Card","Relic"],"build_version":"2020-12-22","purchased_purges":2,"victory":true,"max_hp_per_floor":[79,79,79,79,79,79,79,79,79,79,79,79,79,79,79,79,79,79,79,79,79,79,79,79,79,79,79,79,79,79,79,79,79,79,79,79,79,79,79,79,79,79,79,79,79,79,79,79,79,79],"card_choices":[{"not_picked":["JustLucky","ForeignInfluence"],"picked":"Tantrum","floor":1.0},{"not_picked":["CutThroughFate","Crescendo"],"picked":"WheelKick","floor":2.0},{"not_picked":["PathToVictory","FlyingSleeves"],"picked":"Consecrate","floor":5.0},{"not_picked":["FearNoEvil","CutThroughFate"],"picked":"Protect","floor":7.0},{"not_picked":["BowlingBash","Alpha"],"picked":"ThirdEye","floor":10.0},{"not_picked":["WheelKick","DevaForm"],"picked":"ReachHeaven","floor":11.0},{"not_picked":["Wallop","BowlingBash","SashWhip"],"picked":"SKIP","floor":13.0},{"not_picked":["Vault","Scrawl"],"picked":"LessonLearned","floor":16.0},{"not_picked":["SashWhip","BowlingBash"],"picked":"Evaluate","floor":18.0},{"not_picked":["ForeignInfluence","Wallop","Worship"],"picked":"SKIP","floor":19.0},{"not_picked":["WheelKick","Sanctity"],"picked":"Halt+1","floor":22.0},{"not_picked":["Prostrate","Crescendo","TalkToTheHand"],"picked":"SKIP","floor":24.0},{"not_picked":["Consecrate","Halt","Prostrate"],"picked":"SKIP","floor":25.0},{"not_picked":["PathToVictory","Crescendo"],"picked":"Vault","floor":27},{"not_picked":["InnerPeace","FlurryOfBlows+1"],"picked":"FearNoEvil+1","floor":28},{"not_picked":["FlurryOfBlows","Evaluate","Study"],"picked":"SKIP","floor":31},{"not_picked":["BattleHymn","FearNoEvil+1"],"picked":"Halt+1","floor":35},{"not_picked":["WheelKick","CrushJoints+1","Pray+1"],"picked":"SKIP","floor":41},{"not_picked":["Weave","Crescendo","EmptyMind"],"picked":"SKIP","floor":44},{"not_picked":["Study","Omniscience","JustLucky+1"],"picked":"SKIP","floor":46},{"not_picked":["Sanctity+1","BattleHymn+1","DeceiveReality+1"],"picked":"SKIP","floor":47},{"not_picked":["Consecrate","Wireheading+1","Halt"],"picked":"SKIP","floor":48}],"player_experience":112422,"relics_obtained":[{"floor":7.0,"key":"Nunchaku"},{"floor":9.0,"key":"MawBank"},{"floor":11.0,"key":"Ice Cream"},{"floor":13.0,"key":"Regal Pillow"},{"floor":24.0,"key":"White Beast Statue"},{"floor":26.0,"key":"GoldenEye"},{"floor":27,"key":"Lantern"},{"floor":38,"key":"TungstenRod"},{"floor":41,"key":"Du-Vu Doll"},{"floor":42,"key":"CaptainsWheel"},{"floor":43,"key":"HornCleat"},{"floor":44,"key":"Shuriken"},{"floor":45,"key":"Eternal Feather"},{"floor":46,"key":"Bag of Marbles"}],"event_choices":[{"damage_healed":0.0,"max_hp_gain":0.0,"max_hp_loss":0.0,"gold_gain":0.0,"event_name":"Big Fish","player_choice":"Box","floor":3.0,"gold_loss":0.0,"damage_taken":0.0,"relics_obtained":["Blood Vial"],"cards_obtained":["Regret"]},{"cards_removed":["Regret"],"damage_healed":0.0,"max_hp_gain":0.0,"max_hp_loss":0.0,"gold_gain":0.0,"event_name":"Living Wall","player_choice":"Forget","floor":4.0,"gold_loss":0.0,"damage_taken":0.0},{"damage_healed":0.0,"max_hp_gain":0.0,"max_hp_loss":0.0,"gold_gain":0.0,"event_name":"Shining Light","player_choice":"Entered Light","floor":14.0,"gold_loss":0.0,"damage_taken":16.0,"cards_upgraded":["Strike_P","Defend_P"]},{"damage_healed":0.0,"max_hp_gain":0.0,"max_hp_loss":0.0,"gold_gain":0.0,"event_name":"Ghosts","player_choice":"Ignored","floor":20.0,"gold_loss":0.0,"damage_taken":0.0},{"damage_healed":0.0,"max_hp_gain":0.0,"max_hp_loss":0.0,"gold_gain":0.0,"event_name":"Duplicator","player_choice":"Copied","floor":21.0,"gold_loss":0.0,"damage_taken":0.0,"cards_obtained":["Consecrate"]},{"damage_healed":0,"gold_gain":0,"player_choice":"Ignored","damage_taken":0,"max_hp_gain":0,"max_hp_loss":0,"event_name":"Tomb of Lord Red Mask","floor":36,"gold_loss":0},{"damage_healed":0,"gold_gain":0,"player_choice":"Fight","damage_taken":0,"max_hp_gain":0,"max_hp_loss":0,"event_name":"MindBloom","floor":38,"gold_loss":0},{"cards_removed":["Defend_P"],"damage_healed":0,"gold_gain":0,"player_choice":"Removed Skill","damage_taken":0,"max_hp_gain":0,"max_hp_loss":0,"event_name":"Falling","floor":39,"gold_loss":0},{"damage_healed":0,"gold_gain":0,"player_choice":"Fight","damage_taken":0,"max_hp_gain":0,"max_hp_loss":0,"event_name":"Mysterious Sphere","floor":42,"gold_loss":0}],"is_beta":false,"boss_relics":[{"not_picked":["Snecko Eye","Ectoplasm"],"picked":"Sozu"},{"not_picked":["Velvet Choker","Pandora\u0027s Box"],"picked":"Fusion Hammer"}],"items_purged_floors":[30,37],"is_endless":false,"potions_floor_spawned":[2,5,7,18,22,24,25,27,28,31,33,35,38,41,42,44,46,47,48],"ascension_level":3}}