{"host":"g7sxcfouz24f0psv","time":1613901658,"event":{"mods":["Aspiration","BaseMod","Colored Powertips","Hermit","Highlight Path","Minty Spire (QoL Compilation)","Replay The Spire","StSLib","The Cursed","The Hierophant"],"gold_per_floor":[109,135,168,199,204,250,250,250,277,277,113,167,92,157,157,266,266,309,393,390,436,426,426,105,195,195,195,287,340,340,340,340,459,509,718,330,526,699,699,911,911,911,911,911,988,1137,1124,1124,1124,810],"floor_reached":51,"language":"ENG","playtime":4354,"items_purged":["hierophant:Strike_Hierophant","Injury","hierophant:Chorus+1"],"score":1090,"play_id":"6f7dd0a3-8995-4d38-b1c2-b7dc9fb496e0","local_time":"20210221110058","is_ascension_mode":false,"campfire_choices":[{"floor":8,"key":"REST"},{"floor":15,"key":"REST"},{"floor":23,"key":"REST"},{"data":"hierophant:Generosity","floor":27,"key":"SMITH"},{"data":"hierophant:Remorse","floor":42,"key":"SMITH"},{"data":"hierophant:Remorse","floor":44,"key":"SMITH"},{"floor":49,"key":"REST"}],"circlet_count":0,"master_deck":["hierophant:Punish+1","hierophant:Defend_Hierophant","hierophant:Defend_Hierophant","hierophant:Defend_Hierophant","hierophant:Defend_Hierophant","hierophant:ChurchCoffers","hierophant:Doubloon","hierophant:Remorse+1","hierophant:RustyCrate","hierophant:Doubloon","hierophant:Doubloon","hierophant:Doubloon","hierophant:Dazzle","hierophant:Embezzle","hierophant:Refuge","hierophant:Doubloon+1","hierophant:RustyCrate+1","hierophant:Doubloon+1","hierophant:Doubloon+1","hierophant:AuricBeam+1","hierophant:Embezzle+1","hierophant:Doubloon+1","hierophant:Doubloon+1","hierophant:Remorse+1","hierophant:Doubloon+1","hierophant:OrnateJavelin","hierophant:Doubloon+1","hierophant:Remorse","hierophant:Doubloon+1","hierophant:CursedGold+1","Panacea+1","hierophant:Generosity+1","hierophant:Doubloon+1","hierophant:SecretStash+1","hierophant:TollTheBells+1","hierophant:BulkyChest+1","hierophant:Doubloon+1","hierophant:CoinFling+1","hierophant:Encroach+1","hierophant:Doubloon+1","hierophant:CursedGold+1","hierophant:OrnateBuckler+1","hierophant:Doubloon+1","hierophant:Doubloon+1","hierophant:AuricShield+1"],"relics":["hierophant:PropheticMaskRelic","Strawberry","Blood Vial","Toxic Egg 2","aspiration:SecretTechniqueScroll","Pantograph","Tiny House","BargainBundle","ReplayFunnel","Darkstone Periapt","Onion Ring","Replay:WaspNest"],"acts_visited":["Exordium","TheCity","TheBeyond"],"potions_floor_usage":[6,6,16,22,25,35,35,38,38,50,50],"damage_taken":[{"damage":0,"enemies":"2 Louse","floor":1,"turns":3},{"damage":0,"enemies":"Small Slimes","floor":2,"turns":3},{"damage":1,"enemies":"Cultist","floor":3,"turns":4},{"damage":6,"enemies":"Exordium Wildlife","floor":4,"turns":6},{"damage":30,"enemies":"Large Slime","floor":5,"turns":11},{"damage":24,"enemies":"Lagavulin","floor":6,"turns":7},{"damage":3,"enemies":"2 Fungi Beasts","floor":12,"turns":6},{"damage":8,"enemies":"3 Louse","floor":14,"turns":9},{"damage":42,"enemies":"The Guardian","floor":16,"turns":16},{"damage":11,"enemies":"3 Byrds","floor":18,"turns":5},{"damage":11,"enemies":"2 Thieves","floor":19,"turns":4},{"damage":5,"enemies":"Snake Plant","floor":20,"turns":3},{"damage":18,"enemies":"Centurion and Healer","floor":21,"turns":6},{"damage":8,"enemies":"Cultist and Chosen","floor":22,"turns":7},{"damage":6,"enemies":"Snecko","floor":25,"turns":4},{"damage":27,"enemies":"Snake Plant","floor":28,"turns":4},{"damage":0,"enemies":"Sentry and Sphere","floor":29,"turns":3},{"damage":20,"enemies":"Pondfish","floor":33,"turns":6},{"damage":31,"enemies":"3 Darklings","floor":35,"turns":5},{"damage":0,"enemies":"3 Shapes","floor":37,"turns":5},{"damage":0,"enemies":"Transient","floor":38,"turns":5},{"damage":2,"enemies":"Nemesis","floor":40,"turns":7},{"damage":0,"enemies":"Giant Head","floor":45,"turns":3},{"damage":1,"enemies":"Sphere and 2 Shapes","floor":46,"turns":5},{"damage":0,"enemies":"Maw","floor":47,"turns":4},{"damage":33,"enemies":"Donu and Deca","floor":50,"turns":7}],"seed_played":"-8926932204498171407","potions_obtained":[{"floor":2,"key":"Flashbang"},{"floor":3,"key":"Languid Potion"},{"floor":4,"key":"Death Potion"},{"floor":12,"key":"BlessingOfTheForge"},{"floor":14,"key":"Fire Potion"},{"floor":18,"key":"BlessingOfTheForge"},{"floor":25,"key":"ColorlessPotion"},{"floor":28,"key":"FearPotion"},{"floor":35,"key":"SteroidPotion"},{"floor":38,"key":"SteroidPotion"}],"is_trial":false,"path_per_floor":["M","M","M","M","M","E","?","R","T","?","$","M","$","M","R","B",null,"M","M","M","M","M","R","$","M","T","R","M","M","?","?","R","B",null,"M","$","M","M","?","E","?","R","T","R","E","M","M","?","R","B",null],"character_chosen":"HIEROPHANT","items_purchased":["hierophant:Refuge","hierophant:RustyCrate+1","hierophant:Embezzle+1","Panacea+1","hierophant:Generosity","hierophant:Encroach+1","BargainBundle","ReplayFunnel","DistilledChaos"],"campfire_rested":4,"item_purchase_floors":[11,11,13,24,24,36,36,36,36],"current_hp_per_floor":[82,82,81,75,45,28,21,47,47,47,47,46,46,40,66,26,89,78,69,66,50,44,70,70,66,66,66,41,43,43,43,69,69,94,63,63,65,67,67,67,67,67,67,67,69,70,72,72,94,61],"gold":810,"neow_bonus":"TEN_PERCENT_HP_BONUS","is_daily":false,"chose_seed":false,"campfire_upgraded":3,"win_rate":0.0,"timestamp":1613901658,"path_taken":["M","M","M","M","M","E","?","R","T","?","$","M","$","M","R","BOSS","M","M","M","M","M","R","$","M","T","R","M","M","?","?","R","BOSS","M","$","M","M","?","E","?","R","T","R","E","M","M","?","R","BOSS"],"items_purchased_type":["Card","Card","Card","Card","Card","Card","Relic","Relic","Potion"],"build_version":"2020-12-22","purchased_purges":3,"victory":true,"max_hp_per_floor":[82,82,82,82,82,89,89,89,89,89,89,89,89,89,89,89,89,89,89,89,89,89,89,89,89,89,89,89,89,89,89,89,89,94,94,94,94,94,94,94,94,94,94,94,94,94,94,94,94,94],"card_choices":[{"not_picked":["hierophant:HolyVerse","hierophant:CursedGold"],"picked":"hierophant:Remorse","floor":1},{"not_picked":["hierophant:OrnateJavelin","hierophant:PristineSoul"],"picked":"hierophant:RustyCrate","floor":2},{"not_picked":["hierophant:FlamingChariot","hierophant:Community"],"picked":"hierophant:Dazzle","floor":3},{"not_picked":["hierophant:Levitation","hierophant:DisplayOfPower","hierophant:MorningPrayer"],"picked":"SKIP","floor":4},{"not_picked":["hierophant:Shelter","hierophant:MorningPrayer"],"picked":"hierophant:Embezzle","floor":5},{"not_picked":["hierophant:Upheaval","hierophant:RepressedViolence","hierophant:FieryStrike"],"picked":"SKIP","floor":6},{"not_picked":["hierophant:ConvertCurrency+1","hierophant:Zeal"],"picked":"hierophant:AuricBeam","floor":12},{"not_picked":["hierophant:Embezzle+1","hierophant:Refuge"],"picked":"hierophant:Doubloon+1","floor":14},{"not_picked":["hierophant:SealAway+1","hierophant:Zeal"],"picked":"hierophant:Remorse","floor":18},{"not_picked":["hierophant:Community","hierophant:SealAway+1"],"picked":"hierophant:Doubloon+1","floor":19},{"not_picked":["hierophant:Zeal","hierophant:SolarFlare+1"],"picked":"hierophant:OrnateJavelin","floor":20},{"not_picked":["hierophant:SecretStash+1","hierophant:FlamingChariot"],"picked":"hierophant:Remorse","floor":21},{"not_picked":["hierophant:ThreeLashes","hierophant:MorningPrayer+1"],"picked":"hierophant:CursedGold+1","floor":22},{"not_picked":["hierophant:Zeal+1","hierophant:Purify+1","hierophant:WrathOfGod"],"picked":"SKIP","floor":25},{"not_picked":["hierophant:Doomsaying+1","hierophant:Patience+1","hierophant:RepressedViolence"],"picked":"SKIP","floor":28},{"not_picked":["hierophant:FieryStrike","hierophant:Racketeering+1"],"picked":"hierophant:SecretStash+1","floor":29},{"not_picked":["hierophant:Anathema","hierophant:DeathKnell+1"],"picked":"hierophant:BulkyChest+1","floor":33},{"not_picked":["hierophant:Prophecy+1","hierophant:EyeForCoin+1"],"picked":"hierophant:CoinFling+1","floor":35},{"not_picked":["hierophant:Shelter+1","hierophant:HolyVerse+1"],"picked":"hierophant:CursedGold+1","floor":37},{"not_picked":["hierophant:Prophecy+1","hierophant:AuricForm"],"picked":"hierophant:OrnateBuckler+1","floor":38},{"not_picked":["hierophant:Exaltation+1","hierophant:Smite+1"],"picked":"hierophant:Doubloon+1","floor":40},{"not_picked":["hierophant:Chorus+1","hierophant:Repentance+1","hierophant:PassingBell+1"],"picked":"SKIP","floor":45},{"not_picked":["hierophant:Blessing+1","hierophant:ThreeLashes+1"],"picked":"hierophant:Doubloon+1","floor":46},{"not_picked":["hierophant:Shelter+1","hierophant:BulkyChest+1"],"picked":"hierophant:AuricShield+1","floor":47}],"player_experience":92802,"relics_obtained":[{"floor":6,"key":"Strawberry"},{"floor":9,"key":"Blood Vial"},{"floor":26,"key":"Pantograph"},{"floor":40,"key":"Darkstone Periapt"},{"floor":43,"key":"Onion Ring"},{"floor":45,"key":"Replay:WaspNest"}],"event_choices":[{"cards_removed":["hierophant:Strike_Hierophant"],"damage_healed":0,"gold_gain":0,"player_choice":"Card Removal","damage_taken":7,"max_hp_gain":0,"max_hp_loss":0,"event_name":"Golden Wing","floor":7,"gold_loss":0},{"damage_healed":0,"gold_gain":0,"cards_transformed":["hierophant:Strike_Hierophant","hierophant:Strike_Hierophant"],"player_choice":"Became Test Subject","damage_taken":0,"max_hp_gain":0,"max_hp_loss":0,"event_name":"Drug Dealer","floor":31,"gold_loss":0,"cards_obtained":["hierophant:Chorus","hierophant:TollTheBells"]},{"damage_healed":0,"gold_gain":0,"player_choice":"Ignored","damage_taken":0,"max_hp_gain":0,"max_hp_loss":0,"event_name":"Tomb of Lord Red Mask","floor":48,"gold_loss":0}],"is_beta":false,"boss_relics":[{"not_picked":["Busted Crown","Replay:Grab Bag"],"picked":"aspiration:SecretTechniqueScroll"},{"not_picked":["Replay:Ancient Bell","aspiration:RunicSpoon"],"picked":"Tiny House"}],"items_purged_floors":[11,24,36],"is_endless":false,"potions_floor_spawned":[2,3,4,12,14,18,20,25,28,33,35,37,38],"ascension_level":0}}