{"host":"l2lylj0omvglf5x0","time":1613897312,"event":{"mods":["2.2 Compatiblity","BaseMod","Bestiary","Block Reminder","Colored Map","Colored Powertips","Curses Come First","Highlight Path","Keyboard Shortcuts","Minty Spire (QoL Compilation)","Relic Sorter","Relic Stats","Slay the Relics Exporter","StSLib","SuperFastMode"],"gold_per_floor":[115,65,65,65,65,91,91,123,123,156,81,100,100,127,127,228,228,244,224,243,62,89,89,89,89],"floor_reached":24,"language":"ENG","playtime":730,"items_purged":["Strike_R","Searing Blow"],"score":509,"play_id":"c3af7b5a-0f32-4450-a271-2503d9224edd","local_time":"20210221094832","is_ascension_mode":true,"campfire_choices":[{"data":"Evolve","floor":7,"key":"SMITH"},{"data":"Bash","floor":13,"key":"SMITH"},{"data":"Spot Weakness","floor":15,"key":"SMITH"},{"data":"Armaments","floor":23,"key":"SMITH"}],"circlet_count":0,"master_deck":["AscendersBane","Bash+1","Pommel Strike","Inflame","Evolve+1","Pommel Strike","Iron Wave","Spot Weakness+1","Fire Breathing","Offering","Demon Form","Limit Break","Dark Embrace","Battle Trance","Iron Wave","Armaments+1","Rupture","Dual Wield+1"],"relics":["Burning Blood","NeowsBlessing","Ginger","Pear","Mercury Hourglass","Anchor","Tiny Chest","Pandora\u0027s Box","Red Mask"],"acts_visited":["Exordium","TheCity"],"potions_floor_usage":[20,24],"damage_taken":[{"damage":0,"enemies":"2 Louse","floor":1,"turns":1},{"damage":0,"enemies":"Gremlin Nob","floor":6,"turns":1},{"damage":0,"enemies":"3 Sentries","floor":8,"turns":2},{"damage":32,"enemies":"Gremlin Nob","floor":10,"turns":4},{"damage":0,"enemies":"Small Slimes","floor":12,"turns":3},{"damage":10,"enemies":"3 Sentries","floor":14,"turns":5},{"damage":0,"enemies":"Slime Boss","floor":16,"turns":6},{"damage":15,"enemies":"Chosen","floor":18,"turns":4},{"damage":20,"enemies":"3 Byrds","floor":20,"turns":5},{"damage":32,"enemies":"Masked Bandits","floor":22,"turns":4},{"damage":57,"enemies":"Book of Stabbing","floor":24,"turns":4}],"seed_played":"8841539867383739669","potions_obtained":[{"floor":8,"key":"ElixirPotion"},{"floor":12,"key":"GamblersBrew"},{"floor":19,"key":"Fire Potion"},{"floor":22,"key":"Regen Potion"}],"is_trial":false,"path_per_floor":["M","?","?","$","?","E","R","E","T","E","$","M","R","E","R","B",null,"M","?","M","$","?","R","E"],"character_chosen":"IRONCLAD","items_purchased":["Rupture"],"campfire_rested":0,"item_purchase_floors":[21],"current_hp_per_floor":[78,78,71,71,71,77,77,90,90,64,64,70,70,66,66,72,86,77,77,63,63,37,37,0,0],"gold":89,"neow_bonus":"THREE_ENEMY_KILL","is_daily":false,"chose_seed":false,"campfire_upgraded":4,"win_rate":0.0,"timestamp":1613897312,"path_taken":["M","?","?","?","?","E","R","E","T","E","$","M","R","E","R","BOSS","M","?","M","?","?","R","E"],"items_purchased_type":["Card"],"build_version":"2020-12-22","purchased_purges":2,"victory":false,"max_hp_per_floor":[80,80,80,80,80,80,80,90,90,90,90,90,90,90,90,90,90,90,90,90,90,90,90,90,90],"relic_stats":{"counters":[11,37],"Tiny Chest":0,"Pandora\u0027s Box":["Demon Form","Limit Break","Dark Embrace","Battle Trance","Searing Blow"],"Ginger":[2],"obtain_stats":[{"Anchor":10,"Pear":8,"NeowsBlessing":0,"Tiny Chest":14,"Pandora\u0027s Box":17,"Red Mask":22,"Ginger":6,"Burning Blood":0,"Mercury Hourglass":9},{"Anchor":4,"Pear":3,"NeowsBlessing":0,"Tiny Chest":6,"Pandora\u0027s Box":7,"Red Mask":10,"Ginger":2,"Burning Blood":0,"Mercury Hourglass":3},{"Anchor":8,"Pear":4,"NeowsBlessing":0,"Tiny Chest":16,"Pandora\u0027s Box":22,"Red Mask":33,"Ginger":2,"Burning Blood":0,"Mercury Hourglass":4}],"Burning Blood":57,"Mercury Hourglass":[162]},"card_choices":[{"not_picked":["Sword Boomerang","Clash"],"picked":"Pommel Strike","floor":1},{"not_picked":["Shockwave","Heavy Blade"],"picked":"Evolve","floor":6},{"not_picked":["Searing Blow","Warcry"],"picked":"Pommel Strike","floor":8},{"not_picked":["Thunderclap","Clothesline"],"picked":"Iron Wave","floor":10},{"not_picked":["Dual Wield","Burning Pact"],"picked":"Spot Weakness","floor":12},{"not_picked":["Disarm","Perfected Strike"],"picked":"Fire Breathing","floor":14},{"not_picked":["Corruption","Reaper"],"picked":"Offering","floor":16},{"not_picked":["Clothesline","Warcry"],"picked":"Iron Wave","floor":18},{"not_picked":["Juggernaut","Combust+1"],"picked":"Armaments","floor":20},{"not_picked":["Havoc","Anger+1"],"picked":"Dual Wield+1","floor":22}],"player_experience":1021916,"relics_obtained":[{"floor":6,"key":"Ginger"},{"floor":8,"key":"Pear"},{"floor":9,"key":"Mercury Hourglass"},{"floor":10,"key":"Anchor"},{"floor":14,"key":"Tiny Chest"},{"floor":22,"key":"Red Mask"}],"event_choices":[{"cards_removed":["Strike_R"],"damage_healed":0,"gold_gain":0,"player_choice":"Card Removal","damage_taken":0,"max_hp_gain":0,"max_hp_loss":0,"event_name":"The Cleric","floor":2,"gold_loss":50},{"cards_removed":["Strike_R"],"damage_healed":0,"gold_gain":0,"player_choice":"Card Removal","damage_taken":7,"max_hp_gain":0,"max_hp_loss":0,"event_name":"Golden Wing","floor":3,"gold_loss":0},{"damage_healed":0,"gold_gain":0,"cards_transformed":["Defend_R"],"player_choice":"Change","damage_taken":0,"max_hp_gain":0,"max_hp_loss":0,"event_name":"Living Wall","floor":5,"gold_loss":0,"cards_obtained":["Inflame"]},{"damage_healed":0,"gold_gain":0,"player_choice":"Bought 1 Potion","damage_taken":0,"max_hp_gain":0,"max_hp_loss":0,"event_name":"The Woman in Blue","floor":19,"gold_loss":0},{"damage_healed":0,"gold_gain":0,"player_choice":"Fought Bandits","damage_taken":0,"max_hp_gain":0,"max_hp_loss":0,"event_name":"Masked Bandits","floor":22,"gold_loss":0}],"is_beta":false,"boss_relics":[{"not_picked":["Ectoplasm","Runic Pyramid"],"picked":"Pandora\u0027s Box"}],"items_purged_floors":[11,21],"is_endless":false,"potions_floor_spawned":[8,12,22],"killed_by":"Book of Stabbing","ascension_level":12}}