{"host":"0kwl2uefibxd2nsv","time":1613907433,"event":{"mods":["Act Like it!","Aspiration","BaseMod","Better Note","BetterRewards","DeckTracker","Googly Eyes","Hubris","Jedi Mod","Minty Spire (QoL Compilation)","Reliquary","Ruina","Shop Mod","StS++","StSLib"],"gold_per_floor":[113,124,124,171,189,189,209,209,209,209,244,244,244,264,264,369,369,389,190,39,39,39,39,49,62,87,87,119,153,162,195,195,290,290,317,317,74,74,97,131,131,168,168,168,204,263,281,25,25,25],"floor_reached":51,"language":"ENG","playtime":2054,"items_purged":["Strike_G","Strike_G","Defend_G","Doubt"],"score":1688,"play_id":"04755bfd-19b2-412c-a989-c7bc0996c09b","local_time":"20210221123713","is_ascension_mode":true,"campfire_choices":[{"floor":6,"key":"REST"},{"data":"Catalyst","floor":8,"key":"SMITH"},{"data":"Noxious Fumes","floor":10,"key":"SMITH"},{"data":"hubris:EnhanceAbility","floor":12,"key":"SMITH"},{"data":"Deadly Poison","floor":15,"key":"SMITH"},{"floor":23,"key":"REST"},{"data":"Deadly Poison","floor":27,"key":"SMITH"},{"data":"Neutralize","floor":32,"key":"SMITH"},{"data":"jedi:forcepush","floor":41,"key":"SMITH"},{"data":"Dodge and Roll","floor":44,"key":"SMITH"},{"floor":49,"key":"REST"}],"circlet_count":0,"master_deck":["AscendersBane","Defend_G","Defend_G","Defend_G","Defend_G","Survivor","Neutralize+1","Deadly Poison+1","Finesse","hubris:EnhanceAbility+1","Dodge and Roll","Noxious Fumes+1","Dodge and Roll+1","Blur","Catalyst+1","Footwork+1","Deflect","Malaise+1","Catalyst+1","Deadly Poison+1","PiercingWail","Backflip","Footwork+1","jedi:forcepush+1","Deadly Poison+1","Blur","Well Laid Plans+1","Crippling Poison+1","Good Instincts","Backflip"],"relics":["Ring of the Snake","TwistedFunnel","Anchor","Juzu Bracelet","Ornamental Fan","Blood Vial","reliquary:ThirdArm","hubris:Towel","CeramicFish","reliquary:Stiletto","Happy Flower","reliquary:Knoch","Smiling Mask","reliquary:RustamsPendant","Frozen Egg 2","Membership Card","hubris:Zylophone","Snake Skull","Molten Egg 2","hubris:SlimyHat","Girya","Incense Burner"],"acts_visited":["Exordium","Exordium","TheBeyond"],"potions_floor_usage":[11,18,28,28,31,42,42],"damage_taken":[{"damage":0,"enemies":"Jaw Worm","floor":1,"turns":4},{"damage":0,"enemies":"Small Slimes","floor":2,"turns":2},{"damage":0,"enemies":"Cultist","floor":5,"turns":5},{"damage":0,"enemies":"Red Slaver","floor":7,"turns":4},{"damage":0,"enemies":"3 Sentries","floor":11,"turns":5},{"damage":0,"enemies":"Large Slime","floor":14,"turns":4},{"damage":0,"enemies":"Hexaghost","floor":16,"turns":9},{"damage":0,"enemies":"ruina:BadWolf","floor":18,"turns":9},{"damage":0,"enemies":"ruina:2_Scarecrows","floor":24,"turns":6},{"damage":1,"enemies":"ruina:KnightOfDespair","floor":25,"turns":5},{"damage":1,"enemies":"ruina:Mountain","floor":28,"turns":13},{"damage":10,"enemies":"ruina:ServantOfWrath","floor":29,"turns":4},{"damage":7,"enemies":"ruina:Mountain","floor":31,"turns":12},{"damage":0,"enemies":"ruina:Red_and_Wolf","floor":33,"turns":10},{"damage":0,"enemies":"Orb Walker","floor":35,"turns":3},{"damage":0,"enemies":"3 Shapes","floor":39,"turns":4},{"damage":4,"enemies":"Nemesis","floor":40,"turns":5},{"damage":0,"enemies":"Reptomancer","floor":42,"turns":2},{"damage":18,"enemies":"Nemesis","floor":45,"turns":3},{"damage":0,"enemies":"Mind Bloom Boss Battle","floor":46,"turns":6},{"damage":3,"enemies":"3 Darklings","floor":47,"turns":6},{"damage":8,"enemies":"hubris:GrandSnecko","floor":50,"turns":4}],"seed_played":"1107685716772995747","potions_obtained":[{"floor":5,"key":"SkillPotion"},{"floor":16,"key":"jedi:wingpotion"},{"floor":24,"key":"PowerPotion"},{"floor":29,"key":"Energy Potion"},{"floor":33,"key":"Fire Potion"},{"floor":35,"key":"GamblersBrew"},{"floor":40,"key":"Swift Potion"},{"floor":42,"key":"SpeedPotion"}],"is_trial":false,"path_per_floor":["M","M","?","T","M","R","M","R","T","R","E","R","?","M","R","B",null,"M","$","$","?","?","R","M","M","T","R","E","E","?","E","R","B",null,"M","?","$","?","M","E","R","E","T","R","E","?","M","$","R","B",null],"character_chosen":"THE_SILENT","items_purchased":["TwistedFunnel","Deadly Poison","Finesse","hubris:EnhanceAbility","Dodge and Roll","Noxious Fumes","Anchor","Dodge and Roll","PowerPotion","PowerPotion","Catalyst","Deadly Poison","PiercingWail","Membership Card","jedi:forcepush","Incense Burner","Good Instincts","Backflip"],"campfire_rested":3,"item_purchase_floors":[0,0,0,0,0,0,0,0,0,0,19,19,20,37,37,48,48,48],"current_hp_per_floor":[21,21,14,14,14,35,35,35,35,35,35,35,35,37,37,39,62,64,64,64,64,34,55,57,58,58,58,59,51,51,46,46,48,65,67,67,67,67,69,66,66,68,68,68,52,54,53,53,70,62],"gold":25,"neow_bonus":"","is_daily":false,"chose_seed":false,"campfire_upgraded":8,"win_rate":0.0,"timestamp":1613907433,"path_taken":["M","M","?","?","M","R","M","R","T","R","E","R","?","M","R","BOSS","M","?","$","?","?","R","M","M","T","R","E","E","?","E","R","BOSS","M","?","$","?","M","E","R","E","T","R","E","?","M","$","R","BOSS"],"items_purchased_type":["Relic","Card","Card","Card","Card","Card","Relic","Card","Potion","Potion","Card","Card","Card","Relic","Card","Relic","Card","Card"],"build_version":"2020-12-22","purchased_purges":4,"victory":true,"max_hp_per_floor":[70,70,70,70,70,70,70,70,70,70,70,70,70,70,70,70,70,70,70,70,70,70,70,70,70,70,70,70,70,70,70,70,70,70,70,70,70,70,70,70,70,70,70,70,70,70,70,70,70,70],"card_choices":[{"not_picked":["StSpp:Dive","Poisoned Stab"],"picked":"Blur","floor":1},{"not_picked":["Quick Slash","Sucker Punch","Endless Agony"],"picked":"SKIP","floor":2},{"not_picked":["Predator","Outmaneuver","Quick Slash"],"picked":"SKIP","floor":5},{"not_picked":["PiercingWail","Masterful Stab"],"picked":"Catalyst","floor":7},{"not_picked":["Accuracy","Tactician"],"picked":"Footwork","floor":11},{"not_picked":["Outmaneuver","jedi:pocketpoison"],"picked":"Deflect","floor":14},{"not_picked":["jedi:studyshivs","Venomology"],"picked":"Malaise","floor":16},{"not_picked":["Prepared","StSpp:Throw","Crippling Poison"],"picked":"SKIP","floor":18},{"not_picked":["Outmaneuver+1","Reflex+1","Blade Dance"],"picked":"SKIP","floor":24},{"not_picked":["Infinite Blades","Acrobatics","Finisher"],"picked":"SKIP","floor":25},{"not_picked":["Blade Dance","jedi:acidrain+1","Outmaneuver"],"picked":"SKIP","floor":28},{"not_picked":["jedi:pocketpoison","StSpp:TimeParadox"],"picked":"Backflip","floor":29},{"not_picked":["Deadly Poison","StSpp:AbandonFlesh","Dagger Spray"],"picked":"SKIP","floor":31},{"not_picked":["Backflip","Flying Knee"],"picked":"Footwork+1","floor":35},{"not_picked":["Accuracy+1","hubris:SlightOfHand+1"],"picked":"Deadly Poison+1","floor":39},{"not_picked":["Poisoned Stab+1","jedi:studypoison","Bane+1"],"picked":"SKIP","floor":40},{"not_picked":["StSpp:ChainedTrap+1","Cloak And Dagger+1"],"picked":"Blur","floor":42},{"not_picked":["Tactician","StSpp:FiercePoison"],"picked":"Well Laid Plans+1","floor":45},{"not_picked":["Slice+1","jedi:brewingpoison"],"picked":"Crippling Poison+1","floor":46},{"not_picked":["StSpp:ChainedTrap+1","Quick Slash+1","jedi:acidrain+1"],"picked":"SKIP","floor":47}],"player_experience":2046370,"relics_obtained":[{"floor":4,"key":"Juzu Bracelet"},{"floor":9,"key":"Ornamental Fan"},{"floor":11,"key":"Blood Vial"},{"floor":26,"key":"CeramicFish"},{"floor":28,"key":"reliquary:Stiletto"},{"floor":29,"key":"Happy Flower"},{"floor":31,"key":"Smiling Mask"},{"floor":36,"key":"Frozen Egg 2"},{"floor":40,"key":"hubris:Zylophone"},{"floor":42,"key":"Snake Skull"},{"floor":43,"key":"Molten Egg 2"},{"floor":45,"key":"hubris:SlimyHat"},{"floor":46,"key":"Girya"}],"event_choices":[{"cards_removed":["Strike_G"],"damage_healed":0,"gold_gain":0,"player_choice":"Card Removal","damage_taken":7,"max_hp_gain":0,"max_hp_loss":0,"event_name":"Golden Wing","floor":3,"gold_loss":0},{"cards_removed":["Strike_G"],"damage_healed":0,"gold_gain":0,"player_choice":"Purged","damage_taken":0,"max_hp_gain":0,"max_hp_loss":0,"event_name":"Purifier","floor":13,"gold_loss":0},{"damage_healed":0,"gold_gain":0,"player_choice":"Relic","damage_taken":0,"max_hp_gain":0,"max_hp_loss":0,"event_name":"Wheel of Change","floor":36,"gold_loss":0},{"cards_removed":["Strike_G"],"damage_healed":0,"gold_gain":0,"player_choice":"Removed Attack","damage_taken":0,"max_hp_gain":0,"max_hp_loss":0,"event_name":"Falling","floor":38,"gold_loss":0},{"damage_healed":0,"gold_gain":0,"player_choice":"Fight","damage_taken":0,"max_hp_gain":0,"max_hp_loss":0,"event_name":"MindBloom","floor":46,"gold_loss":0}],"is_beta":false,"boss_relics":[{"not_picked":["reliquary:RedPaperclip","Pandora\u0027s Box"],"picked":"reliquary:ThirdArm"},{"not_picked":["aspiration:RitualDagger","jedi:hotpepper"],"picked":"reliquary:RustamsPendant"}],"items_purged_floors":[19,20,37,48],"is_endless":false,"potions_floor_spawned":[5,7,16,24,29,33,35,40,42],"ascension_level":10}}