{"host":"cr9rpoy6dx9riis3","time":1613935015,"event":{"mods":["AchievementEnabler","BaseMod","Better Altar","Better Note","Better Sensory Stone","Better Skull","Better Third Choice","Better-Laid Plans","BetterRewards","Block Reminder","Curses Come First","Displayed Cursed Tome","Emptier Cage","Marked Mod","Minty Spire (QoL Compilation)","Permanent Neow","Relic Sorter","StSLib","The Blue Laboratory","Transform Curses"],"gold_per_floor":[114,130,55,5,5,35,110,110,110,110,110],"floor_reached":10,"language":"ENG","playtime":304,"items_purged":["Defend_G"],"score":80,"play_id":"c9971ea6-dc02-4971-85d1-31155fcf3180","local_time":"20210221201655","is_ascension_mode":true,"campfire_choices":[{"data":"Survivor","floor":8,"key":"SMITH"}],"circlet_count":0,"master_deck":["Strike_G","Strike_G","Strike_G","Strike_G","Defend_G","Defend_G","Defend_G","Defend_G","Survivor+1","Neutralize","Deflect","Discovery"],"relics":["Ring of the Snake","Potion Belt","Ninja Scroll"],"acts_visited":["Exordium"],"potions_floor_usage":[6],"damage_taken":[{"damage":1,"enemies":"Small Slimes","floor":1,"turns":3},{"damage":0,"enemies":"2 Louse","floor":2,"turns":4},{"damage":39,"enemies":"Lagavulin","floor":6,"turns":9},{"damage":20,"enemies":"3 Sentries","floor":10,"turns":4}],"seed_played":"6440835640989997434","potions_obtained":[{"floor":2,"key":"blueLaboratory:BottledHope"}],"is_trial":false,"path_per_floor":["M","M","$","?","?","E","?","R","T","E"],"character_chosen":"THE_SILENT","items_purchased":["Potion Belt"],"campfire_rested":0,"item_purchase_floors":[0],"current_hp_per_floor":[69,69,69,69,69,30,19,19,19,0,0],"gold":110,"neow_bonus":"","is_daily":false,"chose_seed":false,"campfire_upgraded":1,"win_rate":0.0,"timestamp":1613935015,"path_taken":["M","M","$","?","?","E","?","R","T","E"],"items_purchased_type":["Relic"],"build_version":"2020-12-22","purchased_purges":1,"victory":false,"max_hp_per_floor":[70,70,70,70,70,70,70,70,70,70,70],"card_choices":[{"not_picked":["Underhanded Strike","All Out Attack","Poisoned Stab"],"picked":"SKIP","floor":1},{"not_picked":["Choke","Setup"],"picked":"Deflect","floor":2},{"not_picked":["Mind Blast","Deep Breath"],"picked":"Discovery","floor":5},{"not_picked":["PiercingWail","Concentrate","Outmaneuver"],"picked":"SKIP","floor":6}],"player_experience":768312,"relics_obtained":[{"floor":9,"key":"Ninja Scroll"}],"event_choices":[{"cards_removed":["Strike_G"],"damage_healed":0,"gold_gain":0,"player_choice":"Card Removal","damage_taken":0,"max_hp_gain":0,"max_hp_loss":0,"event_name":"The Cleric","floor":4,"gold_loss":50},{"damage_healed":0,"gold_gain":1,"player_choice":"1","damage_taken":0,"max_hp_gain":0,"max_hp_loss":0,"event_name":"betterStone:BetterStone","floor":5,"gold_loss":0},{"damage_healed":0,"gold_gain":75,"player_choice":"Gold","damage_taken":11,"max_hp_gain":0,"max_hp_loss":0,"event_name":"betterThird:BetterGoop","floor":7,"gold_loss":0}],"is_beta":false,"boss_relics":[],"items_purged_floors":[3],"is_endless":false,"potions_floor_spawned":[2],"killed_by":"3 Sentries","ascension_level":5}}