{"host":"tnmp9bkutp0enjo6","time":1613937616,"event":{"mods":["2.2 Compatiblity","AchievementEnabler","BaseMod","Block Reminder","Colored Powertips","Downfall","Highlight Path","Minty Spire (QoL Compilation)","Quick Restart","Random Character Button","Rare Cards Sparkle","Relic Stats","StSLib","The Problem Sleuth"],"gold_per_floor":[99,114,114,576,601,647,659,683,695,707,719,745,773,805,833,947,959,971,994,1081,1093,417,417,417,417,429,429,429,429,429],"floor_reached":28,"language":"ENG","playtime":2041,"items_purged":[],"score":368,"play_id":"d10889b0-b15e-49d6-859e-16a2052ac58a","local_time":"20210221210016","is_ascension_mode":false,"campfire_choices":[{"floor":1,"key":"RECALL"},{"floor":11,"key":"REST"},{"data":"hexamod:WildfireWeapon","floor":18,"key":"SMITH"},{"data":"hexamod:RadiantFlame","floor":25,"key":"SMITH"},{"floor":27,"key":"REST"}],"circlet_count":0,"master_deck":["hexamod:Strike+1","hexamod:Strike","hexamod:Strike+1","hexamod:Strike","hexamod:Defend+1","hexamod:Defend","hexamod:Defend+1","hexamod:Defend","hexamod:Sear+1","hexamod:Float+1","hexamod:AdvancingGuard","CurseOfTheBell","CurseOfTheBell","hexamod:SixthSeal","downfall:Icky","downfall:Icky","downfall:Icky","hexamod:CatchUp","hexamod:Incineration","hexamod:RadiantFlame+1","hexamod:WildfireWeapon+1","hexamod:FirstSeal","hexamod:SkipABeat+1","hexamod:DynamicBlow","hexamod:HexaLevel","hexamod:BacktrackSmack","hexamod:ExtraCrispy","hexamod:SwordOfDarkness","hexamod:ChargedBarrage","Panache","hexamod:BacktrackSmack","hexamod:BacktrackSmack"],"relics":["hexamod:UnbrokenSoul","downfall:ExtraCursedBell","MawBank","Pear","TungstenRod","Juzu Bracelet","Shuriken","Lee\u0027s Waffle","downfall:RedIOU","Kunai"],"acts_visited":["Exordium","TheCity"],"potions_floor_usage":[13],"damage_taken":[{"damage":0,"enemies":"Small Slimes","floor":2,"turns":4},{"damage":33,"enemies":"Jaw Worm","floor":5,"turns":9},{"damage":40,"enemies":"Lagavulin","floor":6,"turns":13},{"damage":0,"enemies":"Cultist","floor":8,"turns":3},{"damage":2,"enemies":"2 Fungi Beasts","floor":12,"turns":3},{"damage":0,"enemies":"Exordium Wildlife","floor":13,"turns":3},{"damage":14,"enemies":"3 Louse","floor":14,"turns":5},{"damage":10,"enemies":"Large Slime","floor":15,"turns":4},{"damage":16,"enemies":"SI_SHIV_ARCHETYPE","floor":16,"turns":13},{"damage":44,"enemies":"3 Byrds","floor":19,"turns":7},{"damage":2,"enemies":"downfall:FleeingMerchant","floor":22,"turns":4},{"damage":65,"enemies":"Chosen","floor":26,"turns":9},{"damage":74,"enemies":"Slavers","floor":28,"turns":4}],"seed_played":"6605307671056503220","potions_obtained":[{"floor":8,"key":"DistilledChaos"},{"floor":13,"key":"BlessingOfTheForge"},{"floor":16,"key":"LiquidMemories"},{"floor":20,"key":"downfall:CursedFountainPotion"},{"floor":26,"key":"Swift Potion"}],"is_trial":false,"path_per_floor":["R","M","?","?","M","E","T","M","?","?","R","M","M","M","M","B",null,"R","M","?","?","$","?","T","R","M","R","E"],"character_chosen":"THE_SPIRIT","items_purchased":["Shuriken","Lee\u0027s Waffle","hexamod:ChargedBarrage","Panache","hexamod:BacktrackSmack"],"campfire_rested":2,"item_purchase_floors":[22,22,22,22,22],"current_hp_per_floor":[77,77,87,87,54,14,14,14,14,14,40,38,43,36,33,17,87,87,50,87,87,94,94,94,94,36,64,0,0,0],"gold":429,"neow_bonus":"TEN_PERCENT_HP_BONUS","is_daily":false,"chose_seed":false,"campfire_upgraded":2,"win_rate":0.0,"timestamp":1613937616,"path_taken":["R","M","?","?","M","E","T","M","?","?","R","M","M","M","M","BOSS","R","M","?","?","$","?","T","R","M","R","E"],"items_purchased_type":["Relic","Relic","Card","Card","Card"],"build_version":"2020-12-22","purchased_purges":0,"victory":false,"max_hp_per_floor":[77,77,87,87,87,87,87,87,87,87,87,87,87,87,87,87,87,87,87,87,87,94,94,94,94,94,94,94,94,94],"relic_stats":{"Lee\u0027s Waffle":7,"counters":[13,81],"Shuriken":[1],"Juzu Bracelet":1,"Kunai":[1],"MawBank":228,"obtain_stats":[{"Lee\u0027s Waffle":22,"Pear":3,"hexamod:UnbrokenSoul":17,"Shuriken":22,"downfall:RedIOU":23,"Juzu Bracelet":7,"Kunai":24,"downfall:ExtraCursedBell":3,"MawBank":3,"hexamod:SpiritBrand":0,"TungstenRod":3,"Toy Ornithopter":6},{"Lee\u0027s Waffle":11,"Pear":1,"hexamod:UnbrokenSoul":9,"Shuriken":11,"downfall:RedIOU":11,"Juzu Bracelet":3,"Kunai":11,"downfall:ExtraCursedBell":1,"MawBank":1,"hexamod:SpiritBrand":0,"TungstenRod":1,"Toy Ornithopter":3},{"Lee\u0027s Waffle":68,"Pear":4,"hexamod:UnbrokenSoul":57,"Shuriken":68,"downfall:RedIOU":68,"Juzu Bracelet":26,"Kunai":68,"downfall:ExtraCursedBell":4,"MawBank":4,"hexamod:SpiritBrand":0,"TungstenRod":4,"Toy Ornithopter":26}],"TungstenRod":76},"card_choices":[{"not_picked":["hexamod:HeatMetal","hexamod:Hexaguard"],"picked":"hexamod:AdvancingGuard","floor":2},{"not_picked":["hexamod:GhostShield","hexamod:InspiringFlames"],"picked":"hexamod:CatchUp","floor":5},{"not_picked":["hexamod:FastForward","hexamod:StepThrough"],"picked":"hexamod:Incineration","floor":6},{"not_picked":["hexamod:SpectersWail","hexamod:Hexaguard"],"picked":"hexamod:RadiantFlame","floor":8},{"not_picked":["hexamod:ExtraCrispy","hexamod:GhostLash"],"picked":"hexamod:WildfireWeapon","floor":12},{"not_picked":["hexamod:HeatCrush","hexamod:HeatMetal"],"picked":"hexamod:FirstSeal","floor":13},{"not_picked":["hexamod:Firestarter","hexamod:RadiantFlame"],"picked":"hexamod:SkipABeat","floor":14},{"not_picked":["hexamod:ExtraCrispy","hexamod:InspiringFlames"],"picked":"hexamod:DynamicBlow","floor":15},{"not_picked":["hexamod:FifthSeal","hexamod:SearingWound"],"picked":"hexamod:HexaLevel","floor":16},{"not_picked":["hexamod:SwordOfDarkness+1","hexamod:NightmareStrike"],"picked":"hexamod:BacktrackSmack","floor":19},{"not_picked":["hexamod:FastForward","hexamod:ParanormalForm"],"picked":"hexamod:SwordOfDarkness","floor":22},{"not_picked":["hexamod:Haunt","hexamod:ShieldOfDarkness"],"picked":"hexamod:BacktrackSmack","floor":26}],"player_experience":210849,"relics_obtained":[{"floor":3,"key":"MawBank"},{"floor":3,"key":"Pear"},{"floor":3,"key":"TungstenRod"},{"floor":6,"key":"Toy Ornithopter"},{"floor":7,"key":"Juzu Bracelet"},{"floor":24,"key":"Kunai"}],"event_choices":[{"cards_removed":["Decay"],"damage_healed":0,"gold_gain":0,"player_choice":"Card Removal","damage_taken":0,"max_hp_gain":0,"max_hp_loss":0,"event_name":"The Cleric","floor":10,"gold_loss":0},{"damage_healed":0,"gold_gain":0,"player_choice":"Read","damage_taken":0,"max_hp_gain":0,"max_hp_loss":0,"event_name":"The Library","floor":21,"gold_loss":0,"cards_obtained":["hexamod:ExtraCrispy"]}],"is_beta":false,"boss_relics":[{"not_picked":["Tiny House","Cursed Key"],"picked":"hexamod:UnbrokenSoul"}],"items_purged_floors":[],"is_endless":false,"potions_floor_spawned":[8,13,16,26],"killed_by":"Slavers","ascension_level":0}}