{"host":"ghnln56zhm0b0ozo","time":1613941798,"event":{"mods":["2.2 Compatiblity","BaseMod","Block Reminder","Downfall","Minty Spire (QoL Compilation)","Quick Restart","Rare Cards Sparkle","Relic Stats","StSLib"],"gold_per_floor":[118,118,137,147,164,197,211,211,211,59,134,150,163,128,128,227,227,245,245,245,265,275,275,291,291,291,291,94,94,107,124,124,223,223,242,105,122,122,122,122,122,122,122,122],"floor_reached":42,"language":"ENG","playtime":1631,"items_purged":[],"score":400,"play_id":"93237a1e-dc76-4cdd-babd-979d8977c70c","local_time":"20210221230958","is_ascension_mode":false,"campfire_choices":[{"data":"hexamod:WildfireWeapon","floor":8,"key":"SMITH"},{"data":"hexamod:ExtraCrispy","floor":15,"key":"SMITH"},{"floor":23,"key":"REST"},{"data":"hexamod:ExtraCrispy","floor":25,"key":"SMITH"},{"floor":27,"key":"REST"},{"data":"hexamod:ShieldOfDarkness","floor":32,"key":"SMITH"},{"floor":40,"key":"REST"}],"circlet_count":0,"master_deck":["hexamod:Strike","hexamod:Strike","hexamod:Strike","hexamod:Strike+1","hexamod:Defend","hexamod:Defend+1","hexamod:Defend","hexamod:Defend","hexamod:Sear","hexamod:Float","hexamod:SpectersWail","hexamod:RainOfEmbers+1","hexamod:NightmareGuise+1","hexamod:NightmareStrike","hexamod:WildfireWeapon+1","hexamod:FlamesFromBeyond","hexamod:ExtraCrispy+1","hexamod:ExtraCrispy+1","hexamod:SearingWound+1","hexamod:SwordOfDarkness","Necronomicurse","hexamod:ShieldOfDarkness+1","hexamod:StepThrough","hexamod:InspiringFlames+1","hexamod:Hexaguard+1","hexamod:EtherealExpedition+1","hexamod:HexaLevel","hexamod:HeatMetal+1","hexamod:ForkedFlame","hexamod:SpectersWail+1","Madness+1","Madness+1"],"relics":["hexamod:SpiritBrand","Blood Vial","War Paint","bronze:MakeshiftBattery","Necronomicon","Toxic Egg 2","Regal Pillow","Nloth\u0027s Gift","Fusion Hammer"],"acts_visited":["Exordium","TheCity","TheBeyond"],"potions_floor_usage":[6,16,42],"damage_taken":[{"damage":3,"enemies":"Jaw Worm","floor":1,"turns":3},{"damage":0,"enemies":"Cultist","floor":3,"turns":3},{"damage":5,"enemies":"2 Louse","floor":4,"turns":2},{"damage":1,"enemies":"2 Fungi Beasts","floor":5,"turns":3},{"damage":1,"enemies":"Gremlin Nob","floor":6,"turns":4},{"damage":0,"enemies":"Looter","floor":7,"turns":3},{"damage":8,"enemies":"Lots of Slimes","floor":12,"turns":3},{"damage":8,"enemies":"Red Slaver","floor":13,"turns":4},{"damage":52,"enemies":"The Guardian","floor":16,"turns":9},{"damage":9,"enemies":"Spheric Guardian","floor":18,"turns":5},{"damage":27,"enemies":"2 Thieves","floor":21,"turns":3},{"damage":2,"enemies":"Cultist and Chosen","floor":22,"turns":4},{"damage":0,"enemies":"Snecko","floor":24,"turns":3},{"damage":5,"enemies":"Chosen and Byrds","floor":30,"turns":3},{"damage":1,"enemies":"Snake Plant","floor":31,"turns":3},{"damage":9,"enemies":"Automaton","floor":33,"turns":8},{"damage":9,"enemies":"3 Darklings","floor":35,"turns":4},{"damage":5,"enemies":"Orb Walker","floor":37,"turns":4},{"damage":72,"enemies":"Reptomancer","floor":42,"turns":3}],"seed_played":"4659190355053109033","potions_obtained":[{"floor":0,"key":"PowerPotion"},{"floor":0,"key":"LiquidMemories"},{"floor":0,"key":"Explosive Potion"},{"floor":4,"key":"BlessingOfTheForge"},{"floor":6,"key":"Weak Potion"},{"floor":18,"key":"SpeedPotion"},{"floor":41,"key":"hexamod:DoubleChargePotion"},{"floor":41,"key":"hexamod:InfernoChargePotion"}],"is_trial":false,"path_per_floor":["M","?","M","M","M","E","M","R","T","$","?","M","M","?","R","B",null,"M","?","?","M","M","R","M","R","T","R","$","?","M","M","R","B",null,"M","$","M","?","?","R","?","E"],"character_chosen":"THE_SPIRIT","items_purchased":["Whetstone","Regal Pillow","hexamod:InspiringFlames+1","hexamod:ForkedFlame"],"campfire_rested":3,"item_purchase_floors":[10,28,28,36],"current_hp_per_floor":[67,67,67,62,61,60,62,62,62,62,51,45,39,56,56,6,70,61,45,45,20,20,41,43,43,43,64,64,64,61,62,62,55,70,61,61,58,49,49,70,70,0,0,0],"gold":122,"neow_bonus":"THREE_SMALL_POTIONS","is_daily":false,"chose_seed":false,"campfire_upgraded":4,"win_rate":0.0,"timestamp":1613941798,"path_taken":["M","?","?","M","M","E","M","R","T","$","?","M","M","?","R","BOSS","M","?","?","M","?","R","M","R","T","R","?","?","M","M","R","BOSS","M","$","?","?","?","R","?","E"],"items_purchased_type":["Relic","Relic","Card","Card"],"build_version":"2020-12-22","purchased_purges":0,"victory":false,"max_hp_per_floor":[70,70,70,70,70,70,70,70,70,70,70,70,70,70,70,70,70,70,70,70,70,70,70,70,70,70,70,70,70,70,70,70,70,70,70,70,70,70,70,70,70,70,70,70],"relic_stats":{"Blood Vial":22,"Regal Pillow":0,"counters":[19,74],"Necronomicon":[17],"Nloth\u0027s Gift":0,"War Paint":["hexamod:NightmareGuise","hexamod:Defend"],"obtain_stats":[{"Blood Vial":6,"Regal Pillow":28,"Fusion Hammer":34,"Necronomicon":19,"Nloth\u0027s Gift":29,"Whetstone":10,"War Paint":9,"Toxic Egg 2":26,"hexamod:SpiritBrand":0,"bronze:MakeshiftBattery":17},{"Blood Vial":5,"Regal Pillow":13,"Fusion Hammer":16,"Necronomicon":10,"Nloth\u0027s Gift":13,"Whetstone":6,"War Paint":6,"Toxic Egg 2":13,"hexamod:SpiritBrand":0,"bronze:MakeshiftBattery":9},{"Blood Vial":15,"Regal Pillow":49,"Fusion Hammer":63,"Necronomicon":39,"Nloth\u0027s Gift":49,"Whetstone":18,"War Paint":18,"Toxic Egg 2":49,"hexamod:SpiritBrand":0,"bronze:MakeshiftBattery":34}]},"card_choices":[{"not_picked":["hexamod:AdvancingGuard","hexamod:ThermalTransfer"],"picked":"hexamod:SpectersWail","floor":1},{"not_picked":["hexamod:Rewind","hexamod:SuperheatedStrike"],"picked":"hexamod:RainOfEmbers","floor":3},{"not_picked":["hexamod:GhostLash","hexamod:GhostShield"],"picked":"hexamod:NightmareGuise","floor":4},{"not_picked":["hexamod:InspiringFlames","hexamod:BurningTouch"],"picked":"hexamod:NightmareStrike","floor":5},{"not_picked":["hexamod:SoulSteal","hexamod:GhostShield"],"picked":"hexamod:WildfireWeapon","floor":6},{"not_picked":["hexamod:PowerFromBeyond","hexamod:NightmareStrike"],"picked":"hexamod:FlamesFromBeyond","floor":7},{"not_picked":["hexamod:Incineration","hexamod:GhostflameBarrier"],"picked":"hexamod:ExtraCrispy","floor":12},{"not_picked":["hexamod:FastForward","hexamod:GhostOfSpirePast"],"picked":"hexamod:ExtraCrispy","floor":13},{"not_picked":["hexamod:TurnItUp","hexamod:UnleashSpirits"],"picked":"hexamod:SearingWound","floor":16},{"not_picked":["hexamod:RainOfEmbers","hexamod:NightmareGuise"],"picked":"hexamod:SwordOfDarkness","floor":18},{"not_picked":["hexamod:FlamesFromBeyond","hexamod:HeatMetal"],"picked":"hexamod:ShieldOfDarkness","floor":21},{"not_picked":["hexamod:GhostOfSpireFuture","hexamod:InspiringFlames","hexamod:UnleashSpirits"],"picked":"SKIP","floor":22},{"not_picked":["hexamod:FastForward","hexamod:Firestarter+1"],"picked":"hexamod:StepThrough","floor":24},{"not_picked":["hexamod:SuperheatedStrike","hexamod:Again+1"],"picked":"hexamod:Hexaguard+1","floor":30},{"not_picked":["hexamod:ThermalTransfer+1","hexamod:Firestarter+1"],"picked":"hexamod:EtherealExpedition+1","floor":31},{"not_picked":["hexamod:SearingWound+1","hexamod:SixthSeal"],"picked":"hexamod:HexaLevel","floor":33},{"not_picked":["hexamod:AdvancingGuard+1","hexamod:GhostShield+1"],"picked":"hexamod:HeatMetal+1","floor":35},{"not_picked":["hexamod:GhostLash+1","hexamod:GhostOfSpirePast+1"],"picked":"hexamod:SpectersWail+1","floor":37}],"player_experience":177275,"relics_obtained":[{"floor":6,"key":"Blood Vial"},{"floor":9,"key":"War Paint"},{"floor":19,"key":"Necronomicon"},{"floor":26,"key":"Toxic Egg 2"}],"event_choices":[{"damage_healed":0,"gold_gain":0,"player_choice":"Ignored","damage_taken":0,"max_hp_gain":0,"max_hp_loss":0,"event_name":"Purifier","floor":2,"gold_loss":0},{"damage_healed":0,"gold_gain":75,"player_choice":"Gather Gold","damage_taken":11,"max_hp_gain":0,"max_hp_loss":0,"event_name":"World of Goop","floor":11,"gold_loss":0},{"damage_healed":17,"gold_gain":0,"player_choice":"Healed","damage_taken":0,"max_hp_gain":0,"max_hp_loss":0,"event_name":"The Cleric","floor":14,"gold_loss":35},{"damage_healed":0,"gold_gain":0,"player_choice":"Obtained Book","damage_taken":16,"max_hp_gain":0,"max_hp_loss":0,"event_name":"Cursed Tome","floor":19,"gold_loss":0},{"damage_healed":0,"gold_gain":0,"player_choice":"Forge","damage_taken":0,"max_hp_gain":0,"max_hp_loss":0,"event_name":"Accursed Blacksmith","floor":20,"gold_loss":0,"cards_upgraded":["hexamod:SearingWound"]},{"damage_healed":0,"gold_gain":0,"player_choice":"Traded Relic","damage_taken":0,"relics_obtained":["Nloth\u0027s Gift"],"max_hp_gain":0,"max_hp_loss":0,"event_name":"N\u0027loth","floor":29,"relics_lost":["Whetstone"],"gold_loss":0},{"damage_healed":0,"gold_gain":0,"player_choice":"Embrace Madness","damage_taken":9,"max_hp_gain":0,"max_hp_loss":0,"event_name":"Winding Halls","floor":38,"gold_loss":0,"cards_obtained":["Madness","Madness"]},{"damage_healed":0,"gold_gain":0,"player_choice":"Got Potions","damage_taken":0,"max_hp_gain":0,"max_hp_loss":0,"event_name":"Lab","floor":41,"gold_loss":0}],"is_beta":false,"boss_relics":[{"not_picked":["Philosopher\u0027s Stone","Astrolabe"],"picked":"bronze:MakeshiftBattery"},{"not_picked":["Cursed Key","SacredBark"],"picked":"Fusion Hammer"}],"items_purged_floors":[],"is_endless":false,"potions_floor_spawned":[4,6,13,18,22,31],"killed_by":"Reptomancer","ascension_level":0}}