{"host":"g7uq9uzahx9e0kti","time":1613884556,"event":{"mods":["100% Spire Juice","AchievementEnabler","Act Like it!","Arknights","BaseMod","CapriCore","Hermit","Koishi","Minty Spire (QoL Compilation)","Permanent Neow","Quick Restart","StSLib","SuperFastMode","The Bug Knight","The Cursed","The Hierophant","The Poker Player","Together in Spire","WarShipGirlsR/??á´Ò³R mod"],"gold_per_floor":[112,122,132,144,160,160,187,187,187,187,152,152,178,103,103,198,198,208,208,208,123,135,135,150,75,75],"floor_reached":25,"language":"KOR","playtime":949,"items_purged":["hermit:Defend_Hermit"],"score":201,"play_id":"72b63d2c-cb35-458e-9e56-ce45fd838d0d","local_time":"20210221141556","is_ascension_mode":false,"campfire_choices":[{"floor":6,"key":"DIG"},{"floor":8,"key":"DIG"},{"floor":10,"key":"DIG"},{"floor":15,"key":"DIG"},{"floor":23,"key":"DIG"}],"circlet_count":0,"master_deck":["hermit:Strike_Hermit","hermit:Strike_Hermit","hermit:Strike_Hermit","hermit:Strike_Hermit","hermit:Defend_Hermit","hermit:Defend_Hermit+1","hermit:Defend_Hermit","hermit:Snapshot","hermit:Covet+1","hermit:Glare","hermit:WideOpen","hermit:GhostlyPresence","hermit:BigShot","hermit:Showdown","hermit:Headshot","hermit:GhostlyPresence","hermit:Gambit","hermit:Misfire+1","hermit:CursedWeapon","hermit:HighCaliber"],"relics":["hermit:Momento","Shovel","Bag of Marbles","Omamori","Mummified Hand","War Paint","HornCleat","Odd Mushroom","Anchor","Runic Pyramid","Torii","Oddly Smooth Stone"],"acts_visited":["Exordium","TheCity"],"potions_floor_usage":[],"damage_taken":[{"damage":1,"enemies":"Cultist","floor":1,"turns":4},{"damage":2,"enemies":"Jaw Worm","floor":2,"turns":3},{"damage":0,"enemies":"2 Louse","floor":3,"turns":2},{"damage":12,"enemies":"Large Slime","floor":4,"turns":5},{"damage":5,"enemies":"3 Louse","floor":5,"turns":4},{"damage":32,"enemies":"3 Sentries","floor":7,"turns":8},{"damage":3,"enemies":"The Mushroom Lair","floor":13,"turns":3},{"damage":34,"enemies":"Slime Boss","floor":16,"turns":12},{"damage":11,"enemies":"Spheric Guardian","floor":18,"turns":4},{"damage":9,"enemies":"Shell Parasite","floor":22,"turns":4},{"damage":32,"enemies":"Sentry and Sphere","floor":24,"turns":6}],"seed_played":"337963301208886769","potions_obtained":[{"floor":2,"key":"SteroidPotion"},{"floor":3,"key":"FearPotion"},{"floor":7,"key":"DuplicationPotion"}],"is_trial":false,"path_per_floor":["M","M","M","M","M","R","E","R","T","R","?","?","?","$","R","B",null,"M","?","?","?","M","R","M","?"],"character_chosen":"HERMIT","items_purchased":[],"campfire_rested":0,"item_purchase_floors":[],"current_hp_per_floor":[74,72,72,60,55,55,23,23,23,23,41,41,38,38,38,4,72,61,61,61,61,52,52,20,20,20],"gold":75,"neow_bonus":"ONE_RARE_RELIC","is_daily":false,"chose_seed":false,"campfire_upgraded":0,"win_rate":0.0,"timestamp":1613884556,"path_taken":["M","?","M","M","M","R","E","R","T","R","?","?","?","$","R","BOSS","M","?","?","?","M","R","M","?"],"items_purchased_type":[],"build_version":"2020-12-22","purchased_purges":1,"victory":false,"max_hp_per_floor":[75,75,75,75,75,75,75,75,75,75,75,72,72,72,72,72,72,72,72,72,72,72,72,72,72,72],"card_choices":[{"not_picked":["hermit:Horror","hermit:Determination"],"picked":"hermit:Glare","floor":1},{"not_picked":["hermit:Roulette","hermit:Spite"],"picked":"hermit:WideOpen","floor":2},{"not_picked":["hermit:Horror","hermit:TrackingShot"],"picked":"hermit:GhostlyPresence","floor":3},{"not_picked":["hermit:Dive","hermit:Adapt"],"picked":"hermit:BigShot","floor":4},{"not_picked":["hermit:NoHoldsBarred","hermit:Manifest"],"picked":"hermit:Showdown","floor":5},{"not_picked":["hermit:ItchyTrigger","hermit:NoHoldsBarred"],"picked":"hermit:Headshot","floor":7},{"not_picked":["hermit:NoHoldsBarred","hermit:Spite"],"picked":"hermit:GhostlyPresence","floor":13},{"not_picked":["hermit:Magnum","hermit:FromBeyond"],"picked":"hermit:Gambit","floor":16},{"not_picked":["hermit:LuckOfTheDraw","hermit:Enervate"],"picked":"hermit:Misfire+1","floor":18},{"not_picked":["hermit:Determination","hermit:Roulette","hermit:BigShot"],"picked":"SKIP","floor":22},{"not_picked":["hermit:BigShot","hermit:Vantage+1"],"picked":"hermit:HighCaliber","floor":24}],"player_experience":157750,"relics_obtained":[{"floor":6,"key":"Bag of Marbles"},{"floor":7,"key":"Omamori"},{"floor":8,"key":"Mummified Hand"},{"floor":9,"key":"War Paint"},{"floor":10,"key":"HornCleat"},{"floor":13,"key":"Odd Mushroom"},{"floor":15,"key":"Anchor"},{"floor":23,"key":"Oddly Smooth Stone"}],"event_choices":[{"damage_healed":18,"gold_gain":0,"player_choice":"Healed","damage_taken":0,"max_hp_gain":0,"max_hp_loss":0,"event_name":"The Cleric","floor":11,"gold_loss":35},{"cards_removed":["Parasite"],"damage_healed":0,"gold_gain":0,"player_choice":"Forget","damage_taken":0,"max_hp_gain":0,"max_hp_loss":0,"event_name":"Living Wall","floor":12,"gold_loss":0},{"damage_healed":0,"gold_gain":0,"player_choice":"Fought Mushrooms","damage_taken":0,"max_hp_gain":0,"max_hp_loss":0,"event_name":"Mushrooms","floor":13,"gold_loss":0},{"damage_healed":0,"gold_gain":0,"player_choice":"Read","damage_taken":0,"max_hp_gain":0,"max_hp_loss":0,"event_name":"The Library","floor":19,"gold_loss":0,"cards_obtained":["hermit:CursedWeapon"]},{"damage_healed":0,"gold_gain":0,"player_choice":"Ignored","damage_taken":0,"max_hp_gain":0,"max_hp_loss":0,"event_name":"Vampires","floor":20,"gold_loss":0},{"damage_healed":0,"gold_gain":0,"player_choice":"Obtained Relic","damage_taken":0,"relics_obtained":["Torii"],"max_hp_gain":0,"max_hp_loss":0,"event_name":"Addict","floor":21,"gold_loss":85}],"is_beta":false,"boss_relics":[{"not_picked":["Coffee Dripper","Busted Crown"],"picked":"Runic Pyramid"}],"items_purged_floors":[14],"is_endless":false,"potions_floor_spawned":[2,3,7,18,22],"ascension_level":0}}