{"host":"lyzyr6cv4ove76ms","time":1613874409,"event":{"mods":["BaseMod","Colored Map","Downfall","Infinite Spire","Minty Spire (QoL Compilation)","Replay The Spire","Robot Space Explorer","StSLib"],"gold_per_floor":[99,99,99,99,99,134,134,153,153,165,178,213,213,213,230,329,329,329,349,146,157,157,157,157,157,176,217,238,231,253,253,279,393,393,393,413,439,493,493,243,243,265,265,289,289,289,289,289,303,305,305,305],"floor_reached":50,"language":"ENG","playtime":5549,"items_purged":[],"score":494,"play_id":"fba376d0-ef59-4020-b9f9-ca8948a565b3","local_time":"20210221032649","is_ascension_mode":true,"campfire_choices":[{"data":"Slimebound:Split","floor":1,"key":"SMITH"},{"floor":9,"key":"REST"},{"floor":13,"key":"REST"},{"data":"Slimebound:TagTeam","floor":18,"key":"SMITH"},{"data":"Slimebound:LevelUp","floor":25,"key":"SMITH"},{"data":"Slimebound:Teamwork","floor":35,"key":"SMITH"},{"data":"expansioncontent:QuickStudy","floor":43,"key":"SMITH"},{"data":"Slimebound:DisruptingSlam","floor":45,"key":"SMITH"},{"floor":47,"key":"REST"}],"circlet_count":0,"master_deck":["Slimebound:Strike_Slimebound","Slimebound:Strike_Slimebound","Slimebound:Tackle","Slimebound:Defend_Slimebound","Slimebound:Defend_Slimebound","Slimebound:Defend_Slimebound","Slimebound:Defend_Slimebound","Slimebound:Split+1","Slimebound:CorrosiveSpit","Slimebound:LeadByExample","Slimebound:LevelUp+1","Slimebound:SlimeBarrage+1","Slimebound:LivingWall+1","Slimebound:DisruptingSlam+1","Slimebound:MegaLick","Slimebound:SplitAcid+1","Slimebound:TagTeam+1","Slimebound:GoopSpray+1","Slimebound:Prepare+1","Slimebound:MinionMaster","Slimebound:Teamwork+1","Replay:SS_hec_1","expansioncontent:QuickStudy+1","infinitespire:Fortify","Slimebound:SlimeBarrage"],"relics":["Slimebound:AbsorbEndCombat","downfall:HeartsMalice","Gremlin Horn","FossilizedHelix","War Paint","Lizard Tail","SlaversCollar","Replay:Bandana","Replay:Mystery Machine","ChewingGum","Membership Card","Replay:Accelerometer"],"acts_visited":["Exordium","TheCity","TheBeyond"],"potions_floor_usage":[12,12],"damage_taken":[{"damage":0,"enemies":"2 Louse","floor":2,"turns":1},{"damage":0,"enemies":"infinitespire:Voidling","floor":4,"turns":1},{"damage":0,"enemies":"Small Slimes","floor":5,"turns":1},{"damage":27,"enemies":"3 Sentries","floor":6,"turns":7},{"damage":20,"enemies":"Exordium Thugs","floor":8,"turns":5},{"damage":5,"enemies":"3 Louse","floor":10,"turns":3},{"damage":16,"enemies":"2 Fungi Beasts","floor":11,"turns":4},{"damage":18,"enemies":"Gremlin Nob","floor":12,"turns":4},{"damage":0,"enemies":"downfall:LooterAlt","floor":15,"turns":4},{"damage":19,"enemies":"DF_ARCHETYPE_STREAMLINE","floor":16,"turns":9},{"damage":7,"enemies":"Spheric Guardian","floor":19,"turns":4},{"damage":0,"enemies":"downfall:FleeingMerchant","floor":20,"turns":4},{"damage":6,"enemies":"Shell Parasite","floor":21,"turns":4},{"damage":0,"enemies":"Snecko","floor":26,"turns":5},{"damage":15,"enemies":"Slavers","floor":27,"turns":5},{"damage":0,"enemies":"Snake Plant","floor":28,"turns":4},{"damage":0,"enemies":"downfall:FleeingMerchant","floor":29,"turns":4},{"damage":15,"enemies":"Centurion and Healer","floor":30,"turns":4},{"damage":24,"enemies":"Chosen and Byrds","floor":32,"turns":6},{"damage":13,"enemies":"IC_MUSHROOM_ARCHETYPE","floor":33,"turns":6},{"damage":0,"enemies":"Orb Walker","floor":36,"turns":4},{"damage":0,"enemies":"3 Darklings","floor":37,"turns":4},{"damage":0,"enemies":"3 Darklings","floor":38,"turns":3},{"damage":12,"enemies":"downfall:FleeingMerchant","floor":40,"turns":4},{"damage":0,"enemies":"Transient","floor":42,"turns":5},{"damage":0,"enemies":"Maw","floor":44,"turns":9},{"damage":16,"enemies":"Writhing Mass","floor":49,"turns":6},{"damage":125,"enemies":"SI_POISON_ARCHETYPE","floor":50,"turns":7}],"seed_played":"-8196744205542975287","potions_obtained":[{"floor":6,"key":"AttackPotion"},{"floor":8,"key":"Toxic Potion"},{"floor":12,"key":"hexamod:SoulburnPotion"},{"floor":16,"key":"Languid Potion"},{"floor":26,"key":"Ancient Potion"}],"is_trial":false,"path_per_floor":["R","M","?","M","M","E","T","M","R","M","M","E","R","?","M","B",null,"R","M","$","M","AVR","?","T","R","M","E","M","$","M","?","M","B",null,"R","M","M","?","?","$","T","M","R","M","R","?","R","?","M","B"],"character_chosen":"SLIMEBOUND","items_purchased":["War Paint","Slimebound:Prepare+1","Membership Card","expansioncontent:QuickStudy"],"campfire_rested":3,"item_purchase_floors":[20,20,40,40],"current_hp_per_floor":[65,65,65,65,65,40,40,22,41,36,24,8,27,27,31,16,65,65,58,62,60,60,60,60,60,65,56,62,65,54,54,38,31,65,65,65,65,65,65,57,57,63,63,65,65,49,65,65,49,0,0,0],"gold":305,"neow_bonus":"THREE_ENEMY_KILL","is_daily":false,"chose_seed":false,"campfire_upgraded":6,"win_rate":0.0,"timestamp":1613874409,"path_taken":["R","M","?","M","?","E","T","M","R","M","M","E","R","?","M","BOSS","R","M","$","M","AVR","?","T","R","M","E","?","?","M","?","M","BOSS","R","M","M","?","?","$","T","M","R","M","R","?","R","?","M","BOSS"],"items_purchased_type":["Relic","Card","Relic","Card"],"build_version":"2020-12-22","purchased_purges":0,"victory":false,"max_hp_per_floor":[65,65,65,65,65,65,65,65,65,65,65,65,65,65,65,65,65,65,65,65,65,65,65,65,65,65,65,65,65,65,65,65,65,65,65,65,65,65,65,65,65,65,65,65,65,65,65,65,65,65,65,65],"card_choices":[{"not_picked":["Slimebound:GoopTackle","Slimebound:ForwardTackle"],"picked":"Slimebound:LeadByExample","floor":2},{"not_picked":["Slimebound:Schlurp","Slimebound:SlimeSpikes"],"picked":"Slimebound:LevelUp","floor":4},{"not_picked":["Slimebound:SplitBruiser","Slimebound:AcidTongue"],"picked":"Slimebound:SlimeBarrage","floor":5},{"not_picked":["Slimebound:FlameTackle","Slimebound:AcidTongue"],"picked":"Slimebound:LivingWall","floor":6},{"not_picked":["Slimebound:FinishingTackle","Slimebound:FormOfPuddle","Slimebound:AcidTongue"],"picked":"SKIP","floor":8},{"not_picked":["Slimebound:ComboTackle","Slimebound:SplitBruiser"],"picked":"Slimebound:DisruptingSlam","floor":10},{"not_picked":["Slimebound:SplitBruiser","Slimebound:ViciousTackle","Slimebound:DisruptingSlam"],"picked":"SKIP","floor":11},{"not_picked":["Slimebound:LeadByExample","Slimebound:Grow"],"picked":"Slimebound:MegaLick","floor":12},{"not_picked":["Slimebound:PressTheAttack","Slimebound:SplitBruiser"],"picked":"Slimebound:SplitAcid","floor":15},{"not_picked":["Slimebound:OneTwoCombo","Slimebound:Teamwork"],"picked":"Slimebound:TagTeam","floor":16},{"not_picked":["Slimebound:SplitAcid+1","Slimebound:Recollect","Slimebound:Prepare+1"],"picked":"SKIP","floor":19},{"not_picked":["Slimebound:Gluttony","Slimebound:SlimeTap"],"picked":"Slimebound:GoopSpray+1","floor":20},{"not_picked":["Slimebound:ForwardTackle","Slimebound:GoopSpray","Slimebound:Gluttony"],"picked":"SKIP","floor":21},{"not_picked":["Slimebound:SplitAcid","Slimebound:LeechEnergy","Slimebound:FinishingTackle"],"picked":"SKIP","floor":26},{"not_picked":["Slimebound:MegaLick","Slimebound:Teamwork"],"picked":"Slimebound:MinionMaster","floor":27},{"not_picked":["Slimebound:ComboTackle+1","Slimebound:SplitLeeching","Slimebound:GoopTackle"],"picked":"SKIP","floor":28},{"not_picked":["Slimebound:SlimeSpikes","Slimebound:SplitMire"],"picked":"Slimebound:Teamwork","floor":29},{"not_picked":["Slimebound:RejuvenatingLick","Slimebound:ItLooksTasty","Slimebound:LeechingTouch+1"],"picked":"SKIP","floor":30},{"not_picked":["Slimebound:SamplingLick","Slimebound:FlameTackle","Slimebound:Schlurp+1"],"picked":"SKIP","floor":32},{"not_picked":["Slimebound:SplitAcid+1","Slimebound:LeechEnergy","Slimebound:SlimeTap"],"picked":"SKIP","floor":36},{"not_picked":["Slimebound:LivingWall+1","Slimebound:BestDefense+1","Slimebound:ItLooksTasty"],"picked":"SKIP","floor":37},{"not_picked":["expansioncontent:PolyBeam","Replay:SS_fish_1"],"picked":"Replay:SS_hec_1","floor":39},{"not_picked":["Slimebound:Teamwork","Slimebound:ProtectTheBoss","Slimebound:LivingWall"],"picked":"SKIP","floor":40},{"not_picked":["Slimebound:SplitLeeching","Slimebound:RejuvenatingLick","Slimebound:SlimeBarrage"],"picked":"SKIP","floor":42},{"not_picked":["Slimebound:LeechEnergy","Slimebound:SplitBruiser+1","Slimebound:SplitLeeching+1"],"picked":"SKIP","floor":44},{"not_picked":["infinitespire:SealOfDarkness+","infinitespire:FinalStrike"],"picked":"infinitespire:Fortify","floor":46},{"not_picked":["Slimebound:ViciousTackle+1","Slimebound:RollThrough+1","Slimebound:ProtectTheBoss"],"picked":"SKIP","floor":49}],"player_experience":776040,"relics_obtained":[{"floor":6,"key":"Gremlin Horn"},{"floor":12,"key":"FossilizedHelix"},{"floor":24,"key":"Replay:Bandana"},{"floor":27,"key":"Replay:Mystery Machine"},{"floor":41,"key":"Replay:Accelerometer"}],"event_choices":[{"cards_removed":["Slimebound:Strike_Slimebound"],"damage_healed":0,"gold_gain":0,"player_choice":"Offered Basic","damage_taken":0,"max_hp_gain":0,"max_hp_loss":0,"event_name":"Bonfire Elementals","floor":3,"gold_loss":0},{"damage_healed":0,"gold_gain":0,"player_choice":"Grow","damage_taken":0,"max_hp_gain":0,"max_hp_loss":0,"event_name":"Living Wall","floor":14,"gold_loss":0,"cards_upgraded":["Slimebound:SlimeBarrage"]}],"is_beta":false,"boss_relics":[{"not_picked":["Astrolabe","ReplayTheSpireMod:SealedPack","Sozu"]},{"not_picked":["Philosopher\u0027s Stone","Abe\u0027s Treasure"],"picked":"ChewingGum"}],"items_purged_floors":[],"is_endless":false,"potions_floor_spawned":[6,8,12,16,26,28,30,33,37,49],"killed_by":"SI_POISON_ARCHETYPE","ascension_level":1}}