{"host":"l3qq6dhgi17n1wbp","time":1613944443,"event":{"mods":["BaseMod","Colored Map","Minty Spire (QoL Compilation)","SuperFastMode"],"gold_per_floor":[114,114,114,24,24,67,85,120,168,204,204,219,262,289,289,417,417,435,456,261,279,279,279,315,328,328],"floor_reached":25,"language":"KOR","playtime":617,"items_purged":[],"score":346,"play_id":"cb4a2565-f65d-4d33-b644-e7af0663db77","local_time":"20210222065403","is_ascension_mode":true,"campfire_choices":[{"floor":11,"key":"REST"},{"floor":15,"key":"REST"},{"data":"Dramatic Entrance","floor":23,"key":"SMITH"}],"circlet_count":0,"master_deck":["Strike_G+1","Strike_G+1","Strike_G+1","Strike_G+1","Defend_G+1","Defend_G+1","Defend_G+1","Defend_G+1","Defend_G+1","Survivor","Neutralize","Dagger Spray","Quick Slash","Dramatic Entrance+1","Blur","Dagger Throw","After Image","PiercingWail","Distraction+1","Blade Dance"],"relics":["Ring of the Snake","NeowsBlessing","Golden Idol","Bag of Marbles","Odd Mushroom","Happy Flower","Ornamental Fan","Lizard Tail","Bag of Preparation","Coffee Dripper","MealTicket","Potion Belt"],"acts_visited":["Exordium","TheCity"],"potions_floor_usage":[10,13,16,24,25,25],"damage_taken":[{"damage":0,"enemies":"Cultist","floor":1,"turns":1},{"damage":0,"enemies":"Jaw Worm","floor":5,"turns":1},{"damage":0,"enemies":"3 Sentries","floor":6,"turns":1},{"damage":0,"enemies":"2 Louse","floor":7,"turns":1},{"damage":0,"enemies":"The Mushroom Lair","floor":8,"turns":2},{"damage":21,"enemies":"Lagavulin","floor":10,"turns":10},{"damage":0,"enemies":"Exordium Wildlife","floor":12,"turns":2},{"damage":7,"enemies":"3 Sentries","floor":13,"turns":6},{"damage":54,"enemies":"Slime Boss","floor":16,"turns":8},{"damage":0,"enemies":"Chosen","floor":18,"turns":5},{"damage":0,"enemies":"Shell Parasite","floor":19,"turns":10},{"damage":0,"enemies":"3 Cultists","floor":21,"turns":5},{"damage":28,"enemies":"Gremlin Leader","floor":24,"turns":9},{"damage":6,"enemies":"Snake Plant","floor":25,"turns":3}],"seed_played":"3761190554325973350","potions_obtained":[{"floor":7,"key":"LiquidBronze"},{"floor":8,"key":"PowerPotion"},{"floor":13,"key":"Strength Potion"},{"floor":18,"key":"Weak Potion"},{"floor":24,"key":"CunningPotion"}],"is_trial":false,"path_per_floor":["M","?","?","$","M","E","M","?","T","E","R","M","E","T","R","B",null,"M","M","$","M","?","R","E","M"],"character_chosen":"THE_SILENT","items_purchased":["Dramatic Entrance","Fire Potion","MealTicket"],"campfire_rested":2,"item_purchase_floors":[4,20,20],"current_hp_per_floor":[63,46,46,46,46,46,46,46,46,25,46,46,39,39,60,6,54,54,54,54,54,54,54,26,20,20],"gold":328,"neow_bonus":"THREE_ENEMY_KILL","is_daily":false,"chose_seed":false,"campfire_upgraded":1,"win_rate":0.0,"timestamp":1613944443,"path_taken":["M","?","?","$","?","E","M","?","T","E","R","M","E","?","R","BOSS","M","M","$","M","?","R","E","M"],"items_purchased_type":["Card","Potion","Relic"],"build_version":"2020-12-22","purchased_purges":0,"victory":false,"max_hp_per_floor":[70,70,70,70,70,70,70,70,70,70,70,70,70,70,70,70,70,70,70,70,70,70,70,70,70,70],"card_choices":[{"not_picked":["Flechettes","Poisoned Stab"],"picked":"Dagger Spray","floor":1},{"not_picked":["Eviscerate","Dagger Spray","Underhanded Strike"],"picked":"SKIP","floor":5},{"not_picked":["Setup","Outmaneuver","Riddle With Holes"],"picked":"SKIP","floor":6},{"not_picked":["Underhanded Strike","Deadly Poison"],"picked":"Blur","floor":7},{"not_picked":["Grand Finale","Crippling Poison","Prepared"],"picked":"SKIP","floor":10},{"not_picked":["Acrobatics","Slice","Setup"],"picked":"SKIP","floor":12},{"not_picked":["Underhanded Strike","Dagger Spray"],"picked":"Dagger Throw","floor":13},{"not_picked":["Phantasmal Killer","Wraith Form v2"],"picked":"After Image","floor":16},{"not_picked":["Outmaneuver","Underhanded Strike","Deadly Poison+1"],"picked":"SKIP","floor":18},{"not_picked":["Quick Slash","Leg Sweep","Reflex+1"],"picked":"SKIP","floor":19},{"not_picked":["Bane","Outmaneuver+1"],"picked":"PiercingWail","floor":21},{"not_picked":["Unload","Noxious Fumes"],"picked":"Distraction+1","floor":24},{"not_picked":["Endless Agony","Bane"],"picked":"Blade Dance","floor":25}],"player_experience":238404,"relics_obtained":[{"floor":6,"key":"Bag of Marbles"},{"floor":8,"key":"Odd Mushroom"},{"floor":9,"key":"Happy Flower"},{"floor":10,"key":"Ornamental Fan"},{"floor":13,"key":"Lizard Tail"},{"floor":14,"key":"Bag of Preparation"},{"floor":24,"key":"Potion Belt"}],"event_choices":[{"damage_healed":0,"gold_gain":0,"player_choice":"Take Damage","damage_taken":17,"relics_obtained":["Golden Idol"],"max_hp_gain":0,"max_hp_loss":0,"event_name":"Golden Idol","floor":2,"gold_loss":0},{"damage_healed":0,"gold_gain":0,"cards_transformed":["Strike_G"],"player_choice":"Transformed","damage_taken":0,"max_hp_gain":0,"max_hp_loss":0,"event_name":"Transmorgrifier","floor":3,"gold_loss":0,"cards_obtained":["Quick Slash"]},{"damage_healed":0,"gold_gain":0,"player_choice":"Fought Mushrooms","damage_taken":0,"max_hp_gain":0,"max_hp_loss":0,"event_name":"Mushrooms","floor":8,"gold_loss":0},{"damage_healed":0,"gold_gain":0,"player_choice":"Simplicity","damage_taken":0,"max_hp_gain":0,"max_hp_loss":0,"event_name":"Back to Basics","floor":22,"gold_loss":0,"cards_upgraded":["Strike_G","Strike_G","Strike_G","Strike_G","Defend_G","Defend_G","Defend_G","Defend_G","Defend_G"]}],"is_beta":false,"boss_relics":[{"not_picked":["Runic Pyramid","Sozu"],"picked":"Coffee Dripper"}],"items_purged_floors":[],"is_endless":false,"potions_floor_spawned":[5,7,8,13,18,24],"killed_by":"Snake Plant","ascension_level":6}}