{"host":"cmyud3of70k6t1eo","time":1613879991,"event":{"mods":["BaseMod","Conspire","Downfall","Infinite Spire","Minty Spire (QoL Compilation)","Morshu Shopkeeper","Morshu Shopkeeper - ENHANCED","Quick Restart","StSLib","The Blue Laboratory","UnlockEverythingMod","Wide Potions"],"gold_per_floor":[116,108,126,4,4,4,4,4],"floor_reached":6,"language":"ENG","playtime":328,"items_purged":[],"score":34,"play_id":"21784c5d-aade-4372-8fee-51cad955b7b1","local_time":"20210220225951","is_ascension_mode":false,"campfire_choices":[],"circlet_count":0,"master_deck":["hexamod:Strike","hexamod:Strike","hexamod:Strike","hexamod:Strike","hexamod:Defend","hexamod:Defend","hexamod:Defend","hexamod:Defend","hexamod:Sear","hexamod:Float","hexamod:FourthSeal","hexamod:ThirdSeal","hexamod:SecondSeal","hexamod:FirstSeal","hexamod:StepThrough","hexamod:GhostflameBarrier","hexamod:EmpoweredFlame","hexamod:Firestarter"],"relics":["hexamod:SpiritBrand","infinitespire:Satchel"],"acts_visited":["Exordium"],"potions_floor_usage":[],"damage_taken":[{"damage":8,"enemies":"Jaw Worm","floor":1,"turns":4},{"damage":16,"enemies":"2 Louse","floor":3,"turns":6},{"damage":57,"enemies":"Gremlin Nob","floor":6,"turns":6}],"seed_played":"2361319749102327351","potions_obtained":[{"floor":1,"key":"sneckomod:MuddlingPotion"},{"floor":3,"key":"blueLaboratory:StoneskinPotion"}],"is_trial":false,"path_per_floor":["M","?","M","$","?","E"],"character_chosen":"THE_SPIRIT","items_purchased":["hexamod:EmpoweredFlame","hexamod:Firestarter"],"campfire_rested":0,"item_purchase_floors":[4,4],"current_hp_per_floor":[62,55,46,46,46,0,0,0],"gold":4,"neow_bonus":"RANDOM_COMMON_RELIC","is_daily":false,"chose_seed":false,"campfire_upgraded":0,"win_rate":0.0,"timestamp":1613879991,"path_taken":["M","?","M","$","?","E"],"items_purchased_type":["Card","Card"],"build_version":"2020-12-22","purchased_purges":0,"victory":false,"max_hp_per_floor":[70,70,70,70,70,70,70,70],"card_choices":[{"not_picked":["hexamod:BacktrackSmack","hexamod:NightmareGuise"],"picked":"hexamod:NightmareStrike","floor":1},{"not_picked":["hexamod:Rewind","hexamod:SpectersWail"],"picked":"hexamod:StepThrough","floor":3},{"not_picked":["hexamod:NecessarySacrifice","hexamod:HeatMetal"],"picked":"hexamod:GhostflameBarrier","floor":3}],"player_experience":137757,"relics_obtained":[],"event_choices":[{"damage_healed":0,"gold_gain":0,"player_choice":"Ignored","damage_taken":0,"max_hp_gain":0,"max_hp_loss":0,"event_name":"Golden Wing","floor":5,"gold_loss":0}],"is_beta":false,"boss_relics":[],"items_purged_floors":[],"is_endless":false,"potions_floor_spawned":[1],"killed_by":"Gremlin Nob","ascension_level":0}}