{"host":"7kbs9tkabmhxmc03","time":1613905997,"event":{"mods":["A Magickal Journey","Bartender","BaseMod","BetterRewards","CatGirl Mod","Conspire","Friendly Minions","GifTheSpireLib","Hermit","Hubris","Jedi Mod","Koishi","LagranYue(???·?)","Marisa????????","Minty Spire (QoL Compilation)","Prisma Mod","Railgun Mod","Remilia??????","Replay The Spire","Shapeshifter Mod","StSLib","Td1madao Mod","The Animator","The Blackbeard","The Bladedancer","The Bug Knight","The Construct","The Cursed","The Death Knight","The Disciple","The Dragon Tamer","The Druid","The Gatherer","The Hierophant","The Marked","The Mystic","The Necromancer","The Poker Player","The Runesmith","The Senshi","The Servant 0.9.4","The Vixen","TheBandit","TheFirefly","TheSwordswoman","Waifu the Spire","Yuri Mod"],"gold_per_floor":[119,194,214,214,214,10328,10359,10359,10383,10420,9184,9235,9261,8067,8067,8191,8191,8209,7125,7141,7141,7180,7238,7301,7357,7383,7383,7400,7400,7440,7502,7502,7657,7657,7677,7637,6521,6563,6573,6589,6625,6625,6625,5375,5375,5390,5475,5514,5514,5539,5539],"floor_reached":50,"language":"ENG","playtime":7939,"items_purged":[],"score":726,"play_id":"813118e1-eb1b-4763-bf1d-585eb01df2c0","local_time":"20210221121317","is_ascension_mode":false,"campfire_choices":[{"floor":8,"key":"REST"},{"data":"conspire:Banana","floor":15,"key":"SMITH"},{"floor":27,"key":"RECALL"},{"data":"PrismaMod:MiyuUberAttack","floor":29,"key":"SMITH"},{"data":"PrismaMod:MiyuEvokeAllAttack","floor":42,"key":"SMITH"},{"data":"PrismaMod:MiyuCheapPlate","floor":45,"key":"SMITH"},{"data":"PrismaMod:MiyuCarnivalAttack","floor":49,"key":"SMITH"}],"circlet_count":0,"master_deck":["PrismaMod:MiyuCommonDefend","PrismaMod:MiyuCommonDefend","PrismaMod:MiyuCommonDefend","PrismaMod:MiyuCommonDefend","PrismaMod:MiyuCommonDefend","PrismaMod:MiyuCommonAttack","PrismaMod:MiyuCommonAttack","PrismaMod:MiyuCommonAttack","PrismaMod:MiyuCommonAttack","PrismaMod:MiyuCommonAttack","PrismaMod:MiyuCheapChannelAttack","PrismaMod:MiyuCheapChannelDefend","PrismaMod:MiyuCheapAttack2","PrismaMod:MiyuCheapChannelHeal","PrismaMod:MiyuUberAttack","PrismaMod:MiyuEvokeAll","PrismaMod:MiyuEvokeAllAttack+1","conspire:Banana+1","Panache+1","PrismaMod:MiyuEvokeBuffStr","PrismaMod:MiyuCheapPlate+1","PrismaMod:MiyuCheapChannelWeak","PrismaMod:MiyuUncommonAOEAttack","PrismaMod:MiyuUberAOEAttack+1","PrismaMod:MiyuChannelAttackEvoke+1","PrismaMod:MiyuDefenseRemoval","PrismaMod:MiyuEvokeBuffStr","PrismaMod:MiyuCheapPlate+1","Violence","Madness+1","PrismaMod:MiyuUncommonAttack","PrismaMod:MiyuDevil","Secret Technique","PanicButton","PrismaMod:MiyuUncommonDexBuff","PrismaMod:MiyuMaid","PrismaMod:MiyuCheapChannelHeal","PrismaMod:MiyuAttackChannelWeak","PrismaMod:MiyuUncommonAOEAttack","PrismaMod:MiyuBride+1","PrismaMod:MiyuCheapAttack1","PrismaMod:MiyuCheapChannelVul","PrismaMod:MiyuCheapDexBuff","PrismaMod:MiyuCheapDexBuff","Transmutation","hubris:Ssssneak","PrismaMod:MiyuUncommonAOEAttack","PrismaMod:MiyuDevil","PrismaMod:MiyuCheapChannelAttack","PrismaMod:MiyuDefenseExplosion","PrismaMod:MiyuCheapChannelHeal+1","PrismaMod:MiyuUberAttack+1","PrismaMod:MiyuEvokeBuffDex","PrismaMod:MiyuAttackChannelVul+1","PrismaMod:MiyuAttackChannelAttack","PrismaMod:MiyuCheapChannelRandom","PrismaMod:MiyuUberAttack","PrismaMod:MiyuEvokeAllDefend","PrismaMod:MiyuCheapAttack1+1","PrismaMod:MiyuCheapPlate","PrismaMod:MiyuCheapPlate","PrismaMod:MiyuCheapChannelVul","PrismaMod:MiyuAttackChannelWeak","PrismaMod:MiyuCarnivalAttack","PrismaMod:MiyuCheapChannelAttack","Bandage Up","Chrysalis","PrismaMod:MiyuUncommonDexBuff","PrismaMod:MiyuCheapDexBuff","PrismaMod:MiyuDefenseExplosion+1","PrismaMod:MiyuCheapEvoke+1","PrismaMod:MiyuCarnivalAttack+1","PrismaMod:MiyuCommonAOEAttack","PrismaMod:MiyuEvokeBuffStr","PrismaMod:MiyuEvokeBuffDex","PrismaMod:MiyuUncommonDexBuff","The Bomb","jedi:forcepull","Accruing","Magicka:CleanseCard","DeathKnight:BoneSpear"],"relics":["PrismaMod:PrismaSapphire","LagranYue:RandomDrawCardRelic","Ancient Tea Set","Replay:Accelerometer","HandDrill","jedi:HeartOfTheCards","Pen Nib","Anchor","Lee\u0027s Waffle","Replay:Bottled Flurry","MawBank","Guide Book","Onion Ring","Darkstone Periapt","Busted Crown","Snack Pack","Sling","Coffee Dripper","Nunchaku","hubris:Teleporter","construct:ClawGrip","Replay:WaspNest","War Paint","conspire:TreasureMap","jedi:archwizardhat","InkBottle","Unceasing Top","PrismaticShard","ReplayTheSpireMod:TigerMarble"],"acts_visited":["Exordium","TheCity","TheBeyond"],"potions_floor_usage":[7,7,16,16,25,30,33,33,40,46,48,50,50],"damage_taken":[{"damage":0,"enemies":"2 Louse","floor":1,"turns":4},{"damage":10,"enemies":"conspire:RoseBush","floor":3,"turns":3},{"damage":8,"enemies":"conspire:RoseBush","floor":5,"turns":9},{"damage":43,"enemies":"Replay:BlueRogue","floor":7,"turns":6},{"damage":8,"enemies":"Jaw Worm","floor":10,"turns":2},{"damage":2,"enemies":"Gremlin Nob","floor":12,"turns":4},{"damage":0,"enemies":"3 Louse","floor":13,"turns":2},{"damage":48,"enemies":"The Guardian","floor":16,"turns":8},{"damage":10,"enemies":"Spheric Guardian","floor":18,"turns":3},{"damage":0,"enemies":"Chosen","floor":20,"turns":4},{"damage":28,"enemies":"conspire:HollyBat","floor":22,"turns":9},{"damage":54,"enemies":"conspire:SneckoGhost","floor":23,"turns":4},{"damage":16,"enemies":"Cultist and Chosen","floor":24,"turns":6},{"damage":22,"enemies":"Slavers","floor":25,"turns":5},{"damage":0,"enemies":"Snake Plant","floor":28,"turns":1},{"damage":4,"enemies":"conspire:HollyBat","floor":30,"turns":8},{"damage":7,"enemies":"Centurion and Healer","floor":31,"turns":4},{"damage":35,"enemies":"Pondfish","floor":33,"turns":8},{"damage":13,"enemies":"Orb Walker","floor":35,"turns":3},{"damage":11,"enemies":"3 Darklings","floor":38,"turns":6},{"damage":36,"enemies":"Sphere and 2 Shapes","floor":39,"turns":4},{"damage":46,"enemies":"Spire Growth","floor":40,"turns":6},{"damage":5,"enemies":"Transient","floor":41,"turns":5},{"damage":7,"enemies":"4 Shapes","floor":46,"turns":2},{"damage":12,"enemies":"Giant Head","floor":47,"turns":5},{"damage":0,"enemies":"Jaw Worm Horde","floor":48,"turns":2},{"damage":65,"enemies":"Awakened One","floor":50,"turns":5}],"seed_played":"-4793633949060810459","potions_obtained":[{"floor":3,"key":"GamblersBrew"},{"floor":10,"key":"PowerPotion"},{"floor":20,"key":"Energy Potion"},{"floor":22,"key":"Explosive Potion"},{"floor":28,"key":"PowerPotion"},{"floor":30,"key":"Milkshake"},{"floor":32,"key":"SteroidPotion"},{"floor":33,"key":"SteroidPotion"},{"floor":40,"key":"Explosive Potion"},{"floor":46,"key":"Languid Potion"}],"is_trial":false,"path_per_floor":["M","?","M","?","?","$","E","R","T","M","$","E","M","$","R","B",null,"M","$","M","?","M","E","M","E","T","R","M","R","M","M","R","B",null,"M","?","$","M","M","M","M","R","T","$","R","M","E","M","R","B"],"character_chosen":"MIYU","items_purchased":["PrismaMod:MiyuUberAttack","PrismaMod:MiyuEvokeAll","Ancient Tea Set","Replay:Accelerometer","HandDrill","AttackPotion","SkillPotion","PrismaMod:MiyuEvokeAllAttack","conspire:Banana","Panache","PrismaMod:MiyuEvokeBuffStr","PrismaMod:MiyuCheapPlate","PrismaMod:MiyuUberAOEAttack+1","PrismaMod:MiyuChannelAttackEvoke","PrismaMod:MiyuDefenseRemoval","PrismaMod:MiyuEvokeBuffStr","PrismaMod:MiyuCheapPlate","Anchor","Lee\u0027s Waffle","Replay:Bottled Flurry","Violence","Madness","ColorlessPotion","Guide Book","Secret Technique","PanicButton","PrismaMod:MiyuUncommonDexBuff","PrismaMod:MiyuMaid","PrismaMod:MiyuCheapChannelHeal","PrismaMod:MiyuAttackChannelWeak","PrismaMod:MiyuUncommonAOEAttack","Onion Ring","Darkstone Periapt","Energy Potion","Swift Potion","PrismaMod:MiyuCheapChannelVul","PrismaMod:MiyuCheapDexBuff","Transmutation","hubris:Ssssneak","Snack Pack","Sling","PrismaMod:MiyuUncommonAOEAttack","PrismaMod:MiyuDevil","PrismaMod:MiyuCheapChannelAttack","PrismaMod:MiyuCheapPlate","PrismaMod:MiyuCheapChannelVul","PrismaMod:MiyuAttackChannelWeak","PrismaMod:MiyuCarnivalAttack","PrismaMod:MiyuCheapChannelAttack","Bandage Up","Chrysalis","Replay:WaspNest","War Paint","conspire:TreasureMap","PrismaMod:MiyuCarnivalAttack","PrismaMod:MiyuCommonAOEAttack","PrismaMod:MiyuEvokeBuffStr","PrismaMod:MiyuEvokeBuffDex","PrismaMod:MiyuUncommonDexBuff","The Bomb","jedi:forcepull","InkBottle","Unceasing Top","PrismaticShard","Strength Potion"],"campfire_rested":1,"item_purchase_floors":[6,6,6,6,6,6,6,6,6,6,6,6,11,11,11,11,11,11,11,11,11,11,11,14,14,14,14,14,14,14,14,14,14,19,19,19,19,19,19,19,19,19,19,19,37,37,37,37,37,37,37,37,37,37,44,44,44,44,44,44,44,44,44,44,44],"current_hp_per_floor":[82,71,61,61,58,58,25,49,49,47,91,90,90,90,90,48,94,86,86,88,72,63,13,25,13,13,13,23,23,37,36,36,43,82,71,71,71,73,52,21,30,30,30,30,30,23,26,38,38,0,0],"gold":5539,"neow_bonus":"TEN_PERCENT_HP_BONUS","is_daily":false,"chose_seed":false,"campfire_upgraded":5,"win_rate":0.0,"timestamp":1613905997,"path_taken":["M","?","M","?","?","$","E","R","T","M","$","E","?","$","R","BOSS","M","$","M","?","M","E","M","E","T","R","M","R","M","?","R","BOSS","M","?","$","?","M","M","M","R","T","?","R","?","E","M","R","BOSS"],"items_purchased_type":["Card","Card","Relic","Relic","Relic","Potion","Potion","Card","Card","Card","Card","Card","Card","Card","Card","Card","Card","Relic","Relic","Relic","Card","Card","Potion","Relic","Card","Card","Card","Card","Card","Card","Card","Relic","Relic","Potion","Potion","Card","Card","Card","Card","Relic","Relic","Card","Card","Card","Card","Card","Card","Card","Card","Card","Card","Relic","Relic","Relic","Card","Card","Card","Card","Card","Card","Card","Relic","Relic","Relic","Potion"],"build_version":"2020-12-22","purchased_purges":0,"victory":false,"max_hp_per_floor":[82,82,82,82,82,82,83,83,83,84,91,92,92,92,92,94,94,96,96,96,72,74,74,76,78,78,78,78,78,80,80,80,82,82,82,82,82,84,84,86,88,88,88,88,88,88,90,90,90,90,90],"card_choices":[{"not_picked":["PrismaMod:MiyuCheapStrBuff","PrismaMod:MiyuCheapChannelHeal"],"picked":"PrismaMod:MiyuCheapAttack2","floor":1},{"not_picked":["PrismaMod:MiyuCheapDexBuff","PrismaMod:MiyuUberAOEAttack"],"picked":"PrismaMod:MiyuCheapChannelHeal","floor":3},{"not_picked":["PrismaMod:MiyuUberAOEAttack","PrismaMod:MiyuCheapStrBuff"],"picked":"PrismaMod:MiyuCheapChannelWeak","floor":7},{"not_picked":["PrismaMod:MiyuDefenseExplosion","PrismaMod:MiyuUberAttack"],"picked":"PrismaMod:MiyuUncommonAOEAttack","floor":10},{"not_picked":["PrismaMod:MiyuUncommonPlate","PrismaMod:MiyuUberDefend"],"picked":"PrismaMod:MiyuUncommonAttack","floor":12},{"not_picked":["PrismaMod:MiyuUncommonAttack","PrismaMod:MiyuChristmas"],"picked":"PrismaMod:MiyuDevil","floor":13},{"not_picked":["PrismaMod:MiyuChannelAttackEvoke","PrismaMod:MiyuChannelDefendEvoke"],"picked":"PrismaMod:MiyuBride","floor":16},{"not_picked":[],"picked":"PrismaMod:MiyuCheapAttack1","floor":18},{"not_picked":[],"picked":"PrismaMod:MiyuDefenseExplosion","floor":20},{"not_picked":[],"picked":"PrismaMod:MiyuCheapChannelHeal+1","floor":22},{"not_picked":[],"picked":"PrismaMod:MiyuUberAttack","floor":23},{"not_picked":[],"picked":"PrismaMod:MiyuEvokeBuffDex","floor":24},{"not_picked":[],"picked":"PrismaMod:MiyuAttackChannelVul+1","floor":25},{"not_picked":[],"picked":"PrismaMod:MiyuAttackChannelAttack","floor":28},{"not_picked":[],"picked":"PrismaMod:MiyuCheapChannelRandom","floor":30},{"not_picked":[],"picked":"PrismaMod:MiyuUberAttack","floor":31},{"not_picked":[],"picked":"PrismaMod:MiyuEvokeAllDefend","floor":33},{"not_picked":[],"picked":"PrismaMod:MiyuCheapAttack1+1","floor":35},{"not_picked":[],"picked":"PrismaMod:MiyuUncommonDexBuff","floor":38},{"not_picked":[],"picked":"PrismaMod:MiyuCheapDexBuff","floor":39},{"not_picked":[],"picked":"PrismaMod:MiyuDefenseExplosion+1","floor":40},{"not_picked":[],"picked":"PrismaMod:MiyuCheapEvoke+1","floor":41},{"not_picked":[],"picked":"Accruing","floor":46},{"not_picked":[],"picked":"Magicka:CleanseCard","floor":47},{"not_picked":[],"picked":"DeathKnight:BoneSpear","floor":48}],"player_experience":58665,"relics_obtained":[{"floor":7,"key":"jedi:HeartOfTheCards"},{"floor":9,"key":"Pen Nib"},{"floor":12,"key":"MawBank"},{"floor":23,"key":"Nunchaku"},{"floor":25,"key":"hubris:Teleporter"},{"floor":43,"key":"jedi:archwizardhat"},{"floor":47,"key":"ReplayTheSpireMod:TigerMarble"}],"event_choices":[{"damage_healed":0,"gold_gain":75,"player_choice":"Gather Gold","damage_taken":11,"max_hp_gain":0,"max_hp_loss":0,"event_name":"World of Goop","floor":2,"gold_loss":0},{"damage_healed":0,"gold_gain":0,"player_choice":"Disagree","damage_taken":0,"max_hp_gain":0,"max_hp_loss":0,"event_name":"conspire:LoneGhost","floor":4,"gold_loss":0},{"damage_healed":0,"gold_gain":0,"player_choice":"Got Potions","damage_taken":0,"max_hp_gain":0,"max_hp_loss":0,"event_name":"Lab","floor":32,"gold_loss":0},{"damage_healed":0,"gold_gain":0,"player_choice":"Upgrade","damage_taken":0,"max_hp_gain":0,"max_hp_loss":0,"event_name":"Designer","floor":36,"gold_loss":40,"cards_upgraded":["PrismaMod:MiyuCheapPlate"]}],"is_beta":false,"boss_relics":[{"not_picked":["Ectoplasm","hubris:TerracottaHorce"],"picked":"Busted Crown"},{"not_picked":["Black Star","Runic Dome"],"picked":"construct:ClawGrip"}],"items_purged_floors":[],"is_endless":false,"potions_floor_spawned":[3,10,20,22,23,28,30,33,40,46],"killed_by":"Awakened One","ascension_level":0}}