{"host":"8ps3pfk2b2drr3ex","time":1613943106,"event":{"mods":["2.2 Compatiblity","AchievementEnabler","Act Like it!","BaseMod","Bestiary","Better Match","BetterRewards","Colored Map","Colored Powertips","Conspire","Downfall","Evolution","Gensokyo","GifTheSpireLib","Gold Saver","Hallownest","Hubris","Minty Spire (QoL Compilation)","Permanent Neow","Relic Filter","Replay The Spire","Shop Mod","StSLib","Stuff the Spire","The Bug Knight"],"gold_per_floor":[99,117,135,135,146,146,146,146,170,170,183,214,230,230,241,267,286,396,396,296,324,324,349,282,296,350,350,388,388,414,418,418,418],"floor_reached":31,"language":"ENG","playtime":2906,"items_purged":["hexamod:Strike"],"score":307,"play_id":"ab5b1b13-17ee-4d4c-b9f2-bc39d3562675","local_time":"20210221163146","is_ascension_mode":true,"campfire_choices":[{"data":"hexamod:SuperheatedStrike","floor":1,"key":"SMITH"},{"data":"hexamod:Float","floor":6,"key":"SMITH"},{"data":"hexamod:HeatMetal","floor":10,"key":"SMITH"},{"data":"hexamod:SearingWound","floor":20,"key":"SMITH"},{"floor":27,"key":"REST"},{"data":"hexamod:GhostOfSpirePast","floor":29,"key":"SMITH"}],"circlet_count":0,"master_deck":["hexamod:BacktrackSmack+1","hexamod:Strike+1","hexamod:Strike+1","hexamod:Defend+1","hexamod:Defend","hexamod:Defend","hexamod:Sear+1","hexamod:Float+1","hexamod:SuperheatedStrike+1","hexamod:HeatMetal+1","hexamod:ThirdSeal","hexamod:ThermalTransfer+1","hexamod:Rewind+1","StuffTheSpire:CelestialWarden+1","hexamod:SoulSteal","hexamod:FifthSeal","hexamod:GhostOfSpirePresent+1","hexamod:SixthSeal","hexamod:GhostShield","hexamod:SpectersWail","hexamod:RecurringNightmare","hexamod:SearingWound+1","hexamod:TurnItUp","hexamod:GhostflameBarrier","hexamod:FlamesFromBeyond","hexamod:FirstSeal","hexamod:SpectralSpark","hexamod:GhostOfSpirePast+1","hexamod:FirstSeal","hexamod:PhantomCloak+1","hexamod:SixthSeal","hexamod:ForkedFlame"],"relics":["hexamod:SpiritBrand","EVO:Axolotl","The Courier","bronze:BronzeIdol","Replay:Bandana","conspire:SeveredTorchhead","downfall:HeartBlessingGreen","Bag of Marbles","CaptainsWheel"],"acts_visited":["Exordium","TheCity"],"potions_floor_usage":[18,30,31],"damage_taken":[{"damage":0,"enemies":"Cultist","floor":2,"turns":3},{"damage":1,"enemies":"Jaw Worm","floor":3,"turns":2},{"damage":0,"enemies":"Small Slimes","floor":5,"turns":2},{"damage":5,"enemies":"conspire:2 RoseBushes","floor":11,"turns":3},{"damage":21,"enemies":"Lagavulin","floor":12,"turns":6},{"damage":0,"enemies":"downfall:LooterAlt","floor":13,"turns":2},{"damage":0,"enemies":"Gremlin Gang","floor":15,"turns":3},{"damage":0,"enemies":"3 Sentries","floor":16,"turns":7},{"damage":2,"enemies":"Exordium Thugs","floor":17,"turns":4},{"damage":7,"enemies":"IC_STATUS_ARCHETYPE","floor":18,"turns":8},{"damage":26,"enemies":"downfall:LooterAlt2","floor":21,"turns":6},{"damage":8,"enemies":"Centurion and Healer","floor":23,"turns":4},{"damage":5,"enemies":"downfall:FleeingMerchant","floor":24,"turns":4},{"damage":19,"enemies":"Snecko","floor":25,"turns":5},{"damage":16,"enemies":"conspire:SneckoGhost","floor":28,"turns":8},{"damage":38,"enemies":"3 Cultists","floor":30,"turns":6},{"damage":25,"enemies":"Slavers","floor":31,"turns":2}],"seed_played":"-4342676140558835463","potions_obtained":[{"floor":11,"key":"Adrenaline Potion"},{"floor":12,"key":"BlessingOfTheForge"},{"floor":13,"key":"SteroidPotion"},{"floor":25,"key":"Swift Potion"},{"floor":30,"key":"Explosive Potion"}],"is_trial":false,"path_per_floor":["R","M","M","T","M","R","PTL","PTL","T","R","M","E","M","?","M","E","M","B",null,"R","M","?","M","$","M","T","R","E","R","M","E"],"character_chosen":"THE_SPIRIT","items_purchased":[],"campfire_rested":1,"item_purchase_floors":[],"current_hp_per_floor":[70,70,69,69,69,69,69,69,69,69,64,43,43,43,43,43,41,34,70,70,44,44,36,38,26,26,47,45,45,21,0,0,0],"gold":418,"neow_bonus":"TRANSFORM_CARD","is_daily":false,"chose_seed":false,"campfire_upgraded":5,"win_rate":0.0,"timestamp":1613943106,"path_taken":["R","M","M","?","?","R","PTL","PTL","T","R","M","E","M","?","M","E","M","BOSS","R","M","?","M","$","?","T","R","E","R","M","E"],"items_purchased_type":[],"build_version":"2020-12-22","purchased_purges":1,"victory":false,"max_hp_per_floor":[70,70,70,70,70,70,70,70,70,70,70,70,70,70,70,70,70,70,70,70,70,70,70,70,70,70,70,70,70,70,70,70,70],"card_choices":[{"not_picked":["hexamod:Hexaguard","hexamod:FastForward"],"picked":"hexamod:HeatMetal","floor":2},{"not_picked":["hexamod:GhostShield","hexamod:DynamicBlow","hexamod:GhostOfSpirePast"],"picked":"SKIP","floor":3},{"not_picked":["hexamod:NecessarySacrifice","hexamod:ExtraCrispy"],"picked":"hexamod:ThirdSeal","floor":5},{"not_picked":["hexamod:PhantomCloak","hexamod:RainOfEmbers"],"picked":"hexamod:ThermalTransfer","floor":11},{"not_picked":["hexamod:BurningTouch","hexamod:GhostShield","hexamod:Hexaguard"],"picked":"SKIP","floor":11},{"not_picked":["hexamod:BurningTouch","hexamod:GhostShield","hexamod:Hexaguard"],"picked":"SKIP","floor":11},{"not_picked":["hexamod:HeatMetal","hexamod:SwordOfDarkness","hexamod:BacktrackSmack"],"picked":"SKIP","floor":12},{"not_picked":["hexamod:BacktrackSmack","hexamod:Toasty","hexamod:Firestarter"],"picked":"SKIP","floor":12},{"not_picked":["hexamod:RetreatToShadows","hexamod:EtherealExpedition"],"picked":"hexamod:Rewind","floor":13},{"not_picked":["hexamod:HauntingEcho","hexamod:FlamesFromBeyond","hexamod:FastForward"],"picked":"SKIP","floor":13},{"not_picked":["StuffTheSpire:Perfection","StuffTheSpire:Harmony"],"picked":"StuffTheSpire:CelestialWarden","floor":14},{"not_picked":["hexamod:GhostOfSpireFuture","hexamod:SpectersWail"],"picked":"hexamod:SoulSteal","floor":15},{"not_picked":["hexamod:ThermalTransfer","hexamod:DynamicBlow"],"picked":"hexamod:FifthSeal","floor":15},{"not_picked":["hexamod:FourthSeal","hexamod:BurningTouch"],"picked":"hexamod:GhostOfSpirePresent","floor":16},{"not_picked":["hexamod:FirstSeal","hexamod:SecondSeal"],"picked":"hexamod:SixthSeal","floor":16},{"not_picked":["hexamod:SwordOfDarkness","hexamod:SuperheatedStrike"],"picked":"hexamod:GhostShield","floor":16},{"not_picked":["hexamod:PhantomCloak","hexamod:Firestarter"],"picked":"hexamod:SpectersWail","floor":17},{"not_picked":["hexamod:Hexaguard","hexamod:SpectralSpark"],"picked":"hexamod:RecurringNightmare","floor":17},{"not_picked":["hexamod:FlameSwitch","hexamod:ForkedFlame"],"picked":"hexamod:SearingWound","floor":18},{"not_picked":["hexamod:UnlimitedPower","hexamod:FifthSeal"],"picked":"hexamod:TurnItUp","floor":18},{"not_picked":["hexamod:NightmareGuise","hexamod:HeatMetal+1"],"picked":"hexamod:GhostflameBarrier","floor":21},{"not_picked":["hexamod:FastForward","hexamod:Hexaguard"],"picked":"hexamod:FlamesFromBeyond","floor":21},{"not_picked":["hexamod:FourthSeal","hexamod:SixthSeal"],"picked":"hexamod:FirstSeal","floor":23},{"not_picked":["hexamod:InspiringFlames","hexamod:Incineration+1"],"picked":"hexamod:SpectralSpark","floor":23},{"not_picked":["hexamod:SpectersWail+1","hexamod:HauntingEcho","hexamod:SwordOfDarkness"],"picked":"SKIP","floor":23},{"not_picked":["hexamod:ThermalTransfer+1","hexamod:NecessarySacrifice"],"picked":"hexamod:GhostOfSpirePast","floor":24},{"not_picked":["hexamod:RetreatToShadows","hexamod:GhostLash","hexamod:HeatMetal"],"picked":"SKIP","floor":24},{"not_picked":["hexamod:FourthSeal","hexamod:SecondSeal"],"picked":"hexamod:FirstSeal","floor":25},{"not_picked":["hexamod:Firestarter","hexamod:HauntingEcho"],"picked":"hexamod:PhantomCloak","floor":25},{"not_picked":["hexamod:ThermalTransfer","hexamod:DynamicBlow"],"picked":"hexamod:SixthSeal","floor":25},{"not_picked":["hexamod:GhostflameBarrier","hexamod:Haunt"],"picked":"hexamod:ForkedFlame","floor":28},{"not_picked":["hexamod:BacktrackSmack","hexamod:Firestarter","hexamod:SpectersWail"],"picked":"SKIP","floor":28},{"not_picked":["hexamod:SuperheatedStrike","hexamod:GhostShield+1","hexamod:CatchUp"],"picked":"SKIP","floor":30},{"not_picked":["hexamod:ShieldOfDarkness","hexamod:BurningTouch","hexamod:HauntingEcho"],"picked":"SKIP","floor":30}],"player_experience":1130311,"relics_obtained":[{"floor":4,"key":"The Courier"},{"floor":9,"key":"bronze:BronzeIdol"},{"floor":12,"key":"Bronze Scales"},{"floor":16,"key":"Replay:Bandana"},{"floor":26,"key":"Bag of Marbles"},{"floor":28,"key":"CaptainsWheel"}],"event_choices":[],"is_beta":false,"boss_relics":[{"not_picked":["Empty Cage","bronze:MakeshiftBattery"],"picked":"conspire:SeveredTorchhead"}],"items_purged_floors":[24],"is_endless":false,"potions_floor_spawned":[11,12,13,16,17,25,28,30],"killed_by":"Slavers","ascension_level":1}}