{"host":"ryj999m4rfm064ad","time":1613876795,"event":{"mods":["BaseMod","Colored Map","Downfall","Highlight Path","Minty Spire (QoL Compilation)","Permanent Neow","StSLib","The Servant 0.9.4","UnlockEverythingMod"],"gold_per_floor":[369,381,406,416,30,60,79,99,99,128,128,140,154,167,167,167,167],"floor_reached":16,"language":"ENG","playtime":1097,"items_purged":["Strike_R"],"score":116,"play_id":"2cc273e7-09c8-4530-a3fa-faf5d9b839d6","local_time":"20210220220635","is_ascension_mode":false,"campfire_choices":[{"data":"Body Slam","floor":11,"key":"SMITH"},{"data":"Iron Wave","floor":15,"key":"SMITH"}],"circlet_count":0,"master_deck":["Strike_R","Strike_R","Strike_R","Strike_R","Defend_R","Defend_R","Defend_R","Defend_R","Bash","Body Slam+1","Iron Wave+1","Ghostly Armor","Iron Wave","Shrug It Off"],"relics":["Burning Blood","Blood Vial","Champion Belt","Smiling Mask","MealTicket"],"acts_visited":["Exordium"],"potions_floor_usage":[7,16],"damage_taken":[{"damage":1,"enemies":"Cultist","floor":1,"turns":3},{"damage":3,"enemies":"Small Slimes","floor":2,"turns":3},{"damage":0,"enemies":"2 Louse","floor":4,"turns":3},{"damage":21,"enemies":"3 Sentries","floor":6,"turns":12},{"damage":12,"enemies":"Large Slime","floor":7,"turns":6},{"damage":0,"enemies":"2 Fungi Beasts","floor":8,"turns":5},{"damage":36,"enemies":"Gremlin Nob","floor":10,"turns":6},{"damage":3,"enemies":"Red Slaver","floor":12,"turns":3},{"damage":0,"enemies":"3 Louse","floor":13,"turns":4},{"damage":3,"enemies":"2 Fungi Beasts","floor":14,"turns":4},{"damage":60,"enemies":"The Guardian","floor":16,"turns":17}],"seed_played":"5009399397026662474","potions_obtained":[{"floor":4,"key":"Swift Potion"},{"floor":6,"key":"Fire Potion"},{"floor":8,"key":"ElixirPotion"},{"floor":13,"key":"ColorlessPotion"},{"floor":14,"key":"hexamod:SoulburnPotion"}],"is_trial":false,"path_per_floor":["M","M","T","M","$","E","M","M","T","E","R","M","M","M","R","B"],"character_chosen":"IRONCLAD","items_purchased":["Champion Belt"],"campfire_rested":0,"item_purchase_floors":[5],"current_hp_per_floor":[72,72,72,72,72,57,53,61,61,33,33,38,46,51,51,0,0],"gold":167,"neow_bonus":"TWO_FIFTY_GOLD","is_daily":false,"chose_seed":false,"campfire_upgraded":2,"win_rate":0.0,"timestamp":1613876795,"path_taken":["M","M","?","?","$","E","M","M","T","E","R","M","M","M","R","BOSS"],"items_purchased_type":["Relic"],"build_version":"2020-12-22","purchased_purges":1,"victory":false,"max_hp_per_floor":[72,72,72,72,72,72,72,72,72,72,72,72,72,72,72,72,72],"card_choices":[{"not_picked":["Twin Strike","Heavy Blade","Combust"],"picked":"SKIP","floor":1},{"not_picked":["Ghostly Armor","Anger"],"picked":"Body Slam","floor":2},{"not_picked":["Thunderclap","Anger"],"picked":"Iron Wave","floor":4},{"not_picked":["Evolve","Disarm","Sever Soul"],"picked":"SKIP","floor":6},{"not_picked":["Bloodletting","Anger"],"picked":"Ghostly Armor","floor":7},{"not_picked":["Heavy Blade","Second Wind","Havoc"],"picked":"SKIP","floor":8},{"not_picked":["Searing Blow","Carnage"],"picked":"Iron Wave","floor":10},{"not_picked":["Wild Strike","Cleave","Double Tap"],"picked":"SKIP","floor":12},{"not_picked":["Twin Strike","Metallicize","Cleave"],"picked":"SKIP","floor":13},{"not_picked":["Clothesline","Sever Soul"],"picked":"Shrug It Off","floor":14}],"player_experience":606240,"relics_obtained":[{"floor":3,"key":"Blood Vial"},{"floor":6,"key":"Smiling Mask"},{"floor":10,"key":"MealTicket"}],"event_choices":[],"is_beta":false,"boss_relics":[],"items_purged_floors":[5],"is_endless":false,"potions_floor_spawned":[4,6,8,13,14],"killed_by":"The Guardian","ascension_level":0}}