{"host":"v4tuy5ykrbdcm9o9","time":1613945361,"event":{"mods":["BaseMod","Duelist Mod","Minty Spire (QoL Compilation)","Replay The Spire","StSLib"],"gold_per_floor":[119,119,129,8,32,32,59,78,78,113,113,146,39,56,56,158,158,172,183,196,196,209,236,236,261,261,261,279,311,329,354,354,454,454,464,98,110,110,130,130,163,163,163,188,188,217,10,24,24,24,24],"floor_reached":50,"language":"ENG","playtime":6062,"items_purged":["Amnesia","Overencumbered"],"score":1087,"play_id":"3525b719-c5fb-4229-b471-5c48873b8128","local_time":"20210221170921","is_ascension_mode":true,"campfire_choices":[{"floor":6,"key":"RECALL"},{"floor":11,"key":"REST"},{"floor":15,"key":"REST"},{"floor":24,"key":"REST"},{"data":"Alpha","floor":40,"key":"SMITH"},{"floor":42,"key":"REST"},{"floor":49,"key":"DIG"}],"circlet_count":0,"master_deck":["AscendersBane","Defend_P","Defend_P","Defend_P","Eruption","Vigilance","Replay:BluntJabs","CrushJoints","Weave","ThirdEye","CutThroughFate","Alpha+1","Replay:ManipulateFuture","Vault","The Bomb","Evaluate","Evaluate","Swivel","Vault","CurseOfTheBell","Protect+1","FlurryOfBlows","Prostrate","Bite+1","Bite+1","Bite+1","Bite+1","Bite+1","JustLucky+1","Judgement","DevaForm+1","RitualDagger","Prostrate","Replay:DivineShield","Consecrate","DeusExMachina","theDuelist:DuelistAscender","Replay:Cycle","Replay:Cycle","Wireheading","CutThroughFate","Replay:BluntJabs+1","Wallop+1","Indignation","Vault","Wallop","SashWhip","Good Instincts+1","SandsOfTime","ThirdEye","ThirdEye","FollowUp+1"],"relics":["PureWater","Damaru","Pear","Replay:WaspNest","Blue Doll","Calling Bell","Replay:Wax Seal","TeardropLocket","Pocketwatch","Replay:Multitool","Mercury Hourglass","Iron Hammer","Replay:Bottled Snecko","Replay:Ancient Bell","MealTicket","Replay:Bottled Eggs","FossilizedHelix","Lantern","Centennial Puzzle","Quantum Egg","Regal Pillow","Bronze Scales","Gremlin Horn"],"acts_visited":["Exordium","TheCity","TheBeyond"],"potions_floor_usage":[7,16,19,20,22,29,29,29,33,35,35,39,41,48,50,50],"damage_taken":[{"damage":0,"enemies":"Cultist","floor":1,"turns":2},{"damage":2,"enemies":"2 Louse","floor":3,"turns":2},{"damage":18,"enemies":"Gremlin Nob","floor":7,"turns":4},{"damage":0,"enemies":"Jaw Worm","floor":8,"turns":3},{"damage":46,"enemies":"3 Sentries","floor":10,"turns":6},{"damage":28,"enemies":"Lagavulin","floor":12,"turns":5},{"damage":8,"enemies":"3 Louse","floor":14,"turns":3},{"damage":13,"enemies":"The Guardian","floor":16,"turns":8},{"damage":0,"enemies":"Spheric Guardian","floor":18,"turns":4},{"damage":1,"enemies":"3 Byrds","floor":19,"turns":4},{"damage":36,"enemies":"Centurion and Healer","floor":20,"turns":6},{"damage":2,"enemies":"Snecko","floor":22,"turns":5},{"damage":49,"enemies":"Slavers","floor":23,"turns":5},{"damage":0,"enemies":"theDuelist:KaibaA2","floor":25,"turns":3},{"damage":2,"enemies":"3 Cultists","floor":28,"turns":3},{"damage":16,"enemies":"Slavers","floor":29,"turns":5},{"damage":0,"enemies":"Sentry and Sphere","floor":30,"turns":3},{"damage":51,"enemies":"Collector","floor":33,"turns":8},{"damage":30,"enemies":"3 Darklings","floor":35,"turns":5},{"damage":0,"enemies":"Orb Walker","floor":37,"turns":2},{"damage":0,"enemies":"Jaw Worm Horde","floor":39,"turns":5},{"damage":72,"enemies":"Nemesis","floor":41,"turns":9},{"damage":0,"enemies":"Giant Head","floor":44,"turns":6},{"damage":3,"enemies":"Reptomancer","floor":46,"turns":7},{"damage":0,"enemies":"Spire Growth","floor":48,"turns":4},{"damage":90,"enemies":"Time Eater","floor":50,"turns":7}],"seed_played":"3669517520713230017","potions_obtained":[{"floor":3,"key":"Block Potion"},{"floor":7,"key":"Ancient Potion"},{"floor":14,"key":"BottledMiracle"},{"floor":16,"key":"BottledMiracle"},{"floor":19,"key":"Fire Potion"},{"floor":20,"key":"Adrenaline Potion"},{"floor":23,"key":"EntropicBrew"},{"floor":29,"key":"SkillPotion"},{"floor":33,"key":"SpeedPotion"},{"floor":37,"key":"EssenceOfSteel"},{"floor":41,"key":"SteroidPotion"},{"floor":44,"key":"Milkshake"},{"floor":48,"key":"SteroidPotion"}],"is_trial":false,"path_per_floor":["M","?","M","$","T","R","E","M","T","E","R","E","$","M","R","B",null,"M","M","M","?","M","E","R","E","T","?","M","E","M","T","R","B",null,"M","$","M","?","M","R","E","R","T","E","?","E","$","M","R","B"],"character_chosen":"WATCHER","items_purchased":["Weave","ThirdEye","The Bomb","Evaluate","Replay:Cycle","Wireheading","Lantern","CutThroughFate","Replay:BluntJabs+1","Good Instincts+1","SandsOfTime","ThirdEye"],"campfire_rested":4,"item_purchase_floors":[4,4,13,13,36,36,36,36,36,47,47,47],"current_hp_per_floor":[72,72,70,70,70,70,62,62,62,16,42,16,16,10,36,25,73,75,76,42,42,54,7,33,37,37,31,32,26,36,36,62,19,72,48,63,69,69,72,72,18,44,44,59,59,68,83,89,89,0,0],"gold":24,"neow_bonus":"TEN_PERCENT_HP_BONUS","is_daily":false,"chose_seed":false,"campfire_upgraded":1,"win_rate":0.0,"timestamp":1613945361,"path_taken":["M","?","M","$","?","R","E","M","T","E","R","E","$","M","R","BOSS","M","M","M","?","M","E","R","E","T","?","M","E","M","?","R","BOSS","M","$","M","?","M","R","E","R","T","E","?","E","$","M","R","BOSS"],"items_purchased_type":["Card","Card","Card","Card","Card","Card","Relic","Card","Card","Card","Card","Card"],"build_version":"2020-12-22","purchased_purges":2,"victory":false,"max_hp_per_floor":[79,79,79,79,79,79,89,89,89,89,89,89,89,89,89,89,89,89,89,89,89,89,89,89,89,89,89,89,89,89,89,89,89,89,89,89,89,89,89,89,89,89,89,89,89,89,89,89,89,89,89],"card_choices":[{"not_picked":["FlyingSleeves","LikeWater"],"picked":"Replay:BluntJabs","floor":1},{"not_picked":["Protect","SandsOfTime"],"picked":"CrushJoints","floor":3},{"not_picked":["EmptyFist","Vengeance"],"picked":"CutThroughFate","floor":7},{"not_picked":["SandsOfTime","Fasting2"],"picked":"Alpha","floor":8},{"not_picked":["WindmillStrike","Perseverance"],"picked":"Replay:ManipulateFuture","floor":10},{"not_picked":["ReachHeaven","WindmillStrike"],"picked":"Vault","floor":12},{"not_picked":["Crescendo","Replay:ManipulateFuture"],"picked":"Swivel","floor":14},{"not_picked":["LessonLearned","Omniscience"],"picked":"Vault","floor":16},{"not_picked":["WaveOfTheHand","BattleHymn"],"picked":"Protect+1","floor":18},{"not_picked":["BattleHymn","ForeignInfluence"],"picked":"FlurryOfBlows","floor":19},{"not_picked":["ReachHeaven","ClearTheMind+1"],"picked":"Prostrate","floor":20},{"not_picked":["FollowUp","EmptyBody"],"picked":"JustLucky+1","floor":22},{"not_picked":["SandsOfTime","TalkToTheHand"],"picked":"Judgement","floor":23},{"not_picked":["ReachHeaven","ClearTheMind"],"picked":"DevaForm","floor":25},{"not_picked":["EmptyBody+1","Evaluate+1"],"picked":"Prostrate","floor":28},{"not_picked":["Sanctity","FlyingSleeves+1"],"picked":"Replay:DivineShield","floor":29},{"not_picked":["PathToVictory","Adaptation"],"picked":"Consecrate","floor":30},{"not_picked":["Ragnarok","Omniscience"],"picked":"DeusExMachina","floor":33},{"not_picked":["theDuelist:VampireCurse","Replay:Hysterical Blindness"],"picked":"Amnesia","floor":34},{"not_picked":["Spreading Infection","AbeCurse"],"picked":"theDuelist:DuelistAscender","floor":34},{"not_picked":["theDuelist:VampireCurse","AbeCurse"],"picked":"Overencumbered","floor":34},{"not_picked":["Replay:BluntJabs+1","Replay:DivineShield"],"picked":"Adaptation+1","floor":35},{"not_picked":["Perseverance+1","Protect"],"picked":"Wallop+1","floor":37},{"not_picked":["Halt","MentalFortress+1"],"picked":"Indignation","floor":39},{"not_picked":["Pray","Crescendo"],"picked":"Vault","floor":41},{"not_picked":["SashWhip","FlurryOfBlows"],"picked":"Wallop","floor":44},{"not_picked":["EmptyFist+1","BowlingBash+1"],"picked":"SashWhip","floor":46},{"not_picked":["FlyingSleeves","Halt+1"],"picked":"FollowUp+1","floor":48}],"player_experience":947795,"relics_obtained":[{"floor":5,"key":"Damaru"},{"floor":7,"key":"Pear"},{"floor":9,"key":"Replay:WaspNest"},{"floor":10,"key":"Blood Vial"},{"floor":12,"key":"Blue Doll"},{"floor":17,"key":"Replay:Wax Seal"},{"floor":17,"key":"TeardropLocket"},{"floor":17,"key":"Pocketwatch"},{"floor":23,"key":"Replay:Multitool"},{"floor":25,"key":"Mercury Hourglass"},{"floor":26,"key":"Iron Hammer"},{"floor":29,"key":"Replay:Bottled Snecko"},{"floor":41,"key":"Centennial Puzzle"},{"floor":43,"key":"Quantum Egg"},{"floor":44,"key":"Regal Pillow"},{"floor":46,"key":"Bronze Scales"},{"floor":49,"key":"Gremlin Horn"}],"event_choices":[{"cards_removed":["Defend_P"],"damage_healed":0,"gold_gain":0,"player_choice":"Purged","damage_taken":0,"max_hp_gain":0,"max_hp_loss":0,"event_name":"Purifier","floor":2,"gold_loss":0},{"damage_healed":0,"gold_gain":0,"player_choice":"Became a vampire (Vial)","damage_taken":0,"max_hp_gain":0,"max_hp_loss":0,"event_name":"Vampires","floor":21,"relics_lost":["Blood Vial"],"gold_loss":0,"cards_obtained":["Bite","Bite","Bite","Bite","Bite"]},{"damage_healed":0,"gold_gain":0,"player_choice":"Joined the Cult","damage_taken":6,"max_hp_gain":0,"max_hp_loss":0,"event_name":"Nest","floor":27,"gold_loss":0,"cards_obtained":["RitualDagger"]},{"cards_removed":["Adaptation"],"damage_healed":0,"gold_gain":0,"player_choice":"Removed Power","damage_taken":0,"max_hp_gain":0,"max_hp_loss":0,"event_name":"Falling","floor":38,"gold_loss":0},{"damage_healed":0,"gold_gain":0,"player_choice":"Ignored","damage_taken":0,"max_hp_gain":0,"max_hp_loss":0,"event_name":"Tomb of Lord Red Mask","floor":45,"gold_loss":0}],"is_beta":false,"boss_relics":[{"not_picked":["Runic Dome","ChewingGum"],"picked":"Calling Bell"},{"not_picked":["Replay:Drink Me","Painkiller Herb"],"picked":"Replay:Ancient Bell"},{"not_picked":["Replay:Rubber Ducky","Replay:Baseball"],"picked":"MealTicket"},{"not_picked":["Snack Pack","Sundial"],"picked":"Replay:Bottled Eggs"},{"not_picked":["Prayer Wheel","WingedGreaves"],"picked":"FossilizedHelix"}],"items_purged_floors":[36,47],"is_endless":false,"potions_floor_spawned":[3,7,14,16,19,20,23,29,33,37,41,44,48],"killed_by":"Time Eater","ascension_level":10}}