{"host":"siu98xj5u8nq6xdu","time":1613870401,"event":{"mods":["AchievementEnabler","BaseMod","Colored Map","Colored Powertips","Minty Spire (QoL Compilation)"],"gold_per_floor":[116,116,191,207,218,218,250,250,323,355,367,367,317,57,57,130,130,140,150,170,205,120,154,154,164,213,213,245,43,43,73,73,146,146,158,209,234,252,262,290,43,43,43,56,56,278,278,332,332,332,332,332,24,58,58,58],"floor_reached":55,"language":"ENG","playtime":8797,"items_purged":["Strike_G","Defend_G"],"score":1340,"play_id":"d086aff6-7e28-418d-8143-56623d147580","local_time":"20210220202001","is_ascension_mode":true,"campfire_choices":[{"floor":6.0,"key":"REST"},{"floor":8.0,"key":"REST"},{"data":"A Thousand Cuts","floor":12.0,"key":"SMITH"},{"data":"Cloak And Dagger","floor":15.0,"key":"SMITH"},{"data":"Adrenaline","floor":24.0,"key":"SMITH"},{"data":"Accuracy","floor":27.0,"key":"SMITH"},{"floor":32.0,"key":"REST"},{"data":"Envenom","floor":42.0,"key":"SMITH"},{"data":"Noxious Fumes","floor":45.0,"key":"SMITH"},{"floor":47.0,"key":"RECALL"},{"floor":49.0,"key":"REST"},{"data":"Cloak And Dagger","floor":52.0,"key":"SMITH"}],"circlet_count":0,"master_deck":["AscendersBane","Strike_G+1","Defend_G","Defend_G","Defend_G","Survivor","Neutralize+1","Accuracy+1","A Thousand Cuts+1","Dagger Spray+1","Endless Agony+1","Cloak And Dagger+1","Riddle With Holes+1","Die Die Die+1","Endless Agony+1","Dodge and Roll+1","Outmaneuver+1","Dagger Throw+1","Eviscerate+1","Adrenaline+1","Grand Finale+1","Footwork+1","Noxious Fumes+1","Adrenaline+1","Glass Knife+1","Envenom+1","Cloak And Dagger+1","Dagger Throw+1","Underhanded Strike+1"],"relics":["SacredBark","Pen Nib","Molten Egg 2","Lantern","Lee\u0027s Waffle","Astrolabe","Red Mask","Pocketwatch","Mango","PreservedInsect","FossilizedHelix","DollysMirror","Bird Faced Urn","Busted Crown","The Specimen","Unceasing Top","Art of War","Strange Spoon","Meat on the Bone","Whetstone","Vajra","Sling","Turnip"],"acts_visited":["Exordium","TheCity","TheBeyond","TheEnding"],"potions_floor_usage":[55],"damage_taken":[{"damage":0.0,"enemies":"2 Louse","floor":1.0,"turns":4.0},{"damage":2.0,"enemies":"Jaw Worm","floor":4.0,"turns":6.0},{"damage":13.0,"enemies":"Small Slimes","floor":5.0,"turns":6.0},{"damage":28.0,"enemies":"Lagavulin","floor":7.0,"turns":9.0},{"damage":39.0,"enemies":"3 Sentries","floor":10.0,"turns":9.0},{"damage":0.0,"enemies":"2 Fungi Beasts","floor":11.0,"turns":3.0},{"damage":23.0,"enemies":"Slime Boss","floor":16.0,"turns":7.0},{"damage":0.0,"enemies":"3 Byrds","floor":18.0,"turns":3.0},{"damage":2.0,"enemies":"Chosen","floor":19.0,"turns":4.0},{"damage":12.0,"enemies":"Snake Plant","floor":20.0,"turns":3.0},{"damage":0.0,"enemies":"Masked Bandits","floor":21.0,"turns":1.0},{"damage":9.0,"enemies":"Slavers","floor":23.0,"turns":2.0},{"damage":8.0,"enemies":"Cultist and Chosen","floor":25.0,"turns":2.0},{"damage":4.0,"enemies":"Book of Stabbing","floor":28.0,"turns":2.0},{"damage":20.0,"enemies":"Gremlin Leader","floor":31.0,"turns":3.0},{"damage":40.0,"enemies":"Champ","floor":33.0,"turns":9.0},{"damage":0.0,"enemies":"Orb Walker","floor":35.0,"turns":3.0},{"damage":18.0,"enemies":"2 Orb Walkers","floor":36.0,"turns":4.0},{"damage":0.0,"enemies":"Mind Bloom Boss Battle","floor":37.0,"turns":4.0},{"damage":33.0,"enemies":"3 Darklings","floor":38.0,"turns":4.0},{"damage":16.0,"enemies":"Transient","floor":39.0,"turns":5.0},{"damage":0.0,"enemies":"Giant Head","floor":40.0,"turns":5.0},{"damage":13.0,"enemies":"Sphere and 2 Shapes","floor":44.0,"turns":4.0},{"damage":144.0,"enemies":"Awakened One","floor":50.0,"turns":8.0},{"damage":7,"enemies":"Shield and Spear","floor":54,"turns":4},{"damage":93,"enemies":"The Heart","floor":55,"turns":5}],"seed_played":"71452057699875527","potions_obtained":[{"floor":1.0,"key":"GhostInAJar"},{"floor":7.0,"key":"FairyPotion"},{"floor":11.0,"key":"Poison Potion"},{"floor":18.0,"key":"DistilledChaos"},{"floor":20.0,"key":"Strength Potion"},{"floor":31.0,"key":"FairyPotion"},{"floor":35.0,"key":"FairyPotion"},{"floor":54,"key":"LiquidBronze"}],"is_trial":false,"path_per_floor":["M","?","?","M","M","R","E","R","T","E","M","R","?","$","R","B",null,"M","M","M","?","?","E","R","M","T","R","E","$","T","E","R","B",null,"M","?","?","M","M","E","$","R","T","M","R","?","R","T","R","B",null,"R","$","E","B"],"character_chosen":"THE_SILENT","items_purchased":["Lee\u0027s Waffle","Riddle With Holes+1","DollysMirror","Poison Potion","Strange Spoon","Vajra","Sling"],"campfire_rested":4,"item_purchase_floors":[14,14,29,29,41,53,53],"current_hp_per_floor":[59,46,35,33,20,39,11,30,30,39,39,39,39,73,73,50,67,67,65,53,53,53,58,58,50,50,50,46,46,46,26,52,20,70,72,60,70,47,41,51,51,51,51,44,44,44,44,44,70,52,78,78,78,81,0,0],"gold":58,"neow_bonus":"BOSS_RELIC","is_daily":false,"chose_seed":false,"campfire_upgraded":7,"win_rate":0.0,"timestamp":1613870401,"path_taken":["M","?","?","M","M","R","E","R","T","E","M","R","?","$","R","BOSS","M","M","M","?","?","E","R","M","T","R","E","$","?","E","R","BOSS","M","?","?","M","M","E","?","R","T","?","R","?","R","?","R","BOSS","R","$","E","BOSS"],"items_purchased_type":["Relic","Card","Relic","Potion","Relic","Relic","Relic"],"build_version":"2020-12-22","purchased_purges":2,"victory":false,"max_hp_per_floor":[66,66,66,66,66,66,66,66,66,66,66,66,66,73,73,73,73,73,73,73,73,73,87,87,87,87,87,87,87,87,87,87,87,87,87,87,87,87,87,87,87,87,87,87,87,87,87,87,87,87,87,87,87,87,87,87],"card_choices":[{"not_picked":["Dagger Throw","Dodge and Roll"],"picked":"Accuracy","floor":1.0},{"not_picked":["Quick Slash","PiercingWail"],"picked":"A Thousand Cuts","floor":4.0},{"not_picked":["All Out Attack","Dodge and Roll"],"picked":"Dagger Spray","floor":5.0},{"not_picked":["Sucker Punch","Poisoned Stab","All Out Attack"],"picked":"SKIP","floor":7.0},{"not_picked":["Sucker Punch","Poisoned Stab","All Out Attack"],"picked":"SKIP","floor":7.0},{"not_picked":["Acrobatics","Flying Knee+1"],"picked":"Endless Agony+1","floor":10.0},{"not_picked":["Dodge and Roll","Footwork"],"picked":"Cloak And Dagger","floor":11.0},{"not_picked":["Phantasmal Killer","Doppelganger"],"picked":"Die Die Die+1","floor":16.0},{"not_picked":["PiercingWail","Choke+1"],"picked":"Dagger Throw+1","floor":18.0},{"not_picked":["Dodge and Roll","Dagger Throw+1"],"picked":"Eviscerate+1","floor":19.0},{"not_picked":["Poisoned Stab+1","Blur","Bane+1"],"picked":"SKIP","floor":20.0},{"not_picked":["Acrobatics","Deadly Poison"],"picked":"Adrenaline","floor":21.0},{"not_picked":["Skewer+1","Backflip"],"picked":"Grand Finale+1","floor":23.0},{"not_picked":["PiercingWail","Underhanded Strike+1"],"picked":"Footwork+1","floor":25.0},{"not_picked":["Sucker Punch+1","Slice+1"],"picked":"Noxious Fumes","floor":28.0},{"not_picked":["Finisher+1","Cloak And Dagger"],"picked":"Glass Knife+1","floor":31.0},{"not_picked":["Burst","Bullet Time"],"picked":"Envenom","floor":33.0},{"not_picked":["Deadly Poison"],"picked":"SKIP","floor":35.0},{"not_picked":[],"picked":"Cloak And Dagger","floor":36.0},{"not_picked":[],"picked":"Dagger Throw+1","floor":38.0},{"not_picked":["Acrobatics"],"picked":"SKIP","floor":39.0},{"not_picked":["Eviscerate+1"],"picked":"SKIP","floor":40.0},{"not_picked":["Acrobatics+1"],"picked":"SKIP","floor":44.0},{"not_picked":[],"picked":"Underhanded Strike+1","floor":54}],"player_experience":750745,"relics_obtained":[{"floor":7.0,"key":"Pen Nib"},{"floor":9.0,"key":"Molten Egg 2"},{"floor":10.0,"key":"Lantern"},{"floor":21.0,"key":"Red Mask"},{"floor":23.0,"key":"Mango"},{"floor":26.0,"key":"PreservedInsect"},{"floor":28.0,"key":"FossilizedHelix"},{"floor":31.0,"key":"Bird Faced Urn"},{"floor":36.0,"key":"The Specimen"},{"floor":37.0,"key":"Unceasing Top"},{"floor":40.0,"key":"Art of War"},{"floor":43.0,"key":"Meat on the Bone"},{"floor":48.0,"key":"Whetstone"},{"floor":54,"key":"Turnip"}],"event_choices":[{"damage_healed":0.0,"max_hp_gain":0.0,"max_hp_loss":0.0,"gold_gain":0.0,"event_name":"Shining Light","player_choice":"Entered Light","floor":2.0,"gold_loss":0.0,"damage_taken":13.0,"cards_upgraded":["Neutralize","Strike_G"]},{"damage_healed":0.0,"max_hp_gain":0.0,"max_hp_loss":0.0,"gold_gain":75.0,"event_name":"World of Goop","player_choice":"Gather Gold","floor":3.0,"gold_loss":0.0,"damage_taken":11.0},{"cards_removed":["Strike_G"],"damage_healed":0.0,"max_hp_gain":0.0,"max_hp_loss":0.0,"gold_gain":0.0,"event_name":"The Cleric","player_choice":"Card Removal","floor":13.0,"gold_loss":50.0,"damage_taken":0.0},{"damage_healed":0.0,"max_hp_gain":0.0,"max_hp_loss":0.0,"gold_gain":0.0,"event_name":"Masked Bandits","player_choice":"Fought Bandits","floor":21.0,"gold_loss":0.0,"damage_taken":0.0},{"damage_healed":0.0,"max_hp_gain":0.0,"max_hp_loss":0.0,"gold_gain":0.0,"event_name":"Addict","player_choice":"Obtained Relic","floor":22.0,"gold_loss":85.0,"damage_taken":0.0,"relics_obtained":["Pocketwatch"]},{"damage_healed":0.0,"max_hp_gain":0.0,"max_hp_loss":0.0,"gold_gain":0.0,"event_name":"Mysterious Sphere","player_choice":"Fight","floor":36.0,"gold_loss":0.0,"damage_taken":0.0},{"damage_healed":0.0,"max_hp_gain":0.0,"max_hp_loss":0.0,"gold_gain":0.0,"event_name":"MindBloom","player_choice":"Fight","floor":37.0,"gold_loss":0.0,"damage_taken":0.0},{"damage_healed":0.0,"max_hp_gain":0.0,"max_hp_loss":0.0,"gold_gain":222.0,"event_name":"Tomb of Lord Red Mask","player_choice":"Wore Mask","floor":46.0,"gold_loss":0.0,"damage_taken":0.0}],"is_beta":false,"boss_relics":[{"not_picked":["Black Star","Philosopher\u0027s Stone"],"picked":"Astrolabe"},{"not_picked":["SlaversCollar","Tiny House"],"picked":"Busted Crown"}],"items_purged_floors":[14,41],"is_endless":false,"potions_floor_spawned":[1,7,11,18,20,21,31,35,37,38,39,54],"killed_by":"The Heart","ascension_level":14}}