{"host":"6p0attdrtjqaih7v","time":1613942196,"event":{"mods":["2.2 Compatiblity","AchievementEnabler","BaseMod","Better Skull","Better Third Choice","Card Filter","Colored Powertips","Hermit","Highlight Path","Hubris","Key Reminder","Minty Spire (QoL Compilation)","Permanent Neow","Quick Restart","Random Character Button","Relic Filter","Relic Stats","Reliquary","Replay The Spire","Robot Space Explorer","StSLib","The Construct","The Gatherer","The Hayseed","The Runesmith","The Witch"],"gold_per_floor":[109,127,127,73,84,84,115,115,140,140,151,168,183,211,211,290,290,304,324,76,89,102,127,127,160,187,187,199,218,238,238,238],"floor_reached":31,"language":"ENG","playtime":1685,"items_purged":["Strike_R"],"score":682,"play_id":"92b94f4c-96cb-4f79-acd9-e7281b2cbda0","local_time":"20210221161636","is_ascension_mode":true,"campfire_choices":[{"data":"Pommel Strike","floor":6,"key":"SMITH"},{"data":"Carnage","floor":8,"key":"SMITH"},{"data":"Uppercut","floor":15,"key":"SMITH"},{"floor":24,"key":"REST"},{"floor":27,"key":"REST"}],"circlet_count":0,"master_deck":["AscendersBane","Strike_R","Strike_R","Strike_R","Defend_R","Defend_R","Defend_R","Defend_R","Bash+1","Blind","Headbutt","Pommel Strike+1","Battle Trance","Carnage+1","Shrug It Off","Disarm","Uppercut+1","Corruption","Combust","Sentinel","Dark Embrace","Feel No Pain","Feel No Pain","Flame Barrier","Ghostly Armor+1","Shrug It Off+1","Dropkick"],"relics":["Burning Blood","keyreminder:keyreminder","reliquary:RedPaperclip","Centennial Puzzle","PreservedInsect","Strawberry"],"acts_visited":["Exordium","TheCity"],"potions_floor_usage":[7,16,22,23,25,28,31],"damage_taken":[{"damage":7,"enemies":"Jaw Worm","floor":1,"turns":4},{"damage":0,"enemies":"2 Louse","floor":2,"turns":4},{"damage":0,"enemies":"Cultist","floor":5,"turns":3},{"damage":22,"enemies":"3 Sentries","floor":7,"turns":9},{"damage":0,"enemies":"2 Fungi Beasts","floor":11,"turns":2},{"damage":6,"enemies":"3 Louse","floor":12,"turns":4},{"damage":4,"enemies":"Looter","floor":13,"turns":2},{"damage":0,"enemies":"Gremlin Nob","floor":14,"turns":2},{"damage":19,"enemies":"Hexaghost","floor":16,"turns":10},{"damage":12,"enemies":"3 Byrds","floor":18,"turns":8},{"damage":17,"enemies":"Shell Parasite","floor":19,"turns":5},{"damage":35,"enemies":"Centurion and Healer","floor":21,"turns":8},{"damage":18,"enemies":"Snecko","floor":22,"turns":5},{"damage":0,"enemies":"Book of Stabbing","floor":23,"turns":5},{"damage":39,"enemies":"Gremlin Leader","floor":25,"turns":7},{"damage":10,"enemies":"Sentry and Sphere","floor":28,"turns":8},{"damage":4,"enemies":"Snake Plant","floor":29,"turns":7},{"damage":17,"enemies":"3 Cultists","floor":30,"turns":7},{"damage":26,"enemies":"Masked Bandits","floor":31,"turns":5}],"seed_played":"5090698448968572182","potions_obtained":[{"floor":1,"key":"FearPotion"},{"floor":5,"key":"Block Potion"},{"floor":12,"key":"FairyPotion"},{"floor":13,"key":"HeartOfIron"},{"floor":19,"key":"Cursed Concoction"},{"floor":22,"key":"LiquidBronze"},{"floor":25,"key":"BlessingOfTheForge"},{"floor":30,"key":"AttackPotion"}],"is_trial":false,"path_per_floor":["M","M","?","$","M","R","E","R","T","?","M","M","M","E","R","B",null,"M","M","$","M","M","E","R","E","T","R","M","M","M","?"],"character_chosen":"IRONCLAD","items_purchased":["Explosive Potion","Sentinel","Dark Embrace"],"campfire_rested":2,"item_purchase_floors":[4,20,20],"current_hp_per_floor":[67,73,73,73,75,75,59,59,59,59,65,65,67,73,73,60,71,65,54,54,25,13,19,41,8,15,39,35,37,26,0,0],"gold":238,"neow_bonus":"RANDOM_COLORLESS","is_daily":false,"chose_seed":false,"campfire_upgraded":3,"win_rate":0.0,"timestamp":1613942196,"path_taken":["M","M","?","$","M","R","E","R","T","?","M","?","M","E","R","BOSS","M","M","$","M","M","E","R","E","T","R","M","M","M","?"],"items_purchased_type":["Potion","Card","Card"],"build_version":"2020-12-22","purchased_purges":1,"victory":false,"max_hp_per_floor":[75,75,75,75,75,75,75,75,75,75,75,75,75,75,75,75,75,75,75,75,75,75,75,75,75,82,82,82,82,82,82,82],"relic_stats":{"Centennial Puzzle":[15],"counters":[19,105],"PreservedInsect":0,"obtain_stats":[{"keyreminder:keyreminder":9,"Runesmith:Nanobots":7,"Centennial Puzzle":23,"reliquary:RedPaperclip":17,"Strawberry":26,"Tiny Chest":14,"PreservedInsect":25,"Burning Blood":0},{"keyreminder:keyreminder":4,"Runesmith:Nanobots":4,"Centennial Puzzle":14,"reliquary:RedPaperclip":9,"Strawberry":15,"Tiny Chest":8,"PreservedInsect":15,"Burning Blood":0},{"keyreminder:keyreminder":20,"Runesmith:Nanobots":20,"Centennial Puzzle":71,"reliquary:RedPaperclip":40,"Strawberry":78,"Tiny Chest":30,"PreservedInsect":78,"Burning Blood":0}],"Burning Blood":104},"card_choices":[{"not_picked":["Impatience","ReplayTheSpireMod:Private Reserves"],"picked":"Blind","floor":0},{"not_picked":["Armaments","Shrug It Off"],"picked":"Headbutt","floor":1},{"not_picked":["Sever Soul","Headbutt"],"picked":"Pommel Strike","floor":2},{"not_picked":["True Grit","Clash"],"picked":"Battle Trance","floor":5},{"not_picked":["Infernal Blade","Twin Strike"],"picked":"Carnage","floor":7},{"not_picked":["Limit Break","Headbutt","Warcry"],"picked":"SKIP","floor":11},{"not_picked":["Warcry","Rampage"],"picked":"Shrug It Off","floor":12},{"not_picked":["Wild Strike","Clash"],"picked":"Disarm","floor":13},{"not_picked":["Dual Wield","Reaper"],"picked":"Uppercut","floor":14},{"not_picked":["Berserk","Demonic Infusion"],"picked":"Corruption","floor":16},{"not_picked":["Heavy Blade","Hemokinesis+1","Armaments"],"picked":"SKIP","floor":18},{"not_picked":["Sword Boomerang+1","Perfected Strike"],"picked":"Combust","floor":19},{"not_picked":["Power Through","Perfected Strike"],"picked":"Feel No Pain","floor":21},{"not_picked":["Rage","Havoc+1"],"picked":"Feel No Pain","floor":22},{"not_picked":["Intimidate","Dark Embrace"],"picked":"Flame Barrier","floor":23},{"not_picked":["Berserk","Headbutt"],"picked":"Ghostly Armor+1","floor":25},{"not_picked":["Havoc","Heavy Blade"],"picked":"Shrug It Off+1","floor":28},{"not_picked":["Replay:Undeath\u0027s Touch","Wild Strike+1","Havoc"],"picked":"SKIP","floor":29},{"not_picked":["Burning Pact","Body Slam"],"picked":"Dropkick","floor":30}],"player_experience":1233185,"relics_obtained":[{"floor":7,"key":"Runesmith:Nanobots"},{"floor":14,"key":"Tiny Chest"},{"floor":23,"key":"Centennial Puzzle"},{"floor":25,"key":"PreservedInsect"},{"floor":26,"key":"Strawberry"}],"event_choices":[{"cards_removed":["Strike_R"],"damage_healed":0,"gold_gain":0,"player_choice":"Purged","damage_taken":0,"max_hp_gain":0,"max_hp_loss":0,"event_name":"Purifier","floor":10,"gold_loss":0},{"damage_healed":0,"gold_gain":0,"player_choice":"Fought Bandits","damage_taken":0,"max_hp_gain":0,"max_hp_loss":0,"event_name":"Masked Bandits","floor":31,"gold_loss":0}],"is_beta":false,"boss_relics":[{"not_picked":["hubris:Backtick","reliquary:WritOfMandamus"],"picked":"reliquary:RedPaperclip"}],"items_purged_floors":[20],"is_endless":false,"potions_floor_spawned":[1,5,12,13,19,22,25,30],"killed_by":"Masked Bandits","ascension_level":20}}