{"host":"a4s27ghlnr83kbqz","time":1613890929,"event":{"mods":["AchievementEnabler","BaseMod","Colored Map","Minty Spire (QoL Compilation)","Permanent Neow","SuperFastMode"],"gold_per_floor":[17,33,50,125,135,135,155,165,213,213,228,3,30,50,50,125,125,139,139,39,54,54,54,54],"floor_reached":23,"language":"KOR","playtime":526,"items_purged":["Strike_G","Strike_G"],"score":328,"play_id":"c7aa1cfb-d3b2-4db0-ad81-44c56f9c1ef8","local_time":"20210221160209","is_ascension_mode":true,"campfire_choices":[{"data":"Dagger Spray","floor":6,"key":"SMITH"},{"floor":10,"key":"REST"},{"floor":15,"key":"REST"}],"circlet_count":0,"master_deck":["AscendersBane","Defend_G","Defend_G","Defend_G","Survivor","Neutralize","Blade Dance","Dagger Spray+1","Corpse Explosion","Accuracy","Bouncing Flask","PiercingWail","Footwork","A Thousand Cuts","Malaise","Adrenaline","Accuracy","Quick Slash"],"relics":["Ring of the Snake","Odd Mushroom","Omamori","Ornamental Fan","Philosopher\u0027s Stone"],"acts_visited":["Exordium","TheCity"],"potions_floor_usage":[7,13,16,23],"damage_taken":[{"damage":1,"enemies":"Jaw Worm","floor":1,"turns":4},{"damage":0,"enemies":"Small Slimes","floor":2,"turns":3},{"damage":3,"enemies":"2 Louse","floor":3,"turns":4},{"damage":7,"enemies":"Looter","floor":5,"turns":4},{"damage":0,"enemies":"The Mushroom Lair","floor":7,"turns":2},{"damage":8,"enemies":"Exordium Thugs","floor":8,"turns":3},{"damage":6,"enemies":"Blue Slaver","floor":11,"turns":4},{"damage":18,"enemies":"Gremlin Nob","floor":13,"turns":4},{"damage":12,"enemies":"Red Slaver","floor":14,"turns":5},{"damage":16,"enemies":"The Guardian","floor":16,"turns":11},{"damage":12,"enemies":"Spheric Guardian","floor":18,"turns":4},{"damage":23,"enemies":"2 Thieves","floor":21,"turns":3},{"damage":19,"enemies":"Book of Stabbing","floor":23,"turns":5}],"seed_played":"-1367052849539518632","potions_obtained":[{"floor":1,"key":"GamblersBrew"},{"floor":5,"key":"DuplicationPotion"},{"floor":11,"key":"AttackPotion"},{"floor":13,"key":"Strength Potion"},{"floor":16,"key":"EssenceOfSteel"}],"is_trial":false,"path_per_floor":["M","M","M","?","M","R","?","M","T","R","M","$","E","M","R","B",null,"M","?","$","M","?","E"],"character_chosen":"THE_SILENT","items_purchased":["A Thousand Cuts"],"campfire_rested":2,"item_purchase_floors":[12],"current_hp_per_floor":[58,58,55,44,37,37,37,29,29,48,42,42,24,12,31,15,53,41,41,41,18,18,0,0],"gold":54,"neow_bonus":"REMOVE_TWO","is_daily":false,"chose_seed":false,"campfire_upgraded":1,"win_rate":0.0,"timestamp":1613890929,"path_taken":["M","M","M","?","M","R","?","M","T","R","M","$","E","M","R","BOSS","M","?","$","M","?","E"],"items_purchased_type":["Card"],"build_version":"2020-12-22","purchased_purges":2,"victory":false,"max_hp_per_floor":[66,66,66,66,66,66,66,66,66,66,66,66,66,66,66,66,66,66,66,66,66,66,66,66],"card_choices":[{"not_picked":["Dodge and Roll","Slice"],"picked":"Blade Dance","floor":1},{"not_picked":["Expertise","Underhanded Strike"],"picked":"Dagger Spray","floor":2},{"not_picked":["Prepared","Heel Hook"],"picked":"Corpse Explosion","floor":3},{"not_picked":["PiercingWail","Deflect"],"picked":"Accuracy","floor":5},{"not_picked":["Riddle With Holes","Backflip"],"picked":"Bouncing Flask","floor":7},{"not_picked":["Dagger Throw","Quick Slash"],"picked":"PiercingWail","floor":8},{"not_picked":["Slice","Leg Sweep"],"picked":"Footwork","floor":11},{"not_picked":["Setup","Outmaneuver"],"picked":"Malaise","floor":13},{"not_picked":["Deflect","Dodge and Roll","Setup"],"picked":"SKIP","floor":14},{"not_picked":["Glass Knife","Doppelganger"],"picked":"Adrenaline","floor":16},{"not_picked":["Masterful Stab","PiercingWail","Outmaneuver"],"picked":"SKIP","floor":18},{"not_picked":["Bane","Underhanded Strike","Blade Dance"],"picked":"SKIP","floor":21}],"player_experience":1145851,"relics_obtained":[{"floor":7,"key":"Odd Mushroom"},{"floor":9,"key":"Omamori"},{"floor":13,"key":"Ornamental Fan"}],"event_choices":[{"damage_healed":0,"gold_gain":75,"player_choice":"Gather Gold","damage_taken":11,"max_hp_gain":0,"max_hp_loss":0,"event_name":"World of Goop","floor":4,"gold_loss":0},{"damage_healed":0,"gold_gain":0,"player_choice":"Fought Mushrooms","damage_taken":0,"max_hp_gain":0,"max_hp_loss":0,"event_name":"Mushrooms","floor":7,"gold_loss":0},{"damage_healed":0,"gold_gain":0,"cards_transformed":["Strike_G","Strike_G"],"player_choice":"Became Test Subject","damage_taken":0,"max_hp_gain":0,"max_hp_loss":0,"event_name":"Drug Dealer","floor":19,"gold_loss":0,"cards_obtained":["Accuracy","Quick Slash"]},{"cards_removed":["Defend_G"],"damage_healed":0,"gold_gain":0,"player_choice":"Elegance","damage_taken":0,"max_hp_gain":0,"max_hp_loss":0,"event_name":"Back to Basics","floor":22,"gold_loss":0}],"is_beta":false,"boss_relics":[{"not_picked":["SacredBark","Empty Cage"],"picked":"Philosopher\u0027s Stone"}],"items_purged_floors":[12,20],"is_endless":false,"potions_floor_spawned":[1,5,11,13,16,18,21],"killed_by":"Book of Stabbing","ascension_level":14}}