{"host":"qnk15saze0ayia2v","time":1613913714,"event":{"mods":["BaseMod","GifTheSpireLib","Koishi","Marisa????????","Minty Spire (QoL Compilation)","Replay The Spire","StSLib","The Necromancer","The Servant 0.9.4"],"gold_per_floor":[118,19,19,19,19,19,37,68,68,84,84,84,98,98,198,214,214,319,319,331,331,348,359,379,397,411,411,437,437,456,456,149,166,254,353,353,368,368,382,398,413,413,436,473,485,497,509,521,134,134,134,134],"floor_reached":53,"language":"ITA","playtime":3294,"items_purged":["Strike_B","Defend_B","Sickly"],"score":684,"play_id":"15771934-48b3-4c03-b750-60c2f08c616e","local_time":"20210221142154","is_ascension_mode":false,"campfire_choices":[{"data":"Dualcast","floor":9,"key":"SMITH"},{"data":"BasicCrystalCard","floor":14,"key":"SMITH"},{"floor":17,"key":"REST"},{"data":"Machine Learning","floor":27,"key":"SMITH"},{"data":"ReplayTheSpireMod:Calculation Training","floor":29,"key":"SMITH"},{"floor":42,"key":"REST"},{"data":"Double Energy","floor":47,"key":"SMITH"},{"data":"Loop","floor":51,"key":"SMITH"}],"circlet_count":0,"master_deck":["Strike_B+1","Defend_B+1","Defend_B","Zap+1","Dualcast+1","Lockon","Ball Lightning","Streamline+1","Double Energy+1","BasicCrystalCard+1","Chill","Machine Learning+1","Glacier","Compile Driver","Glacier+1","ReplayTheSpireMod:Calculation Training+1","Loop+1","Loop+1","Time Bomb+1","Loop+1","Pot Of Greed","Pot Of Greed","Static Discharge"],"relics":["Cracked Core","Mercury Hourglass","Thread and Needle","Calipers","Painkiller Herb","Simple Rune","Replay:Bottled Snecko","Membership Card","Juzu Bracelet","Inserter","Ring of Hypnosis","Ring of Chaos","MawBank","Replay:Wax Seal","Gambling Chip","Grinning Jar","StoneCalendar","Toolbox"],"acts_visited":["Exordium","TheCity","TheBeyond"],"potions_floor_usage":[25,40,52,52],"damage_taken":[{"damage":1,"enemies":"Cultist","floor":1,"turns":3},{"damage":1,"enemies":"Jaw Worm","floor":7,"turns":2},{"damage":14,"enemies":"Gremlin Nob","floor":8,"turns":3},{"damage":0,"enemies":"2 Louse","floor":10,"turns":1},{"damage":0,"enemies":"2 Fungi Beasts","floor":13,"turns":2},{"damage":0,"enemies":"Exordium Thugs","floor":16,"turns":2},{"damage":35,"enemies":"The Guardian","floor":18,"turns":9},{"damage":0,"enemies":"Shell Parasite","floor":20,"turns":3},{"damage":1,"enemies":"Chosen","floor":22,"turns":3},{"damage":0,"enemies":"3 Cultists","floor":23,"turns":4},{"damage":2,"enemies":"Sentry and Sphere","floor":24,"turns":5},{"damage":2,"enemies":"Cultist and Chosen","floor":25,"turns":4},{"damage":4,"enemies":"Snecko","floor":26,"turns":4},{"damage":0,"enemies":"Centurion and Healer","floor":30,"turns":5},{"damage":0,"enemies":"Cultist and Chosen","floor":33,"turns":4},{"damage":0,"enemies":"Automaton","floor":35,"turns":9},{"damage":1,"enemies":"3 Shapes","floor":37,"turns":4},{"damage":6,"enemies":"3 Darklings","floor":39,"turns":6},{"damage":11,"enemies":"Maw","floor":40,"turns":7},{"damage":16,"enemies":"Jaw Worm Horde","floor":41,"turns":4},{"damage":17,"enemies":"Donu and Deca","floor":52,"turns":6}],"seed_played":"-231316350381427415","potions_obtained":[{"floor":1,"key":"Adrenaline Potion"},{"floor":18,"key":"FearPotion"},{"floor":23,"key":"Fire Potion"},{"floor":24,"key":"Strength Potion"},{"floor":26,"key":"EssenceOfDarkness"},{"floor":30,"key":"PotionOfCapacity"},{"floor":37,"key":"LifebloodPotion"},{"floor":41,"key":"PowerPotion"}],"is_trial":false,"path_per_floor":["M","$","?","PTL","PTL","?","M","E","R","M","T","T","M","R","?","M","R","B",null,"?","?","?","?","?","?","?","T","T","T","?","?","T","?","T","B",null,"?","?","?","?","?","T","T","T","T","?","T","?","T","?","T","B",null],"character_chosen":"DEFECT","items_purchased":["Ball Lightning","Membership Card","Juzu Bracelet","Loop","Grinning Jar","StoneCalendar","Toolbox","Static Discharge"],"campfire_rested":2,"item_purchase_floors":[2,32,32,32,49,49,49,49],"current_hp_per_floor":[74,74,74,74,74,59,58,44,44,44,44,44,44,44,44,44,66,31,75,75,75,74,74,72,70,66,66,66,66,66,66,66,66,66,66,75,74,74,68,57,41,63,63,63,63,63,63,85,85,85,85,68],"gold":134,"neow_bonus":"UPGRADE_CARD","is_daily":false,"chose_seed":false,"campfire_upgraded":6,"win_rate":0.0,"timestamp":1613913714,"path_taken":["M","?","?","PTL","PTL","?","M","E","R","M","T","?","M","R","?","?","R","BOSS","?","?","?","?","?","?","?","T","T","T","?","?","T","?","T","BOSS","?","?","?","?","?","T","?","?","T","?","T","?","T","?","T","BOSS"],"items_purchased_type":["Card","Relic","Relic","Card","Relic","Relic","Relic","Card"],"build_version":"2020-12-22","purchased_purges":3,"victory":true,"max_hp_per_floor":[75,75,75,75,75,75,75,75,75,75,75,75,75,75,75,75,75,75,75,75,75,75,75,75,75,75,75,75,75,75,75,75,75,75,75,75,75,75,75,75,75,75,75,75,75,75,75,85,85,85,85,85],"card_choices":[{"not_picked":["Turbo","Stack"],"picked":"Lockon","floor":1},{"not_picked":["Beam Cell","Panic Button"],"picked":"Double Energy","floor":7},{"not_picked":["Redo","Steam Power"],"picked":"BasicCrystalCard","floor":8},{"not_picked":["Coolheaded","Go for the Eyes","Barrage"],"picked":"SKIP","floor":10},{"not_picked":["Rebound","ReplayTheSpireMod:GoodbyeWorld"],"picked":"Chill","floor":13},{"not_picked":["Turbo","Sweeping Beam","Recycle"],"picked":"SKIP","floor":16},{"not_picked":["Thunder Strike","Hyperbeam"],"picked":"Machine Learning","floor":18},{"not_picked":["Redo","ReplaySolidLightProjector"],"picked":"Glacier","floor":20},{"not_picked":["BasicCrystalCard","Leap"],"picked":"Compile Driver","floor":22},{"not_picked":["Reprogram","Streamline+1"],"picked":"Glacier+1","floor":23},{"not_picked":["ReplayTheSpireMod:Repulse","Hologram","Turbo"],"picked":"SKIP","floor":24},{"not_picked":["Coolheaded","Conserve Battery"],"picked":"ReplayTheSpireMod:Calculation Training","floor":25},{"not_picked":["Recycle","Sweeping Beam","Stack"],"picked":"SKIP","floor":26},{"not_picked":["Hologram+1","Compile Driver+1","Gash"],"picked":"SKIP","floor":30},{"not_picked":["ReplaySort","ReplayTheSpireMod:Reroute Power","Cold Snap+1"],"picked":"SKIP","floor":33},{"not_picked":["Creative AI","All For One"],"picked":"Seek","floor":35},{"not_picked":["BasicCrystalCard","Hologram+1"],"picked":"Loop+1","floor":37},{"not_picked":["Aggregate+1","BasicCrystalCard"],"picked":"Time Bomb+1","floor":39},{"not_picked":["Scrape","Tempest+1"],"picked":"Loop+1","floor":40},{"not_picked":["Beam Cell+1","Sweeping Beam+1","Time Bomb+1"],"picked":"SKIP","floor":41}],"player_experience":410653,"relics_obtained":[{"floor":8,"key":"Mercury Hourglass"},{"floor":11,"key":"Thread and Needle"},{"floor":12,"key":"Calipers"},{"floor":28,"key":"Simple Rune"},{"floor":38,"key":"Ring of Hypnosis"},{"floor":38,"key":"Ring of Chaos"},{"floor":43,"key":"MawBank"},{"floor":44,"key":"Replay:Wax Seal"},{"floor":45,"key":"Gambling Chip"}],"event_choices":[{"damage_healed":0,"gold_gain":0,"player_choice":"Entered Light","damage_taken":15,"max_hp_gain":0,"max_hp_loss":0,"event_name":"Shining Light","floor":6,"gold_loss":0,"cards_upgraded":["Strike_B","Strike_B"]},{"damage_healed":0,"gold_gain":100,"player_choice":"Pray","damage_taken":0,"max_hp_gain":0,"max_hp_loss":0,"event_name":"Golden Shrine","floor":15,"gold_loss":0},{"cards_removed":["Strike_B"],"damage_healed":0,"gold_gain":0,"player_choice":"Elegance","damage_taken":0,"max_hp_gain":0,"max_hp_loss":0,"event_name":"Back to Basics","floor":21,"gold_loss":0},{"damage_healed":0,"gold_gain":0,"player_choice":"Ignored","damage_taken":0,"max_hp_gain":0,"max_hp_loss":0,"event_name":"Tomb of Lord Red Mask","floor":46,"gold_loss":0},{"cards_removed":["Seek"],"damage_healed":12,"gold_gain":0,"player_choice":"Offered Rare","damage_taken":0,"max_hp_gain":10,"max_hp_loss":0,"event_name":"Bonfire Elementals","floor":48,"gold_loss":0},{"cards_removed":["Strike_B"],"damage_healed":0,"gold_gain":0,"player_choice":"Removed Attack","damage_taken":0,"max_hp_gain":0,"max_hp_loss":0,"event_name":"Falling","floor":50,"gold_loss":0}],"is_beta":false,"boss_relics":[{"not_picked":["Replay:Grab Bag","ReplayTheSpireMod:DimensionalGlitch"],"picked":"Painkiller Herb"},{"not_picked":["Philosopher\u0027s Stone","Honey Jar"],"picked":"Inserter"}],"items_purged_floors":[2,32,49],"is_endless":false,"potions_floor_spawned":[1,13,18,20,23,24,26,30,37,41],"ascension_level":0}}