{"host":"xz7n3qy1zq36rzpg","time":1613914731,"event":{"mods":["BaseMod","Colored Map","Colored Powertips","Highlight Path","Minty Spire (QoL Compilation)","Quick Restart","Shop Mod"],"gold_per_floor":[115,126,136,136,136,166,166,185,185,198,231,231,287,306,306,411,411,428,92,92,51,61,91,91,103,103,119,119,119,135,135,135,135,135],"floor_reached":33,"language":"ENG","playtime":2076,"items_purged":["Strike_G"],"score":374,"play_id":"16392784-b5f7-4b27-92a1-36e3ce74d478","local_time":"20210221143851","is_ascension_mode":true,"campfire_choices":[{"data":"Catalyst","floor":7.0,"key":"SMITH"},{"floor":12,"key":"REST"},{"floor":15,"key":"REST"},{"floor":24,"key":"REST"},{"floor":29,"key":"REST"},{"floor":32,"key":"REST"}],"circlet_count":0,"master_deck":["Strike_G","Strike_G","Strike_G","Defend_G","Defend_G","Defend_G","Survivor","Neutralize","Underhanded Strike+1","Cloak And Dagger+1","Noxious Fumes+1","Quick Slash","Choke","Catalyst+1","Sucker Punch","Underhanded Strike","Dash","All Out Attack","Cloak And Dagger","Deflect","Poisoned Stab","Burst","CurseOfTheBell","Poisoned Stab","Backstab","Well Laid Plans","Leg Sweep","Dodge and Roll","Corpse Explosion","Blade Dance","Deflect","Accuracy","Blade Dance","Footwork+1","Sucker Punch+1"],"relics":["Astrolabe","InkBottle","Prayer Wheel","WingedGreaves","Calling Bell","Omamori","Letter Opener","CaptainsWheel","Bottled Tornado","Vajra","Darkstone Periapt"],"acts_visited":["Exordium","TheCity"],"potions_floor_usage":[16,22,27,31,33,33],"damage_taken":[{"damage":0.0,"enemies":"2 Louse","floor":1.0,"turns":2.0},{"damage":0.0,"enemies":"Small Slimes","floor":2.0,"turns":3.0},{"damage":3.0,"enemies":"Jaw Worm","floor":3.0,"turns":2.0},{"damage":28.0,"enemies":"Lagavulin","floor":6.0,"turns":6.0},{"damage":13.0,"enemies":"Large Slime","floor":8.0,"turns":5.0},{"damage":2,"enemies":"Looter","floor":10,"turns":3},{"damage":27,"enemies":"3 Sentries","floor":11,"turns":7},{"damage":6,"enemies":"Exordium Thugs","floor":14,"turns":4},{"damage":20,"enemies":"The Guardian","floor":16,"turns":10},{"damage":10,"enemies":"Shell Parasite","floor":18,"turns":7},{"damage":3,"enemies":"Chosen","floor":22,"turns":4},{"damage":38,"enemies":"Book of Stabbing","floor":23,"turns":6},{"damage":10,"enemies":"Snecko","floor":25,"turns":4},{"damage":19,"enemies":"Centurion and Healer","floor":27,"turns":5},{"damage":4,"enemies":"Snake Plant","floor":30,"turns":5},{"damage":0,"enemies":"Shelled Parasite and Fungi","floor":31,"turns":1},{"damage":47,"enemies":"Collector","floor":33,"turns":6}],"seed_played":"-1370125250812437620","potions_obtained":[{"floor":2.0,"key":"SteroidPotion"},{"floor":10,"key":"Swift Potion"},{"floor":14,"key":"Regen Potion"},{"floor":16,"key":"Swift Potion"},{"floor":25,"key":"SpeedPotion"},{"floor":27,"key":"SmokeBomb"},{"floor":28,"key":"Explosive Potion"},{"floor":28,"key":"GhostInAJar"}],"is_trial":false,"path_per_floor":["M","M","M","?","?","E","R","M","T","M","E","R","?","M","R","B",null,"M","$","?","$","M","E","R","M","T","M","?","R","M","M","R","B"],"character_chosen":"THE_SILENT","items_purchased":["Bottled Tornado","Well Laid Plans"],"campfire_rested":5,"item_purchase_floors":[19,21],"current_hp_per_floor":[70,70,67,67,72,44,44,31,31,29,2,24,24,18,40,35,65,55,55,55,55,52,14,36,26,26,7,7,29,25,25,47,0,0],"gold":135,"neow_bonus":"BOSS_RELIC","is_daily":false,"chose_seed":false,"campfire_upgraded":1,"win_rate":0.0,"timestamp":1613914731,"path_taken":["M","M","M","?","?","E","R","M","T","M","E","R","?","?","R","BOSS","M","$","?","$","M","E","R","M","T","M","?","R","?","M","R","BOSS"],"items_purchased_type":["Relic","Card"],"build_version":"2020-12-22","purchased_purges":1,"victory":false,"max_hp_per_floor":[70,70,70,70,75,75,75,75,75,75,75,75,75,75,75,75,75,75,75,75,75,75,75,75,75,75,75,75,75,75,75,75,75,75],"card_choices":[{"not_picked":["PiercingWail","Dagger Spray"],"picked":"Quick Slash","floor":1.0},{"not_picked":["Underhanded Strike","Quick Slash"],"picked":"Choke","floor":2.0},{"not_picked":["Cloak And Dagger","Dagger Spray"],"picked":"Catalyst","floor":3.0},{"not_picked":["Heel Hook","Concentrate"],"picked":"Sucker Punch","floor":6.0},{"not_picked":["Sucker Punch","Outmaneuver"],"picked":"Underhanded Strike","floor":8},{"not_picked":["Reflex","Backflip"],"picked":"Dash","floor":10},{"not_picked":["Backflip","Quick Slash"],"picked":"All Out Attack","floor":10},{"not_picked":["Quick Slash","Catalyst"],"picked":"Cloak And Dagger","floor":11},{"not_picked":["Concentrate","Prepared"],"picked":"Deflect","floor":14},{"not_picked":["Dagger Spray","Poisoned Stab","Slice"],"picked":"SKIP","floor":14},{"not_picked":["Dagger Spray","Slice"],"picked":"Poisoned Stab","floor":14},{"not_picked":["Storm of Steel","Venomology"],"picked":"Burst","floor":16},{"not_picked":["Underhanded Strike+1","Quick Slash"],"picked":"Poisoned Stab","floor":18},{"not_picked":["Flying Knee","PiercingWail"],"picked":"Backstab","floor":18},{"not_picked":["Predator","Skewer+1"],"picked":"Leg Sweep","floor":22},{"not_picked":["PiercingWail","Choke"],"picked":"Dodge and Roll","floor":22},{"not_picked":["Finisher","Backstab"],"picked":"Corpse Explosion","floor":23},{"not_picked":["Dagger Spray","Dagger Throw"],"picked":"Blade Dance","floor":25},{"not_picked":["Dagger Throw+1","Predator"],"picked":"Deflect","floor":25},{"not_picked":["Tactician+1","Quick Slash"],"picked":"Accuracy","floor":27},{"not_picked":["All Out Attack","Doppelganger"],"picked":"Blade Dance","floor":27},{"not_picked":["Backflip","Dodge and Roll"],"picked":"Footwork+1","floor":30},{"not_picked":["Concentrate","Dagger Throw+1"],"picked":"Sucker Punch+1","floor":30}],"player_experience":551136,"relics_obtained":[{"floor":6.0,"key":"InkBottle"},{"floor":9,"key":"Prayer Wheel"},{"floor":11,"key":"WingedGreaves"},{"floor":17,"key":"Omamori"},{"floor":17,"key":"Letter Opener"},{"floor":17,"key":"CaptainsWheel"},{"floor":23,"key":"Vajra"},{"floor":26,"key":"Darkstone Periapt"}],"event_choices":[{"damage_healed":0.0,"max_hp_gain":0.0,"max_hp_loss":0.0,"gold_gain":0.0,"event_name":"Liars Game","player_choice":"Ignored","floor":4.0,"gold_loss":0.0,"damage_taken":0.0},{"damage_healed":0.0,"max_hp_gain":5.0,"max_hp_loss":0.0,"gold_gain":0.0,"event_name":"Big Fish","player_choice":"Donut","floor":5.0,"gold_loss":0.0,"damage_taken":0.0},{"damage_healed":0,"gold_gain":56,"player_choice":"Gained Gold","damage_taken":0,"max_hp_gain":0,"max_hp_loss":0,"event_name":"Golden Wing","floor":13,"gold_loss":0},{"damage_healed":0,"gold_gain":0,"player_choice":"Ignored","damage_taken":0,"max_hp_gain":0,"max_hp_loss":0,"event_name":"Beggar","floor":20,"gold_loss":0},{"damage_healed":0,"gold_gain":0,"player_choice":"Got Potions","damage_taken":0,"max_hp_gain":0,"max_hp_loss":0,"event_name":"Lab","floor":28,"gold_loss":0}],"is_beta":false,"boss_relics":[{"not_picked":["SlaversCollar","Coffee Dripper"],"picked":"Calling Bell"}],"items_purged_floors":[19],"is_endless":false,"potions_floor_spawned":[2,10,14,16,25,27],"killed_by":"Collector","ascension_level":5}}