{"host":"l15sdf2mmi0nobpi","time":1613905402,"event":{"mods":["BaseMod","Highlight Path","Minty Spire (QoL Compilation)","MostiFishMod","Quick Restart","StSLib","¡¾¹¦ÄÜMod¡¿Neow½±Àø"],"gold_per_floor":[117,133,133,148,167,195,209,240,240,273,273,37,58,96,96,185,185,206,131,149,49,63,103,103,127,127,161,184,227,227,277,277,368,368,391,460,475,489,514,514,528,566,566,589,612,643,518,536,536,536,536,536,536,386,417,417],"floor_reached":57,"language":"ZHS","playtime":4256,"items_purged":["Strike_R","Strike_R","Strike_R","Strike_R"],"score":3391,"play_id":"58cf2b40-4ad5-4cb8-bb7f-d05d9a9ff815","local_time":"20210221190322","is_ascension_mode":true,"campfire_choices":[{"data":"MostiFishMod:FlyOverUtopia","floor":15.0,"key":"SMITH"},{"floor":30.0,"key":"RECALL"},{"floor":32.0,"key":"REST"},{"data":"Exhume","floor":40.0,"key":"SMITH"},{"floor":49.0,"key":"REST"},{"floor":53,"key":"REST"}],"circlet_count":0,"master_deck":["AscendersBane","Defend_R","Defend_R","Defend_R","Defend_R","Bash","MostiFishMod:Neptune","MostiFishMod:TheEndOfMoonlight","MostiFishMod:SparklingWater","MostiFishMod:FantasySummer","MostiFishMod:NightSea","Bloodletting","Disarm","Shockwave","Dark Embrace+1","Pommel Strike","Exhume+1","MostiFishMod:HellRitual","MostiFishMod:FlyOverUtopia+1","Barricade","Seeing Red","Shrug It Off","Second Wind","Burning Pact","Seeing Red+1","True Grit+1","Exhume+1","Sword Boomerang","Warcry+1"],"relics":["Burning Blood","DaveBox","MoonlightInvasionPlan","MostiFishMod:Haymaker","SynthV:TestCard","Strawberry","Ancient Tea Set","Paper Frog","Bag of Preparation","Golden Idol","Technique","GreenFoldingFan","Nunchaku","HornCleat","Meat on the Bone","Oddly Smooth Stone","RhineCircuit","Calipers","Incense Burner","Question Card","Letter Opener"],"acts_visited":["Exordium","TheCity","TheBeyond","TheEnding"],"potions_floor_usage":[],"damage_taken":[{"damage":12.0,"enemies":"2 Louse","floor":1.0,"turns":2.0},{"damage":0.0,"enemies":"Cultist","floor":2.0,"turns":1.0},{"damage":0.0,"enemies":"Small Slimes","floor":4.0,"turns":1.0},{"damage":3.0,"enemies":"Exordium Thugs","floor":5.0,"turns":2.0},{"damage":0.0,"enemies":"Lagavulin","floor":6.0,"turns":4.0},{"damage":3.0,"enemies":"Exordium Wildlife","floor":7.0,"turns":3.0},{"damage":9.0,"enemies":"3 Sentries","floor":8.0,"turns":4.0},{"damage":28.0,"enemies":"Gremlin Nob","floor":10.0,"turns":4.0},{"damage":5.0,"enemies":"Large Slime","floor":13.0,"turns":7.0},{"damage":0.0,"enemies":"Lagavulin","floor":14.0,"turns":2.0},{"damage":10.0,"enemies":"The Guardian","floor":16.0,"turns":7.0},{"damage":16.0,"enemies":"2 Thieves","floor":18.0,"turns":4.0},{"damage":6.0,"enemies":"Spheric Guardian","floor":20.0,"turns":1.0},{"damage":18.0,"enemies":"3 Cultists","floor":22.0,"turns":5.0},{"damage":18.0,"enemies":"Gremlin Leader","floor":23.0,"turns":7.0},{"damage":14.0,"enemies":"Snake Plant","floor":25.0,"turns":5.0},{"damage":30.0,"enemies":"Slavers","floor":27.0,"turns":11.0},{"damage":16.0,"enemies":"Centurion and Healer","floor":28.0,"turns":6.0},{"damage":10.0,"enemies":"Book of Stabbing","floor":29.0,"turns":3.0},{"damage":20.0,"enemies":"Automaton","floor":33.0,"turns":8.0},{"damage":14.0,"enemies":"Orb Walker","floor":35.0,"turns":5.0},{"damage":27.0,"enemies":"2 Orb Walkers","floor":36.0,"turns":9.0},{"damage":15.0,"enemies":"3 Shapes","floor":37.0,"turns":3.0},{"damage":20.0,"enemies":"Maw","floor":38.0,"turns":8.0},{"damage":14.0,"enemies":"4 Shapes","floor":39.0,"turns":4.0},{"damage":18.0,"enemies":"Jaw Worm Horde","floor":41.0,"turns":5.0},{"damage":18.0,"enemies":"Nemesis","floor":42.0,"turns":7.0},{"damage":15.0,"enemies":"3 Darklings","floor":44.0,"turns":5.0},{"damage":9.0,"enemies":"Maw","floor":45.0,"turns":4.0},{"damage":14.0,"enemies":"Giant Head","floor":46.0,"turns":5.0},{"damage":18.0,"enemies":"Sphere and 2 Shapes","floor":48.0,"turns":7.0},{"damage":26.0,"enemies":"Time Eater","floor":50.0,"turns":11.0},{"damage":35,"enemies":"Donu and Deca","floor":51,"turns":6},{"damage":43,"enemies":"Shield and Spear","floor":55,"turns":7},{"damage":46,"enemies":"The Heart","floor":56,"turns":7}],"seed_played":"-3222272071631308081","potions_obtained":[{"floor":1.0,"key":"PowerPotion"},{"floor":2.0,"key":"Strength Potion"},{"floor":10.0,"key":"Fruit Juice"},{"floor":16.0,"key":"CultistPotion"},{"floor":36.0,"key":"PowerPotion"}],"is_trial":false,"path_per_floor":["M","M","?","M","M","E","M","E","T","E","?","$","M","E","R","B",null,"M","?","M","$","M","E","?","M","T","E","M","E","R","?","R","B",null,"M","?","M","M","M","R","M","E","T","M","M","E","$","M","R","B","B",null,"R","$","E","B",null],"character_chosen":"IRONCLAD","items_purchased":["Technique"],"campfire_rested":3,"item_purchase_floors":[12],"current_hp_per_floor":[62,68,68,68,68,75,75,72,72,55,55,55,56,62,62,58,69,69,69,72,72,70,68,68,70,70,56,56,62,62,62,72,68,71,72,61,62,58,60,60,58,56,56,57,64,66,66,64,72,62,55,68,72,72,57,39],"gold":417,"neow_bonus":"ONE_RARE_RELIC","is_daily":false,"chose_seed":false,"campfire_upgraded":2,"win_rate":0.0,"timestamp":1613905402,"path_taken":["M","M","?","?","M","E","M","E","T","E","?","?","M","E","R","BOSS","M","?","M","$","M","E","?","M","T","E","?","E","R","?","R","BOSS","M","?","M","M","M","R","M","E","T","M","M","E","$","M","R","BOSS","BOSS","R","$","E","BOSS"],"items_purchased_type":["Relic"],"build_version":"2020-12-22","purchased_purges":4,"victory":true,"max_hp_per_floor":[68,68,68,68,68,75,75,75,75,80,72,72,72,72,72,72,72,72,72,72,72,72,72,72,72,72,72,72,72,72,72,72,72,72,72,72,72,72,72,72,72,72,72,72,72,72,72,72,72,72,72,72,72,72,72,72],"card_choices":[{"not_picked":["Reckless Charge","Flex"],"picked":"Bloodletting","floor":1.0},{"not_picked":["Entrench","Body Slam","Uppercut","Headbutt"],"picked":"Disarm","floor":2.0},{"not_picked":["Cleave","Twin Strike","Perfected Strike","Disarm","Whirlwind"],"picked":"SKIP","floor":4.0},{"not_picked":["Headbutt","Warcry","Searing Blow","Dual Wield","Anger"],"picked":"SKIP","floor":5.0},{"not_picked":["Shrug It Off","Power Through","Cleave","Flame Barrier"],"picked":"Dark Embrace","floor":6.0},{"not_picked":["Twin Strike","Rupture","Infernal Blade","Intimidate"],"picked":"Pommel Strike","floor":7.0},{"not_picked":["Shockwave","Sentinel","Berserk","Iron Wave"],"picked":"Exhume","floor":8.0},{"not_picked":["Warcry","Dropkick","Dual Wield","Evolve"],"picked":"MostiFishMod:HellRitual","floor":10.0},{"not_picked":["Headbutt","Wild Strike","Dual Wield","Cleave","Seeing Red"],"picked":"SKIP","floor":13.0},{"not_picked":["Sword Boomerang","Infernal Blade","Heavy Blade","Perfected Strike"],"picked":"MostiFishMod:FlyOverUtopia","floor":14.0},{"not_picked":["MostiFishMod:RainCloud","Demon Form","Impervious","Double Tap"],"picked":"Barricade","floor":16.0},{"not_picked":["Hemokinesis","Thunderclap","Pommel Strike","Heavy Blade"],"picked":"Seeing Red","floor":18.0},{"not_picked":["Anger","Wild Strike","Whirlwind","Hemokinesis","Thunderclap"],"picked":"SKIP","floor":20.0},{"not_picked":["Warcry","Body Slam","Clash","Anger+1","Wild Strike+1"],"picked":"SKIP","floor":22.0},{"not_picked":["MostiFishMod:DarkDeal","MostiFishMod:FlyOverUtopia","Bloodletting","Headbutt"],"picked":"Shrug It Off","floor":23.0},{"not_picked":["Dark Embrace","Perfected Strike","Clash","Iron Wave","Sever Soul"],"picked":"SKIP","floor":25.0},{"not_picked":["Pummel","MostiFishMod:404NotFound","True Grit","Carnage","Combust+1"],"picked":"SKIP","floor":27.0},{"not_picked":["Disarm+1","Havoc","Fire Breathing","Headbutt","Armaments"],"picked":"SKIP","floor":28.0},{"not_picked":["Clothesline","Iron Wave","Perfected Strike","Blood for Blood","Twin Strike+1"],"picked":"SKIP","floor":29.0},{"not_picked":["True Grit","Havoc","Shrug It Off","Sentinel"],"picked":"Burning Pact","floor":35.0},{"not_picked":["Cleave","Shockwave","Bloodletting","Clothesline+1"],"picked":"Seeing Red+1","floor":36.0},{"not_picked":["Havoc","Shrug It Off","Clash","Cleave"],"picked":"True Grit+1","floor":37.0},{"not_picked":["Power Through","Wild Strike","Perfected Strike","Warcry","Intimidate+1"],"picked":"SKIP","floor":38.0},{"not_picked":["Pommel Strike+1","Reckless Charge","Feel No Pain","Dropkick+1"],"picked":"Exhume","floor":39.0},{"not_picked":["Infernal Blade+1","Pummel","Flex","Clothesline+1"],"picked":"Sword Boomerang","floor":41.0},{"not_picked":["Disarm","Shrug It Off","Dropkick","Seeing Red","Intimidate"],"picked":"SKIP","floor":42.0},{"not_picked":["Warcry+1","Headbutt","Shrug It Off","Clothesline","Spot Weakness"],"picked":"SKIP","floor":44.0},{"not_picked":["Headbutt","Shrug It Off","Clothesline","Spot Weakness"],"picked":"Warcry+1","floor":44.0},{"not_picked":["Intimidate","Heavy Blade","Rage","Warcry","MostiFishMod:Mania"],"picked":"SKIP","floor":45.0},{"not_picked":["Thunderclap","Pommel Strike","Disarm","Clash","Sword Boomerang"],"picked":"SKIP","floor":46.0},{"not_picked":["Carnage","Heavy Blade","Sever Soul+1","Wild Strike","Flame Barrier","Havoc"],"picked":"SKIP","floor":48.0},{"not_picked":["Warcry+1","Sever Soul","Pommel Strike","Flex","Demon Form","Heavy Blade"],"picked":"SKIP","floor":55}],"player_experience":574500,"relics_obtained":[{"floor":1.0,"key":"SynthV:TestCard"},{"floor":6.0,"key":"Strawberry"},{"floor":8.0,"key":"Ancient Tea Set"},{"floor":9.0,"key":"Paper Frog"},{"floor":10.0,"key":"Bag of Preparation"},{"floor":23.0,"key":"Nunchaku"},{"floor":26.0,"key":"HornCleat"},{"floor":27.0,"key":"Meat on the Bone"},{"floor":29.0,"key":"Oddly Smooth Stone"},{"floor":36.0,"key":"Calipers"},{"floor":42.0,"key":"Incense Burner"},{"floor":46.0,"key":"Question Card"},{"floor":55,"key":"Letter Opener"}],"event_choices":[{"damage_healed":0.0,"max_hp_gain":0.0,"max_hp_loss":0.0,"gold_gain":0.0,"event_name":"Match and Keep!","player_choice":"1 cards matched","floor":3.0,"gold_loss":0.0,"damage_taken":0.0,"cards_obtained":["Shockwave"]},{"damage_healed":0.0,"max_hp_gain":0.0,"max_hp_loss":8.0,"gold_gain":0.0,"event_name":"Golden Idol","player_choice":"Lose Max HP","floor":11.0,"gold_loss":0.0,"damage_taken":0.0,"relics_obtained":["Golden Idol"]},{"cards_removed":["Strike_R"],"damage_healed":0.0,"max_hp_gain":0.0,"max_hp_loss":0.0,"gold_gain":0.0,"event_name":"Beggar","player_choice":"Gave Gold","floor":19.0,"gold_loss":75.0,"damage_taken":0.0},{"damage_healed":0.0,"max_hp_gain":0.0,"max_hp_loss":0.0,"gold_gain":0.0,"event_name":"The Library","player_choice":"Read","floor":24.0,"gold_loss":0.0,"damage_taken":0.0,"cards_obtained":["Second Wind"]},{"damage_healed":0.0,"max_hp_gain":0.0,"max_hp_loss":0.0,"gold_gain":50.0,"event_name":"Nest","player_choice":"Stole From Cult","floor":31.0,"gold_loss":0.0,"damage_taken":0.0},{"damage_healed":0.0,"max_hp_gain":0.0,"max_hp_loss":0.0,"gold_gain":0.0,"event_name":"Mysterious Sphere","player_choice":"Fight","floor":36.0,"gold_loss":0.0,"damage_taken":0.0}],"is_beta":false,"boss_relics":[{"not_picked":["SlaversCollar","SacredBark"],"picked":"GreenFoldingFan"},{"not_picked":["Velvet Choker","Black Blood"],"picked":"RhineCircuit"}],"items_purged_floors":[12,21,47,54],"is_endless":false,"potions_floor_spawned":[1,2,5,10,16,23,25,27,33,35,36,37,38,44,46],"ascension_level":20}}