{"host":"cijwx898anu8dehj","time":1613878630,"event":{"mods":["AchievementEnabler","AlwaysNeverKeys","BaseMod","Colored Map","Colored Powertips","Highlight Path","Minty Spire (QoL Compilation)","Rare Cards Sparkle","Relic Stats","Slay-I"],"gold_per_floor":[114,114,129,204,219,249,249,279,279,279,309,339,381,423,435,547,559,586,513,525,552,189,219,219,249,324,354,454,484,484,484,484,584,584,599,599,621,221,221,251,251,281,306,336,366,416,446,496,496,496],"floor_reached":51,"language":"ENG","playtime":4201,"items_purged":["Writhe"],"score":1382,"play_id":"8f9adba8-dffc-4981-93a0-34306e25edeb","local_time":"20210221003710","daily_mods":["SealedDeck","Flight","Elite Swarm"],"is_ascension_mode":false,"campfire_choices":[{"data":"Armaments","floor":7,"key":"SMITH"},{"data":"Rampage","floor":10,"key":"SMITH"},{"data":"1","floor":15,"key":"LIFT"},{"data":"2","floor":24,"key":"LIFT"},{"data":"3","floor":32,"key":"LIFT"},{"floor":41,"key":"DIG"},{"floor":49,"key":"DIG"}],"circlet_count":0,"master_deck":["Intimidate","Warcry","Anger","Iron Wave","Iron Wave","Clothesline","Clothesline","Shrug It Off","Shrug It Off","Shrug It Off","Rampage+1","Cleave","Armaments+1","Impervious","Immolate","Impervious","Impervious","Metallicize","Impervious","Bludgeon","Shrug It Off","Offering","Juggernaut+1","Shockwave+1","True Grit+1","Limit Break"],"relics":["Burning Blood","FossilizedHelix","Bronze Scales","White Beast Statue","Girya","MawBank","MealTicket","Letter Opener","Coffee Dripper","Orichalcum","Mercury Hourglass","Tiny Chest","Nunchaku","Pantograph","Bottled Lightning","HornCleat","Juzu Bracelet","Thread and Needle","Eternal Feather","Bag of Preparation","Meat on the Bone","SlaversCollar","Sundial","Shovel","Pear","TheAbacus","Bottled Tornado","Singing Bowl","TungstenRod","Oddly Smooth Stone","Ginger","Dream Catcher","Prayer Wheel","Red Skull","Vajra","Ornamental Fan"],"acts_visited":["Exordium","TheCity","TheBeyond"],"potions_floor_usage":[13,16,18,25,33,37,50,50,50,50],"damage_taken":[{"damage":0,"enemies":"Small Slimes","floor":1,"turns":3},{"damage":0,"enemies":"2 Louse","floor":3,"turns":2},{"damage":0,"enemies":"Cultist","floor":5,"turns":3},{"damage":10,"enemies":"Gremlin Nob","floor":6,"turns":4},{"damage":0,"enemies":"Lagavulin","floor":8,"turns":8},{"damage":4,"enemies":"Gremlin Nob","floor":11,"turns":4},{"damage":0,"enemies":"Lagavulin","floor":12,"turns":7},{"damage":0,"enemies":"Gremlin Nob","floor":13,"turns":4},{"damage":0,"enemies":"Lagavulin","floor":14,"turns":7},{"damage":0,"enemies":"The Guardian","floor":16,"turns":11},{"damage":0,"enemies":"Chosen","floor":18,"turns":3},{"damage":0,"enemies":"2 Thieves","floor":21,"turns":3},{"damage":0,"enemies":"Book of Stabbing","floor":23,"turns":6},{"damage":1,"enemies":"Slavers","floor":25,"turns":4},{"damage":0,"enemies":"Gremlin Leader","floor":27,"turns":6},{"damage":0,"enemies":"Colosseum Slavers","floor":28,"turns":2},{"damage":0,"enemies":"Colosseum Nobs","floor":28,"turns":5},{"damage":0,"enemies":"Slavers","floor":29,"turns":4},{"damage":13,"enemies":"Collector","floor":33,"turns":11},{"damage":0,"enemies":"3 Darklings","floor":35,"turns":3},{"damage":0,"enemies":"2 Orb Walkers","floor":37,"turns":4},{"damage":0,"enemies":"Reptomancer","floor":40,"turns":5},{"damage":0,"enemies":"Giant Head","floor":42,"turns":7},{"damage":0,"enemies":"Nemesis","floor":44,"turns":5},{"damage":5,"enemies":"Reptomancer","floor":45,"turns":4},{"damage":0,"enemies":"Mind Bloom Boss Battle","floor":46,"turns":3},{"damage":14,"enemies":"Nemesis","floor":47,"turns":7},{"damage":0,"enemies":"Donu and Deca","floor":50,"turns":7}],"seed_played":"-7397021786818157212","potions_obtained":[{"floor":6,"key":"Swift Potion"},{"floor":8,"key":"EssenceOfSteel"},{"floor":11,"key":"LiquidMemories"},{"floor":12,"key":"SkillPotion"},{"floor":13,"key":"GamblersBrew"},{"floor":16,"key":"SteroidPotion"},{"floor":18,"key":"Ancient Potion"},{"floor":21,"key":"Swift Potion"},{"floor":23,"key":"PowerPotion"},{"floor":25,"key":"BlessingOfTheForge"},{"floor":33,"key":"Ancient Potion"},{"floor":35,"key":"PowerPotion"},{"floor":37,"key":"EntropicBrew"},{"floor":40,"key":"FearPotion"},{"floor":44,"key":"SteroidPotion"}],"is_trial":false,"path_per_floor":["M","?","M","?","M","E","R","E","T","R","E","E","E","E","R","B",null,"M","?","?","M","$","E","R","E","T","E","?","E","?","T","R","B",null,"M","T","?","$","?","E","R","E","T","E","E","?","E","T","R","B",null],"character_chosen":"IRONCLAD","items_purchased":["Tiny Chest","Nunchaku","Pear","TheAbacus"],"campfire_rested":0,"item_purchase_floors":[22,22,38,38],"current_hp_per_floor":[80,80,80,69,75,71,71,77,77,77,79,80,80,80,80,80,80,80,80,80,80,80,80,80,80,80,80,80,80,80,80,80,73,80,80,80,80,90,90,90,90,92,92,94,96,98,92,92,100,100],"gold":496,"neow_bonus":"","is_daily":true,"chose_seed":false,"campfire_upgraded":2,"win_rate":0.0,"timestamp":1613878630,"path_taken":["M","?","M","?","M","E","R","E","T","R","E","E","E","E","R","BOSS","M","?","?","M","$","E","R","E","T","E","?","E","?","?","R","BOSS","M","?","?","$","?","E","R","E","T","E","E","?","E","?","R","BOSS"],"items_purchased_type":["Relic","Relic","Relic","Relic"],"build_version":"2020-12-22","purchased_purges":1,"victory":true,"max_hp_per_floor":[80,80,80,80,80,80,80,80,80,80,80,80,80,80,80,80,80,80,80,80,80,80,80,80,80,80,80,80,80,80,80,80,80,80,80,80,80,90,90,90,90,92,92,94,96,98,100,100,100,100],"relic_stats":{"Singing Bowl":10,"Juzu Bracelet":1,"Bag of Preparation":[20],"Ginger":[0],"Burning Blood":43,"Nunchaku":[13],"Dream Catcher":0,"Shovel":2,"TheAbacus":[30],"Sundial":[2],"Pantograph":0,"MealTicket":0,"Tiny Chest":2,"Prayer Wheel":0,"counters":[28,140],"Eternal Feather":8,"Letter Opener":[111],"Orichalcum":[18],"MawBank":120,"Mercury Hourglass":[402],"Ornamental Fan":[0],"Bronze Scales":[337],"obtain_stats":[{"Singing Bowl":41,"Vajra":48,"Juzu Bracelet":27,"Bag of Preparation":29,"Ginger":44,"Bottled Tornado":40,"Burning Blood":0,"Nunchaku":22,"Dream Catcher":45,"HornCleat":26,"Shovel":37,"TheAbacus":38,"Sundial":36,"Pantograph":23,"MealTicket":13,"Tiny Chest":22,"Prayer Wheel":46,"Red Skull":47,"Girya":11,"Pear":38,"Oddly Smooth Stone":43,"Thread and Needle":28,"Eternal Feather":28,"Letter Opener":14,"Orichalcum":19,"MawBank":12,"White Beast Statue":9,"Mercury Hourglass":20,"SlaversCollar":34,"Ornamental Fan":49,"Bronze Scales":8,"Coffee Dripper":17,"Bottled Lightning":25,"FossilizedHelix":6,"TungstenRod":42,"Meat on the Bone":31},{"Singing Bowl":22,"Vajra":27,"Juzu Bracelet":15,"Bag of Preparation":18,"Ginger":24,"Bottled Tornado":22,"Burning Blood":0,"Nunchaku":12,"Dream Catcher":25,"HornCleat":14,"Shovel":21,"TheAbacus":21,"Sundial":20,"Pantograph":13,"MealTicket":8,"Tiny Chest":12,"Prayer Wheel":26,"Red Skull":27,"Girya":6,"Pear":21,"Oddly Smooth Stone":23,"Thread and Needle":17,"Eternal Feather":17,"Letter Opener":9,"Orichalcum":11,"MawBank":7,"White Beast Statue":5,"Mercury Hourglass":11,"SlaversCollar":19,"Ornamental Fan":27,"Bronze Scales":5,"Coffee Dripper":10,"Bottled Lightning":14,"FossilizedHelix":4,"TungstenRod":23,"Meat on the Bone":18},{"Singing Bowl":107,"Vajra":133,"Juzu Bracelet":75,"Bag of Preparation":84,"Ginger":119,"Bottled Tornado":107,"Burning Blood":0,"Nunchaku":59,"Dream Catcher":123,"HornCleat":69,"Shovel":102,"TheAbacus":102,"Sundial":98,"Pantograph":65,"MealTicket":35,"Tiny Chest":59,"Prayer Wheel":126,"Red Skull":133,"Girya":24,"Pear":102,"Oddly Smooth Stone":114,"Thread and Needle":80,"Eternal Feather":80,"Letter Opener":42,"Orichalcum":56,"MawBank":31,"White Beast Statue":20,"Mercury Hourglass":56,"SlaversCollar":95,"Ornamental Fan":133,"Bronze Scales":20,"Coffee Dripper":53,"Bottled Lightning":69,"FossilizedHelix":12,"TungstenRod":114,"Meat on the Bone":84}],"TungstenRod":2,"Meat on the Bone":0},"card_choices":[{"not_picked":["Anger","True Grit"],"picked":"Rampage","floor":1},{"not_picked":["Infernal Blade","Iron Wave"],"picked":"Cleave","floor":3},{"not_picked":["Headbutt","Reckless Charge"],"picked":"Armaments","floor":5},{"not_picked":["Corruption","Bludgeon"],"picked":"Impervious","floor":6},{"not_picked":["Exhume","Barricade","Reaper"],"picked":"SKIP","floor":8},{"not_picked":["Fiend Fire","Feed","Exhume"],"picked":"SKIP","floor":11},{"not_picked":["Corruption","Reaper","Juggernaut"],"picked":"SKIP","floor":12},{"not_picked":["Exhume","Feed"],"picked":"Immolate","floor":13},{"not_picked":["Exhume","Immolate"],"picked":"Impervious","floor":14},{"not_picked":["Reaper","Demon Form"],"picked":"Impervious","floor":16},{"not_picked":["Flex+1","Searing Blow+1","Reckless Charge+1"],"picked":"SKIP","floor":18},{"not_picked":["Twin Strike","Headbutt"],"picked":"Metallicize","floor":21},{"not_picked":["Reaper","Brutality","Barricade"],"picked":"SKIP","floor":23},{"not_picked":["Reaper","Barricade"],"picked":"Impervious","floor":25},{"not_picked":["Offering","Brutality"],"picked":"Bludgeon","floor":27},{"not_picked":["Body Slam","Perfected Strike"],"picked":"Shrug It Off","floor":28},{"not_picked":["Immolate","Juggernaut"],"picked":"Offering","floor":29},{"not_picked":["Double Tap","Fiend Fire"],"picked":"Juggernaut","floor":33},{"not_picked":["Twin Strike+1","Whirlwind"],"picked":"Shockwave+1","floor":35},{"not_picked":["Perfected Strike","Whirlwind"],"picked":"True Grit+1","floor":37},{"not_picked":["Reaper","Demon Form"],"picked":"Limit Break","floor":40},{"not_picked":["Corruption","Berserk","Impervious"],"picked":"Singing Bowl","floor":42},{"not_picked":["Feed","Berserk","Demon Form"],"picked":"Singing Bowl","floor":44},{"not_picked":["Bludgeon","Barricade","Impervious"],"picked":"Singing Bowl","floor":45},{"not_picked":["Thunderclap","Clothesline+1","Sword Boomerang"],"picked":"Singing Bowl","floor":46},{"not_picked":["Bludgeon","Barricade","Brutality"],"picked":"Singing Bowl","floor":47}],"player_experience":1171667,"relics_obtained":[{"floor":6,"key":"FossilizedHelix"},{"floor":8,"key":"Bronze Scales"},{"floor":9,"key":"White Beast Statue"},{"floor":11,"key":"Girya"},{"floor":12,"key":"MawBank"},{"floor":13,"key":"MealTicket"},{"floor":14,"key":"Letter Opener"},{"floor":23,"key":"Pantograph"},{"floor":25,"key":"Bottled Lightning"},{"floor":26,"key":"HornCleat"},{"floor":27,"key":"Juzu Bracelet"},{"floor":28,"key":"Thread and Needle"},{"floor":28,"key":"Eternal Feather"},{"floor":29,"key":"Bag of Preparation"},{"floor":31,"key":"Meat on the Bone"},{"floor":36,"key":"Sundial"},{"floor":37,"key":"Shovel"},{"floor":40,"key":"Bottled Tornado"},{"floor":41,"key":"Singing Bowl"},{"floor":42,"key":"TungstenRod"},{"floor":43,"key":"Oddly Smooth Stone"},{"floor":44,"key":"Ginger"},{"floor":45,"key":"Dream Catcher"},{"floor":46,"key":"Prayer Wheel"},{"floor":47,"key":"Red Skull"},{"floor":48,"key":"Vajra"},{"floor":49,"key":"Ornamental Fan"}],"event_choices":[{"damage_healed":0,"gold_gain":0,"player_choice":"Ignored","damage_taken":0,"max_hp_gain":0,"max_hp_loss":0,"event_name":"Liars Game","floor":2,"gold_loss":0},{"damage_healed":0,"gold_gain":75,"player_choice":"Gather Gold","damage_taken":11,"max_hp_gain":0,"max_hp_loss":0,"event_name":"World of Goop","floor":4,"gold_loss":0},{"damage_healed":0,"gold_gain":0,"player_choice":"Obtained Relic","damage_taken":0,"relics_obtained":["Orichalcum"],"max_hp_gain":0,"max_hp_loss":0,"event_name":"Addict","floor":19,"gold_loss":85},{"damage_healed":0,"gold_gain":0,"player_choice":"Opened","damage_taken":0,"relics_obtained":["Mercury Hourglass"],"max_hp_gain":0,"max_hp_loss":0,"event_name":"The Mausoleum","floor":20,"gold_loss":0,"cards_obtained":["Writhe"]},{"damage_healed":0,"gold_gain":0,"player_choice":"Fight","damage_taken":0,"max_hp_gain":0,"max_hp_loss":0,"event_name":"Colosseum","floor":28,"gold_loss":0},{"damage_healed":0,"gold_gain":0,"player_choice":"Fought Nobs","damage_taken":0,"max_hp_gain":0,"max_hp_loss":0,"event_name":"Colosseum","floor":28,"gold_loss":0},{"damage_healed":0,"gold_gain":0,"player_choice":"Ignored","damage_taken":0,"max_hp_gain":0,"max_hp_loss":0,"event_name":"Ghosts","floor":30,"gold_loss":0},{"damage_healed":0,"gold_gain":0,"player_choice":"Fight","damage_taken":0,"max_hp_gain":0,"max_hp_loss":0,"event_name":"Mysterious Sphere","floor":37,"gold_loss":0},{"damage_healed":0,"gold_gain":0,"player_choice":"Forge","damage_taken":0,"max_hp_gain":0,"max_hp_loss":0,"event_name":"Accursed Blacksmith","floor":39,"gold_loss":0,"cards_upgraded":["Juggernaut"]},{"damage_healed":0,"gold_gain":0,"player_choice":"Fight","damage_taken":0,"max_hp_gain":0,"max_hp_loss":0,"event_name":"MindBloom","floor":46,"gold_loss":0}],"is_beta":false,"boss_relics":[{"not_picked":["Velvet Choker","Calling Bell"],"picked":"Coffee Dripper"},{"not_picked":["Philosopher\u0027s Stone","Tiny House"],"picked":"SlaversCollar"}],"items_purged_floors":[22],"is_endless":false,"potions_floor_spawned":[6,8,11,12,13,14,16,18,21,23,25,27,28,28,29,33,35,37,40,42,44,45,46,47],"ascension_level":0}}