{"host":"rm0ctv8qd8mnbkg1","time":1613917193,"event":{"mods":["Aspiration","BaseMod","Beaked The Cultist","BetterRewards","Colored Map","DNKmod","Dark Map","Defuse TimeMaze Blight","Downfall","Friendly Minions","Hubris","Marisa????????","Minty Spire (QoL Compilation)","MostiFishMod","Permanent Neow","Rare Cards Sparkle","Relic Sorter","Reliquary","Replay The Spire","RumiaBox-????????","Shade Mod","Shop Mod","Spicy Shops","Spire Arcade","StSLib","The Construct","The Servant 0.9.4","TheVacant","Wandering Minibosses","[IsaacMod]????","??????REMEMod"],"gold_per_floor":[10012,8943,8968,8978,8994,8994,9022,9036,9060,9060,9060,9071,7870,7870,7870,7970,7970,7989,7999,7847,7861,7861,7889,7917,7943,7998,8029,8045,8245,8245,8258,8258,8367,8367,8385,8401,8140,8153,8172,8172,8203,8203,8203,7278,7278,7278,7278,7312,7312,7312],"floor_reached":51,"language":"ENG","playtime":712,"items_purged":["Injury","Clumsy"],"score":1295,"play_id":"c7a580ab-08f2-46ef-87d9-cdf204875c5a","local_time":"20210221141953","is_ascension_mode":true,"campfire_choices":[{"data":"Sadistic Nature","floor":6,"key":"SMITH"},{"data":"KillingDoll","floor":10,"key":"SMITH"},{"data":"beaked:WarriorSpirit","floor":15,"key":"SMITH"},{"data":"SilverBlades","floor":32,"key":"SMITH"},{"data":"MurderousAura","floor":40,"key":"SMITH"},{"data":"Rearm","floor":45,"key":"SMITH"},{"data":"Exchange","floor":49,"key":"SMITH"}],"circlet_count":0,"master_deck":["LightFlow+1","Strike_S","Strike_S","Strike_S","Strike_S","Defend_S","Defend_S","Defend_S","Defend_S","KidneyShot","Exchange+1","beaked:WarriorSpirit+1","Sadistic Nature+1","Gouge","Luminosity","Luminosity","Contraction","Ricochet","KillingDoll+1","FlawlessForm+1","Rearm+1","Sabotage","BestPractice","SilverBlades+1","MurderousAura+1","BestPractice+1","Luminosity"],"relics":["SplendidAttire","REME_ComplimentaryCards","DaveBox","HushsDoor","MoneyPower","Dodecahedron","aspiration:Nostalgia","Slimebound:AbsorbEndCombat","Tiny Chest","NineVolt","Bag of Marbles","Blue Doll","aspiration:EmptySkull","GremlinMask","Chemical X","StrikeDummy","ClockworkSouvenir","Slimebound:PreparedRelic","reliquary:PurpleTingedLeaf","reliquary:Stiletto","Eternal Feather","MysterySword","Potion Belt","CeramicFish","ReplayFunnel","Juzu Bracelet","PlanX","ReplayTheSpireMod:Ninjato","Bottled Flame","Smiling Mask","hexamod:CandleOfCauterizing","SalivaCoin","ReplayTheSpireMod:Shallot","Frozen Egg 2","Guide Book","GodSword3"],"acts_visited":["Exordium","TheCity","TheBeyond"],"potions_floor_usage":[],"damage_taken":[{"damage":0,"enemies":"Jaw Worm","floor":1,"turns":1},{"damage":0,"enemies":"Cultist","floor":4,"turns":1},{"damage":0,"enemies":"Small Slimes","floor":5,"turns":1},{"damage":0,"enemies":"3 Sentries","floor":7,"turns":1},{"damage":0,"enemies":"Exordium Thugs","floor":8,"turns":1},{"damage":0,"enemies":"Gremlin Gang","floor":12,"turns":1},{"damage":0,"enemies":"Slime Boss","floor":16,"turns":1},{"damage":0,"enemies":"Spheric Guardian","floor":18,"turns":1},{"damage":0,"enemies":"Chosen","floor":19,"turns":1},{"damage":0,"enemies":"Centurion and Healer","floor":21,"turns":1},{"damage":0,"enemies":"Gremlin Leader","floor":23,"turns":1},{"damage":0,"enemies":"Snecko","floor":24,"turns":1},{"damage":0,"enemies":"REME_1_Revenger","floor":25,"turns":1},{"damage":0,"enemies":"Book of Stabbing","floor":27,"turns":1},{"damage":0,"enemies":"Snake Plant","floor":28,"turns":1},{"damage":0,"enemies":"Cultist and Chosen","floor":31,"turns":1},{"damage":0,"enemies":"Champ","floor":33,"turns":1},{"damage":0,"enemies":"3 Darklings","floor":35,"turns":2},{"damage":0,"enemies":"Orb Walker","floor":36,"turns":1},{"damage":0,"enemies":"Writhing Mass","floor":38,"turns":1},{"damage":0,"enemies":"Jaw Worm Horde","floor":39,"turns":1},{"damage":0,"enemies":"Nemesis","floor":41,"turns":1},{"damage":0,"enemies":"Reptomancer","floor":48,"turns":1},{"damage":0,"enemies":"Time Eater","floor":50,"turns":1}],"seed_played":"-211091246505316110","potions_obtained":[{"floor":1,"key":"LifebloodPotion"},{"floor":4,"key":"Slimebound:ThreeZeroPotion"},{"floor":7,"key":"Energy Potion"},{"floor":24,"key":"Explosive Potion"},{"floor":27,"key":"Energy Potion"}],"is_trial":false,"path_per_floor":["M","$","?","M","M","R","E","M","T","R","?","M","$","T","R","B",null,"M","M","$","M","?","E","M","E","T","E","M","?","T","M","R","B",null,"M","M","$","M","M","R","E","?","T","$","R","?","?","E","R","B",null],"character_chosen":"THE_SERVANT","items_purchased":["Tiny Chest","NineVolt","Bag of Marbles","Sadistic Nature","Gouge","Luminosity","Chemical X","StrikeDummy","ClockworkSouvenir","Slimebound:PreparedRelic","reliquary:PurpleTingedLeaf","reliquary:Stiletto","Potion Belt","Bottled Flame","SalivaCoin","Luminosity","ReplayTheSpireMod:Shallot","Frozen Egg 2","Guide Book"],"campfire_rested":0,"item_purchase_floors":[2,2,2,2,2,2,13,13,13,13,13,13,20,37,44,44,44,44,44],"current_hp_per_floor":[1000,1000,1000,1000,1000,1000,1000,1000,1000,1000,1000,1000,1000,1000,1000,1000,1000,1000,1000,1000,1000,1000,1000,1000,1000,1000,1000,1000,1000,1000,1000,1000,1000,1000,1000,1000,1000,1000,1000,1000,1000,1000,1000,1000,1000,1000,1000,1000,1000,1000],"gold":7312,"neow_bonus":"NOSTALGIA","is_daily":false,"chose_seed":false,"campfire_upgraded":7,"win_rate":0.0,"timestamp":1613917193,"path_taken":["M","$","?","M","M","R","E","?","T","R","?","M","$","?","R","BOSS","M","M","$","?","?","E","M","E","T","E","M","?","?","M","R","BOSS","M","M","$","M","M","R","E","?","T","$","R","?","?","E","R","BOSS"],"items_purchased_type":["Relic","Relic","Relic","Card","Card","Card","Relic","Relic","Relic","Relic","Relic","Relic","Relic","Relic","Relic","Card","Relic","Relic","Relic"],"build_version":"2020-12-22","purchased_purges":2,"victory":true,"max_hp_per_floor":[1000,1000,1000,1000,1000,1000,1000,1000,1000,1000,1000,1000,1000,1000,1000,1000,1000,1000,1000,1000,1000,1000,1000,1000,1000,1000,1000,1000,1000,1000,1000,1000,1000,1000,1000,1000,1000,1000,1000,1000,1000,1000,1000,1000,1000,1000,1000,1000,1000,1000],"card_choices":[{"not_picked":[],"picked":"Bomb","floor":0},{"not_picked":["Replace","RealityMarble","Rewind"],"picked":"SKIP","floor":1},{"not_picked":["Replace","FloweringNight"],"picked":"Contraction","floor":4},{"not_picked":["Potential","FastForward"],"picked":"Ricochet","floor":5},{"not_picked":["Comet","Potential"],"picked":"KillingDoll","floor":7},{"not_picked":["Reset","Unruled","Deadline"],"picked":"SKIP","floor":8},{"not_picked":["Ricochet","MoonPhase","DoubleEdge"],"picked":"SKIP","floor":12},{"not_picked":["Duplication","Deny"],"picked":"FlawlessForm","floor":16},{"not_picked":["Defy","Revamp"],"picked":"Rearm","floor":18},{"not_picked":["Unruled+1","Replace"],"picked":"Sabotage","floor":19},{"not_picked":["Manipulate","Collapse"],"picked":"BestPractice","floor":21},{"not_picked":["Contraction","FanOfKnives","Replace"],"picked":"SKIP","floor":23},{"not_picked":["Collapse","DoubleEdge"],"picked":"SilverBlades","floor":24},{"not_picked":["Revamp","ReturningBlade","TimeWarp"],"picked":"SKIP","floor":25},{"not_picked":["TheWorld","TimeWarp","Moonlight"],"picked":"SKIP","floor":27},{"not_picked":["Moonlight+1","Spin+1","Deadline"],"picked":"SKIP","floor":28},{"not_picked":["TimeWarp","Sabotage","BottledTime"],"picked":"SKIP","floor":31},{"not_picked":["PendulumOfEternity","ForgedInTime"],"picked":"MurderousAura","floor":33},{"not_picked":["MoonPhase+1","Defy+1","ShatteredReality"],"picked":"SKIP","floor":35},{"not_picked":["Potential+1","Dilation","Ricochet"],"picked":"SKIP","floor":36},{"not_picked":["ShiftingGears+1","WasteNot+1","Defy"],"picked":"SKIP","floor":38},{"not_picked":["Moondial+1","FastForward+1"],"picked":"BestPractice+1","floor":39},{"not_picked":["FastForward","Defy+1","Spin+1"],"picked":"SKIP","floor":41},{"not_picked":["WasteNot+1","BottledTime+1","Comet+1"],"picked":"SKIP","floor":48}],"player_experience":391414,"relics_obtained":[{"floor":7,"key":"Blue Doll"},{"floor":9,"key":"aspiration:EmptySkull"},{"floor":14,"key":"Eternal Feather"},{"floor":23,"key":"CeramicFish"},{"floor":25,"key":"ReplayFunnel"},{"floor":26,"key":"Juzu Bracelet"},{"floor":27,"key":"PlanX"},{"floor":30,"key":"ReplayTheSpireMod:Ninjato"},{"floor":41,"key":"Smiling Mask"},{"floor":43,"key":"hexamod:CandleOfCauterizing"},{"floor":48,"key":"GodSword3"}],"event_choices":[{"damage_healed":0,"gold_gain":0,"player_choice":"Trade","damage_taken":0,"relics_obtained":["GremlinMask"],"max_hp_gain":0,"max_hp_loss":0,"event_name":"FaceTrader","floor":11,"gold_loss":0},{"damage_healed":0,"gold_gain":200,"player_choice":"Gold","damage_taken":0,"max_hp_gain":0,"max_hp_loss":0,"event_name":"Wheel of Change","floor":29,"gold_loss":0},{"damage_healed":0,"gold_gain":0,"player_choice":"Ignored","damage_taken":0,"max_hp_gain":0,"max_hp_loss":0,"event_name":"Tomb of Lord Red Mask","floor":47,"gold_loss":0}],"is_beta":false,"boss_relics":[{"not_picked":["Replay:Grab Bag","hubris:Stopwatch"],"picked":"MysterySword"},{"not_picked":[]},{"not_picked":["Calling Bell","reliquary:Craggleroot"],"picked":"SplendidAttire"},{"not_picked":[]}],"items_purged_floors":[2,13],"is_endless":false,"potions_floor_spawned":[1,4,7,19,21,24,27,36,39],"ascension_level":1}}