{"host":"otnudku6n3tqcmrv","time":1613917482,"event":{"mods":["BaseMod","CapriCore","Colored Map","DeckTracker","KOR Keyword Fix","Keyboard Shortcuts","Minty Spire (QoL Compilation)","Quick Restart","StSLib","SuperFastMode","The Immortal","Waifu the Spire","everything is the same but u backflip on backflip"],"gold_per_floor":[114,114,129,144,69,99,149,179,179,179,209,221,233,275,287,399,411,438,450,477,504,266,296,296,326,401,500,500,530,167,182,182,282,282,297,312,312,162,162,192,192,222,222,222,252,252,282,282,282,282],"floor_reached":51,"language":"KOR","playtime":1315,"items_purged":["Bane","EmptyBody","Well Laid Plans"],"score":1218,"play_id":"a526d2bb-b27e-4872-8ca8-027451148be6","local_time":"20210221232442","daily_mods":["SealedDeck","Green Cards","Elite Swarm"],"is_ascension_mode":false,"campfire_choices":[{"data":"Fasting2","floor":10,"key":"SMITH"},{"data":"TalkToTheHand","floor":13,"key":"SMITH"},{"floor":15,"key":"DIG"},{"floor":24,"key":"DIG"},{"floor":32,"key":"DIG"},{"data":"Acrobatics","floor":41,"key":"SMITH"},{"floor":49,"key":"DIG"}],"circlet_count":0,"master_deck":["Consecrate","Evaluate","Cloak And Dagger","Fasting2+1","Dagger Spray","Dagger Spray","Escape Plan","TalkToTheHand+1","Infinite Blades","Adrenaline+1","Scrawl","Blur+1","PiercingWail","After Image","After Image","Adrenaline","Acrobatics+1","Calculated Gamble+1","Grand Finale","Flash of Steel"],"relics":["PureWater","Prayer Wheel","Bronze Scales","Shovel","White Beast Statue","MawBank","MealTicket","Letter Opener","SacredBark","TheAbacus","Orichalcum","Mercury Hourglass","Pantograph","Bottled Lightning","HornCleat","Membership Card","Ancient Tea Set","Art of War","Juzu Bracelet","Black Star","Medical Kit","Akabeko","Bag of Preparation","Eternal Feather","Meat on the Bone","Unceasing Top","Sundial","FossilizedHelix","Oddly Smooth Stone","Dream Catcher","Bottled Tornado","Blue Candle"],"acts_visited":["Exordium","TheCity","TheBeyond"],"potions_floor_usage":[25,36,47,50],"damage_taken":[{"damage":1,"enemies":"Small Slimes","floor":1,"turns":3},{"damage":0,"enemies":"2 Louse","floor":3,"turns":1},{"damage":0,"enemies":"Cultist","floor":4,"turns":3},{"damage":8,"enemies":"Gremlin Nob","floor":6,"turns":4},{"damage":13,"enemies":"Lagavulin Event","floor":7,"turns":5},{"damage":0,"enemies":"Lagavulin","floor":8,"turns":5},{"damage":2,"enemies":"Gremlin Nob","floor":11,"turns":3},{"damage":0,"enemies":"Lagavulin","floor":14,"turns":5},{"damage":29,"enemies":"The Guardian","floor":16,"turns":7},{"damage":1,"enemies":"Chosen","floor":18,"turns":3},{"damage":1,"enemies":"2 Thieves","floor":20,"turns":2},{"damage":1,"enemies":"Cultist and Chosen","floor":21,"turns":4},{"damage":0,"enemies":"Book of Stabbing","floor":23,"turns":5},{"damage":0,"enemies":"Slavers","floor":25,"turns":2},{"damage":2,"enemies":"Gremlin Leader","floor":29,"turns":5},{"damage":0,"enemies":"Snake Plant","floor":31,"turns":4},{"damage":0,"enemies":"Collector","floor":33,"turns":11},{"damage":0,"enemies":"3 Darklings","floor":35,"turns":3},{"damage":0,"enemies":"3 Shapes","floor":36,"turns":2},{"damage":0,"enemies":"Reptomancer","floor":40,"turns":6},{"damage":7,"enemies":"Giant Head","floor":42,"turns":8},{"damage":0,"enemies":"Nemesis","floor":45,"turns":9},{"damage":0,"enemies":"Reptomancer","floor":47,"turns":4},{"damage":0,"enemies":"Donu and Deca","floor":50,"turns":6}],"seed_played":"-7397021786818157212","potions_obtained":[{"floor":6,"key":"Explosive Potion"},{"floor":8,"key":"SkillPotion"},{"floor":11,"key":"GamblersBrew"},{"floor":25,"key":"Energy Potion"},{"floor":29,"key":"Fruit Juice"},{"floor":36,"key":"PowerPotion"},{"floor":47,"key":"SteroidPotion"}],"is_trial":false,"path_per_floor":["M","?","M","M","$","E","?","E","T","R","E","?","R","E","R","B",null,"M","?","M","M","$","E","R","E","T","?","?","E","$","M","R","B",null,"M","M","?","$","?","E","R","E","T","?","E","?","E","?","R","B",null],"character_chosen":"WATCHER","items_purchased":["TheAbacus","Membership Card","Ancient Tea Set","Art of War","Medical Kit","Akabeko"],"campfire_rested":0,"item_purchase_floors":[22,30,30,30,38,38],"current_hp_per_floor":[71,71,71,71,71,63,50,50,50,50,48,53,53,53,53,24,77,76,76,75,74,77,77,77,77,77,77,77,75,77,77,77,77,77,77,87,87,87,83,83,83,76,76,76,76,76,76,66,78,83],"gold":282,"neow_bonus":"","is_daily":true,"chose_seed":false,"campfire_upgraded":3,"win_rate":0.0,"timestamp":1613917482,"path_taken":["M","?","M","M","$","E","?","E","T","R","E","?","R","E","R","BOSS","M","?","M","M","$","E","R","E","T","?","?","E","$","M","R","BOSS","M","M","?","$","?","E","R","E","T","?","E","?","E","?","R","BOSS"],"items_purchased_type":["Relic","Relic","Relic","Relic","Relic","Relic"],"build_version":"2020-12-22","purchased_purges":3,"victory":true,"max_hp_per_floor":[72,72,72,72,72,72,72,72,72,72,72,77,77,77,77,77,77,77,77,77,77,77,77,77,77,77,77,77,77,77,77,77,77,77,77,87,87,87,83,83,83,83,83,83,83,83,83,83,83,83],"card_choices":[{"not_picked":["EmptyBody","SashWhip"],"picked":"TalkToTheHand","floor":1},{"not_picked":["WindmillStrike","EmptyBody","FlurryOfBlows"],"picked":"SKIP","floor":3},{"not_picked":["Dodge and Roll","Infinite Blades","ClearTheMind"],"picked":"SKIP","floor":4},{"not_picked":["Dodge and Roll","ClearTheMind"],"picked":"Infinite Blades","floor":4},{"not_picked":["SpiritShield","Alpha","Tools of the Trade"],"picked":"SKIP","floor":6},{"not_picked":["Vault","Establishment"],"picked":"Adrenaline","floor":8},{"not_picked":["Grand Finale","Establishment","Malaise"],"picked":"SKIP","floor":11},{"not_picked":["Burst","Phantasmal Killer","Judgement"],"picked":"SKIP","floor":14},{"not_picked":["DeusExMachina","Brilliance"],"picked":"Scrawl","floor":16},{"not_picked":["Flying Knee+1","Wireheading+1"],"picked":"Blur+1","floor":18},{"not_picked":["ClearTheMind","FlurryOfBlows","Infinite Blades"],"picked":"SKIP","floor":18},{"not_picked":["Crippling Poison","Halt+1","FlyingSleeves"],"picked":"SKIP","floor":20},{"not_picked":["Worship+1","Evaluate","Distraction"],"picked":"SKIP","floor":20},{"not_picked":["Well Laid Plans+1","LikeWater"],"picked":"PiercingWail","floor":21},{"not_picked":["Flying Knee","SignatureMove","Setup"],"picked":"SKIP","floor":21},{"not_picked":["DevaForm","MasterReality"],"picked":"After Image","floor":23},{"not_picked":["Vault","Wish"],"picked":"After Image","floor":25},{"not_picked":["Storm of Steel","Phantasmal Killer"],"picked":"Adrenaline","floor":29},{"not_picked":["Quick Slash","Wallop"],"picked":"Acrobatics","floor":31},{"not_picked":["PathToVictory","Swivel","InnerPeace+1"],"picked":"SKIP","floor":31},{"not_picked":["FlyingSleeves+1","FearNoEvil"],"picked":"Calculated Gamble+1","floor":35},{"not_picked":["Bane","Conclude","PathToVictory+1"],"picked":"SKIP","floor":35},{"not_picked":["Prostrate","Crescendo","SashWhip+1"],"picked":"SKIP","floor":36},{"not_picked":["Crescendo+1","JustLucky","Weave"],"picked":"SKIP","floor":36},{"not_picked":["Unload","Die Die Die"],"picked":"Grand Finale","floor":40},{"not_picked":["Unload","Tools of the Trade","Establishment"],"picked":"SKIP","floor":42},{"not_picked":["Venomology","ConjureBlade","LessonLearned"],"picked":"SKIP","floor":45},{"not_picked":["Corpse Explosion","Judgement","MasterReality"],"picked":"SKIP","floor":47},{"not_picked":["Blind","Enlightenment"],"picked":"Flash of Steel","floor":48}],"player_experience":1307059,"relics_obtained":[{"floor":6,"key":"Prayer Wheel"},{"floor":7,"key":"Bronze Scales"},{"floor":8,"key":"Shovel"},{"floor":9,"key":"White Beast Statue"},{"floor":11,"key":"MawBank"},{"floor":14,"key":"MealTicket"},{"floor":15,"key":"Letter Opener"},{"floor":23,"key":"Orichalcum"},{"floor":24,"key":"Mercury Hourglass"},{"floor":25,"key":"Pantograph"},{"floor":26,"key":"Bottled Lightning"},{"floor":29,"key":"HornCleat"},{"floor":32,"key":"Juzu Bracelet"},{"floor":40,"key":"Bag of Preparation"},{"floor":40,"key":"Eternal Feather"},{"floor":42,"key":"Meat on the Bone"},{"floor":42,"key":"Unceasing Top"},{"floor":43,"key":"Sundial"},{"floor":45,"key":"FossilizedHelix"},{"floor":45,"key":"Oddly Smooth Stone"},{"floor":47,"key":"Dream Catcher"},{"floor":47,"key":"Bottled Tornado"},{"floor":49,"key":"Blue Candle"}],"event_choices":[{"damage_healed":0,"gold_gain":0,"player_choice":"Ignored","damage_taken":0,"max_hp_gain":0,"max_hp_loss":0,"event_name":"Liars Game","floor":2,"gold_loss":0},{"damage_healed":0,"gold_gain":0,"player_choice":"Searched \u00271\u0027 times","damage_taken":0,"max_hp_gain":0,"max_hp_loss":0,"event_name":"Dead Adventurer","floor":7,"gold_loss":0},{"damage_healed":0,"gold_gain":0,"player_choice":"Donut","damage_taken":0,"max_hp_gain":5,"max_hp_loss":0,"event_name":"Big Fish","floor":12,"gold_loss":0},{"damage_healed":0,"gold_gain":0,"player_choice":"Ignored","damage_taken":0,"max_hp_gain":0,"max_hp_loss":0,"event_name":"Cursed Tome","floor":19,"gold_loss":0},{"damage_healed":0,"gold_gain":99,"player_choice":"Stole From Cult","damage_taken":0,"max_hp_gain":0,"max_hp_loss":0,"event_name":"Nest","floor":27,"gold_loss":0},{"damage_healed":0,"gold_gain":0,"player_choice":"Ignored","damage_taken":0,"max_hp_gain":0,"max_hp_loss":0,"event_name":"Ghosts","floor":28,"gold_loss":0},{"damage_healed":0,"gold_gain":0,"player_choice":"Upgraded","damage_taken":0,"max_hp_gain":0,"max_hp_loss":0,"event_name":"Upgrade Shrine","floor":37,"gold_loss":0,"cards_upgraded":["Adrenaline"]},{"damage_healed":0,"gold_gain":0,"player_choice":"Max HP","damage_taken":0,"max_hp_gain":0,"max_hp_loss":4,"event_name":"Winding Halls","floor":39,"gold_loss":0},{"damage_healed":0,"gold_gain":0,"player_choice":"Ignored","damage_taken":0,"max_hp_gain":0,"max_hp_loss":0,"event_name":"Tomb of Lord Red Mask","floor":44,"gold_loss":0},{"damage_healed":0,"gold_gain":0,"player_choice":"Ignored","damage_taken":0,"max_hp_gain":0,"max_hp_loss":0,"event_name":"SecretPortal","floor":46,"gold_loss":0},{"damage_healed":0,"gold_gain":0,"player_choice":"Memory 3","damage_taken":10,"max_hp_gain":0,"max_hp_loss":0,"event_name":"SensoryStone","floor":48,"gold_loss":0}],"is_beta":false,"boss_relics":[{"not_picked":["Runic Dome","Astrolabe"],"picked":"SacredBark"},{"not_picked":["Coffee Dripper","Fusion Hammer"],"picked":"Black Star"}],"items_purged_floors":[5,22,30],"is_endless":false,"potions_floor_spawned":[6,8,11,14,16,18,20,21,23,25,29,31,33,35,36,40,42,45,47],"ascension_level":0}}