{"host":"iv24d026eac8pm4e","time":1613901746,"event":{"mods":["BaseMod","Minty Spire (QoL Compilation)"],"gold_per_floor":[114,127,142,155,175,175,202,202,249,249,262,273,348,10,10,88,88,104,118,133,153,153,153,153],"floor_reached":23,"language":"ENG","playtime":1098,"items_purged":[],"score":394,"play_id":"f0ed7159-fedb-4a58-ac39-b02af6af8620","local_time":"20210221020226","is_ascension_mode":true,"campfire_choices":[{"data":"Neutralize","floor":6,"key":"SMITH"},{"data":"Finisher","floor":8,"key":"SMITH"},{"data":"Flying Knee","floor":10,"key":"SMITH"},{"floor":15,"key":"REST"}],"circlet_count":0,"master_deck":["AscendersBane","Survivor","Neutralize+1","Finisher+1","Flying Knee+1","Backstab","Dagger Spray+1","Escape Plan","Footwork","Infinite Blades","Bullet Time","Malaise","Adrenaline","Crippling Poison","Bouncing Flask","Dodge and Roll","Caltrops","Outmaneuver","Well Laid Plans","Setup","Backflip","Deflect","Escape Plan","Storm of Steel","Accuracy"],"relics":["Ring of the Snake","Whetstone","Regal Pillow","Membership Card","Kunai","Pandora\u0027s Box","StrikeDummy"],"acts_visited":["Exordium","TheCity"],"potions_floor_usage":[5,7,16],"damage_taken":[{"damage":0,"enemies":"Small Slimes","floor":1,"turns":5},{"damage":1,"enemies":"Jaw Worm","floor":2,"turns":4},{"damage":4,"enemies":"Cultist","floor":3,"turns":3},{"damage":7,"enemies":"Exordium Thugs","floor":4,"turns":3},{"damage":0,"enemies":"Gremlin Gang","floor":5,"turns":4},{"damage":7,"enemies":"3 Sentries","floor":7,"turns":6},{"damage":5,"enemies":"Red Slaver","floor":11,"turns":2},{"damage":4,"enemies":"2 Fungi Beasts","floor":12,"turns":2},{"damage":7,"enemies":"The Guardian","floor":16,"turns":11},{"damage":0,"enemies":"3 Byrds","floor":18,"turns":5},{"damage":12,"enemies":"2 Thieves","floor":19,"turns":4},{"damage":13,"enemies":"Shelled Parasite and Fungi","floor":20,"turns":5},{"damage":23,"enemies":"Snecko","floor":21,"turns":5},{"damage":24,"enemies":"Gremlin Leader","floor":23,"turns":7}],"seed_played":"-8956452137989957449","potions_obtained":[{"floor":1,"key":"DistilledChaos"},{"floor":5,"key":"AttackPotion"},{"floor":12,"key":"ColorlessPotion"},{"floor":16,"key":"LiquidBronze"}],"is_trial":false,"path_per_floor":["M","M","M","M","M","R","E","R","T","R","M","M","?","$","R","B",null,"M","M","M","M","T","E"],"character_chosen":"THE_SILENT","items_purchased":["Membership Card","Kunai","Infinite Blades"],"campfire_rested":1,"item_purchase_floors":[14,14,14],"current_hp_per_floor":[65,64,60,53,53,53,46,46,46,46,41,37,26,26,62,55,68,68,56,43,20,20,0,0],"gold":153,"neow_bonus":"TEN_PERCENT_HP_BONUS","is_daily":false,"chose_seed":false,"campfire_upgraded":3,"win_rate":0.0,"timestamp":1613901746,"path_taken":["M","M","M","M","M","R","E","R","T","R","M","M","?","?","R","BOSS","M","M","M","?","?","E"],"items_purchased_type":["Relic","Relic","Card"],"build_version":"2020-12-22","purchased_purges":0,"victory":false,"max_hp_per_floor":[72,72,72,72,72,72,72,72,72,72,72,72,72,72,72,72,72,72,72,72,72,72,72,72],"card_choices":[{"not_picked":["Concentrate","Cloak And Dagger"],"picked":"Finisher","floor":1},{"not_picked":["Calculated Gamble","PiercingWail"],"picked":"Flying Knee","floor":2},{"not_picked":["Dodge and Roll","Sucker Punch"],"picked":"Backstab","floor":3},{"not_picked":["Eviscerate","Outmaneuver","Deadly Poison"],"picked":"SKIP","floor":4},{"not_picked":["Finisher","Poisoned Stab"],"picked":"Dagger Spray","floor":5},{"not_picked":["Tactician","Outmaneuver"],"picked":"Escape Plan","floor":7},{"not_picked":["Sucker Punch","Grand Finale","Quick Slash"],"picked":"SKIP","floor":11},{"not_picked":["Dodge and Roll","Underhanded Strike"],"picked":"Footwork","floor":12},{"not_picked":["Grand Finale","Burst"],"picked":"Bullet Time","floor":16},{"not_picked":["Sucker Punch+1","Acrobatics"],"picked":"Deflect","floor":18},{"not_picked":["Deflect","Backflip"],"picked":"Escape Plan","floor":19},{"not_picked":["Terror","Dash"],"picked":"Storm of Steel","floor":20},{"not_picked":["Backflip","Dagger Throw"],"picked":"Accuracy","floor":21}],"player_experience":2546977,"relics_obtained":[{"floor":7,"key":"Whetstone"},{"floor":9,"key":"Regal Pillow"},{"floor":22,"key":"StrikeDummy"}],"event_choices":[{"damage_healed":0,"gold_gain":75,"player_choice":"Gather Gold","damage_taken":11,"max_hp_gain":0,"max_hp_loss":0,"event_name":"World of Goop","floor":13,"gold_loss":0}],"is_beta":false,"boss_relics":[{"not_picked":["WristBlade","Ring of the Serpent"],"picked":"Pandora\u0027s Box"}],"items_purged_floors":[],"is_endless":false,"potions_floor_spawned":[1,5,12,16],"killed_by":"Gremlin Leader","ascension_level":20}}