{"host":"iv24d026eac8pm4e","time":1613932232,"event":{"mods":["BaseMod","Minty Spire (QoL Compilation)"],"gold_per_floor":[115,133,152,168,188,188,199,199,199,199,229,229,19,19,19],"floor_reached":14,"language":"ENG","playtime":522,"items_purged":[],"score":184,"play_id":"0edc3d0b-9adc-4e80-8373-97550f01a150","local_time":"20210221103032","is_ascension_mode":true,"campfire_choices":[{"data":"Blade Dance","floor":6,"key":"SMITH"},{"data":"All Out Attack","floor":10,"key":"SMITH"},{"data":"Cloak And Dagger","floor":12,"key":"SMITH"}],"circlet_count":0,"master_deck":["AscendersBane","Strike_G","Strike_G","Strike_G","Strike_G","Strike_G","Defend_G","Defend_G","Defend_G","Defend_G","Defend_G","Survivor","Neutralize","Blade Dance+1","All Out Attack+1","Flying Knee","Finisher","Dodge and Roll","Cloak And Dagger+1","Well Laid Plans"],"relics":["Ring of the Snake","StoneCalendar","Eternal Feather","Ornamental Fan","Vajra"],"acts_visited":["Exordium"],"potions_floor_usage":[7,7],"damage_taken":[{"damage":6,"enemies":"Cultist","floor":1,"turns":5},{"damage":4,"enemies":"Small Slimes","floor":2,"turns":3},{"damage":3,"enemies":"2 Louse","floor":3,"turns":2},{"damage":15,"enemies":"Looter","floor":4,"turns":4},{"damage":4,"enemies":"Red Slaver","floor":5,"turns":5},{"damage":14,"enemies":"Large Slime","floor":7,"turns":6},{"damage":14,"enemies":"3 Sentries","floor":11,"turns":7},{"damage":35,"enemies":"Gremlin Nob","floor":14,"turns":3}],"seed_played":"6130460803474144182","potions_obtained":[{"floor":2,"key":"Explosive Potion"},{"floor":5,"key":"Regen Potion"}],"is_trial":false,"path_per_floor":["M","M","M","M","M","R","M","?","T","R","E","R","$","E"],"character_chosen":"THE_SILENT","items_purchased":["Vajra","Well Laid Plans"],"campfire_rested":0,"item_purchase_floors":[13,13],"current_hp_per_floor":[59,55,52,37,33,33,34,29,29,38,24,33,33,0,0],"gold":19,"neow_bonus":"TEN_PERCENT_HP_BONUS","is_daily":false,"chose_seed":false,"campfire_upgraded":3,"win_rate":0.0,"timestamp":1613932232,"path_taken":["M","M","M","M","M","R","M","?","T","R","E","R","$","E"],"items_purchased_type":["Relic","Card"],"build_version":"2020-12-22","purchased_purges":0,"victory":false,"max_hp_per_floor":[72,72,72,72,72,72,72,72,72,72,72,72,72,72,72],"card_choices":[{"not_picked":["Caltrops","Acrobatics"],"picked":"Blade Dance","floor":1},{"not_picked":["Dodge and Roll","Well Laid Plans"],"picked":"All Out Attack","floor":2},{"not_picked":["Outmaneuver","Masterful Stab","Slice"],"picked":"SKIP","floor":3},{"not_picked":["Infinite Blades","Bane"],"picked":"Flying Knee","floor":4},{"not_picked":["Bane","Prepared"],"picked":"Finisher","floor":5},{"not_picked":["Prepared","All Out Attack"],"picked":"Dodge and Roll","floor":7},{"not_picked":["Night Terror","Setup"],"picked":"Cloak And Dagger","floor":11}],"player_experience":2559671,"relics_obtained":[{"floor":9,"key":"Eternal Feather"},{"floor":11,"key":"Ornamental Fan"}],"event_choices":[{"damage_healed":0,"gold_gain":0,"player_choice":"Success","damage_taken":5,"relics_obtained":["StoneCalendar"],"max_hp_gain":0,"max_hp_loss":0,"event_name":"Scrap Ooze","floor":8,"gold_loss":0}],"is_beta":false,"boss_relics":[],"items_purged_floors":[],"is_endless":false,"potions_floor_spawned":[2,5],"killed_by":"Gremlin Nob","ascension_level":20}}