{"host":"rm0ctv8qd8mnbkg1","time":1613921291,"event":{"mods":["Aspiration","BaseMod","Beaked The Cultist","BetterRewards","Colored Map","DNKmod","Dark Map","Defuse TimeMaze Blight","Downfall","Friendly Minions","Hubris","Marisa????????","Minty Spire (QoL Compilation)","MostiFishMod","Permanent Neow","Rare Cards Sparkle","Relic Sorter","Reliquary","Replay The Spire","RumiaBox-????????","Shade Mod","Shop Mod","Spicy Shops","Spire Arcade","StSLib","The Construct","The Servant 0.9.4","TheVacant","Wandering Minibosses","[IsaacMod]????","??????REMEMod"],"gold_per_floor":[10116,9965,9965,9965,10040,10065,10065,10065,10119,10136,10170,10188,8750,8778,8778,8883,8883,8901,8412,8412,8428,8441,8441,8472,8472,8472,8485,8504,8246,8346,8365,8365,8463,8463,8479,8498,8598,7519,7519,7519],"floor_reached":39,"language":"ENG","playtime":866,"items_purged":[],"score":871,"play_id":"62fdd0d3-458c-48b4-98d3-c48ddc6a08b4","local_time":"20210221152811","is_ascension_mode":true,"campfire_choices":[{"data":"Vault","floor":8,"key":"SMITH"},{"data":"Iron Wave","floor":15,"key":"SMITH"},{"data":"MostiFishMod:HellRitual","floor":23,"key":"SMITH"},{"data":"J.A.X.","floor":25,"key":"SMITH"},{"data":"Berserk","floor":32,"key":"SMITH"}],"circlet_count":0,"master_deck":["Strike_R","Strike_R","Strike_R","Strike_R","Strike_R+1","Defend_R","Defend_R","Defend_R","Defend_R","Bash","DoctorFetus","Vault+1","Rupture+1","hubris:SharpeningStone+1","Thunderclap","Thunderclap+1","Iron Wave+1","Combust","MostiFishMod:HellRitual+1","REME_Cut","Replay:Undeath\u0027s Touch","Whirlwind","J.A.X.+1","Berserk+1","Flex","Sword Boomerang","Rampage","Barricade+1","Twin Strike","Combust","hubris:SharpeningStone+1","MostiFishMod:KnuckleDown","Combust","ReplayTheSpireMod:Muscle Training"],"relics":["Burning Blood","REME_ComplimentaryCards","DaveBox","HushsDoor","Chaos","Sling","TheBean","reliquary:FingerTrap","Gremlin Horn","MegaBlast","reliquary:PurpleTingedLeaf","BlankCard","ForgetMeNow","champ:Barbells","aspiration:SecretTechniqueScroll","reliquary:RadioactivePellet","GuppysTail","NineVolt","Akabeko","hubris:TenFootPole","Oddly Smooth Stone","FossilizedHelix","wanderingMiniBosses:OtherGremlinHorn","Membership Card","aspiration:Nostalgia","Cracked Core","StrikeDummy","BirthdayGift-Icosahedron","sneckomod:SneckoTalon","Tiny House"],"acts_visited":["Exordium","TheCity","TheBeyond"],"potions_floor_usage":[27],"damage_taken":[{"damage":0,"enemies":"Small Slimes","floor":1,"turns":3},{"damage":5,"enemies":"3 Sentries","floor":6,"turns":4},{"damage":0,"enemies":"2 Louse","floor":10,"turns":1},{"damage":0,"enemies":"Gremlin Nob","floor":11,"turns":3},{"damage":0,"enemies":"Cultist","floor":12,"turns":3},{"damage":0,"enemies":"3 Sentries","floor":14,"turns":1},{"damage":0,"enemies":"The Guardian","floor":16,"turns":1},{"damage":0,"enemies":"Chosen","floor":18,"turns":3},{"damage":0,"enemies":"Shell Parasite","floor":21,"turns":2},{"damage":0,"enemies":"Chosen and Byrds","floor":22,"turns":1},{"damage":0,"enemies":"Book of Stabbing","floor":24,"turns":2},{"damage":18,"enemies":"Snecko","floor":27,"turns":5},{"damage":0,"enemies":"Centurion and Healer","floor":28,"turns":2},{"damage":14,"enemies":"Colosseum Slavers","floor":30,"turns":2},{"damage":0,"enemies":"Colosseum Nobs","floor":30,"turns":2},{"damage":0,"enemies":"Cultist and Chosen","floor":31,"turns":3},{"damage":0,"enemies":"Automaton","floor":33,"turns":4},{"damage":0,"enemies":"3 Darklings","floor":35,"turns":1},{"damage":0,"enemies":"Orb Walker","floor":36,"turns":1},{"damage":0,"enemies":"Sphere and 2 Shapes","floor":39,"turns":1}],"seed_played":"-4568277226123063995","potions_obtained":[{"floor":11,"key":"Ancient Potion"},{"floor":21,"key":"Dexterity Potion"},{"floor":24,"key":"Explosive Potion"},{"floor":31,"key":"AttackPotion"},{"floor":35,"key":"Slimebound:ThreeZeroPotion"},{"floor":36,"key":"EssenceOfSteel"}],"is_trial":false,"path_per_floor":["M","$","?","?","?","E","?","R","T","M","E","M","$","E","R","B",null,"M","$","?","M","M","R","E","R","T","M","M","$","?","M","R","B",null,"M","M","?","$","M"],"character_chosen":"IRONCLAD","items_purchased":["TheBean","MegaBlast","reliquary:PurpleTingedLeaf","Combust","BlankCard","ForgetMeNow","champ:Barbells","GuppysTail","REME_Cut","NineVolt","Akabeko","Whirlwind","hubris:TenFootPole","Membership Card","Flex","Sword Boomerang","Rampage","sneckomod:SneckoTalon","Tiny House","Combust","ReplayTheSpireMod:Muscle Training"],"campfire_rested":0,"item_purchase_floors":[2,13,13,13,13,13,13,17,17,19,19,19,19,29,29,29,29,38,38,38,38],"current_hp_per_floor":[1000,1000,1000,1000,989,990,990,990,990,996,1000,1000,1000,1000,1000,1000,987,987,987,987,987,987,987,987,987,987,976,982,982,982,987,987,987,987,987,987,987,992,992,992],"gold":7519,"neow_bonus":"HUNDRED_GOLD","is_daily":false,"chose_seed":false,"campfire_upgraded":5,"win_rate":0.0,"timestamp":1613921291,"path_taken":["M","$","?","?","?","E","?","R","T","M","E","M","$","E","R","BOSS","M","$","?","?","M","R","E","R","T","M","M","$","?","?","R","BOSS","M","M","?","$","M"],"items_purchased_type":["Relic","Relic","Relic","Card","Relic","Relic","Relic","Relic","Card","Relic","Relic","Card","Relic","Relic","Card","Card","Card","Relic","Relic","Card","Card"],"build_version":"2020-12-22","purchased_purges":0,"victory":false,"max_hp_per_floor":[1000,1000,1000,1000,1000,1000,1000,1000,1000,1000,1000,1000,1000,1000,1000,1000,987,987,987,987,987,987,987,987,987,987,987,987,987,987,987,987,987,987,987,987,987,992,992,992],"card_choices":[{"not_picked":[],"picked":"DoctorFetus","floor":0},{"not_picked":["Warcry","True Grit"],"picked":"Rupture","floor":1},{"not_picked":["REME_Scribble","Clash"],"picked":"hubris:SharpeningStone","floor":6},{"not_picked":["hubris:ReadiedAction","Bomb"],"picked":"Thunderclap","floor":10},{"not_picked":["MostiFishMod:PerfectStrikeMKII","Armaments"],"picked":"Thunderclap","floor":11},{"not_picked":["Headbutt","Armaments"],"picked":"Iron Wave","floor":12},{"not_picked":["Body Slam","Bomb","Battle Trance"],"picked":"SKIP","floor":14},{"not_picked":["hubris:StunningStrike","MostiFishMod:FireWorks"],"picked":"MostiFishMod:HellRitual","floor":16},{"not_picked":["Flame Barrier","Headbutt"],"picked":"Replay:Undeath\u0027s Touch","floor":18},{"not_picked":["Perfected Strike","Dual Wield","True Grit+1"],"picked":"SKIP","floor":21},{"not_picked":["Shrug It Off","Havoc","Heavy Blade+1"],"picked":"SKIP","floor":22},{"not_picked":["Replay:Undeath\u0027s Touch","Hemokinesis"],"picked":"Berserk","floor":24},{"not_picked":["Iron Wave","Headbutt","Clash"],"picked":"SKIP","floor":27},{"not_picked":["Battle Trance","Shrug It Off","Body Slam"],"picked":"SKIP","floor":28},{"not_picked":["Body Slam+1","hubris:ReadiedAction","Fiend Fire"],"picked":"SKIP","floor":31},{"not_picked":["Reaper","REME_ACTH"],"picked":"Barricade","floor":33},{"not_picked":["Perfected Strike+1","Defy Death"],"picked":"Twin Strike","floor":35},{"not_picked":["Massacre+1","Armaments+1"],"picked":"Combust","floor":36},{"not_picked":["Spot Weakness+1","Uppercut+1"],"picked":"hubris:SharpeningStone+1","floor":37},{"not_picked":["Armaments+1","Searing Blow"],"picked":"MostiFishMod:KnuckleDown","floor":38}],"player_experience":395166,"relics_obtained":[{"floor":6,"key":"reliquary:FingerTrap"},{"floor":11,"key":"Gremlin Horn"},{"floor":14,"key":"aspiration:SecretTechniqueScroll"},{"floor":24,"key":"Oddly Smooth Stone"},{"floor":26,"key":"FossilizedHelix"},{"floor":27,"key":"wanderingMiniBosses:OtherGremlinHorn"},{"floor":30,"key":"aspiration:Nostalgia"},{"floor":30,"key":"StrikeDummy"}],"event_choices":[{"damage_healed":0,"gold_gain":0,"player_choice":"Leave","damage_taken":0,"max_hp_gain":0,"max_hp_loss":0,"event_name":"The Cleric","floor":3,"gold_loss":0},{"damage_healed":0,"gold_gain":0,"player_choice":"Bought 0 Potions","damage_taken":0,"max_hp_gain":0,"max_hp_loss":0,"event_name":"The Woman in Blue","floor":4,"gold_loss":0},{"damage_healed":0,"gold_gain":75,"player_choice":"Gather Gold","damage_taken":11,"max_hp_gain":0,"max_hp_loss":0,"event_name":"World of Goop","floor":5,"gold_loss":0},{"damage_healed":0,"gold_gain":0,"player_choice":"Ignored","damage_taken":0,"max_hp_gain":0,"max_hp_loss":0,"event_name":"Golden Wing","floor":7,"gold_loss":0},{"damage_healed":0,"gold_gain":0,"player_choice":"Obtain J.A.X.","damage_taken":0,"max_hp_gain":0,"max_hp_loss":0,"event_name":"Drug Dealer","floor":20,"gold_loss":0,"cards_obtained":["J.A.X."]},{"damage_healed":0,"gold_gain":0,"player_choice":"Fight","damage_taken":0,"max_hp_gain":0,"max_hp_loss":0,"event_name":"Colosseum","floor":30,"gold_loss":0},{"damage_healed":0,"gold_gain":0,"player_choice":"Fought Nobs","damage_taken":0,"max_hp_gain":0,"max_hp_loss":0,"event_name":"Colosseum","floor":30,"gold_loss":0}],"is_beta":false,"boss_relics":[{"not_picked":["SoulBox","Garlic"],"picked":"reliquary:RadioactivePellet"},{"not_picked":[]},{"not_picked":["hubris:BlackHole","REME_DuelDisc"],"picked":"BirthdayGift-Icosahedron"},{"not_picked":[]}],"items_purged_floors":[],"is_endless":false,"potions_floor_spawned":[11,12,14,21,24,30,31,33,35,36],"killed_by":"Sphere and 2 Shapes","ascension_level":5}}