{"host":"i58uscbei3sy5089","time":1613928013,"event":{"mods":["ATMod(°¢èªMod)","Act Like it!","BaseMod","Challenge The Spire","Colored Powertips","Conspire","Gensokyo","Infinite Spire","Lobotomy","LobotomyExtend","Minty Spire (QoL Compilation)","MostiFishMod","Quick Restart","Replay The Spire","Shop Mod","Spicy Shops","StSLib","TestMod","UnlockEverythingMod","[IsaacMod]ÒÔÈö¼âËþ","¡¾¹¦ÄÜMod¡¿»ìãçÖ®»·ÐÞ¸´²¹¶¡","¡¾ÒÅÎï¿¨ÅÆ¡¿REMEMod","óô»ðÖ¸ÄÏ"],"gold_per_floor":[214,34,69,82,82,82,82,7,7,7,32,51,65,65,65,164,164,164],"floor_reached":17,"language":"ZHS","playtime":563,"items_purged":["SpecialBullet"],"score":232,"play_id":"c2fe1d89-1eb8-439a-bd39-953fee951c3f","local_time":"20210222012013","is_ascension_mode":true,"campfire_choices":[],"circlet_count":0,"master_deck":["AscendersBane","SpecialBullet","SpecialBullet","SpecialBullet","SpecialBullet","SpecialBullet","SpecialBullet","SpecialBullet","AT_IchimonjiDouble","MostiFishMod:404NotFound+1","WallGazer","Mimicry+1","DaCapo+1","infinitespire:NeuralNetwork","SecurityCode","InformationCode","MHz","OSAHOGD","TheSmile+1"],"relics":["CogitoBucket","testmod-TestBox","HushsDoor","DaveBox","AT_ATBox","REME_ComplimentaryCards","testmod-InjuryResistance","HowToJump","BrkXgEgg","SynthV:TestCard","LetterFromLob","AT_LudenTempest","testmod-HeartOfDaVinci","Potion Belt","TheBean","Ancient Tea Set","Ginger","PatriotShield"],"acts_visited":["Exordium","Gensokyo:Gensokyo"],"potions_floor_usage":[16],"damage_taken":[{"damage":8,"enemies":"Gensokyo:Gryphon","floor":1,"turns":3},{"damage":8,"enemies":"Gensokyo:2_Kodama","floor":4,"turns":2},{"damage":6,"enemies":"Gensokyo:Aya","floor":11,"turns":4},{"damage":6,"enemies":"Gensokyo:3_Fairies","floor":12,"turns":4},{"damage":11,"enemies":"Gensokyo:Kitsune","floor":13,"turns":3},{"damage":32,"enemies":"Gensokyo:Kokoro","floor":16,"turns":8}],"seed_played":"7695878089479184751","potions_obtained":[{"floor":11,"key":"PowerPotion"},{"floor":12,"key":"EntropicBrew"},{"floor":13,"key":"Toxic Potion"},{"floor":16,"key":"Dexterity Potion"}],"is_trial":false,"path_per_floor":["M","COS","?","M","?","R","E","$","T","?","E","M","M","?","R","B",null],"character_chosen":"Angela","items_purchased":[],"campfire_rested":0,"item_purchase_floors":[],"current_hp_per_floor":[55,55,55,47,34,34,34,34,34,55,57,59,56,44,44,20,58,58],"gold":164,"neow_bonus":"HUNDRED_GOLD","is_daily":false,"chose_seed":false,"campfire_upgraded":0,"win_rate":0.0,"timestamp":1613928013,"path_taken":["M","COS","?","M","?","R","E","$","T","?","E","M","M","?","R","BOSS"],"items_purchased_type":[],"build_version":"2020-12-22","purchased_purges":1,"victory":false,"max_hp_per_floor":[70,70,70,70,70,70,70,70,70,70,70,70,70,70,70,70,70,70],"card_choices":[{"not_picked":["MHz","Murderer"],"picked":"WallGazer","floor":1},{"not_picked":["FourthMatchFlame","WristCuter"],"picked":"SKIP","floor":1},{"not_picked":["Soda","Amita","Pleasure"],"picked":"Mimicry+1","floor":3},{"not_picked":["Soda","Loneliness","Regret_ego"],"picked":"DaCapo+1","floor":4},{"not_picked":["ReplayTheSpireMod:Echoes of Time","infinitespire:FinalStrike"],"picked":"infinitespire:NeuralNetwork","floor":5},{"not_picked":["FairyFestival","UniverseFragment"],"picked":"MHz","floor":11},{"not_picked":["Beak","ShedSkin","MagicBullet","Christmas"],"picked":"SKIP","floor":11},{"not_picked":["VoidDream","FairyFestival"],"picked":"OSAHOGD","floor":12},{"not_picked":["CUTE","Noise","ShedSkin","Regret_ego"],"picked":"SKIP","floor":12},{"not_picked":["Penitence","RedEyes","Soda","InTheNameOfLoveAndHate"],"picked":"SKIP","floor":13},{"not_picked":["ParadiseLost+1","GoldRush+1","Twilight+1"],"picked":"TheSmile+1","floor":16}],"player_experience":628197,"relics_obtained":[{"floor":1,"key":"SynthV:TestCard"},{"floor":1,"key":"LetterFromLob"},{"floor":3,"key":"AT_LudenTempest"},{"floor":9,"key":"testmod-HeartOfDaVinci"},{"floor":11,"key":"TheBean"}],"event_choices":[],"is_beta":false,"boss_relics":[{"not_picked":["testmod-Recursion","Snecko Scales"],"picked":"PatriotShield"},{"not_picked":[]}],"items_purged_floors":[8],"is_endless":false,"potions_floor_spawned":[11,12,13,16],"ascension_level":11}}