{"host":"8vqkh0x3c7vpgzzm","time":1613909388,"event":{"mods":["AchievementEnabler","BaseMod","Colored Map","Colored Powertips","Curses Come First","DeckTracker","Highlight Path","Minty Spire (QoL Compilation)","Permanent Neow","Quick Restart","Random Character Mod","Rare Cards Sparkle","Relic Sorter","Relic Stats","StSLib","SuperFastMode","Unceasing Turn Reminder","egg","everything is the same but u backflip on backflip"],"gold_per_floor":[109,109,120,135,21,21,55,55,82,82,82,113,113,129,129,227,227,241,241,258,357,56,81,81,107,107,107,107,133,58,35,35,35,35],"floor_reached":33,"language":"ENG","playtime":1369,"items_purged":[],"score":368,"play_id":"8ec4d54c-ce21-4be3-8403-2feccc56c5d3","local_time":"20210221130948","is_ascension_mode":true,"campfire_choices":[{"data":"Fusion","floor":6,"key":"SMITH"},{"data":"Streamline","floor":8,"key":"SMITH"},{"data":"Zap","floor":10,"key":"SMITH"},{"data":"Redo","floor":13,"key":"SMITH"},{"data":"Lockon","floor":15,"key":"SMITH"},{"data":"Double Energy","floor":24,"key":"SMITH"},{"floor":27,"key":"REST"},{"floor":32,"key":"REST"}],"circlet_count":0,"master_deck":["Strike_B","Strike_B","Defend_B","Defend_B","Defend_B","Defend_B","Zap+1","Dualcast","Seek","Glacier","Gash","Fusion+1","Lockon+1","Streamline+1","Redo+1","Coolheaded","All For One","Turbo","Sweeping Beam+1","Double Energy+1","Fusion+1","Sweeping Beam"],"relics":["Cracked Core","Bag of Preparation","Tiny Chest","Dead Branch","Sozu","Boot","Lantern","Runic Capacitor","Singing Bowl","Sundial","Prayer Wheel","Mummified Hand","Centennial Puzzle"],"acts_visited":["Exordium","TheCity"],"potions_floor_usage":[23,29],"damage_taken":[{"damage":5,"enemies":"Small Slimes","floor":1,"turns":3},{"damage":0,"enemies":"Cultist","floor":3,"turns":2},{"damage":0,"enemies":"2 Louse","floor":4,"turns":2},{"damage":16,"enemies":"3 Sentries","floor":7,"turns":7},{"damage":14,"enemies":"Lagavulin","floor":12,"turns":6},{"damage":2,"enemies":"2 Fungi Beasts","floor":14,"turns":3},{"damage":15,"enemies":"The Guardian","floor":16,"turns":11},{"damage":3,"enemies":"Spheric Guardian","floor":18,"turns":4},{"damage":12,"enemies":"2 Thieves","floor":20,"turns":3},{"damage":11,"enemies":"Book of Stabbing","floor":23,"turns":5},{"damage":20,"enemies":"Gremlin Leader","floor":25,"turns":6},{"damage":19,"enemies":"Book of Stabbing","floor":29,"turns":5},{"damage":66,"enemies":"Automaton","floor":33,"turns":6}],"seed_played":"-4150065334777272306","potions_obtained":[{"floor":3,"key":"SpeedPotion"},{"floor":7,"key":"LiquidMemories"},{"floor":12,"key":"PowerPotion"}],"is_trial":false,"path_per_floor":["M","?","M","M","$","R","E","R","T","R","?","E","R","M","R","B",null,"M","T","M","?","$","E","R","E","T","R","T","E","?","$","R","B"],"character_chosen":"DEFECT","items_purchased":["Fusion","Lockon","Lantern","Runic Capacitor","Sweeping Beam"],"campfire_rested":2,"item_purchase_floors":[5,5,22,22,31],"current_hp_per_floor":[70,70,70,70,70,70,54,54,54,54,75,61,61,59,59,44,75,72,72,60,60,60,49,49,29,29,51,51,34,34,34,57,0,0],"gold":35,"neow_bonus":"ONE_RANDOM_RARE_CARD","is_daily":false,"chose_seed":false,"campfire_upgraded":6,"win_rate":0.0,"timestamp":1613909388,"path_taken":["M","?","?","M","$","R","E","R","T","R","?","E","R","M","R","BOSS","M","?","M","?","$","E","R","E","T","R","?","E","?","?","R","BOSS"],"items_purchased_type":["Card","Card","Relic","Relic","Card"],"build_version":"2020-12-22","purchased_purges":0,"victory":false,"max_hp_per_floor":[75,75,75,75,75,75,75,75,75,75,75,75,75,75,75,75,75,75,75,75,75,75,75,75,75,75,75,75,77,77,77,77,77,77],"relic_stats":{"Sozu":2,"Centennial Puzzle":[3],"Singing Bowl":2,"counters":[13,63],"Sundial":[2],"Mummified Hand":[1],"Dead Branch":[14],"Tiny Chest":1,"Prayer Wheel":0,"Bag of Preparation":[18],"Boot":[13],"obtain_stats":[{"Lantern":22,"Singing Bowl":23,"Dead Branch":12,"Bag of Preparation":7,"Runic Capacitor":22,"Boot":19,"Sozu":17,"Centennial Puzzle":29,"Sundial":25,"Mummified Hand":28,"Tiny Chest":9,"Prayer Wheel":26,"Cracked Core":0},{"Lantern":9,"Singing Bowl":10,"Dead Branch":5,"Bag of Preparation":4,"Runic Capacitor":9,"Boot":8,"Sozu":7,"Centennial Puzzle":12,"Sundial":11,"Mummified Hand":11,"Tiny Chest":4,"Prayer Wheel":11,"Cracked Core":0},{"Lantern":41,"Singing Bowl":46,"Dead Branch":20,"Bag of Preparation":14,"Runic Capacitor":41,"Boot":38,"Sozu":34,"Centennial Puzzle":57,"Sundial":52,"Mummified Hand":52,"Tiny Chest":14,"Prayer Wheel":52,"Cracked Core":0}]},"card_choices":[{"not_picked":["Turbo","Static Discharge"],"picked":"Rip and Tear","floor":1},{"not_picked":["Turbo","Skim"],"picked":"Glacier","floor":3},{"not_picked":["Rebound","Cold Snap"],"picked":"Gash","floor":4},{"not_picked":["Steam Power","Stack"],"picked":"Streamline","floor":7},{"not_picked":["Skim","Coolheaded"],"picked":"Redo","floor":12},{"not_picked":["Steam Power","Sweeping Beam"],"picked":"Coolheaded","floor":14},{"not_picked":["Core Surge","Amplify"],"picked":"All For One","floor":16},{"not_picked":["Loop","Hologram"],"picked":"Turbo","floor":18},{"not_picked":["Steam","Sunder"],"picked":"Sweeping Beam+1","floor":20},{"not_picked":["Stack","Ball Lightning+1"],"picked":"Double Energy","floor":23},{"not_picked":["Force Field","Reinforced Body+1"],"picked":"Fusion+1","floor":25},{"not_picked":["Capacitor","Turbo","Reinforced Body"],"picked":"Singing Bowl","floor":29}],"player_experience":597851,"relics_obtained":[{"floor":7,"key":"Bag of Preparation"},{"floor":9,"key":"Tiny Chest"},{"floor":12,"key":"Dead Branch"},{"floor":19,"key":"Boot"},{"floor":23,"key":"Singing Bowl"},{"floor":25,"key":"Sundial"},{"floor":26,"key":"Prayer Wheel"},{"floor":28,"key":"Mummified Hand"},{"floor":29,"key":"Centennial Puzzle"}],"event_choices":[{"cards_removed":["Strike_B"],"damage_healed":0,"gold_gain":0,"player_choice":"Purged","damage_taken":0,"max_hp_gain":0,"max_hp_loss":0,"event_name":"Purifier","floor":2,"gold_loss":0},{"cards_removed":["Rip and Tear"],"damage_healed":21,"gold_gain":0,"player_choice":"Offered Uncommon","damage_taken":0,"max_hp_gain":0,"max_hp_loss":0,"event_name":"Bonfire Elementals","floor":11,"gold_loss":0},{"damage_healed":0,"gold_gain":99,"player_choice":"Stole From Cult","damage_taken":0,"max_hp_gain":0,"max_hp_loss":0,"event_name":"Nest","floor":21,"gold_loss":0},{"cards_removed":["Strike_B"],"damage_healed":0,"gold_gain":0,"player_choice":"Gave Gold","damage_taken":0,"max_hp_gain":0,"max_hp_loss":0,"event_name":"Beggar","floor":30,"gold_loss":75}],"is_beta":false,"boss_relics":[{"not_picked":["Coffee Dripper","Pandora\u0027s Box"],"picked":"Sozu"}],"items_purged_floors":[],"is_endless":false,"potions_floor_spawned":[3,7,12,14,16,23,25],"killed_by":"Automaton","ascension_level":4}}