{"host":"p0hktren06injwdf","time":1613878779,"event":{"mods":["AchievementEnabler","BaseMod","Colored Map","DeckTracker","Minty Spire (QoL Compilation)","Permanent Neow","StSLib","SuperFastMode"],"gold_per_floor":[109,126,126,146,156,156,156,188,200,223,237,251,251,286,300,300,300,300],"floor_reached":17,"language":"KOR","playtime":404,"items_purged":[],"score":242,"play_id":"35608a7d-c676-458b-a810-500a14beb82b","local_time":"20210221123939","is_ascension_mode":true,"campfire_choices":[{"data":"Envenom","floor":7.0,"key":"SMITH"},{"floor":16.0,"key":"REST"}],"circlet_count":0,"master_deck":["AscendersBane","Strike_G","Strike_G","Strike_G","Strike_G","Strike_G","Defend_G","Defend_G","Defend_G","Defend_G","Defend_G","Survivor","Neutralize","Dagger Throw","Blade Dance","Blur","Envenom+1","Storm of Steel","Reflex","Dodge and Roll","After Image"],"relics":["Ring of the Snake","Unceasing Top","Juzu Bracelet","Happy Flower","Centennial Puzzle"],"acts_visited":["Exordium"],"potions_floor_usage":[17],"damage_taken":[{"damage":0.0,"enemies":"2 Louse","floor":1.0,"turns":3.0},{"damage":7.0,"enemies":"Jaw Worm","floor":2.0,"turns":5.0},{"damage":1.0,"enemies":"Cultist","floor":4.0,"turns":4.0},{"damage":6.0,"enemies":"Lots of Slimes","floor":5.0,"turns":6.0},{"damage":29.0,"enemies":"Lagavulin","floor":8.0,"turns":7.0},{"damage":0.0,"enemies":"Red Slaver","floor":9.0,"turns":4.0},{"damage":1.0,"enemies":"Large Slime","floor":11.0,"turns":5.0},{"damage":0.0,"enemies":"2 Fungi Beasts","floor":12.0,"turns":4.0},{"damage":12.0,"enemies":"3 Sentries","floor":14.0,"turns":8.0},{"damage":0.0,"enemies":"3 Louse","floor":15.0,"turns":4.0},{"damage":51,"enemies":"Slime Boss","floor":17,"turns":11}],"seed_played":"2548915382507159974","potions_obtained":[{"floor":5.0,"key":"DuplicationPotion"},{"floor":8.0,"key":"ColorlessPotion"},{"floor":11.0,"key":"SpeedPotion"},{"floor":12.0,"key":"Poison Potion"},{"floor":15.0,"key":"FairyPotion"}],"is_trial":false,"path_per_floor":["M","M","?","M","M","M","R","E","M","T","M","M","?","E","M","R","B"],"character_chosen":"THE_SILENT","items_purchased":[],"campfire_rested":1,"item_purchase_floors":[],"current_hp_per_floor":[44,37,59,58,52,52,52,23,23,23,22,22,22,10,10,29,7,7],"gold":300,"neow_bonus":"ONE_RARE_RELIC","is_daily":false,"chose_seed":false,"campfire_upgraded":1,"win_rate":0.0,"timestamp":1613878779,"path_taken":["M","M","?","M","M","M","R","E","M","T","M","M","?","E","M","R","BOSS"],"items_purchased_type":[],"build_version":"2020-12-22","purchased_purges":0,"victory":false,"max_hp_per_floor":[66,66,66,66,66,66,66,66,66,66,66,66,66,66,66,66,66,66],"card_choices":[{"not_picked":["Acrobatics","Deadly Poison"],"picked":"Dagger Throw","floor":1.0},{"not_picked":["PiercingWail","Outmaneuver"],"picked":"Blade Dance","floor":2.0},{"not_picked":["Sucker Punch","Dagger Throw"],"picked":"Blur","floor":4.0},{"not_picked":["PiercingWail","Dodge and Roll"],"picked":"Envenom","floor":5.0},{"not_picked":["Skewer","Flying Knee"],"picked":"Storm of Steel","floor":8.0},{"not_picked":["Crippling Poison","Underhanded Strike","Acrobatics"],"picked":"SKIP","floor":9.0},{"not_picked":["Catalyst","Dagger Spray"],"picked":"Reflex","floor":11.0},{"not_picked":["Underhanded Strike","Prepared"],"picked":"Dodge and Roll","floor":12.0},{"not_picked":["Sucker Punch","Footwork"],"picked":"After Image","floor":14.0},{"not_picked":["Underhanded Strike","Bane","Dodge and Roll"],"picked":"SKIP","floor":15.0}],"player_experience":1097564,"relics_obtained":[{"floor":8.0,"key":"Juzu Bracelet"},{"floor":10.0,"key":"Happy Flower"},{"floor":14.0,"key":"Centennial Puzzle"}],"event_choices":[{"damage_healed":22.0,"max_hp_gain":0.0,"max_hp_loss":0.0,"gold_gain":0.0,"event_name":"Big Fish","player_choice":"Banana","floor":3.0,"gold_loss":0.0,"damage_taken":0.0},{"damage_healed":0.0,"max_hp_gain":0.0,"max_hp_loss":0.0,"gold_gain":0.0,"event_name":"Scrap Ooze","player_choice":"Fled","floor":13.0,"gold_loss":0.0,"damage_taken":0.0}],"is_beta":false,"boss_relics":[],"items_purged_floors":[],"is_endless":false,"potions_floor_spawned":[5,8,11,12,14,15],"killed_by":"Slime Boss","ascension_level":20}}