{"host":"5nj7t8259370g0gl","time":1613887889,"event":{"mods":["AchievementEnabler","BaseMod","Bestiary","Bossed Relics","Colored Map","Colored Powertips","Displayed Cursed Tome","Minty Spire (QoL Compilation)","Permanent Neow","Relic Sorter","Shapeshifter Mod","Shop Mod","Spire Arcade","StSLib"],"gold_per_floor":[110,110,122,140,140,172,210,499828,499900,499900,499061,499061,499100,498025,498025,498126,498126,498140,497631,497640,497640,496603,496642,496673,496712,496712,495818,495818,495818,495837,495875,495875,495987,495987,496001,496001,495190,495190,495208,495235,495270,495300,495325,495359,495371,495383,494890,494523,494523,494523],"floor_reached":51,"language":"ENG","playtime":28683,"items_purged":["StSShapeShifter:VineHandcuffs","StSShapeShifter:MonkeyForm","StSShapeShifter:RaptorForm","StSShapeShifter:FesteringBite","StSShapeShifter:Rest","StSShapeShifter:RockSlide","StSShapeShifter:BurstingSpore","StSShapeShifter:BurstingSpore","StSShapeShifter:BarkSkin"],"score":1474,"play_id":"2536032b-673a-4a5c-a237-2e064d758e84","local_time":"20210221171129","daily_mods":["SealedDeck","Heirloom","Flight","DeadlyEvents"],"is_ascension_mode":false,"campfire_choices":[{"data":"StSShapeShifter:BarkSkin","floor":10,"key":"SMITH"},{"data":"Deep Breath","floor":12,"key":"SMITH"},{"data":"StSShapeShifter:PorcupineForm","floor":15,"key":"SMITH"},{"data":"StSShapeShifter:UnicornForm","floor":28,"key":"SMITH"},{"data":"StSShapeShifter:ThornedSkin","floor":29,"key":"SMITH"},{"floor":32,"key":"DIG"},{"data":"StSShapeShifter:Flourish","floor":46,"key":"SMITH"},{"floor":49,"key":"DIG"}],"circlet_count":0,"master_deck":["StSShapeShifter:BearForm+1","StSShapeShifter:ReplenishingNectar+1","StSShapeShifter:BarkSkin+1","Blind+1","Deep Breath+1","StSShapeShifter:PorcupineForm+1","StSShapeShifter:BarkSkin+1","Master of Strategy","StSShapeShifter:UnicornForm+1","StSShapeShifter:WolfsBane+1","Sadistic Nature+1","StSShapeShifter:PoisonIvy","StSShapeShifter:ThornedSkin+1","StSShapeShifter:Flourish+1","StSShapeShifter:Spring+1","StSShapeShifter:BaskInBloom+1"],"relics":["StSShapeShifter:AnimalHeart","StSShapeShifter:TheShapeShiftersMagnolia","Dead Branch","FossilizedHelix","CeramicFish","Lantern","Akabeko","Frozen Egg 2","Blue Candle","Strawberry","Orrery","Mercury Hourglass","Shovel","Singing Bowl","Chemical X","Coffee Dripper","War Paint","Dream Catcher","Sling","Happy Flower","Sundial","Omamori","PreservedInsect","StSShapeShifter:AlchemistsNecklace","Prayer Wheel","Thread and Needle","HandDrill","Orichalcum","StSShapeShifter:DruidicMedallion","StrikeDummy","Busted Crown","Unceasing Top","Vajra","Strange Spoon","Mummified Hand","StSShapeShifter:PetrifiedLog","StSShapeShifter:AlarmClock","Potion Belt","Art of War","MawBank","Membership Card","Nunchaku","Ginger","StSShapeShifter:EmeraldPantherFigurine","Medical Kit","Boot","Oddly Smooth Stone"],"acts_visited":["Exordium","TheCity","TheBeyond"],"potions_floor_usage":[4,6,7,18,24],"damage_taken":[{"damage":9,"enemies":"Cultist","floor":1,"turns":4},{"damage":14,"enemies":"Jaw Worm","floor":3,"turns":4},{"damage":0,"enemies":"2 Louse","floor":4,"turns":2},{"damage":8,"enemies":"Gremlin Nob","floor":6,"turns":4},{"damage":0,"enemies":"Lagavulin","floor":7,"turns":6},{"damage":0,"enemies":"Gremlin Nob","floor":13,"turns":3},{"damage":0,"enemies":"Slime Boss","floor":16,"turns":10},{"damage":10,"enemies":"2 Thieves","floor":18,"turns":3},{"damage":0,"enemies":"Book of Stabbing","floor":23,"turns":3},{"damage":0,"enemies":"Gremlin Leader","floor":24,"turns":3},{"damage":0,"enemies":"Book of Stabbing","floor":25,"turns":3},{"damage":0,"enemies":"Chosen","floor":30,"turns":3},{"damage":0,"enemies":"Gremlin Leader","floor":31,"turns":3},{"damage":0,"enemies":"Champ","floor":33,"turns":5},{"damage":0,"enemies":"3 Darklings","floor":35,"turns":4},{"damage":0,"enemies":"3 Shapes","floor":39,"turns":2},{"damage":0,"enemies":"Nemesis","floor":40,"turns":3},{"damage":0,"enemies":"Giant Head","floor":41,"turns":3},{"damage":0,"enemies":"Reptomancer","floor":42,"turns":3},{"damage":0,"enemies":"Giant Head","floor":44,"turns":3},{"damage":0,"enemies":"Awakened One","floor":50,"turns":7}],"seed_played":"-2388524636287297153","potions_obtained":[{"floor":3,"key":"Swift Potion"},{"floor":4,"key":"Fruit Juice"},{"floor":6,"key":"AttackPotion"},{"floor":33,"key":"StSShapeShifter:PolyBeastPotion"},{"floor":44,"key":"DistilledChaos"}],"is_trial":true,"path_per_floor":["M","?","M","M","?","E","E","$","T","R","$","R","E","$","R","B",null,"M","$","?","?","$","E","E","E","T","$","R","R","M","E","R","B",null,"M","?","$","T","M","E","E","E","T","E","?","R","$","$","R","B",null],"character_chosen":"SHAPESHIFTER","items_purchased":["Lantern","Akabeko","Blue Candle","Strawberry","Orrery","AttackPotion","BlessingOfTheForge","Deep Breath","Shovel","Singing Bowl","Chemical X","StSShapeShifter:BarkSkin","Master of Strategy","SteroidPotion","War Paint","Dream Catcher","Block Potion","Sling","Happy Flower","Sundial","StSShapeShifter:WolfsBane+1","Sadistic Nature+1","Thread and Needle","HandDrill","Orichalcum","DistilledChaos","Unceasing Top","Vajra","Strange Spoon","Membership Card","Nunchaku","Ginger","StSShapeShifter:EmeraldPantherFigurine","Medical Kit","Boot"],"campfire_rested":0,"item_purchase_floors":[8,8,11,11,11,11,11,11,14,14,14,14,14,14,19,19,19,22,22,22,22,22,27,27,27,27,37,37,37,47,47,47,48,48,48],"current_hp_per_floor":[69,69,56,56,40,37,39,39,39,39,46,46,49,49,49,55,92,89,89,89,94,94,94,96,96,96,96,96,96,98,98,98,98,98,102,102,102,102,106,108,108,110,110,112,112,112,112,112,112,112],"gold":494523,"neow_bonus":"","is_daily":false,"chose_seed":false,"campfire_upgraded":6,"win_rate":0.0,"timestamp":1613887889,"path_taken":["M","?","M","?","?","E","E","$","T","R","$","R","E","$","R","BOSS","M","$","?","?","$","E","E","?","T","$","R","R","?","E","R","BOSS","M","?","$","?","?","E","?","E","T","E","?","R","$","$","R","BOSS"],"items_purchased_type":["Relic","Relic","Relic","Relic","Relic","Potion","Potion","Card","Relic","Relic","Relic","Card","Card","Potion","Relic","Relic","Potion","Relic","Relic","Relic","Card","Card","Relic","Relic","Relic","Potion","Relic","Relic","Relic","Relic","Relic","Relic","Relic","Relic","Relic"],"build_version":"2020-12-22","purchased_purges":9,"victory":true,"max_hp_per_floor":[78,78,78,78,78,83,83,83,83,83,90,90,90,90,90,92,92,94,94,94,94,94,94,96,96,96,96,96,96,98,98,98,98,98,102,102,102,102,106,108,108,110,110,112,112,112,112,112,112,112],"card_choices":[{"not_picked":["StSShapeShifter:RaptorForm","StSShapeShifter:Bonk"],"picked":"StSShapeShifter:BladeOfGrass","floor":1},{"not_picked":["StSShapeShifter:DeerForm","StSShapeShifter:OpportuneSwoop","StSShapeShifter:BloomingSlash"],"picked":"SKIP","floor":3},{"not_picked":["StSShapeShifter:Rest","StSShapeShifter:Mystical_Branch","StSShapeShifter:SunflowerShuriken"],"picked":"SKIP","floor":4},{"not_picked":["StSShapeShifter:DeerForm","StSShapeShifter:BurstOfLifeEscapeDeath","StSShapeShifter:Forgiveness"],"picked":"SKIP","floor":6},{"not_picked":["StSShapeShifter:FlowerShield","StSShapeShifter:AdaptiveStrikes"],"picked":"StSShapeShifter:BurstingSpore","floor":7},{"not_picked":["StSShapeShifter:VineHandcuffs","StSShapeShifter:DeerForm"],"picked":"StSShapeShifter:LeapingSlash","floor":11},{"not_picked":["StSShapeShifter:DeepWound","StSShapeShifter:OwlForm"],"picked":"StSShapeShifter:PorcupineForm","floor":13},{"not_picked":["StSShapeShifter:MooseForm","StSShapeShifter:Sap_Burst+1","StSShapeShifter:Vengeance"],"picked":"Singing Bowl","floor":16},{"not_picked":["StSShapeShifter:BloomingSlash+1","StSShapeShifter:DeerForm+1","StSShapeShifter:SquirrelForm"],"picked":"Singing Bowl","floor":18},{"not_picked":["StSShapeShifter:OakBlade","StSShapeShifter:HippoForm+1"],"picked":"StSShapeShifter:PoisonIvy","floor":23},{"not_picked":["StSShapeShifter:MonkeyForm","StSShapeShifter:BulwarkOfDiscovery+1","StSShapeShifter:OpportuneSwoop"],"picked":"Singing Bowl","floor":24},{"not_picked":["StSShapeShifter:EmbraceTheCycle+1","StSShapeShifter:Sap_Burst+1"],"picked":"StSShapeShifter:ThornedSkin","floor":25},{"not_picked":["StSShapeShifter:ThornToss","StSShapeShifter:FlowerShield"],"picked":"StSShapeShifter:Flourish","floor":30},{"not_picked":["StSShapeShifter:HippoForm+1","StSShapeShifter:CursedApple+1","StSShapeShifter:SunflowerShuriken"],"picked":"Singing Bowl","floor":30},{"not_picked":["StSShapeShifter:SunflowerShuriken","StSShapeShifter:Summon_Mountains"],"picked":"StSShapeShifter:BarkSkin","floor":31},{"not_picked":["StSShapeShifter:PhoenixForm","StSShapeShifter:PowerShifter+1"],"picked":"StSShapeShifter:Spring+1","floor":33},{"not_picked":["StSShapeShifter:ThornToss"],"picked":"Singing Bowl","floor":35},{"not_picked":["StSShapeShifter:FesteringBite"],"picked":"Singing Bowl","floor":35},{"not_picked":["StSShapeShifter:ThrashAbout"],"picked":"Singing Bowl","floor":39},{"not_picked":["StSShapeShifter:PorcupineForm"],"picked":"Singing Bowl","floor":39},{"not_picked":["StSShapeShifter:ClimbTree+1"],"picked":"Singing Bowl","floor":40},{"not_picked":[],"picked":"StSShapeShifter:BaskInBloom+1","floor":41},{"not_picked":["StSShapeShifter:FruitBasket+1"],"picked":"Singing Bowl","floor":42},{"not_picked":["StSShapeShifter:VineHandcuffs+1"],"picked":"Singing Bowl","floor":44}],"player_experience":591136,"relics_obtained":[{"floor":6,"key":"FossilizedHelix"},{"floor":7,"key":"CeramicFish"},{"floor":9,"key":"Frozen Egg 2"},{"floor":13,"key":"Mercury Hourglass"},{"floor":23,"key":"Omamori"},{"floor":24,"key":"PreservedInsect"},{"floor":25,"key":"StSShapeShifter:AlchemistsNecklace"},{"floor":26,"key":"Prayer Wheel"},{"floor":31,"key":"StSShapeShifter:DruidicMedallion"},{"floor":32,"key":"StrikeDummy"},{"floor":38,"key":"Mummified Hand"},{"floor":40,"key":"StSShapeShifter:PetrifiedLog"},{"floor":41,"key":"StSShapeShifter:AlarmClock"},{"floor":42,"key":"Potion Belt"},{"floor":43,"key":"Art of War"},{"floor":44,"key":"MawBank"},{"floor":49,"key":"Oddly Smooth Stone"}],"event_choices":[{"damage_healed":0,"gold_gain":0,"player_choice":"1 cards matched","damage_taken":0,"max_hp_gain":0,"max_hp_loss":0,"event_name":"Match and Keep!","floor":2,"gold_loss":0,"cards_obtained":["Blind"]},{"damage_healed":0,"gold_gain":0,"player_choice":"Entered Light","damage_taken":16,"max_hp_gain":0,"max_hp_loss":0,"event_name":"Shining Light","floor":5,"gold_loss":0,"cards_upgraded":["StSShapeShifter:BearForm","Blind"]},{"cards_removed":["StSShapeShifter:LeapingSlash"],"damage_healed":5,"gold_gain":0,"player_choice":"Offered Uncommon","damage_taken":0,"max_hp_gain":0,"max_hp_loss":0,"event_name":"Bonfire Elementals","floor":21,"gold_loss":0},{"cards_removed":["StSShapeShifter:BladeOfGrass"],"damage_healed":0,"gold_gain":0,"player_choice":"Removed Attack","damage_taken":0,"max_hp_gain":0,"max_hp_loss":0,"event_name":"Falling","floor":45,"gold_loss":0}],"is_beta":false,"boss_relics":[{"not_picked":["SacredBark","Calling Bell"],"picked":"Coffee Dripper"},{"not_picked":["StSShapeShifter:LemurHeaddress","Cursed Key"],"picked":"Busted Crown"}],"items_purged_floors":[8,11,14,19,22,27,37,47,48],"is_endless":false,"potions_floor_spawned":[3,4,6,16,23,30,31,33,39,44],"ascension_level":0}}