{"host":"Charlie","time":1613894852,"event":{"mods":["100% Spire Juice","Act Like it!","Aspiration","BaseMod","Better Match","Better Note","Better Skull","Better Third Choice","BetterRewards","ChefMod","Colored Map","Colored Powertips","Conspire","Curses Come First","Displayed Cursed Tome","Dota2Spire","Downfall","Ekko","Evolution","Fox Events","Friendly Minions","Gensokyo","Halation","Hermit","Hubris","Infinite Spire","Luminous","Melee Mod","Minty Spire (QoL Compilation)","Pale of the Ancients","Quick Restart","Rare Cards Sparkle","Relic Stats","Reliquary","Robot Space Explorer","Ruina","Shade Mod","Spicy Shops","Spire Arcade","StSLib","SuperFastMode","Synergy Search","The Animator","The Blue Laboratory","The Caster","The Cursed","The Dragon Tamer","The Gatherer","The Hierophant","The Jungle","The Marked","The Necromancer","TheSwordswoman","Unceasing Turn Reminder"],"gold_per_floor":[111,111,127,127,140,162,162,212,285,319,330,365,365,383,383,383,383],"floor_reached":16,"language":"ENG","playtime":922,"items_purged":[],"score":139,"play_id":"5550340d-a4cf-481a-aa36-2ce07b6340b3","local_time":"20210221000732","is_ascension_mode":false,"campfire_choices":[{"data":"hierophant:ChurchCoffers","floor":7,"key":"SMITH"},{"data":"Leg Sweep","floor":13,"key":"SMITH"},{"floor":15,"key":"REST"}],"circlet_count":0,"master_deck":["hierophant:Strike_Hierophant","hierophant:Strike_Hierophant","hierophant:Punish","hierophant:Defend_Hierophant","hierophant:Defend_Hierophant","hierophant:ChurchCoffers+1","Injury","hierophant:SecretStash","All Out Attack","Cloak And Dagger","Leg Sweep+1","hierophant:Community","hierophant:Upheaval"],"relics":["hierophant:PropheticMaskRelic","EVO:Axolotl","Pantograph","Orichalcum","infinitespire:Joker Card","Pear"],"acts_visited":["Exordium"],"potions_floor_usage":[6,14,14],"damage_taken":[{"damage":10,"enemies":"Gensokyo:Python","floor":1,"turns":4},{"damage":0,"enemies":"Gensokyo:3_Fairies","floor":3,"turns":2},{"damage":3,"enemies":"Gensokyo:Gryphon","floor":5,"turns":6},{"damage":106,"enemies":"Gensokyo:Aya","floor":6,"turns":18},{"damage":0,"enemies":"Gensokyo:Cirno","floor":8,"turns":2},{"damage":0,"enemies":"Gensokyo:5_Fairies","floor":10,"turns":3},{"damage":10,"enemies":"Gensokyo:Python_and_Kodama","floor":11,"turns":6},{"damage":0,"enemies":"Gensokyo:Gryphon_and_Rabbit","floor":12,"turns":5},{"damage":4,"enemies":"Gensokyo:3_Kodama","floor":14,"turns":6},{"damage":60,"enemies":"Gensokyo:Yukari","floor":16,"turns":7}],"seed_played":"2910512409634536315","potions_obtained":[{"floor":5,"key":"blueLaboratory:ForbiddenFruitJuice"},{"floor":6,"key":"Block Potion"},{"floor":8,"key":"SneckoOil"},{"floor":10,"key":"blueLaboratory:CorrosionFlask"}],"is_trial":false,"path_per_floor":["M","?","M","?","M","E","R","E","T","M","M","M","R","M","R","B"],"character_chosen":"HIEROPHANT","items_purchased":[],"campfire_rested":1,"item_purchase_floors":[],"current_hp_per_floor":[65,65,65,65,62,16,16,16,26,26,16,16,16,12,34,0,0],"gold":383,"neow_bonus":"REMOVE_CARD","is_daily":false,"chose_seed":false,"campfire_upgraded":2,"win_rate":0.0,"timestamp":1613894852,"path_taken":["M","?","M","?","M","E","R","E","T","M","M","?","R","M","R","BOSS"],"items_purchased_type":[],"build_version":"2020-12-18","purchased_purges":0,"victory":false,"max_hp_per_floor":[75,75,75,75,75,65,65,65,75,75,75,75,75,75,75,75,75],"relic_stats":{"counters":[10,59],"Pantograph":25,"Orichalcum":[48],"obtain_stats":[{"Pear":9,"hierophant:PropheticMaskRelic":0,"Pantograph":2,"infinitespire:Joker Card":8,"EVO:Axolotl":0,"Orichalcum":6},{"Pear":5,"hierophant:PropheticMaskRelic":0,"Pantograph":1,"infinitespire:Joker Card":5,"EVO:Axolotl":0,"Orichalcum":4},{"Pear":32,"hierophant:PropheticMaskRelic":0,"Pantograph":4,"infinitespire:Joker Card":32,"EVO:Axolotl":0,"Orichalcum":30}]},"card_choices":[{"not_picked":["hierophant:AuricBeam","hierophant:FieryStrike","hierophant:Remorse"],"picked":"SKIP","floor":1},{"not_picked":["hierophant:Encroach","hierophant:RepressedViolence"],"picked":"hierophant:SecretStash","floor":3},{"not_picked":["hierophant:AuricBeam","hierophant:Encroach","hierophant:HammerAndAnvil"],"picked":"SKIP","floor":5},{"not_picked":["hierophant:MorningPrayer","hierophant:FaithHealing","hierophant:Purify"],"picked":"SKIP","floor":6},{"not_picked":["hierophant:Encroach","hierophant:CursedGold"],"picked":"hierophant:Community","floor":8},{"not_picked":["hierophant:Smite","hierophant:Exaltation"],"picked":"hierophant:Upheaval","floor":10},{"not_picked":["hierophant:OrnateBuckler","hierophant:HammerAndAnvil","hierophant:HolyVerse"],"picked":"SKIP","floor":11},{"not_picked":["hierophant:OrnateBuckler","hierophant:Remorse","hierophant:Cornucopia"],"picked":"SKIP","floor":12},{"not_picked":["hierophant:ThreeLashes","hierophant:PassingBell","hierophant:Flagellation"],"picked":"SKIP","floor":14}],"player_experience":505771,"relics_obtained":[{"floor":6,"key":"Orichalcum"},{"floor":8,"key":"infinitespire:Joker Card"},{"floor":9,"key":"Pear"}],"event_choices":[],"is_beta":true,"boss_relics":[],"items_purged_floors":[],"is_endless":false,"potions_floor_spawned":[5,6,8,10],"killed_by":"Gensokyo:Yukari","ascension_level":0}}