{"host":"l017gercouzhorma","time":1613888698,"event":{"mods":["AchievementEnabler","Aspiration","BaseMod","Challenge The Spire","Conspire","Downfall","Halation","Hermit","Hubris","Infinite Spire","Jorbs\u0027s Wanderer Trilogy","Mad Scientist","Marisa????????","Mimic Mod","Minty Spire (QoL Compilation)","Random Character Button","Rare Cards Sparkle","Relic Stats","Replay The Spire","Shade Mod","StSLib","The Cursed","The Disciple","The Hierophant","The Jungle","The Runesmith","The Servant 0.9.4"],"gold_per_floor":[118,132,152,152,170,203,203,173,227,19,53,53,91,101,101,101,101],"floor_reached":16,"language":"ENG","playtime":1483,"items_purged":["Strike_R"],"score":132,"play_id":"2b5efef3-8801-4aa8-9110-2a4dd40d1b28","local_time":"20210220232458","is_ascension_mode":true,"campfire_choices":[{"floor":12,"key":"REST"},{"data":"Abandon","floor":15,"key":"SMITH"}],"circlet_count":0,"master_deck":["Strike_R+1","Strike_R","Defend_R","Defend_R","Defend_R","Defend_R","Bash+1","Replay:Undeath\u0027s Touch","Shrug It Off","Feel No Pain","Warcry","Replay:Many Hands","ReplayTheSpireMod:Strike From Hell+1","Armaments","Warcry","Abandon+1","conspire:Purge","Disarm"],"relics":["Burning Blood","aspiration:HiddenCompartment","Bag of Preparation","hubris:OldNail","Whetstone"],"acts_visited":["Exordium"],"potions_floor_usage":[6,7,13,16],"damage_taken":[{"damage":3,"enemies":"conspire:RoseBush","floor":1,"turns":4},{"damage":12,"enemies":"2 Louse","floor":2,"turns":3},{"damage":7,"enemies":"Jaw Worm","floor":3,"turns":3},{"damage":14,"enemies":"3 Louse","floor":5,"turns":4},{"damage":56,"enemies":"Lagavulin","floor":6,"turns":8},{"damage":1,"enemies":"Looter","floor":8,"turns":4},{"damage":18,"enemies":"Replay:BlueRogue","floor":11,"turns":7},{"damage":7,"enemies":"conspire:2 RoseBushes","floor":13,"turns":15},{"damage":26,"enemies":"conspire:2 RoseBushes","floor":14,"turns":6},{"damage":26,"enemies":"The Guardian","floor":16,"turns":8}],"seed_played":"4035339669041994697","potions_obtained":[{"floor":5,"key":"Strength Potion"},{"floor":6,"key":"BloodPotion"},{"floor":11,"key":"GamblersBrew"},{"floor":14,"key":"Explosive Potion"}],"is_trial":false,"path_per_floor":["M","M","M","?","M","E","?","M","T","$","E","R","MIM","M","R","B"],"character_chosen":"IRONCLAD","items_purchased":["ReplayTheSpireMod:Strike From Hell+1","Armaments","Warcry"],"campfire_rested":1,"item_purchase_floors":[10,10,10],"current_hp_per_floor":[88,82,81,81,73,23,33,38,38,38,26,52,51,31,31,5,5],"gold":101,"neow_bonus":"TEN_PERCENT_HP_BONUS","is_daily":false,"chose_seed":false,"campfire_upgraded":1,"win_rate":0.0,"timestamp":1613888698,"path_taken":["M","M","M","?","M","E","?","M","T","$","E","R","?","M","R","BOSS"],"items_purchased_type":["Card","Card","Card"],"build_version":"2020-12-22","purchased_purges":1,"victory":false,"max_hp_per_floor":[88,88,88,88,88,88,88,88,88,88,88,88,88,88,88,88,88],"relic_stats":{"counters":[10,62],"Bag of Preparation":[8],"Whetstone":["Bash","Strike_R"],"obtain_stats":[{"Bag of Preparation":9,"Whetstone":13,"aspiration:HiddenCompartment":6,"Burning Blood":0,"hubris:OldNail":11},{"Bag of Preparation":6,"Whetstone":8,"aspiration:HiddenCompartment":5,"Burning Blood":0,"hubris:OldNail":7},{"Bag of Preparation":26,"Whetstone":48,"aspiration:HiddenCompartment":22,"Burning Blood":0,"hubris:OldNail":33}],"Burning Blood":51},"card_choices":[{"not_picked":["Warcry","Rage"],"picked":"Heavy Blade","floor":1},{"not_picked":["Battle Trance","Twin Strike"],"picked":"Replay:Undeath\u0027s Touch","floor":2},{"not_picked":["Iron Wave","Whirlwind"],"picked":"Shrug It Off","floor":3},{"not_picked":["Burning Pact","conspire:Charge"],"picked":"Feel No Pain","floor":5},{"not_picked":["Sword Boomerang","Abandon"],"picked":"Warcry","floor":6},{"not_picked":["Iron Wave","Carnage"],"picked":"Replay:Many Hands","floor":8},{"not_picked":["hubris:SharpeningStone","Shrug It Off"],"picked":"Abandon","floor":11},{"not_picked":["infinitespire:OneForAll","Shrug It Off"],"picked":"conspire:Purge","floor":13},{"not_picked":["Heavy Blade","Clash"],"picked":"Disarm","floor":14}],"player_experience":854029,"relics_obtained":[{"floor":6,"key":"aspiration:HiddenCompartment"},{"floor":9,"key":"Bag of Preparation"},{"floor":11,"key":"hubris:OldNail"},{"floor":13,"key":"Whetstone"}],"event_choices":[{"cards_removed":["Strike_R"],"damage_healed":0,"gold_gain":0,"player_choice":"Card Removal","damage_taken":7,"max_hp_gain":0,"max_hp_loss":0,"event_name":"Golden Wing","floor":7,"gold_loss":0}],"is_beta":false,"boss_relics":[],"items_purged_floors":[10],"is_endless":false,"potions_floor_spawned":[5,6,11,14],"killed_by":"The Guardian","ascension_level":4}}