{"host":"artti7o26te9gn1a","time":1613950818,"event":{"mods":["AchievementEnabler","BaseMod","Beaked The Cultist","BetterRewards","Downfall","Minty Spire (QoL Compilation)","StSLib","Trackpad"],"gold_per_floor":[99,119,134,134,134,14,64,76,76,88,118,135,120,154,168,271,271,71,89,89,81,104,141,165,182,205,205,52,52,5,31,51,161,161,161,180,180,180,180],"floor_reached":37,"language":"ENG","playtime":3105,"items_purged":[],"score":426,"play_id":"ba1d4946-2553-44d0-a1ff-2ba8ddd10440","local_time":"20210222004018","is_ascension_mode":false,"campfire_choices":[{"floor":1,"key":"RECALL"},{"data":"hexamod:DynamicBlow","floor":9,"key":"SMITH"},{"data":"hexamod:FastForward","floor":18,"key":"SMITH"},{"floor":29,"key":"REST"},{"data":"hexamod:UnlimitedPower","floor":35,"key":"SMITH"}],"circlet_count":0,"master_deck":["hexamod:Strike","hexamod:Strike","hexamod:Strike+1","hexamod:Defend","hexamod:Defend","hexamod:Defend","hexamod:Defend","hexamod:Sear+1","hexamod:Float","hexamod:NightmareStrike","hexamod:SwordOfDarkness","hexamod:ShieldOfDarkness+1","hexamod:DynamicBlow+1","hexamod:GhostShield","hexamod:InspiringFlames","hexamod:StepThrough","hexamod:AdvancingGuard","hexamod:ThirdSeal","hexamod:FastForward+1","hexamod:HexaLevel+1","hexamod:Hexaguard","hexamod:TimeWarp","hexamod:TimeWarp","hexamod:ChargedBarrage+1","hexamod:ChargedBarrage+1","hexamod:SecondSeal","hexamod:FirstSeal","hexamod:ShieldOfDarkness","hexamod:FifthSeal","hexamod:SixthSeal","hexamod:StepThrough","hexamod:InspiringFlames","hexamod:FourthSeal","hexamod:GhostShield+1","hexamod:SpectersWail+1","hexamod:EmpoweredFlame+1","hexamod:SoulSteal","hexamod:GhostLash","hexamod:UnlimitedPower+1"],"relics":["hexamod:SpiritBrand","Blue Candle","Art of War","Frozen Egg 2","Nunchaku","SlaversCollar","downfall:HeartBlessingRed","downfall:HeartBlessingGreen","Pantograph","Bag of Preparation","Oddly Smooth Stone","Orichalcum","Busted Crown"],"acts_visited":["Exordium","TheCity","TheBeyond"],"potions_floor_usage":[23,23,26,32],"damage_taken":[{"damage":0,"enemies":"Small Slimes","floor":2,"turns":3},{"damage":0,"enemies":"2 Louse","floor":3,"turns":2},{"damage":0,"enemies":"downfall:FleeingMerchant","floor":6,"turns":4},{"damage":0,"enemies":"Jaw Worm","floor":8,"turns":4},{"damage":0,"enemies":"Blue Slaver","floor":10,"turns":4},{"damage":1,"enemies":"Lagavulin","floor":11,"turns":6},{"damage":0,"enemies":"downfall:LooterAlt","floor":12,"turns":3},{"damage":0,"enemies":"downfall:FleeingMerchant","floor":13,"turns":4},{"damage":11,"enemies":"Gremlin Nob","floor":14,"turns":4},{"damage":8,"enemies":"2 Fungi Beasts","floor":15,"turns":4},{"damage":31,"enemies":"IC_STATUS_ARCHETYPE","floor":16,"turns":10},{"damage":7,"enemies":"Spheric Guardian","floor":19,"turns":5},{"damage":6,"enemies":"Shell Parasite","floor":22,"turns":6},{"damage":26,"enemies":"Slavers","floor":23,"turns":8},{"damage":41,"enemies":"Chosen and Byrds","floor":25,"turns":9},{"damage":19,"enemies":"3 Cultists","floor":26,"turns":5},{"damage":0,"enemies":"downfall:FleeingMerchant","floor":28,"turns":4},{"damage":15,"enemies":"downfall:FleeingMerchant","floor":30,"turns":4},{"damage":19,"enemies":"Snecko","floor":31,"turns":8},{"damage":0,"enemies":"Cultist and Chosen","floor":32,"turns":6},{"damage":39,"enemies":"WA_ARCHETYPE_CALM","floor":33,"turns":10},{"damage":0,"enemies":"3 Darklings","floor":36,"turns":4},{"damage":10,"enemies":"3 Shapes","floor":37,"turns":1}],"seed_played":"3655605389239218434","potions_obtained":[{"floor":2,"key":"Guardian:BlockOnCardUsePotion"},{"floor":3,"key":"FearPotion"},{"floor":8,"key":"AttackPotion"},{"floor":12,"key":"Regen Potion"},{"floor":25,"key":"DistilledChaos"},{"floor":28,"key":"Block Potion"},{"floor":30,"key":"SteroidPotion"},{"floor":31,"key":"Regen Potion"},{"floor":31,"key":"hexamod:SoulburnPotion"},{"floor":33,"key":"champ:CounterPotion"},{"floor":33,"key":"CultistPotion"},{"floor":36,"key":"Guardian:BlockOnCardUsePotion"}],"is_trial":false,"path_per_floor":["R","M","M","?","?","$","T","M","R","M","E","M","$","E","M","B",null,"R","M","?","?","M","E","T","M","M","?","$","R","$","M","M","B",null,"R","M","M"],"character_chosen":"THE_SPIRIT","items_purchased":["hexamod:DynamicBlow","hexamod:GhostShield","Orichalcum","hexamod:EmpoweredFlame+1"],"campfire_rested":1,"item_purchase_floors":[6,6,28,30],"current_hp_per_floor":[77,77,77,72,72,72,72,72,72,72,71,71,71,60,52,21,77,77,70,70,63,64,60,60,26,14,14,14,37,29,10,17,3,77,77,77,67,67,67],"gold":180,"neow_bonus":"TEN_PERCENT_HP_BONUS","is_daily":false,"chose_seed":false,"campfire_upgraded":3,"win_rate":0.0,"timestamp":1613950818,"path_taken":["R","M","M","?","?","$","T","M","R","M","E","M","?","E","M","BOSS","R","M","?","?","M","E","T","M","M","?","$","R","$","M","M","BOSS","R","M","M"],"items_purchased_type":["Card","Card","Relic","Card"],"build_version":"2020-12-22","purchased_purges":0,"victory":false,"max_hp_per_floor":[77,77,77,77,77,77,77,77,77,77,77,77,77,77,77,77,77,77,77,77,77,77,77,77,77,77,77,77,77,77,77,77,77,77,77,77,77,77,77],"card_choices":[{"not_picked":["hexamod:Hexaguard","hexamod:FirstSeal"],"picked":"hexamod:NightmareStrike","floor":2},{"not_picked":["hexamod:ShieldOfDarkness","hexamod:SkipABeat"],"picked":"hexamod:SwordOfDarkness","floor":3},{"not_picked":["hexamod:HeatMetal","hexamod:FastForward"],"picked":"hexamod:ShieldOfDarkness","floor":6},{"not_picked":["hexamod:SpectersWail","hexamod:HeatMetal"],"picked":"hexamod:InspiringFlames","floor":8},{"not_picked":["hexamod:EtherealExpedition","hexamod:GhostOfSpirePast"],"picked":"hexamod:StepThrough","floor":10},{"not_picked":["hexamod:SearingWound","hexamod:HeatCrush","hexamod:EtherealExpedition"],"picked":"SKIP","floor":11},{"not_picked":["hexamod:SpectersWail","hexamod:NightmareGuise"],"picked":"hexamod:AdvancingGuard","floor":12},{"not_picked":["hexamod:BurningTouch","hexamod:Hexaguard"],"picked":"hexamod:ThirdSeal","floor":13},{"not_picked":["hexamod:Firestarter","hexamod:BurningTouch"],"picked":"hexamod:FastForward","floor":14},{"not_picked":["hexamod:FastForward","hexamod:ShieldOfDarkness"],"picked":"hexamod:HexaLevel+1","floor":14},{"not_picked":["hexamod:SwordOfDarkness","hexamod:Firestarter"],"picked":"hexamod:Hexaguard","floor":15},{"not_picked":["hexamod:TurnItUp","hexamod:HexaLevel+1"],"picked":"hexamod:TimeWarp","floor":16},{"not_picked":["hexamod:GhostOfSpirePresent+1","hexamod:TimeOfNeed"],"picked":"hexamod:TimeWarp","floor":16},{"not_picked":["hexamod:SwordOfDarkness","hexamod:GhostShield"],"picked":"hexamod:ChargedBarrage","floor":19},{"not_picked":["hexamod:HeatCrush","hexamod:GhostShield+1"],"picked":"hexamod:ChargedBarrage+1","floor":19},{"not_picked":["hexamod:Firestarter","hexamod:DynamicBlow+1"],"picked":"hexamod:ShieldOfDarkness","floor":22},{"not_picked":["hexamod:HeatMetal","hexamod:SpectersWail"],"picked":"hexamod:FifthSeal","floor":22},{"not_picked":["hexamod:ThirdSeal","hexamod:FirstSeal"],"picked":"hexamod:SixthSeal","floor":23},{"not_picked":["hexamod:NightmareGuise+1","hexamod:FirstSeal"],"picked":"hexamod:StepThrough","floor":23},{"not_picked":["hexamod:HauntingEcho","hexamod:TurnItUp"],"picked":"hexamod:InspiringFlames","floor":23},{"not_picked":["hexamod:SixthSeal","hexamod:ThirdSeal"],"picked":"hexamod:FourthSeal","floor":25},{"not_picked":["hexamod:PhantomCloak+1","hexamod:SwordOfDarkness+1","hexamod:DynamicBlow+1"],"picked":"SKIP","floor":25},{"not_picked":["hexamod:FastForward","hexamod:GhostOfSpireFuture+1","hexamod:PhantomCloak+1"],"picked":"SKIP","floor":25},{"not_picked":["hexamod:ThermalTransfer","hexamod:Incineration"],"picked":"hexamod:GhostShield+1","floor":26},{"not_picked":["hexamod:NightmareStrike","hexamod:GhostflameBarrier","hexamod:SwordOfDarkness+1"],"picked":"SKIP","floor":26},{"not_picked":["hexamod:FourthSeal","hexamod:SwordOfDarkness+1"],"picked":"hexamod:SpectersWail+1","floor":28},{"not_picked":["hexamod:DynamicBlow","hexamod:SwordOfDarkness","hexamod:GhostShield+1"],"picked":"SKIP","floor":30},{"not_picked":["hexamod:InspiringFlames","hexamod:SpectersWail+1","hexamod:HeatMetal+1"],"picked":"SKIP","floor":30},{"not_picked":["hexamod:RainOfEmbers","hexamod:FifthSeal"],"picked":"hexamod:SoulSteal","floor":31},{"not_picked":["hexamod:HeatCrush","hexamod:ShieldOfDarkness","hexamod:PhantomFireball"],"picked":"SKIP","floor":31},{"not_picked":["hexamod:AdvancingGuard","hexamod:Hexaguard+1"],"picked":"hexamod:GhostLash","floor":32},{"not_picked":["hexamod:EtherealExpedition+1","hexamod:Hexaguard","hexamod:GhostShield+1"],"picked":"SKIP","floor":32},{"not_picked":["hexamod:HexaLevel+1","hexamod:TimeOfNeed"],"picked":"hexamod:UnlimitedPower","floor":33},{"not_picked":["hexamod:Rewind"],"picked":"SKIP","floor":36}],"player_experience":795831,"relics_obtained":[{"floor":7,"key":"Art of War"},{"floor":11,"key":"Frozen Egg 2"},{"floor":14,"key":"Nunchaku"},{"floor":23,"key":"Bag of Preparation"},{"floor":24,"key":"Oddly Smooth Stone"}],"event_choices":[],"is_beta":false,"boss_relics":[{"not_picked":["Tiny House","trackpad:StolenKidneys"],"picked":"SlaversCollar"},{"not_picked":["Black Star","Sozu"],"picked":"Busted Crown"}],"items_purged_floors":[],"is_endless":false,"potions_floor_spawned":[2,3,8,12,14,22,25,31,33],"killed_by":"3 Shapes","ascension_level":0}}