{"host":"as7albp2mcgkylj3","time":1613922632,"event":{"mods":["2.2 Compatiblity","AchievementEnabler","BaseMod","Colored Map","DeckTracker","Googly Eyes","Highlight Path","Minty Spire (QoL Compilation)","StSLib","SuperFastMode"],"gold_per_floor":[118,118,134,134,84,84,115,115,115,115,55,85,85,110,110,210,210,221,141,141,141,157,256,256,266,311,330,330,345,87,101,101,101,101],"floor_reached":33,"language":"ITA","playtime":460,"items_purged":["Strike_P","Defend_P","Parasite"],"score":316,"play_id":"98455b12-d4ea-4c0d-8f70-bfe2c945fadc","local_time":"20210221165032","is_ascension_mode":false,"campfire_choices":[{"data":"FlyingSleeves","floor":6,"key":"SMITH"},{"data":"Eruption","floor":8,"key":"SMITH"},{"data":"Strike_P","floor":10,"key":"SMITH"},{"data":"Strike_P","floor":13,"key":"SMITH"},{"data":"Vigilance","floor":15,"key":"SMITH"},{"data":"J.A.X.","floor":28,"key":"SMITH"},{"floor":32,"key":"REST"}],"circlet_count":0,"master_deck":["Strike_P+1","Strike_P+1","Defend_P","Defend_P","Eruption+1","Vigilance+1","FlyingSleeves+1","J.A.X.+1","FlyingSleeves","FlyingSleeves"],"relics":["PureWater","NeowsBlessing","Ancient Tea Set","The Courier","PreservedInsect","Cursed Key","Bag of Marbles","Sling"],"acts_visited":["Exordium","TheCity"],"potions_floor_usage":[33,33],"damage_taken":[{"damage":0,"enemies":"Small Slimes","floor":1,"turns":1},{"damage":0,"enemies":"Cultist","floor":3,"turns":1},{"damage":0,"enemies":"3 Sentries","floor":7,"turns":2},{"damage":0,"enemies":"Slime Boss","floor":16,"turns":7},{"damage":2,"enemies":"Shell Parasite","floor":18,"turns":5},{"damage":3,"enemies":"Chosen","floor":22,"turns":2},{"damage":3,"enemies":"Snecko","floor":25,"turns":3},{"damage":3,"enemies":"Centurion and Healer","floor":27,"turns":4},{"damage":13,"enemies":"Cultist and Chosen","floor":29,"turns":4},{"damage":18,"enemies":"Snecko","floor":31,"turns":4},{"damage":63,"enemies":"Collector","floor":33,"turns":3}],"seed_played":"5968422057370624292","potions_obtained":[{"floor":1,"key":"SpeedPotion"},{"floor":18,"key":"Dexterity Potion"},{"floor":27,"key":"Block Potion"},{"floor":29,"key":"Explosive Potion"}],"is_trial":false,"path_per_floor":["M","?","M","?","?","R","E","R","T","R","$","?","R","T","R","B",null,"M","$","?","?","M","?","?","M","T","M","R","M","$","M","R","B"],"character_chosen":"WATCHER","items_purchased":["FlyingSleeves","Sling"],"campfire_rested":1,"item_purchase_floors":[30,30],"current_hp_per_floor":[72,72,72,77,77,77,77,77,77,77,77,77,77,77,77,77,77,75,75,75,75,72,72,72,69,69,66,66,53,53,35,57,0,0],"gold":101,"neow_bonus":"THREE_ENEMY_KILL","is_daily":false,"chose_seed":false,"campfire_upgraded":6,"win_rate":0.0,"timestamp":1613922632,"path_taken":["M","?","?","?","?","R","E","R","T","R","$","?","R","?","R","BOSS","M","$","?","?","?","?","?","?","T","M","R","M","?","?","R","BOSS"],"items_purchased_type":["Card","Relic"],"build_version":"2020-12-22","purchased_purges":3,"victory":false,"max_hp_per_floor":[72,72,72,77,77,77,77,77,77,77,77,77,77,77,77,77,77,77,77,77,77,77,77,77,77,77,77,77,77,74,74,74,74,74],"card_choices":[{"not_picked":["Swivel","CrushJoints","Evaluate"],"picked":"SKIP","floor":1},{"not_picked":["JustLucky","Protect"],"picked":"FlyingSleeves","floor":3},{"not_picked":["EmptyMind","TalkToTheHand","CrushJoints"],"picked":"SKIP","floor":7},{"not_picked":["EmptyFist","CutThroughFate+1","Conclude"],"picked":"SKIP","floor":18},{"not_picked":["Consecrate","SashWhip"],"picked":"FlyingSleeves","floor":22},{"not_picked":["FlurryOfBlows+1","EmptyBody","Swivel"],"picked":"SKIP","floor":25},{"not_picked":["EmptyBody+1","Prostrate","FollowUp"],"picked":"SKIP","floor":27},{"not_picked":["MentalFortress","Crescendo","Consecrate"],"picked":"SKIP","floor":29},{"not_picked":["Evaluate","EmptyMind","CrushJoints"],"picked":"SKIP","floor":31}],"player_experience":485428,"relics_obtained":[{"floor":7,"key":"Ancient Tea Set"},{"floor":9,"key":"The Courier"},{"floor":14,"key":"PreservedInsect"},{"floor":26,"key":"Bag of Marbles"}],"event_choices":[{"cards_removed":["Strike_P"],"damage_healed":0,"gold_gain":0,"player_choice":"Purged","damage_taken":0,"max_hp_gain":0,"max_hp_loss":0,"event_name":"Purifier","floor":2,"gold_loss":0},{"damage_healed":0,"gold_gain":0,"player_choice":"Donut","damage_taken":0,"max_hp_gain":5,"max_hp_loss":0,"event_name":"Big Fish","floor":4,"gold_loss":0},{"cards_removed":["Defend_P"],"damage_healed":0,"gold_gain":0,"player_choice":"Card Removal","damage_taken":0,"max_hp_gain":0,"max_hp_loss":0,"event_name":"The Cleric","floor":5,"gold_loss":50},{"damage_healed":0,"gold_gain":30,"player_choice":"Searched \u00271\u0027 times","damage_taken":0,"max_hp_gain":0,"max_hp_loss":0,"event_name":"Dead Adventurer","floor":12,"gold_loss":0},{"damage_healed":0,"gold_gain":0,"player_choice":"Obtain J.A.X.","damage_taken":0,"max_hp_gain":0,"max_hp_loss":0,"event_name":"Drug Dealer","floor":20,"gold_loss":0,"cards_obtained":["J.A.X."]},{"damage_healed":0,"gold_gain":0,"player_choice":"Ignored","damage_taken":0,"max_hp_gain":0,"max_hp_loss":0,"event_name":"NoteForYourself","floor":21,"gold_loss":0},{"damage_healed":0,"gold_gain":99,"player_choice":"Stole From Cult","damage_taken":0,"max_hp_gain":0,"max_hp_loss":0,"event_name":"Nest","floor":23,"gold_loss":0},{"damage_healed":0,"gold_gain":0,"player_choice":"Leave","damage_taken":0,"max_hp_gain":0,"max_hp_loss":0,"event_name":"FaceTrader","floor":24,"gold_loss":0}],"is_beta":false,"boss_relics":[{"not_picked":["Pandora\u0027s Box","Astrolabe"],"picked":"Cursed Key"}],"items_purged_floors":[11,19,30],"is_endless":false,"potions_floor_spawned":[1,18,27,29],"killed_by":"Collector","ascension_level":0}}