{"host":"e4wnmsyty9uvvtwf","time":1613887726,"event":{"mods":["BaseMod","Colored Map","Colored Powertips","Hermit","Minty Spire (QoL Compilation)","StSLib"],"gold_per_floor":[112,173,173,183,193,193,193,212,212,231,231,306,306,158,158,256,256,288,288,17,17,17],"floor_reached":21,"language":"ZHS","playtime":651,"items_purged":[],"score":192,"play_id":"0c9560a1-0550-4b35-97ba-ce9f201d4eb7","local_time":"20210221140846","is_ascension_mode":false,"campfire_choices":[{"data":"hermit:Spite","floor":6,"key":"SMITH"},{"data":"hermit:Maintenance","floor":11,"key":"SMITH"},{"data":"hermit:Purgatory","floor":13,"key":"SMITH"},{"data":"hermit:TakeAim","floor":15,"key":"SMITH"}],"circlet_count":0,"master_deck":["hermit:Strike_Hermit","hermit:Strike_Hermit","hermit:Strike_Hermit","hermit:Defend_Hermit","hermit:Defend_Hermit","hermit:Defend_Hermit","hermit:Defend_Hermit","hermit:Snapshot","hermit:Covet","Decay","hermit:TakeAim+1","hermit:Spite+1","hermit:Coalescence","hermit:Maintenance+1","hermit:Purgatory+1","hermit:Deadeye","hermit:Horror","hermit:DeadOrAlive","hermit:HoleUp","hermit:ShadowCloak","hermit:SprayPray"],"relics":["hermit:Momento","Darkstone Periapt","SlaversCollar","Blood Vial"],"acts_visited":["Exordium","TheCity"],"potions_floor_usage":[19],"damage_taken":[{"damage":0,"enemies":"Small Slimes","floor":1,"turns":3},{"damage":5,"enemies":"Jaw Worm","floor":4,"turns":5},{"damage":0,"enemies":"Cultist","floor":5,"turns":4},{"damage":0,"enemies":"3 Louse","floor":8,"turns":2},{"damage":18,"enemies":"Lots of Slimes","floor":10,"turns":7},{"damage":45,"enemies":"Slime Boss","floor":16,"turns":11},{"damage":52,"enemies":"2 Thieves","floor":18,"turns":4},{"damage":1,"enemies":"3 Byrds","floor":21,"turns":2}],"seed_played":"-1174949294544502611","potions_obtained":[{"floor":1,"key":"Block Potion"},{"floor":5,"key":"EssenceOfSteel"},{"floor":18,"key":"SpeedPotion"},{"floor":19,"key":"Fruit Juice"},{"floor":19,"key":"Explosive Potion"}],"is_trial":false,"path_per_floor":["M","?","?","M","M","R","?","M","T","M","R","?","R","$","R","B",null,"M","?","$","M"],"character_chosen":"HERMIT","items_purchased":["hermit:Deadeye","hermit:Horror","hermit:ShadowCloak","hermit:SprayPray","Blood Vial"],"campfire_rested":0,"item_purchase_floors":[14,14,20,20,20],"current_hp_per_floor":[89,89,89,84,84,84,84,84,84,66,66,55,55,55,55,10,89,37,42,42,43,43],"gold":17,"neow_bonus":"TWENTY_PERCENT_HP_BONUS","is_daily":false,"chose_seed":false,"campfire_upgraded":4,"win_rate":0.0,"timestamp":1613887726,"path_taken":["M","?","?","?","M","R","?","?","T","M","R","?","R","$","R","BOSS","M","?","$","?"],"items_purchased_type":["Card","Card","Card","Card","Relic"],"build_version":"2020-12-22","purchased_purges":0,"victory":false,"max_hp_per_floor":[89,89,89,89,89,89,89,89,89,89,89,89,89,89,89,89,89,89,94,94,94,94],"card_choices":[{"not_picked":["hermit:WideOpen","hermit:ItchyTrigger"],"picked":"hermit:TakeAim","floor":1},{"not_picked":["hermit:Ricochet","hermit:HighCaliber"],"picked":"hermit:Spite","floor":4},{"not_picked":["hermit:CalledShot","hermit:Headshot"],"picked":"hermit:Coalescence","floor":5},{"not_picked":["hermit:NoHoldsBarred","hermit:TakeCover"],"picked":"hermit:Maintenance","floor":8},{"not_picked":["hermit:Dive","hermit:Misfire"],"picked":"hermit:Purgatory","floor":10},{"not_picked":["hermit:RoundhouseKick","hermit:Reprieve"],"picked":"hermit:DeadOrAlive","floor":16},{"not_picked":["hermit:Coalescence","hermit:Ricochet"],"picked":"hermit:HoleUp","floor":18}],"player_experience":522240,"relics_obtained":[{"floor":9,"key":"Darkstone Periapt"}],"event_choices":[{"damage_healed":0,"gold_gain":61,"player_choice":"Gained Gold","damage_taken":0,"max_hp_gain":0,"max_hp_loss":0,"event_name":"Golden Wing","floor":2,"gold_loss":0},{"cards_removed":["hermit:Strike_Hermit"],"damage_healed":0,"gold_gain":0,"player_choice":"Purged","damage_taken":0,"max_hp_gain":0,"max_hp_loss":0,"event_name":"Purifier","floor":3,"gold_loss":0},{"damage_healed":0,"gold_gain":0,"player_choice":"Bought 0 Potions","damage_taken":0,"max_hp_gain":0,"max_hp_loss":0,"event_name":"The Woman in Blue","floor":7,"gold_loss":0},{"damage_healed":0,"gold_gain":75,"player_choice":"Gather Gold","damage_taken":11,"max_hp_gain":0,"max_hp_loss":0,"event_name":"World of Goop","floor":12,"gold_loss":0},{"damage_healed":0,"gold_gain":0,"player_choice":"Got Potions","damage_taken":0,"max_hp_gain":0,"max_hp_loss":0,"event_name":"Lab","floor":19,"gold_loss":0}],"is_beta":false,"boss_relics":[{"not_picked":["Snecko Eye","Fusion Hammer"],"picked":"SlaversCollar"}],"items_purged_floors":[],"is_endless":false,"potions_floor_spawned":[1,5,18],"killed_by":"3 Byrds","ascension_level":0}}