{"host":"uhi6g4fgvyietct9","time":1613903825,"event":{"mods":["AchievementEnabler","BaseMod","Colored Map","Colored Powertips","Minty Spire (QoL Compilation)","StSLib","SuperFastMode"],"gold_per_floor":[112,287,287,362,62,89,89,14,14,53,65,30,30,43,43,140,140,65,65],"floor_reached":18,"language":"KOR","playtime":459,"items_purged":["Doubt"],"score":342,"play_id":"84133d82-9362-4b1d-be33-59eb89171e33","local_time":"20210221193705","is_ascension_mode":true,"campfire_choices":[{"data":"Distraction","floor":7.0,"key":"SMITH"},{"data":"Infinite Blades","floor":11.0,"key":"SMITH"},{"data":"Footwork","floor":15.0,"key":"SMITH"}],"circlet_count":0,"master_deck":["AscendersBane","Strike_G","Strike_G","Strike_G","Strike_G","Strike_G","Defend_G","Defend_G","Defend_G","Defend_G","Defend_G","Survivor","Neutralize","Infinite Blades+1","Footwork+1","Distraction+1","Blur","Deflect","PiercingWail","Calculated Gamble"],"relics":["Ring of the Snake","NeowsBlessing","Bronze Scales","Calipers","MawBank","TungstenRod","Prayer Wheel","Busted Crown"],"acts_visited":["Exordium","TheCity"],"potions_floor_usage":[16,18],"damage_taken":[{"damage":0.0,"enemies":"2 Louse","floor":1.0,"turns":1.0},{"damage":0.0,"enemies":"Lagavulin","floor":6.0,"turns":1.0},{"damage":0.0,"enemies":"Gremlin Nob","floor":10.0,"turns":1.0},{"damage":0.0,"enemies":"Jaw Worm","floor":14.0,"turns":5.0},{"damage":14,"enemies":"Hexaghost","floor":16,"turns":11},{"damage":11,"enemies":"2 Thieves","floor":18,"turns":4}],"seed_played":"-98552333788575892","potions_obtained":[{"floor":1.0,"key":"SpeedPotion"},{"floor":16,"key":"BlessingOfTheForge"}],"is_trial":false,"path_per_floor":["M","?","?","?","$","E","R","$","T","E","R","$","T","M","R","B",null,"M"],"character_chosen":"THE_SILENT","items_purchased":["Bronze Scales","Footwork","Distraction","PiercingWail"],"campfire_rested":0,"item_purchase_floors":[5,5,5,12],"current_hp_per_floor":[63,63,68,57,57,57,57,57,57,57,57,57,57,57,57,43,67,56,56],"gold":65,"neow_bonus":"THREE_ENEMY_KILL","is_daily":false,"chose_seed":false,"campfire_upgraded":3,"win_rate":0.0,"timestamp":1613903825,"path_taken":["M","?","?","?","?","E","R","$","T","E","R","$","?","M","R","BOSS","M"],"items_purchased_type":["Relic","Card","Card","Card"],"build_version":"2020-12-22","purchased_purges":1,"victory":false,"max_hp_per_floor":[70,70,75,75,75,75,75,75,75,75,75,75,75,75,75,75,75,75,75],"card_choices":[{"not_picked":["Catalyst","Dagger Throw"],"picked":"Infinite Blades","floor":1.0},{"not_picked":["Bouncing Flask","All Out Attack"],"picked":"Blur","floor":6.0},{"not_picked":["Deadly Poison","Unload"],"picked":"Deflect","floor":10.0},{"not_picked":["Expertise","Dagger Throw"],"picked":"Calculated Gamble","floor":14.0},{"not_picked":["Dash","Dagger Spray","Bane"],"picked":"SKIP","floor":14.0}],"player_experience":613376,"relics_obtained":[{"floor":6.0,"key":"Calipers"},{"floor":9.0,"key":"MawBank"},{"floor":10.0,"key":"TungstenRod"},{"floor":13.0,"key":"Prayer Wheel"}],"event_choices":[{"damage_healed":0.0,"max_hp_gain":0.0,"max_hp_loss":0.0,"gold_gain":175.0,"event_name":"Liars Game","player_choice":"AGREE","floor":2.0,"gold_loss":0.0,"damage_taken":0.0,"cards_obtained":["Doubt"]},{"damage_healed":0.0,"max_hp_gain":5.0,"max_hp_loss":0.0,"gold_gain":0.0,"event_name":"Big Fish","player_choice":"Donut","floor":3.0,"gold_loss":0.0,"damage_taken":0.0},{"damage_healed":0.0,"max_hp_gain":0.0,"max_hp_loss":0.0,"gold_gain":75.0,"event_name":"World of Goop","player_choice":"Gather Gold","floor":4.0,"gold_loss":0.0,"damage_taken":11.0}],"is_beta":false,"boss_relics":[{"not_picked":["Cursed Key","Fusion Hammer"],"picked":"Busted Crown"}],"items_purged_floors":[8],"is_endless":false,"potions_floor_spawned":[1,16],"killed_by":"2 Thieves","ascension_level":12}}