{"host":"684z1xpuwaoqmmh1","time":1613929050,"event":{"mods":["BaseMod","CatGirl Mod","Downfall","Hermit","Jorbs\u0027s Wanderer Trilogy","Marisa????????","Minty Spire (QoL Compilation)","Robot Space Explorer","Shade Mod","Shapeshifter Mod","StSLib","The Bug Knight","The Clintock","The Dragon Tamer","The Elementalist","The Hayseed","The Hierophant","The Marked","The Mystic","The Poker Player","The Runesmith","The Sage","The Saiyan","The Showman","The Spell Scribe","The Valiant","The Vixen","TheBandit","TheFirefly","TheVacant"],"gold_per_floor":[116,116,136,156,170,170,201,250,250,261,261,295,305,48,48,48,48],"floor_reached":16,"language":"ENG","playtime":1659,"items_purged":[],"score":112,"play_id":"f2bc0518-e1e0-4233-a9e3-09eb2a335ecd","local_time":"20210221193730","is_ascension_mode":false,"campfire_choices":[{"data":"clintock:BaseSynthesis","floor":6,"key":"SMITH"},{"data":"clintock:GlucoseToxicity","floor":11,"key":"SMITH"},{"data":"clintock:Replenish","floor":15,"key":"SMITH"}],"circlet_count":0,"master_deck":["clintock:ClintockStrike","clintock:ClintockStrike","clintock:ClintockStrike","clintock:ClintockStrike","clintock:ClintockDefend","clintock:ClintockDefend","clintock:ClintockDefend","clintock:ClintockDefend","clintock:BaseSynthesis+1","clintock:Replenish+1","clintock:ATPReserves","clintock:DealersLuck","clintock:GlucoseToxicity+1","clintock:Bateson9000","clintock:TelomereErosion","clintock:DGMP","clintock:Centrifuge","clintock:Splinter"],"relics":["clintock:BiomoleculePool","HornCleat","Anchor","Kunai","Omamori","Matryoshka"],"acts_visited":["Exordium"],"potions_floor_usage":[7,16],"damage_taken":[{"damage":6,"enemies":"Small Slimes","floor":1,"turns":6},{"damage":0,"enemies":"Jaw Worm","floor":3,"turns":7},{"damage":2,"enemies":"Cultist","floor":4,"turns":6},{"damage":3,"enemies":"Exordium Wildlife","floor":5,"turns":5},{"damage":29,"enemies":"3 Sentries","floor":7,"turns":7},{"damage":0,"enemies":"Lots of Slimes","floor":10,"turns":4},{"damage":19,"enemies":"HollowMod:MossKnight","floor":12,"turns":25},{"damage":0,"enemies":"3 Louse","floor":13,"turns":4},{"damage":31,"enemies":"The Guardian","floor":16,"turns":9}],"seed_played":"-2747481581594346123","potions_obtained":[{"floor":3,"key":"bronze:BurnAndBuffPotion"},{"floor":5,"key":"CultistPotion"},{"floor":10,"key":"Weak Potion"}],"is_trial":false,"path_per_floor":["M","?","M","M","M","R","E","T","T","M","R","E","M","$","R","B"],"character_chosen":"CLINTOCK_CLASS","items_purchased":["Matryoshka"],"campfire_rested":0,"item_purchase_floors":[14],"current_hp_per_floor":[82,82,82,80,77,77,48,48,48,48,48,29,29,29,29,0,0],"gold":48,"neow_bonus":"TEN_PERCENT_HP_BONUS","is_daily":false,"chose_seed":false,"campfire_upgraded":3,"win_rate":0.0,"timestamp":1613929050,"path_taken":["M","?","M","M","M","R","E","?","T","M","R","E","M","$","R","BOSS"],"items_purchased_type":["Relic"],"build_version":"2020-12-22","purchased_purges":0,"victory":false,"max_hp_per_floor":[88,88,88,88,88,88,88,88,88,88,88,88,88,88,88,88,88],"card_choices":[{"not_picked":["clintock:Excavate","clintock:Immunodeficiency"],"picked":"clintock:ATPReserves","floor":1},{"not_picked":["clintock:Polymerize","clintock:CompostBin"],"picked":"clintock:DealersLuck","floor":3},{"not_picked":["clintock:Interrupt","clintock:Polymerize"],"picked":"clintock:GlucoseToxicity","floor":4},{"not_picked":["clintock:BruteForce","clintock:Interrupt"],"picked":"clintock:Bateson9000","floor":5},{"not_picked":["clintock:RandomForest","clintock:Alkylation"],"picked":"clintock:TelomereErosion","floor":7},{"not_picked":["clintock:Irradiate","clintock:Recombination"],"picked":"clintock:DGMP","floor":10},{"not_picked":["clintock:Immunodeficiency","clintock:Alkylation"],"picked":"clintock:Centrifuge","floor":12},{"not_picked":["clintock:Irradiate","clintock:TelomereErosion"],"picked":"clintock:Splinter","floor":13}],"player_experience":3124913,"relics_obtained":[{"floor":7,"key":"HornCleat"},{"floor":8,"key":"Anchor"},{"floor":9,"key":"Kunai"},{"floor":12,"key":"Omamori"}],"event_choices":[],"is_beta":false,"boss_relics":[],"items_purged_floors":[],"is_endless":false,"potions_floor_spawned":[3,5,10],"killed_by":"The Guardian","ascension_level":0}}