{"host":"6ve8qn5s1am4lo6s","time":1613875026,"event":{"mods":["AchievementEnabler","Act Like it!","BaseMod","Better Altar","Better Match","Better Note","Better Vampires","BetterRewards","CapriCore","Displayed Cursed Tome","Evolution","Minty Spire (QoL Compilation)","Permanent Neow","Relic Stats","StSLib","The Animator"],"gold_per_floor":[115,40,52,63,82,82,82,82,82,82,99,111,111,124,124,228,228,243,243,255,273,273,308,308,233,284,297,297,316,316,332,332,430,430,445,445,445,458,473,473,498,250,250,250,250,250,265,275,275,275,275],"floor_reached":50,"language":"ENG","playtime":4059,"items_purged":["Strike_G","Strike_G"],"score":736,"play_id":"65a3254e-3000-46d6-8be6-b07a4a965bb4","local_time":"20210220213706","is_ascension_mode":false,"campfire_choices":[{"data":"Noxious Fumes","floor":6,"key":"SMITH"},{"floor":8,"key":"RECALL"},{"data":"Neutralize","floor":10,"key":"SMITH"},{"data":"Sucker Punch","floor":13,"key":"SMITH"},{"data":"Deadly Poison","floor":15,"key":"SMITH"},{"data":"Bouncing Flask","floor":24,"key":"SMITH"},{"floor":30,"key":"REST"},{"data":"Footwork","floor":32,"key":"SMITH"},{"data":"Madness","floor":40,"key":"SMITH"},{"floor":44,"key":"REST"},{"data":"Madness","floor":46,"key":"SMITH"},{"data":"Catalyst","floor":49,"key":"SMITH"}],"circlet_count":0,"master_deck":["Strike_G","Strike_G","Defend_G","Defend_G","Defend_G","Defend_G","Defend_G","Survivor","Neutralize+1","Noxious Fumes+1","Deadly Poison","Footwork+1","Deflect","Sucker Punch+1","Heel Hook","Deadly Poison+1","Poisoned Stab","Backflip","Leg Sweep","Adrenaline","Bouncing Flask+1","Backflip+1","Deadly Poison+1","Bouncing Flask","Adrenaline","Backflip+1","Madness+1","Madness+1","Backflip+1","Footwork","Adrenaline","Deadly Poison+1","Catalyst+1"],"relics":["Ring of the Snake","EVO:Axolotl","TungstenRod","Ice Cream","Oddly Smooth Stone","CaptainsWheel","Sozu","Smiling Mask","Art of War","Philosopher\u0027s Stone","Bottled Lightning","InkBottle"],"acts_visited":["Exordium","TheCity","TheBeyond"],"potions_floor_usage":[11,16,23],"damage_taken":[{"damage":0,"enemies":"Small Slimes","floor":1,"turns":5},{"damage":0,"enemies":"Cultist","floor":3,"turns":4},{"damage":0,"enemies":"Jaw Worm","floor":4,"turns":4},{"damage":0,"enemies":"Lots of Slimes","floor":5,"turns":5},{"damage":6,"enemies":"3 Louse","floor":11,"turns":3},{"damage":0,"enemies":"Large Slime","floor":12,"turns":4},{"damage":0,"enemies":"Looter","floor":14,"turns":3},{"damage":0,"enemies":"Slime Boss","floor":16,"turns":7},{"damage":1,"enemies":"2 Thieves","floor":18,"turns":4},{"damage":0,"enemies":"Spheric Guardian","floor":20,"turns":2},{"damage":2,"enemies":"Centurion and Healer","floor":21,"turns":6},{"damage":37,"enemies":"Gremlin Leader","floor":23,"turns":7},{"damage":0,"enemies":"3 Cultists","floor":27,"turns":5},{"damage":3,"enemies":"Sentry and Sphere","floor":29,"turns":5},{"damage":0,"enemies":"Centurion and Healer","floor":31,"turns":5},{"damage":42,"enemies":"Collector","floor":33,"turns":8},{"damage":0,"enemies":"3 Darklings","floor":35,"turns":4},{"damage":5,"enemies":"3 Shapes","floor":38,"turns":4},{"damage":6,"enemies":"Jaw Worm Horde","floor":39,"turns":5},{"damage":27,"enemies":"Reptomancer","floor":41,"turns":6},{"damage":0,"enemies":"4 Shapes","floor":47,"turns":5},{"damage":9,"enemies":"Spire Growth","floor":48,"turns":4},{"damage":36,"enemies":"Awakened One","floor":50,"turns":13}],"seed_played":"3379888035211796869","potions_obtained":[{"floor":3,"key":"LiquidBronze"},{"floor":5,"key":"ColorlessPotion"},{"floor":14,"key":"AttackPotion"},{"floor":16,"key":"Weak Potion"}],"is_trial":false,"path_per_floor":["M","$","M","M","M","R","?","R","T","R","M","M","R","M","R","B",null,"M","?","M","M","?","E","R","?","T","M","?","M","R","M","R","B",null,"M","?","?","M","M","R","E","$","T","R","?","R","M","M","R","B"],"character_chosen":"THE_SILENT","items_purchased":["TungstenRod","Noxious Fumes","Deadly Poison","Footwork","Oddly Smooth Stone","Deflect","Footwork","Adrenaline"],"campfire_rested":2,"item_purchase_floors":[0,0,0,0,0,0,42,42],"current_hp_per_floor":[35,35,35,35,35,35,35,35,35,35,29,29,29,29,29,29,70,69,69,69,67,67,30,30,30,30,30,25,22,43,43,43,1,70,70,70,62,57,51,51,24,24,24,45,45,45,45,36,36,0,0],"gold":275,"neow_bonus":"","is_daily":false,"chose_seed":false,"campfire_upgraded":9,"win_rate":0.0,"timestamp":1613875026,"path_taken":["M","$","M","M","M","R","?","R","T","R","M","M","R","M","R","BOSS","M","?","M","?","?","E","R","?","T","M","?","M","R","M","R","BOSS","M","?","?","M","M","R","E","$","T","R","?","R","M","?","R","BOSS"],"items_purchased_type":["Relic","Card","Card","Card","Relic","Card","Card","Card"],"build_version":"2020-12-22","purchased_purges":2,"victory":false,"max_hp_per_floor":[70,70,70,70,70,70,70,70,70,70,70,70,70,70,70,70,70,70,70,70,70,70,70,70,70,70,70,70,70,70,70,70,70,70,70,70,70,70,70,70,70,70,70,70,70,70,70,70,70,70,70],"relic_stats":{"Sozu":6,"counters":[23,118],"Art of War":[8],"Smiling Mask":50,"obtain_stats":[{"Ice Cream":0,"Gremlin Horn":0,"Nilry\u0027s Codex":0,"Bottled Tornado":0,"Smiling Mask":23,"Burning Blood":0,"Blood Vial":0,"Sozu":17,"Centennial Puzzle":0,"Nunchaku":0,"Dream Catcher":0,"Philosopher\u0027s Stone":34,"Kunai":0,"Red Skull":0,"InkBottle":43,"Potion Belt":0,"Golden Idol":0,"Blue Candle":0,"Oddly Smooth Stone":0,"White Beast Statue":0,"Akabeko":0,"Runic Dome":0,"Anchor":0,"CaptainsWheel":7,"Molten Egg 2":0,"Art of War":26,"Champion Belt":0,"Bottled Lightning":41,"TungstenRod":0},{"Ice Cream":0,"Gremlin Horn":0,"Nilry\u0027s Codex":0,"Bottled Tornado":0,"Smiling Mask":12,"Burning Blood":0,"Blood Vial":0,"Sozu":8,"Centennial Puzzle":0,"Nunchaku":0,"Dream Catcher":0,"Philosopher\u0027s Stone":16,"Kunai":0,"Red Skull":0,"InkBottle":20,"Potion Belt":0,"Golden Idol":0,"Blue Candle":0,"Oddly Smooth Stone":0,"White Beast Statue":0,"Akabeko":0,"Runic Dome":0,"Anchor":0,"CaptainsWheel":4,"Molten Egg 2":0,"Art of War":12,"Champion Belt":0,"Bottled Lightning":20,"TungstenRod":0},{"Ice Cream":0,"Gremlin Horn":0,"Nilry\u0027s Codex":0,"Bottled Tornado":0,"Smiling Mask":54,"Burning Blood":0,"Blood Vial":0,"Sozu":35,"Centennial Puzzle":0,"Nunchaku":0,"Dream Catcher":0,"Philosopher\u0027s Stone":77,"Kunai":0,"Red Skull":0,"InkBottle":96,"Potion Belt":0,"Golden Idol":0,"Blue Candle":0,"Oddly Smooth Stone":0,"White Beast Statue":0,"Akabeko":0,"Runic Dome":0,"Anchor":0,"CaptainsWheel":18,"Molten Egg 2":0,"Art of War":54,"Champion Belt":0,"Bottled Lightning":96,"TungstenRod":0}],"TungstenRod":39,"InkBottle":[13],"Ring of the Snake":[46]},"card_choices":[{"not_picked":["Concentrate","Outmaneuver"],"picked":"Sucker Punch","floor":1},{"not_picked":["Eviscerate","Quick Slash"],"picked":"Heel Hook","floor":3},{"not_picked":["Caltrops","Tactician"],"picked":"Deadly Poison","floor":4},{"not_picked":["Skewer","Bane","Blade Dance"],"picked":"SKIP","floor":5},{"not_picked":["Blade Dance","Bane"],"picked":"Poisoned Stab","floor":11},{"not_picked":["Poisoned Stab","Cloak And Dagger"],"picked":"Backflip","floor":12},{"not_picked":["Poisoned Stab","Acrobatics"],"picked":"Leg Sweep","floor":14},{"not_picked":["Malaise","Tools of the Trade"],"picked":"Adrenaline","floor":16},{"not_picked":["Dagger Throw","Setup+1"],"picked":"Bouncing Flask","floor":18},{"not_picked":["Distraction","Escape Plan"],"picked":"Backflip+1","floor":20},{"not_picked":["Acrobatics+1","Dodge and Roll"],"picked":"Deadly Poison+1","floor":21},{"not_picked":["Dagger Spray","Acrobatics+1","Caltrops"],"picked":"SKIP","floor":23},{"not_picked":["Bane","Slice","Dodge and Roll"],"picked":"SKIP","floor":27},{"not_picked":["Blur","Bane","Night Terror"],"picked":"SKIP","floor":29},{"not_picked":["Dagger Spray","Concentrate","Bouncing Flask"],"picked":"SKIP","floor":31},{"not_picked":["Malaise","Envenom"],"picked":"Adrenaline","floor":33},{"not_picked":["Dodge and Roll+1","Masterful Stab"],"picked":"Backflip+1","floor":35},{"not_picked":["Prepared","Terror","Skewer+1"],"picked":"SKIP","floor":38},{"not_picked":["Riddle With Holes+1","Sucker Punch","Concentrate"],"picked":"SKIP","floor":39},{"not_picked":["Cloak And Dagger+1","Underhanded Strike"],"picked":"Backflip+1","floor":41},{"not_picked":["Prepared","Flying Knee"],"picked":"Deadly Poison+1","floor":47},{"not_picked":["Deflect+1","Dagger Spray+1"],"picked":"Catalyst","floor":48}],"player_experience":440579,"relics_obtained":[{"floor":23,"key":"Smiling Mask"},{"floor":26,"key":"Art of War"},{"floor":41,"key":"Bottled Lightning"},{"floor":43,"key":"InkBottle"}],"event_choices":[{"damage_healed":0,"gold_gain":0,"player_choice":"Gave Potion","damage_taken":0,"relics_obtained":["CaptainsWheel"],"max_hp_gain":0,"max_hp_loss":0,"event_name":"WeMeetAgain","floor":7,"gold_loss":0},{"cards_removed":["Strike_G"],"damage_healed":0,"gold_gain":0,"player_choice":"Give","damage_taken":0,"max_hp_gain":0,"max_hp_loss":0,"event_name":"betterNote:BetterNote","floor":19,"gold_loss":0,"cards_obtained":["None"]},{"damage_healed":0,"gold_gain":0,"player_choice":"Read","damage_taken":0,"max_hp_gain":0,"max_hp_loss":0,"event_name":"The Library","floor":22,"gold_loss":0,"cards_obtained":["Bouncing Flask"]},{"cards_removed":["Strike_G"],"damage_healed":0,"gold_gain":0,"player_choice":"Gave Gold","damage_taken":0,"max_hp_gain":0,"max_hp_loss":0,"event_name":"Beggar","floor":25,"gold_loss":75},{"damage_healed":0,"gold_gain":0,"player_choice":"Stopped","damage_taken":9,"max_hp_gain":0,"max_hp_loss":0,"event_name":"Cursed Tome","floor":28,"gold_loss":0},{"damage_healed":0,"gold_gain":0,"player_choice":"Ignored","damage_taken":0,"max_hp_gain":0,"max_hp_loss":0,"event_name":"Tomb of Lord Red Mask","floor":36,"gold_loss":0},{"damage_healed":0,"gold_gain":0,"player_choice":"Embrace Madness","damage_taken":9,"max_hp_gain":0,"max_hp_loss":0,"event_name":"Winding Halls","floor":37,"gold_loss":0,"cards_obtained":["Madness","Madness"]},{"damage_healed":0,"gold_gain":0,"player_choice":"Ignored","damage_taken":0,"max_hp_gain":0,"max_hp_loss":0,"event_name":"SecretPortal","floor":45,"gold_loss":0}],"is_beta":false,"boss_relics":[{"not_picked":["Ectoplasm","Ring of the Serpent"],"picked":"Sozu"},{"not_picked":["Empty Cage","HoveringKite"],"picked":"Philosopher\u0027s Stone"}],"items_purged_floors":[2,42],"is_endless":false,"potions_floor_spawned":[3,5,14,16,18,27,33,38,39,48],"killed_by":"Awakened One","ascension_level":0}}