{"host":"i29s15dsg0c43zmx","time":1613938377,"event":{"mods":["AchievementEnabler","BaseMod","Colored Map","Minty Spire (QoL Compilation)","StSLib"],"gold_per_floor":[109,109,109,122,47,47,80,100,100,100,100],"floor_reached":10,"language":"ENG","playtime":536,"items_purged":["Strike_P"],"score":66,"play_id":"eea5529d-82bb-47a4-aba9-a8e0114c0911","local_time":"20210221211257","is_ascension_mode":false,"campfire_choices":[{"data":"DevaForm","floor":6,"key":"SMITH"}],"circlet_count":0,"master_deck":["Strike_P","Strike_P","Defend_P","Defend_P","Defend_P","Defend_P","Eruption","Vigilance","DevaForm+1","Prostrate","Omniscience","Wish"],"relics":["PureWater","Golden Idol","Lizard Tail","Bottled Lightning"],"acts_visited":["Exordium"],"potions_floor_usage":[10],"damage_taken":[{"damage":0,"enemies":"Cultist","floor":1,"turns":5},{"damage":7,"enemies":"2 Louse","floor":4,"turns":5},{"damage":21,"enemies":"Lagavulin","floor":7,"turns":12},{"damage":8,"enemies":"Jaw Worm","floor":8,"turns":8},{"damage":55,"enemies":"3 Sentries","floor":10,"turns":14}],"seed_played":"6321317898510747611","potions_obtained":[{"floor":8,"key":"Energy Potion"}],"is_trial":false,"path_per_floor":["M","?","?","M","$","R","E","M","T","E"],"character_chosen":"WATCHER","items_purchased":[],"campfire_rested":0,"item_purchase_floors":[],"current_hp_per_floor":[72,54,54,47,47,47,26,18,18,0,0],"gold":100,"neow_bonus":"ONE_RANDOM_RARE_CARD","is_daily":false,"chose_seed":false,"campfire_upgraded":1,"win_rate":0.0,"timestamp":1613938377,"path_taken":["M","?","?","?","$","R","E","M","T","E"],"items_purchased_type":[],"build_version":"2020-12-22","purchased_purges":1,"victory":false,"max_hp_per_floor":[72,72,72,72,72,72,72,72,72,72,72],"card_choices":[{"not_picked":["FlyingSleeves","EmptyFist","BowlingBash"],"picked":"SKIP","floor":1},{"not_picked":["Wireheading","Evaluate"],"picked":"Prostrate","floor":4},{"not_picked":["JustLucky","Halt"],"picked":"Omniscience","floor":7},{"not_picked":["Consecrate","Protect"],"picked":"Wish","floor":8}],"player_experience":106549,"relics_obtained":[{"floor":7,"key":"Lizard Tail"},{"floor":9,"key":"Bottled Lightning"}],"event_choices":[{"damage_healed":0,"gold_gain":0,"player_choice":"Take Damage","damage_taken":18,"relics_obtained":["Golden Idol"],"max_hp_gain":0,"max_hp_loss":0,"event_name":"Golden Idol","floor":2,"gold_loss":0},{"cards_removed":["Strike_P"],"damage_healed":0,"gold_gain":0,"player_choice":"Purged","damage_taken":0,"max_hp_gain":0,"max_hp_loss":0,"event_name":"Purifier","floor":3,"gold_loss":0}],"is_beta":false,"boss_relics":[],"items_purged_floors":[5],"is_endless":false,"potions_floor_spawned":[8],"killed_by":"3 Sentries","ascension_level":0}}