{"host":"p0hktren06injwdf","time":1613879505,"event":{"mods":["AchievementEnabler","BaseMod","Colored Map","DeckTracker","Minty Spire (QoL Compilation)","Permanent Neow","StSLib","SuperFastMode"],"gold_per_floor":[219,219,242,83,99,142,142,162,162,162,198,198,221,235,235,333,333,351,351,367,4,27,27,27,27,27,46,46,46,62,80,80,80,80],"floor_reached":33,"language":"KOR","playtime":614,"items_purged":["Defend_G"],"score":514,"play_id":"72791c7b-d9c1-4db2-8e1d-1fa60a1d8882","local_time":"20210221125145","is_ascension_mode":true,"campfire_choices":[{"floor":7.0,"key":"REST"},{"data":"Die Die Die","floor":10.0,"key":"SMITH"},{"floor":12,"key":"REST"},{"data":"Neutralize","floor":15,"key":"SMITH"},{"floor":23,"key":"REST"},{"data":"Storm of Steel","floor":25,"key":"SMITH"},{"data":"Tools of the Trade","floor":28,"key":"SMITH"},{"data":"Accuracy","floor":32,"key":"SMITH"}],"circlet_count":0,"master_deck":["AscendersBane","Survivor","Neutralize+1","Endless Agony","Cloak And Dagger","Die Die Die+1","Blade Dance","Deadly Poison","Leg Sweep","Slice","Finisher","Storm of Steel+1","Bane","Tools of the Trade+1","Distraction","Dash","Setup","Acrobatics","Accuracy+1","Quick Slash","Sucker Punch","Backflip","Flash of Steel","Blur","Blade Dance","PiercingWail"],"relics":["Ring of the Snake","Golden Idol","Anchor","Lantern","Darkstone Periapt","Centennial Puzzle","Pandora\u0027s Box","Ornamental Fan","Blue Candle"],"acts_visited":["Exordium","TheCity"],"potions_floor_usage":[16,33],"damage_taken":[{"damage":3.0,"enemies":"2 Louse","floor":1.0,"turns":4.0},{"damage":19.0,"enemies":"Jaw Worm","floor":3.0,"turns":7.0},{"damage":0.0,"enemies":"Cultist","floor":5.0,"turns":3.0},{"damage":23.0,"enemies":"Lagavulin","floor":6.0,"turns":6.0},{"damage":4.0,"enemies":"Gremlin Gang","floor":8.0,"turns":3.0},{"damage":24,"enemies":"Gremlin Nob","floor":11,"turns":4},{"damage":0,"enemies":"Blue Slaver","floor":14,"turns":3},{"damage":12,"enemies":"The Guardian","floor":16,"turns":14},{"damage":11,"enemies":"2 Thieves","floor":18,"turns":3},{"damage":8,"enemies":"Shell Parasite","floor":20,"turns":5},{"damage":11,"enemies":"Chosen and Byrds","floor":22,"turns":5},{"damage":2,"enemies":"Snake Plant","floor":27,"turns":3},{"damage":3,"enemies":"3 Cultists","floor":30,"turns":5},{"damage":0,"enemies":"Centurion and Healer","floor":31,"turns":5},{"damage":31,"enemies":"Automaton","floor":33,"turns":6}],"seed_played":"-574165276976895826","potions_obtained":[{"floor":5.0,"key":"Poison Potion"},{"floor":14,"key":"SteroidPotion"},{"floor":16,"key":"BlessingOfTheForge"},{"floor":20,"key":"FearPotion"}],"is_trial":false,"path_per_floor":["M","?","M","$","M","E","R","M","T","R","E","R","T","M","R","B",null,"M","?","M","$","M","R","?","R","T","M","R","$","M","M","R","B"],"character_chosen":"THE_SILENT","items_purchased":["Die Die Die","Ornamental Fan","Flash of Steel"],"campfire_rested":3,"item_purchase_floors":[4,21,21],"current_hp_per_floor":[56,56,37,37,37,14,32,28,28,28,4,22,22,22,22,10,48,37,37,29,29,18,36,36,36,36,34,34,34,31,31,31,0,0],"gold":80,"neow_bonus":"HUNDRED_GOLD","is_daily":false,"chose_seed":false,"campfire_upgraded":5,"win_rate":0.0,"timestamp":1613879505,"path_taken":["M","?","M","$","M","E","R","M","T","R","E","R","?","M","R","BOSS","M","?","M","$","M","R","?","R","T","M","R","?","?","M","R","BOSS"],"items_purchased_type":["Card","Relic","Card"],"build_version":"2020-12-22","purchased_purges":1,"victory":false,"max_hp_per_floor":[66,60,60,60,60,60,60,60,60,60,60,60,60,60,60,60,60,60,60,60,60,60,60,60,60,60,60,60,60,60,60,60,60,60],"card_choices":[{"not_picked":["PiercingWail","Heel Hook"],"picked":"Endless Agony","floor":1.0},{"not_picked":["Flying Knee","Slice"],"picked":"Cloak And Dagger","floor":3.0},{"not_picked":["Dagger Throw","Cloak And Dagger"],"picked":"Blade Dance","floor":5.0},{"not_picked":["Dodge and Roll","Skewer"],"picked":"Deadly Poison","floor":6.0},{"not_picked":["Prepared","PiercingWail"],"picked":"Leg Sweep","floor":8.0},{"not_picked":["Venomology","Choke"],"picked":"Slice","floor":11},{"not_picked":["Backflip","Outmaneuver"],"picked":"Finisher","floor":14},{"not_picked":["Night Terror","Phantasmal Killer"],"picked":"Storm of Steel","floor":16},{"not_picked":["Acrobatics","Prepared","Dodge and Roll"],"picked":"SKIP","floor":18},{"not_picked":["Masterful Stab","Accuracy"],"picked":"Backflip","floor":20},{"not_picked":["Blade Dance","Dagger Spray"],"picked":"Blur","floor":22},{"not_picked":["Crippling Poison","Finisher","Eviscerate"],"picked":"SKIP","floor":27},{"not_picked":["Backflip","Acrobatics"],"picked":"PiercingWail","floor":30},{"not_picked":["Poisoned Stab","Grand Finale","Deflect"],"picked":"SKIP","floor":31}],"player_experience":1098041,"relics_obtained":[{"floor":6.0,"key":"Anchor"},{"floor":9.0,"key":"Lantern"},{"floor":11,"key":"Darkstone Periapt"},{"floor":13,"key":"Centennial Puzzle"},{"floor":26,"key":"Blue Candle"}],"event_choices":[{"damage_healed":0.0,"max_hp_gain":0.0,"max_hp_loss":6.0,"gold_gain":0.0,"event_name":"Golden Idol","player_choice":"Lose Max HP","floor":2.0,"gold_loss":0.0,"damage_taken":0.0,"relics_obtained":["Golden Idol"]},{"damage_healed":0,"gold_gain":0,"player_choice":"Ignored","damage_taken":0,"max_hp_gain":0,"max_hp_loss":0,"event_name":"Cursed Tome","floor":19,"gold_loss":0},{"damage_healed":0,"gold_gain":0,"player_choice":"Read","damage_taken":0,"max_hp_gain":0,"max_hp_loss":0,"event_name":"The Library","floor":24,"gold_loss":0,"cards_obtained":["Blade Dance"]}],"is_beta":false,"boss_relics":[{"not_picked":["Runic Dome","Empty Cage"],"picked":"Pandora\u0027s Box"}],"items_purged_floors":[4],"is_endless":false,"potions_floor_spawned":[5,14,16,20,27],"killed_by":"Automaton","ascension_level":20}}