{"host":"x665ekuy0qorxtwt","time":1613866588,"event":{"mods":["AchievementEnabler","BaseMod","Bestiary","Colored Map","Colored Powertips","Minty Spire (QoL Compilation)"],"gold_per_floor":[110,123,140,90,109,144,144,175,175,188,188,28,48,48,48,148,148,160,160,172,183,262,262,292,292,317,317,334,360,360,370,370,472,472,487,185,185,185,197,197,231,247,247,247,0,26,45,45,45,45,45],"floor_reached":50,"language":"ENG","playtime":3647,"items_purged":["Strike_P"],"score":625,"play_id":"4badb5bb-5d88-431c-b855-e20d3a13b1ba","local_time":"20210220161628","is_ascension_mode":false,"campfire_choices":[{"data":"Conclude","floor":7,"key":"SMITH"},{"floor":11,"key":"REST"},{"data":"Scrawl","floor":15,"key":"SMITH"},{"data":"RitualDagger","floor":23,"key":"SMITH"},{"data":"Adaptation","floor":25,"key":"SMITH"},{"data":"Pray","floor":27,"key":"SMITH"},{"floor":30,"key":"REST"},{"data":"ForeignInfluence","floor":32,"key":"SMITH"},{"data":"Tantrum","floor":40,"key":"SMITH"},{"data":"CutThroughFate","floor":44,"key":"SMITH"},{"floor":49,"key":"REST"}],"circlet_count":0,"master_deck":["Strike_P","Strike_P","Defend_P","Defend_P","Eruption+1","Vigilance","CutThroughFate+1","FollowUp","Conclude+1","Scrawl+1","Brilliance","ClearTheMind+1","ForeignInfluence+1","RitualDagger+1","Tantrum+1","Adaptation+1","DeceiveReality+1","TalkToTheHand+1","DeusExMachina","Vault+1","Enlightenment+1"],"relics":["PureWater","Bottled Flame","Vajra","White Beast Statue","Empty Cage","The Courier","Pocketwatch","Orichalcum","Art of War","SacredBark","Lee\u0027s Waffle","Strawberry","Juzu Bracelet","Toxic Egg 2","Red Mask","Regal Pillow"],"acts_visited":["Exordium","TheCity","TheBeyond"],"potions_floor_usage":[8,16,20,20,29,29,33,33,33,35,50,50,50],"damage_taken":[{"damage":0,"enemies":"Jaw Worm","floor":1,"turns":2},{"damage":2,"enemies":"Small Slimes","floor":2,"turns":4},{"damage":0,"enemies":"Cultist","floor":3,"turns":2},{"damage":0,"enemies":"Large Slime","floor":5,"turns":3},{"damage":23,"enemies":"3 Sentries","floor":6,"turns":7},{"damage":42,"enemies":"Lagavulin","floor":8,"turns":4},{"damage":0,"enemies":"3 Louse","floor":10,"turns":1},{"damage":1,"enemies":"2 Fungi Beasts","floor":13,"turns":2},{"damage":0,"enemies":"Slime Boss","floor":16,"turns":3},{"damage":20,"enemies":"Chosen","floor":18,"turns":2},{"damage":0,"enemies":"3 Byrds","floor":20,"turns":2},{"damage":0,"enemies":"Snake Plant","floor":21,"turns":2},{"damage":14,"enemies":"Slavers","floor":24,"turns":2},{"damage":0,"enemies":"Sentry and Sphere","floor":28,"turns":2},{"damage":19,"enemies":"Book of Stabbing","floor":29,"turns":4},{"damage":7,"enemies":"Chosen and Byrds","floor":31,"turns":4},{"damage":21,"enemies":"Collector","floor":33,"turns":9},{"damage":7,"enemies":"3 Darklings","floor":35,"turns":3},{"damage":0,"enemies":"Orb Walker","floor":39,"turns":2},{"damage":5,"enemies":"Nemesis","floor":41,"turns":3},{"damage":0,"enemies":"Transient","floor":42,"turns":5},{"damage":7,"enemies":"Giant Head","floor":46,"turns":4},{"damage":5,"enemies":"Writhing Mass","floor":47,"turns":4},{"damage":120,"enemies":"Awakened One","floor":50,"turns":14}],"seed_played":"-588132782985828318","potions_obtained":[{"floor":3,"key":"LiquidBronze"},{"floor":5,"key":"EssenceOfSteel"},{"floor":8,"key":"SteroidPotion"},{"floor":10,"key":"Fire Potion"},{"floor":13,"key":"Ancient Potion"},{"floor":16,"key":"SneckoOil"},{"floor":20,"key":"BottledMiracle"},{"floor":21,"key":"Energy Potion"},{"floor":24,"key":"Dexterity Potion"},{"floor":28,"key":"Ambrosia"},{"floor":29,"key":"Swift Potion"},{"floor":31,"key":"SkillPotion"},{"floor":33,"key":"FearPotion"},{"floor":35,"key":"LiquidMemories"},{"floor":39,"key":"SkillPotion"},{"floor":41,"key":"FearPotion"},{"floor":42,"key":"DistilledChaos"},{"floor":46,"key":"Explosive Potion"}],"is_trial":false,"path_per_floor":["M","M","M","?","M","E","R","E","T","M","R","$","M","?","R","B",null,"M","?","M","M","T","R","E","R","T","R","M","E","R","M","R","B",null,"M","$","?","?","M","R","E","M","T","R","?","E","M","?","R","B"],"character_chosen":"WATCHER","items_purchased":["Brilliance","Lee\u0027s Waffle","Strawberry"],"campfire_rested":3,"item_purchase_floors":[12,36,36],"current_hp_per_floor":[79,77,77,77,77,54,54,12,12,12,35,35,34,34,34,34,79,59,53,53,53,53,53,39,39,39,39,39,20,43,36,36,15,79,72,93,93,93,93,93,88,88,88,88,88,81,76,76,93,0,0],"gold":45,"neow_bonus":"TEN_PERCENT_HP_BONUS","is_daily":false,"chose_seed":false,"campfire_upgraded":8,"win_rate":0.0,"timestamp":1613866588,"path_taken":["M","M","M","?","M","E","R","E","T","M","R","$","M","?","R","BOSS","M","?","M","M","?","R","E","R","T","R","M","E","R","M","R","BOSS","M","$","?","?","?","R","E","M","T","R","?","E","M","?","R","BOSS"],"items_purchased_type":["Card","Relic","Relic"],"build_version":"2020-12-22","purchased_purges":1,"victory":false,"max_hp_per_floor":[79,79,79,79,79,79,79,79,79,79,79,79,79,79,79,79,79,79,79,79,79,79,79,79,79,79,79,79,79,79,79,79,79,79,79,93,93,93,93,93,93,93,93,93,93,93,93,93,93,93,93],"card_choices":[{"not_picked":["CrushJoints","CarveReality"],"picked":"CutThroughFate","floor":1},{"not_picked":["Collect","Consecrate"],"picked":"FollowUp","floor":2},{"not_picked":["SandsOfTime","PathToVictory"],"picked":"Pray","floor":3},{"not_picked":["LessonLearned","Meditate"],"picked":"Conclude","floor":5},{"not_picked":["EmptyFist","Vengeance","JustLucky"],"picked":"SKIP","floor":6},{"not_picked":["InnerPeace","CrushJoints"],"picked":"Scrawl","floor":8},{"not_picked":["Collect","Indignation","EmptyFist"],"picked":"SKIP","floor":10},{"not_picked":["EmptyFist","CutThroughFate"],"picked":"ClearTheMind","floor":13},{"not_picked":["EmptyBody","EmptyFist"],"picked":"ForeignInfluence","floor":18},{"not_picked":["Evaluate","EmptyBody"],"picked":"Tantrum","floor":20},{"not_picked":["Sanctity+1","Protect+1"],"picked":"Adaptation","floor":21},{"not_picked":["Collect","BowlingBash+1","JustLucky"],"picked":"SKIP","floor":24},{"not_picked":["Halt","JustLucky"],"picked":"DeceiveReality+1","floor":28},{"not_picked":["Tantrum","Consecrate","Sanctity"],"picked":"SKIP","floor":29},{"not_picked":["PathToVictory+1","FlyingSleeves"],"picked":"TalkToTheHand+1","floor":31},{"not_picked":["Ragnarok","MasterReality"],"picked":"DeusExMachina","floor":33},{"not_picked":["EmptyFist","JustLucky","WheelKick+1"],"picked":"SKIP","floor":35},{"not_picked":["JustLucky+1","WaveOfTheHand","SashWhip+1"],"picked":"SKIP","floor":39},{"not_picked":["PathToVictory+1","ThirdEye+1","Collect+1"],"picked":"SKIP","floor":41},{"not_picked":["SashWhip+1","ClearTheMind+1","Worship+1"],"picked":"SKIP","floor":42},{"not_picked":["Evaluate+1","Perseverance+1"],"picked":"Vault+1","floor":46},{"not_picked":["FlyingSleeves","Pray+1","Collect+1"],"picked":"SKIP","floor":47},{"not_picked":["Magnetism","Forethought+1"],"picked":"Enlightenment+1","floor":48}],"player_experience":223028,"relics_obtained":[{"floor":6,"key":"Bottled Flame"},{"floor":8,"key":"Vajra"},{"floor":9,"key":"White Beast Statue"},{"floor":22,"key":"The Courier"},{"floor":24,"key":"Pocketwatch"},{"floor":26,"key":"Orichalcum"},{"floor":29,"key":"Art of War"},{"floor":41,"key":"Juzu Bracelet"},{"floor":43,"key":"Toxic Egg 2"},{"floor":46,"key":"Regal Pillow"}],"event_choices":[{"cards_removed":["Defend_P"],"damage_healed":0,"gold_gain":0,"player_choice":"Card Removal","damage_taken":0,"max_hp_gain":0,"max_hp_loss":0,"event_name":"The Cleric","floor":4,"gold_loss":50},{"damage_healed":0,"gold_gain":0,"player_choice":"Grow","damage_taken":0,"max_hp_gain":0,"max_hp_loss":0,"event_name":"Living Wall","floor":14,"gold_loss":0,"cards_upgraded":["Eruption"]},{"damage_healed":0,"gold_gain":0,"player_choice":"Joined the Cult","damage_taken":6,"max_hp_gain":0,"max_hp_loss":0,"event_name":"Nest","floor":19,"gold_loss":0,"cards_obtained":["RitualDagger"]},{"cards_removed":["Pray"],"damage_healed":0,"gold_gain":0,"player_choice":"Removed Skill","damage_taken":0,"max_hp_gain":0,"max_hp_loss":0,"event_name":"Falling","floor":37,"gold_loss":0},{"damage_healed":0,"gold_gain":0,"player_choice":"Upgraded","damage_taken":0,"max_hp_gain":0,"max_hp_loss":0,"event_name":"Upgrade Shrine","floor":38,"gold_loss":0,"cards_upgraded":["ClearTheMind"]},{"damage_healed":0,"gold_gain":0,"player_choice":"Paid","damage_taken":0,"relics_obtained":["Red Mask"],"max_hp_gain":0,"max_hp_loss":0,"event_name":"Tomb of Lord Red Mask","floor":45,"gold_loss":247},{"damage_healed":0,"gold_gain":0,"player_choice":"Memory 1","damage_taken":0,"max_hp_gain":0,"max_hp_loss":0,"event_name":"SensoryStone","floor":48,"gold_loss":0}],"is_beta":false,"boss_relics":[{"not_picked":["Pandora\u0027s Box","VioletLotus"],"picked":"Empty Cage"},{"not_picked":["SlaversCollar","Busted Crown"],"picked":"SacredBark"}],"items_purged_floors":[36],"is_endless":false,"potions_floor_spawned":[3,5,8,10,13,16,18,20,21,24,28,29,31,33,35,39,41,42,46,47],"killed_by":"Awakened One","ascension_level":0}}