{"host":"as7albp2mcgkylj3","time":1613866136,"event":{"mods":["2.2 Compatiblity","AchievementEnabler","BaseMod","Colored Map","DeckTracker","Downfall","Googly Eyes","Highlight Path","Minty Spire (QoL Compilation)","Replay The Spire","StSLib","SuperFastMode"],"gold_per_floor":[99,99,109,129,141,141,141,180,197,214,214,236,236,248,260,370,370,370,390,300,300,300,44,71,71,98,122,22,54,54,71,90,188,188,188,216,233,73,100,126,126,158,104,4,14,72,72,87,103,103],"floor_reached":51,"language":"ITA","playtime":3680,"items_purged":["hexamod:Sear","hexamod:Defend"],"score":776,"play_id":"19b9e211-16cf-4a70-879e-ab80c5293c38","local_time":"20210221010856","is_ascension_mode":false,"campfire_choices":[{"data":"hexamod:Float","floor":1,"key":"SMITH"},{"data":"hexamod:ThermalTransfer","floor":13,"key":"SMITH"},{"floor":18,"key":"RECALL"},{"floor":28,"key":"REST"},{"floor":30,"key":"REST"},{"floor":35,"key":"REST"},{"floor":44,"key":"REST"},{"floor":47,"key":"REST"}],"circlet_count":0,"master_deck":["hexamod:Defend+1","hexamod:Defend+1","hexamod:Defend","hexamod:Float+1","Master of Strategy","hexamod:ThermalTransfer+1","hexamod:TimeOfNeed+1","hexamod:HauntingEcho+1","hexamod:BurningTouch+1","hexamod:ThermalTransfer+1","hexamod:HauntingEcho","hexamod:WildfireWeapon","hexamod:ForkedFlame+1","hexamod:CouncilsJustice+1","hexamod:CouncilsJustice","hexamod:CouncilsJustice","hexamod:FastForward+1","hexamod:AdvancingGuard+1","hexamod:ForkedFlame","hexamod:AdvancingGuard+1","ReplayTheSpireMod:Private Reserves+1"],"relics":["hexamod:SpiritBrand","Toxic Egg 2","ReplayTheSpireMod:Shallot","Fusion Hammer","BargainBundle","Boot","Ginger","downfall:HeartBlessingRed","War Paint","Sozu","Happy Flower","hexamod:TheBrokenSeal","Akabeko","Gremlin Horn","FossilizedHelix","downfall:HeartBlessingGreen"],"acts_visited":["Exordium","TheCity","TheBeyond"],"potions_floor_usage":[39,39,40],"damage_taken":[{"damage":0,"enemies":"Jaw Worm","floor":3,"turns":3},{"damage":0,"enemies":"Cultist","floor":4,"turns":3},{"damage":0,"enemies":"Small Slimes","floor":5,"turns":4},{"damage":15,"enemies":"Lagavulin","floor":8,"turns":6},{"damage":2,"enemies":"Exordium Thugs","floor":9,"turns":4},{"damage":0,"enemies":"downfall:LooterAlt","floor":10,"turns":3},{"damage":0,"enemies":"Large Slime","floor":12,"turns":3},{"damage":0,"enemies":"Exordium Thugs","floor":14,"turns":4},{"damage":0,"enemies":"Lots of Slimes","floor":15,"turns":4},{"damage":3,"enemies":"SI_SHIV_ARCHETYPE","floor":16,"turns":6},{"damage":0,"enemies":"downfall:LooterAlt2","floor":19,"turns":5},{"damage":0,"enemies":"downfall:FleeingMerchant","floor":20,"turns":4},{"damage":0,"enemies":"downfall:FleeingMerchant","floor":23,"turns":4},{"damage":10,"enemies":"Gremlin Leader","floor":26,"turns":5},{"damage":2,"enemies":"Chosen","floor":27,"turns":3},{"damage":4,"enemies":"Book of Stabbing","floor":29,"turns":4},{"damage":0,"enemies":"Snecko","floor":31,"turns":3},{"damage":0,"enemies":"Centurion and Healer","floor":32,"turns":5},{"damage":6,"enemies":"IC_MUSHROOM_ARCHETYPE","floor":33,"turns":7},{"damage":0,"enemies":"3 Shapes","floor":36,"turns":6},{"damage":10,"enemies":"3 Darklings","floor":37,"turns":4},{"damage":0,"enemies":"downfall:FleeingMerchant","floor":38,"turns":4},{"damage":17,"enemies":"Jaw Worm Horde","floor":39,"turns":5},{"damage":6,"enemies":"Reptomancer","floor":40,"turns":4},{"damage":3,"enemies":"R_Hoarder","floor":42,"turns":6},{"damage":0,"enemies":"downfall:FleeingMerchant","floor":43,"turns":1},{"damage":0,"enemies":"Spire Growth","floor":45,"turns":3},{"damage":0,"enemies":"Writhing Mass","floor":48,"turns":3},{"damage":0,"enemies":"3 Darklings","floor":49,"turns":3},{"damage":29,"enemies":"DF_ARCHETYPE_ORBS","floor":50,"turns":6}],"seed_played":"3511484369504620555","potions_obtained":[{"floor":6,"key":"hexamod:SoulburnPotion"},{"floor":6,"key":"hexamod:InfernoChargePotion"},{"floor":6,"key":"hexamod:InfernoChargePotion"},{"floor":9,"key":"AttackPotion"}],"is_trial":false,"path_per_floor":["R","?","M","M","M","?","T","E","M","M","?","M","R","M","M","B",null,"R","M","$","?","?","$","T","?","E","M","R","E","R","M","M","B",null,"R","M","M","$","M","E","T","E","$","R","M","?","R","M","M","B",null],"character_chosen":"THE_SPIRIT","items_purchased":["BargainBundle","hexamod:FastForward+1","hexamod:AdvancingGuard+1","hexamod:ForkedFlame","Slimebound:ThreeZeroPotion","Guardian:BlockOnCardUsePotion","Happy Flower","FossilizedHelix","ReplayTheSpireMod:Private Reserves+1"],"campfire_rested":5,"item_purchase_floors":[23,23,23,23,23,23,38,43,43],"current_hp_per_floor":[63,63,63,63,63,63,63,48,46,46,46,46,46,46,46,43,63,63,63,63,47,31,31,31,31,21,19,28,24,31,31,31,25,31,31,31,21,21,41,35,35,32,32,41,41,31,41,41,41,12],"gold":103,"neow_bonus":"RANDOM_COLORLESS_2","is_daily":false,"chose_seed":false,"campfire_upgraded":2,"win_rate":0.0,"timestamp":1613866136,"path_taken":["R","?","M","M","M","?","T","E","M","?","?","M","R","M","M","BOSS","R","M","$","?","?","$","T","?","E","?","R","E","R","?","M","BOSS","R","M","M","$","M","E","T","E","$","R","M","?","R","M","M","BOSS"],"items_purchased_type":["Relic","Card","Card","Card","Potion","Potion","Relic","Relic","Card"],"build_version":"2020-12-22","purchased_purges":2,"victory":true,"max_hp_per_floor":[63,63,63,63,63,63,63,63,63,63,63,63,63,63,63,63,63,63,63,63,63,31,31,31,31,31,31,31,31,31,31,31,31,31,31,31,31,31,41,41,41,41,41,41,41,41,41,41,41,41],"card_choices":[{"not_picked":["Chrysalis","Transmutation"],"picked":"Master of Strategy","floor":0},{"not_picked":["hexamod:SwordOfDarkness","hexamod:HeatMetal","hexamod:AdvancingGuard"],"picked":"SKIP","floor":3},{"not_picked":["hexamod:HeatShield","hexamod:SpectralAdrenaline","hexamod:GhostLash"],"picked":"SKIP","floor":4},{"not_picked":["hexamod:HeatMetal","hexamod:FastForward"],"picked":"hexamod:SecondSeal","floor":5},{"not_picked":["hexamod:SkipABeat+1","hexamod:Rewind+1"],"picked":"hexamod:TimeOfNeed+1","floor":8},{"not_picked":["hexamod:SwordOfDarkness","hexamod:GhostLash"],"picked":"hexamod:HauntingEcho","floor":9},{"not_picked":["hexamod:SoulSteal+1","hexamod:Incineration"],"picked":"hexamod:BurningTouch+1","floor":10},{"not_picked":["hexamod:Hexaguard+1","hexamod:InspiringFlames+1"],"picked":"hexamod:ThermalTransfer","floor":12},{"not_picked":["hexamod:SkipABeat+1","hexamod:InspiringFlames+1","hexamod:SpectersWail"],"picked":"SKIP","floor":14},{"not_picked":["hexamod:HeatShield+1","hexamod:ThirdSeal"],"picked":"hexamod:HauntingEcho","floor":15},{"not_picked":["hexamod:GhostOfSpirePresent","hexamod:ForkedFlame"],"picked":"hexamod:WildfireWeapon","floor":16},{"not_picked":["hexamod:InspiringFlames+1","hexamod:NightmareGuise+1","hexamod:NightmareStrike"],"picked":"SKIP","floor":19},{"not_picked":["hexamod:PhantomCloak","hexamod:CatchUp+1"],"picked":"hexamod:ForkedFlame","floor":20},{"not_picked":["hexamod:ShieldOfDarkness+1","hexamod:FourthSeal","hexamod:NightmareStrike+1"],"picked":"SKIP","floor":23},{"not_picked":["hexamod:NightmareStrike","hexamod:TurnItUp+1","hexamod:UnlimitedPower+1"],"picked":"SKIP","floor":26},{"not_picked":["hexamod:DynamicBlow","hexamod:BurningTouch+1","hexamod:FastForward+1"],"picked":"SKIP","floor":27},{"not_picked":["hexamod:HeatMetal+1","hexamod:GhostShield+1"],"picked":"hexamod:AdvancingGuard+1","floor":29},{"not_picked":["hexamod:InspiringFlames+1","hexamod:AdvancingGuard+1","hexamod:Rewind+1"],"picked":"SKIP","floor":31},{"not_picked":["hexamod:ExtraCrispy+1","hexamod:NightmareStrike","hexamod:GhostShield+1"],"picked":"SKIP","floor":32},{"not_picked":["hexamod:UnleashSpirits","hexamod:TurnItUp+1"],"picked":"hexamod:FifthSeal","floor":33},{"not_picked":["hexamod:ThirdSeal","hexamod:FirstSeal"],"picked":"hexamod:SixthSeal","floor":36},{"not_picked":["hexamod:InspiringFlames+1","hexamod:BurningTouch+1","hexamod:NightmareStrike+1"],"picked":"SKIP","floor":36},{"not_picked":["hexamod:FirstSeal","hexamod:FourthSeal"],"picked":"hexamod:ThirdSeal","floor":37},{"not_picked":["hexamod:NecessarySacrifice+1","hexamod:CatchUp+1","hexamod:SpectersWail"],"picked":"SKIP","floor":37},{"not_picked":["hexamod:NecessarySacrifice+1","hexamod:CatchUp+1","hexamod:SpectersWail"],"picked":"SKIP","floor":37},{"not_picked":["hexamod:SixthSeal","hexamod:ThirdSeal"],"picked":"hexamod:FirstSeal","floor":38},{"not_picked":["hexamod:NightmareStrike","hexamod:RainOfEmbers+1"],"picked":"hexamod:FourthSeal","floor":38},{"not_picked":["hexamod:SkipABeat+1","hexamod:ParanormalForm","hexamod:SwordOfDarkness+1"],"picked":"SKIP","floor":38},{"not_picked":["hexamod:AdvancingGuard+1","hexamod:NightmareStrike+1","hexamod:SwordOfDarkness"],"picked":"SKIP","floor":39},{"not_picked":["hexamod:BurningTouch+1","hexamod:RadiantFlame+1","hexamod:ThirdSeal"],"picked":"SKIP","floor":40},{"not_picked":["hexamod:ShieldOfDarkness+1","hexamod:ExtraCrispy+1","hexamod:Firestarter"],"picked":"SKIP","floor":42},{"not_picked":["hexamod:SwordOfDarkness","hexamod:AdvancingGuard+1","hexamod:RainOfEmbers+1"],"picked":"SKIP","floor":42},{"not_picked":["hexamod:ParanormalForm","hexamod:BacktrackSmack","hexamod:Rewind+1"],"picked":"SKIP","floor":43},{"not_picked":["hexamod:SecondSeal","hexamod:ShieldOfDarkness+1","hexamod:GhostLash"],"picked":"SKIP","floor":45},{"not_picked":["hexamod:AdvancingGuard+1","hexamod:ThermalTransfer","hexamod:GhostShield+1"],"picked":"SKIP","floor":48},{"not_picked":["hexamod:RadiantFlame+1","hexamod:SwordOfDarkness","hexamod:FourthSeal"],"picked":"SKIP","floor":49}],"player_experience":524023,"relics_obtained":[{"floor":7,"key":"Toxic Egg 2"},{"floor":8,"key":"ReplayTheSpireMod:Shallot"},{"floor":24,"key":"Boot"},{"floor":26,"key":"Ginger"},{"floor":29,"key":"War Paint"},{"floor":40,"key":"Akabeko"},{"floor":42,"key":"Gremlin Horn"}],"event_choices":[{"damage_healed":0,"gold_gain":0,"player_choice":"Got Potions","damage_taken":0,"max_hp_gain":0,"max_hp_loss":0,"event_name":"Lab","floor":6,"gold_loss":0}],"is_beta":false,"boss_relics":[{"not_picked":["Cursed Key","Runic Pyramid"],"picked":"Fusion Hammer"},{"not_picked":["Replay:Bronze Core","ReplayTheSpireMod:DimensionalGlitch"],"picked":"Sozu"}],"items_purged_floors":[20,23],"is_endless":false,"potions_floor_spawned":[9,14,15,16,26,29,31,32,33,36,39,40,42],"ascension_level":0}}