{"host":"yqw1zpryoutrnocq","time":1613949032,"event":{"mods":["2.2 Compatiblity","AchievementEnabler","BaseMod","Colored Map","Custom Start","DeckTracker","Minty Spire (QoL Compilation)","StSLib","SuperFastMode"],"gold_per_floor":[115,190,190,241,241,241,257,332,332,353,376,376,29,29,29],"floor_reached":14,"language":"KOR","playtime":171,"items_purged":[],"score":117,"play_id":"63979107-5aa6-4d56-9a96-8b2f96ae1ffe","local_time":"20210221171032","is_ascension_mode":true,"campfire_choices":[{"data":"Melter","floor":6.0,"key":"SMITH"},{"floor":12,"key":"REST"}],"circlet_count":0,"master_deck":["AscendersBane","Strike_B+1","Strike_B","Strike_B","Strike_B+1","Defend_B+1","Defend_B","Defend_B","Defend_B","Zap+1","Dualcast","Melter+1","Conserve Battery","Beam Cell","Gash","Coolheaded"],"relics":["Cracked Core","Happy Flower","Strawberry","Golden Idol","Gremlin Horn","PrismaticShard","Whetstone"],"acts_visited":["Exordium"],"potions_floor_usage":[11],"damage_taken":[{"damage":7.0,"enemies":"Jaw Worm","floor":1.0,"turns":3.0},{"damage":8.0,"enemies":"Small Slimes","floor":7.0,"turns":2.0},{"damage":3,"enemies":"2 Louse","floor":10,"turns":2},{"damage":0,"enemies":"Lots of Slimes","floor":11,"turns":2},{"damage":11,"enemies":"3 Sentries","floor":14,"turns":4}],"seed_played":"-8732578901595926048","potions_obtained":[{"floor":1.0,"key":"Fire Potion"}],"is_trial":false,"path_per_floor":["M","?","?","T","?","R","M","?","T","M","M","R","$","E"],"character_chosen":"DEFECT","items_purchased":["PrismaticShard","Whetstone","Coolheaded"],"campfire_rested":1,"item_purchase_floors":[13,13,13],"current_hp_per_floor":[61,50,35,42,22,22,14,6,6,3,3,27,27,16,16],"gold":29,"neow_bonus":"RANDOM_COMMON_RELIC","is_daily":false,"chose_seed":false,"campfire_upgraded":1,"win_rate":0.0,"timestamp":1613949032,"path_taken":["M","?","?","?","?","R","M","?","T","M","M","R","$","E"],"items_purchased_type":["Relic","Relic","Card"],"build_version":"2020-12-22","purchased_purges":0,"victory":false,"max_hp_per_floor":[75,75,75,82,82,82,82,82,82,82,82,82,82,82,82],"card_choices":[{"not_picked":["Reinforced Body","Go for the Eyes"],"picked":"Melter","floor":1.0},{"not_picked":["Conserve Battery","Streamline","Compile Driver"],"picked":"SKIP","floor":7.0},{"not_picked":["Streamline","Compile Driver"],"picked":"Conserve Battery","floor":7.0},{"not_picked":["Reprogram","Melter"],"picked":"Beam Cell","floor":10},{"not_picked":["Tempest","Conserve Battery"],"picked":"Gash","floor":11}],"player_experience":357089,"relics_obtained":[{"floor":4.0,"key":"Strawberry"},{"floor":9,"key":"Gremlin Horn"}],"event_choices":[{"damage_healed":0.0,"max_hp_gain":0.0,"max_hp_loss":0.0,"gold_gain":75.0,"event_name":"World of Goop","player_choice":"Gather Gold","floor":2.0,"gold_loss":0.0,"damage_taken":11.0},{"damage_healed":0.0,"max_hp_gain":0.0,"max_hp_loss":0.0,"gold_gain":0.0,"event_name":"Shining Light","player_choice":"Entered Light","floor":3.0,"gold_loss":0.0,"damage_taken":15.0,"cards_upgraded":["Defend_B","Zap"]},{"damage_healed":0.0,"max_hp_gain":0.0,"max_hp_loss":0.0,"gold_gain":0.0,"event_name":"Golden Idol","player_choice":"Take Damage","floor":5.0,"gold_loss":0.0,"damage_taken":20.0,"relics_obtained":["Golden Idol"]},{"damage_healed":0,"gold_gain":75,"player_choice":"Touch","damage_taken":8,"max_hp_gain":0,"max_hp_loss":0,"event_name":"FaceTrader","floor":8,"gold_loss":0}],"is_beta":false,"boss_relics":[],"items_purged_floors":[],"is_endless":false,"potions_floor_spawned":[1],"killed_by":"3 Sentries","ascension_level":10}}