{"host":"zxd2l8an9de7z7b9","time":1613919964,"event":{"mods":["100% Spire Juice","2.2 Compatiblity","AchievementEnabler","BaseMod","CapriCore","Colored Map","Colored Powertips","Marisa£¨Ùöéë¡¡Øª×âÞÞ£©","Minty Spire (QoL Compilation)","Rare Cards Sparkle","StSLib","SuperFastMode","Td1madao Mod","everything is the same but u backflip on backflip"],"gold_per_floor":[112,112,130,143,143,143,162,112,112,132,132,144,32,49,49,152,152,168,184,184,210,210,210,244,75,75,90,117,137,137,407,407,512,512,531,531,547,160,160,10,10,36,59,74,86,11,21,34,34,34,34,34,34,67,67],"floor_reached":56,"language":"KOR","playtime":3303,"items_purged":["Strike_R","Strike_R","Defend_R","Defend_R"],"score":1209,"play_id":"85d5e559-82dd-4b7e-b568-991d32c7f6c0","local_time":"20210222000604","is_ascension_mode":false,"campfire_choices":[{"data":"Shrug It Off","floor":6,"key":"SMITH"},{"data":"Whirlwind","floor":15,"key":"SMITH"},{"data":"Pommel Strike","floor":23,"key":"SMITH"},{"data":"Bludgeon","floor":30,"key":"SMITH"},{"data":"Blood for Blood","floor":32,"key":"SMITH"},{"floor":41,"key":"RECALL"},{"floor":49,"key":"REST"},{"floor":52,"key":"REST"}],"circlet_count":0,"master_deck":["Defend_R","Defend_R","Bash+1","Shrug It Off+1","Bloodletting","Pommel Strike+1","Heavy Blade","Whirlwind+1","Exhume","Bludgeon+1","Intimidate","Disarm+1","Pummel+1","Blood for Blood+1","Barricade","Iron Wave+1","Demon Form+1","Heavy Blade+1","Bloodletting","True Grit+1","Flame Barrier+1","Inflame","Evolve+1"],"relics":["Burning Blood","Centennial Puzzle","Snecko Eye","Red Mask","Gremlin Horn","Magic Flower","Pantograph","Fusion Hammer","Mummified Hand","Bottled Lightning","Strawberry","Turnip"],"acts_visited":["Exordium","TheCity","TheBeyond","TheEnding"],"potions_floor_usage":[16,44,45,55,55],"damage_taken":[{"damage":1,"enemies":"Jaw Worm","floor":1,"turns":4},{"damage":9,"enemies":"Cultist","floor":3,"turns":4},{"damage":1,"enemies":"2 Louse","floor":4,"turns":4},{"damage":21,"enemies":"Large Slime","floor":7,"turns":8},{"damage":3,"enemies":"Red Slaver","floor":10,"turns":2},{"damage":0,"enemies":"Looter","floor":12,"turns":3},{"damage":10,"enemies":"3 Louse","floor":14,"turns":2},{"damage":58,"enemies":"Slime Boss","floor":16,"turns":10},{"damage":8,"enemies":"Shell Parasite","floor":18,"turns":2},{"damage":10,"enemies":"Chosen","floor":19,"turns":3},{"damage":8,"enemies":"Masked Bandits","floor":21,"turns":3},{"damage":4,"enemies":"Slavers","floor":24,"turns":5},{"damage":0,"enemies":"Sentry and Sphere","floor":27,"turns":3},{"damage":16,"enemies":"Gremlin Leader","floor":28,"turns":4},{"damage":1,"enemies":"Cultist and Chosen","floor":29,"turns":4},{"damage":70,"enemies":"Automaton","floor":33,"turns":9},{"damage":4,"enemies":"3 Shapes","floor":35,"turns":2},{"damage":21,"enemies":"Orb Walker","floor":37,"turns":3},{"damage":8,"enemies":"Giant Head","floor":42,"turns":4},{"damage":12,"enemies":"3 Darklings","floor":44,"turns":19},{"damage":5,"enemies":"Writhing Mass","floor":45,"turns":4},{"damage":3,"enemies":"Transient","floor":47,"turns":5},{"damage":9,"enemies":"4 Shapes","floor":48,"turns":2},{"damage":33,"enemies":"Time Eater","floor":50,"turns":7},{"damage":63,"enemies":"Shield and Spear","floor":54,"turns":5},{"damage":52,"enemies":"The Heart","floor":55,"turns":6}],"seed_played":"4392568969518479520","potions_obtained":[{"floor":2,"key":"FairyPotion"},{"floor":2,"key":"PowerPotion"},{"floor":2,"key":"Ancient Potion"},{"floor":28,"key":"LiquidBronze"},{"floor":33,"key":"ElixirPotion"},{"floor":37,"key":"Energy Potion"},{"floor":44,"key":"Swift Potion"},{"floor":45,"key":"HeartOfIron"},{"floor":54,"key":"Weak Potion"}],"is_trial":false,"path_per_floor":["M","?","M","M","?","R","M","?","T","M","?","M","$","M","R","B",null,"M","M","?","?","?","R","E","$","T","M","E","M","R","?","R","B",null,"M","?","M","$","?","$","R","E","T","M","M","?","M","M","R","B",null,"R","$","E","B",null],"character_chosen":"IRONCLAD","items_purchased":["Whirlwind","Blood for Blood","Mummified Hand"],"campfire_rested":2,"item_purchase_floors":[13,25,38],"current_hp_per_floor":[80,80,77,80,73,73,58,58,58,61,61,67,67,63,63,11,80,78,74,59,57,57,57,59,59,59,68,61,69,69,42,42,19,85,85,85,73,73,73,73,73,74,74,71,75,82,88,88,92,68,92,92,92,38,33],"gold":67,"neow_bonus":"UPGRADE_CARD","is_daily":false,"chose_seed":false,"campfire_upgraded":5,"win_rate":0.0,"timestamp":1613919964,"path_taken":["M","?","M","?","?","R","M","?","T","M","?","?","$","M","R","BOSS","M","M","?","?","?","R","E","$","T","?","E","M","R","?","R","BOSS","M","?","?","$","?","$","R","E","T","M","?","?","?","M","R","BOSS","R","$","E","BOSS"],"items_purchased_type":["Card","Card","Relic"],"build_version":"2020-12-22","purchased_purges":4,"victory":true,"max_hp_per_floor":[80,80,80,80,80,80,80,80,80,80,80,80,80,80,80,80,80,80,80,85,85,85,85,85,85,85,85,85,85,85,85,85,85,85,85,85,85,85,85,85,85,85,85,85,85,92,92,92,92,92,92,92,92,92,92],"card_choices":[{"not_picked":["Intimidate","Cleave"],"picked":"Shrug It Off","floor":1},{"not_picked":["Thunderclap","Pummel","Sword Boomerang"],"picked":"SKIP","floor":3},{"not_picked":["Clash","Cleave"],"picked":"Bloodletting","floor":4},{"not_picked":["Sword Boomerang","Flex"],"picked":"Pommel Strike","floor":7},{"not_picked":["Warcry","Wild Strike","Havoc"],"picked":"SKIP","floor":10},{"not_picked":["Perfected Strike","Body Slam"],"picked":"Heavy Blade","floor":12},{"not_picked":["Cleave","Armaments"],"picked":"Exhume","floor":14},{"not_picked":["Demon Form","Corruption"],"picked":"Bludgeon","floor":16},{"not_picked":["Pommel Strike","Thunderclap+1"],"picked":"Intimidate","floor":18},{"not_picked":["Body Slam+1","Iron Wave"],"picked":"Disarm+1","floor":19},{"not_picked":["Perfected Strike","Power Through"],"picked":"Pummel+1","floor":21},{"not_picked":["Perfected Strike","Pommel Strike","Wild Strike"],"picked":"SKIP","floor":24},{"not_picked":["Heavy Blade","Iron Wave"],"picked":"Barricade","floor":27},{"not_picked":["Uppercut","Infernal Blade","Clash"],"picked":"SKIP","floor":28},{"not_picked":["Wild Strike+1","Sword Boomerang+1"],"picked":"Iron Wave+1","floor":29},{"not_picked":["Berserk","Feed"],"picked":"Demon Form","floor":33},{"not_picked":["Warcry+1","Iron Wave+1"],"picked":"Heavy Blade+1","floor":35},{"not_picked":["Anger+1","Reckless Charge"],"picked":"True Grit+1","floor":37},{"not_picked":["Heavy Blade+1","Armaments","Twin Strike"],"picked":"SKIP","floor":42},{"not_picked":["Second Wind","Clothesline"],"picked":"Flame Barrier+1","floor":44},{"not_picked":["Havoc+1","Anger","Evolve+1"],"picked":"SKIP","floor":45},{"not_picked":["Brutality","Flex+1"],"picked":"Inflame","floor":47},{"not_picked":["Perfected Strike+1","Wild Strike"],"picked":"Evolve+1","floor":48},{"not_picked":["Perfected Strike+1","Bloodletting","Clothesline"],"picked":"SKIP","floor":54},{"not_picked":["Perfected Strike+1","Bloodletting","Clothesline"],"picked":"SKIP","floor":54}],"player_experience":425620,"relics_obtained":[{"floor":9,"key":"Centennial Puzzle"},{"floor":21,"key":"Red Mask"},{"floor":24,"key":"Gremlin Horn"},{"floor":26,"key":"Magic Flower"},{"floor":28,"key":"Pantograph"},{"floor":42,"key":"Bottled Lightning"},{"floor":54,"key":"Turnip"}],"event_choices":[{"damage_healed":0,"gold_gain":0,"player_choice":"Got Potions","damage_taken":0,"max_hp_gain":0,"max_hp_loss":0,"event_name":"Lab","floor":2,"gold_loss":0},{"cards_removed":["Strike_R"],"damage_healed":0,"gold_gain":0,"player_choice":"Card Removal","damage_taken":7,"max_hp_gain":0,"max_hp_loss":0,"event_name":"Golden Wing","floor":5,"gold_loss":0},{"cards_removed":["Strike_R"],"damage_healed":0,"gold_gain":0,"player_choice":"Card Removal","damage_taken":0,"max_hp_gain":0,"max_hp_loss":0,"event_name":"The Cleric","floor":8,"gold_loss":50},{"cards_removed":["Strike_R"],"damage_healed":0,"gold_gain":0,"player_choice":"Offered Basic","damage_taken":0,"max_hp_gain":0,"max_hp_loss":0,"event_name":"Bonfire Elementals","floor":11,"gold_loss":0},{"damage_healed":0,"gold_gain":0,"player_choice":"Shed Blood","damage_taken":20,"max_hp_gain":5,"max_hp_loss":0,"event_name":"Forgotten Altar","floor":20,"gold_loss":0},{"damage_healed":0,"gold_gain":0,"player_choice":"Fought Bandits","damage_taken":0,"max_hp_gain":0,"max_hp_loss":0,"event_name":"Masked Bandits","floor":21,"gold_loss":0},{"damage_healed":0,"gold_gain":0,"player_choice":"Ignored","damage_taken":0,"max_hp_gain":0,"max_hp_loss":0,"event_name":"N\u0027loth","floor":22,"gold_loss":0},{"damage_healed":0,"gold_gain":270,"player_choice":"GOLD GOLD GOLD ","damage_taken":27,"max_hp_gain":0,"max_hp_loss":0,"event_name":"Knowing Skull","floor":31,"potions_obtained":[],"gold_loss":0,"cards_obtained":[]},{"damage_healed":0,"gold_gain":0,"player_choice":"Copied","damage_taken":0,"max_hp_gain":0,"max_hp_loss":0,"event_name":"Duplicator","floor":36,"gold_loss":0,"cards_obtained":["Bloodletting"]},{"damage_healed":0,"gold_gain":0,"player_choice":"Upgraded","damage_taken":0,"max_hp_gain":0,"max_hp_loss":0,"event_name":"Upgrade Shrine","floor":39,"gold_loss":0,"cards_upgraded":["Demon Form"]},{"damage_healed":0,"gold_gain":0,"player_choice":"Paid Gold","damage_taken":0,"relics_obtained":["Strawberry"],"max_hp_gain":0,"max_hp_loss":0,"event_name":"WeMeetAgain","floor":46,"gold_loss":75}],"is_beta":false,"boss_relics":[{"not_picked":["Cursed Key","Philosopher\u0027s Stone"],"picked":"Snecko Eye"},{"not_picked":["Black Star","Black Blood"],"picked":"Fusion Hammer"}],"items_purged_floors":[13,25,38,40],"is_endless":false,"potions_floor_spawned":[3,7,14,28,33,37,44,45,54],"ascension_level":0}}