{"host":"kmq7aw60w430zvtx","time":1613930216,"event":{"mods":["BaseMod","Downfall","GifTheSpireLib","Hermit","Hubris","Infinite Spire","Minty Spire (QoL Compilation)","Reliquary","Replay The Spire","Spire Arcade","StSLib","The Construct","The Cursed","The Hierophant","The Jungle","The Necromancer","The Runesmith"],"gold_per_floor":[117,137,155,173,173,173,184,184,253,271,271,271,296,296,296,401,401,416,416,40,40,60,60,26,39,39,52,52,66,66,80,80,180,180,194,208,220,89,101,101,129,129,153,153,38,38,71,82,82,82,82,82,34,61,61,61],"floor_reached":55,"language":"ENG","playtime":3129,"items_purged":["downfall:Icky","Languid"],"score":1085,"play_id":"139cbf49-60ce-43f9-9036-1b7a848e80e5","local_time":"20210221185656","is_ascension_mode":true,"campfire_choices":[{"floor":6,"key":"RECALL"},{"floor":8,"key":"REST"},{"floor":15,"key":"REST"},{"data":"hubris:Counter","floor":23,"key":"SMITH"},{"floor":28,"key":"REST"},{"data":"After Image","floor":32,"key":"SMITH"},{"data":"ReplayUltimateDefense","floor":40,"key":"SMITH"},{"floor":42,"key":"REST"},{"data":"After Image","floor":44,"key":"SMITH"},{"floor":49,"key":"REST"},{"floor":52,"key":"REST"}],"circlet_count":0,"master_deck":["Strike_G","Strike_G","Strike_G","Strike_G","Defend_G+1","Defend_G+1","Defend_G+1","Defend_G+1","Defend_G+1","Survivor","Neutralize","ReplayTheSpireMod:Speed Training","Blade Dance","Slice","Blade Dance","Backflip","Deadly Poison","Dash","Poisoned Stab","Corpse Explosion","hubris:Counter+1","Noxious Fumes","Sucker Punch+1","Poisoned Stab+1","Deflect","Expertise+1","Backflip","After Image+1","After Image+1","hubris:NaturalOne","Deadly Poison","Blade Dance","Slice","Metamorphosis","ReplayUltimateDefense+1","Finesse","Hidden Blade+1","Underhanded Strike+1","Heel Hook","Leg Sweep+1","Escape Plan+1","Quick Slash","Footwork"],"relics":["Cursed Key","reliquary:NewFriend","hubris:Icosahedron","Iron Hammer","Anchor","Sozu","hubris:Towel","FossilizedHelix","Shuriken","Sling","hubris:ScarierMask","ReplayTheSpireMod:ShopPack","Replay:Bottled Eggs","Runesmith:Locket","ReplayTheSpireMod:TigerMarble"],"acts_visited":["Exordium","theJungle:Jungle","TheBeyond","TheEnding"],"potions_floor_usage":[4,10,13,16,16,18],"damage_taken":[{"damage":2,"enemies":"Jaw Worm","floor":1,"turns":4},{"damage":7,"enemies":"infinitespire:Voidling","floor":2,"turns":5},{"damage":12,"enemies":"Small Slimes","floor":3,"turns":4},{"damage":0,"enemies":"Blue Slaver","floor":4,"turns":4},{"damage":11,"enemies":"3 Louse","floor":7,"turns":4},{"damage":15,"enemies":"Exordium Wildlife","floor":10,"turns":5},{"damage":18,"enemies":"3 Sentries","floor":13,"turns":9},{"damage":23,"enemies":"The Guardian","floor":16,"turns":8},{"damage":12,"enemies":"theJungle:Flameango_and_Byrd","floor":18,"turns":5},{"damage":0,"enemies":"Shell Parasite","floor":22,"turns":4},{"damage":0,"enemies":"theJungle:SlimyTreeVines","floor":24,"turns":5},{"damage":0,"enemies":"theJungle:2_Snecko_Cultists","floor":25,"turns":4},{"damage":16,"enemies":"Snake Plant","floor":27,"turns":4},{"damage":0,"enemies":"theJungle:Lyon","floor":29,"turns":3},{"damage":8,"enemies":"theJungle:2_Flameangoes","floor":31,"turns":3},{"damage":27,"enemies":"theJungle:TotemBoss","floor":33,"turns":7},{"damage":0,"enemies":"3 Darklings","floor":35,"turns":3},{"damage":0,"enemies":"Orb Walker","floor":36,"turns":4},{"damage":6,"enemies":"Writhing Mass","floor":37,"turns":6},{"damage":0,"enemies":"3 Darklings","floor":39,"turns":5},{"damage":17,"enemies":"Reptomancer","floor":41,"turns":6},{"damage":29,"enemies":"Giant Head","floor":47,"turns":8},{"damage":0,"enemies":"Jaw Worm Horde","floor":48,"turns":3},{"damage":39,"enemies":"infinitespire:MassOfShapes","floor":50,"turns":15},{"damage":0,"enemies":"Shield and Spear","floor":54,"turns":6},{"damage":73,"enemies":"The Heart","floor":55,"turns":9}],"seed_played":"-4597895306821988866","potions_obtained":[{"floor":2,"key":"SpeedPotion"},{"floor":4,"key":"hexamod:SoulburnPotion"},{"floor":7,"key":"AttackPotion"},{"floor":10,"key":"Regen Potion"},{"floor":13,"key":"Strength Potion"}],"is_trial":false,"path_per_floor":["M","M","M","M","?","R","M","R","T","M","?","?","E","T","R","B",null,"M","?","$","?","M","R","M","M","T","M","R","M","AVR","M","R","B",null,"M","M","M","$","M","R","E","R","T","R","$","$","E","M","R","B",null,"R","$","E","B"],"character_chosen":"THE_SILENT","items_purchased":["FossilizedHelix","Noxious Fumes","ReplayTheSpireMod:ShopPack","Heel Hook","Quick Slash"],"campfire_rested":6,"item_purchase_floors":[20,20,38,45,53],"current_hp_per_floor":[61,59,47,47,47,47,36,57,57,42,42,42,39,39,60,37,62,50,50,50,50,50,50,56,56,56,40,61,61,61,53,53,26,59,59,59,53,53,53,53,36,57,57,57,57,57,28,28,49,10,55,70,70,70,0,0],"gold":61,"neow_bonus":"BOSS_RELIC","is_daily":false,"chose_seed":false,"campfire_upgraded":4,"win_rate":0.0,"timestamp":1613930216,"path_taken":["M","M","M","M","?","R","?","R","T","M","?","?","E","?","R","BOSS","M","?","$","?","M","R","M","M","T","M","R","M","AVR","M","R","BOSS","M","M","M","$","M","R","E","R","T","R","?","$","E","?","R","BOSS","R","$","E","BOSS"],"items_purchased_type":["Relic","Card","Relic","Card","Card"],"build_version":"2020-12-22","purchased_purges":2,"victory":false,"max_hp_per_floor":[70,70,70,70,70,70,70,70,70,70,70,70,70,70,70,70,70,70,70,70,70,70,70,70,70,70,70,70,70,70,70,70,70,70,70,70,70,70,70,70,70,70,70,70,70,70,70,70,70,70,70,70,70,70,70,70],"card_choices":[{"not_picked":["Concentrate","Well Laid Plans"],"picked":"ReplayTheSpireMod:Speed Training","floor":1},{"not_picked":["Prepared","All Out Attack"],"picked":"Blade Dance","floor":2},{"not_picked":["ReplayTheSpireMod:The Works","PiercingWail"],"picked":"Slice","floor":3},{"not_picked":["Deadly Poison","Choke"],"picked":"Blade Dance","floor":4},{"not_picked":["Toxin Wave","Caltrops"],"picked":"Deadly Poison","floor":7},{"not_picked":["Toxin Wave","Sucker Punch"],"picked":"Dash","floor":10},{"not_picked":["Concentrate","Blade Dance"],"picked":"Poisoned Stab","floor":13},{"not_picked":["Grand Finale","Die Die Die"],"picked":"Corpse Explosion","floor":16},{"not_picked":["Well Laid Plans","Cloak And Dagger"],"picked":"hubris:Counter","floor":18},{"not_picked":["Slice","Dodge and Roll+1"],"picked":"Sucker Punch+1","floor":22},{"not_picked":["Deadly Poison","Choke"],"picked":"Poisoned Stab+1","floor":24},{"not_picked":["Endless Agony","All Out Attack"],"picked":"Deflect","floor":25},{"not_picked":["Backstab","Well Laid Plans"],"picked":"Expertise+1","floor":27},{"not_picked":["Underhanded Strike","Sneak Up"],"picked":"Backflip","floor":29},{"not_picked":["Bane+1","Calculated Gamble+1"],"picked":"After Image","floor":31},{"not_picked":["Doppelganger","Corpse Explosion"],"picked":"After Image","floor":33},{"not_picked":["Dagger Spray+1","Bane+1"],"picked":"Deadly Poison","floor":35},{"not_picked":["Tactician+1","Outmaneuver"],"picked":"Blade Dance","floor":36},{"not_picked":["ReplayTheSpireMod:Tripwire+1","Acrobatics"],"picked":"Slice","floor":37},{"not_picked":["Secret Technique","The Bomb"],"picked":"Metamorphosis","floor":38},{"not_picked":["Secret Technique","ReplayTheSpireMod:Uncanny Aura"],"picked":"ReplayUltimateDefense","floor":38},{"not_picked":["Dramatic Entrance","Good Instincts"],"picked":"Finesse","floor":38},{"not_picked":["Underhanded Strike+1","Cloak And Dagger"],"picked":"Hidden Blade+1","floor":39},{"not_picked":["Eviscerate","Acrobatics+1"],"picked":"Underhanded Strike+1","floor":41},{"not_picked":["Prepared+1","Bullet Time"],"picked":"Leg Sweep+1","floor":47},{"not_picked":["Deadly Poison+1","hubris:Sniper+1"],"picked":"Escape Plan+1","floor":48},{"not_picked":["PiercingWail+1","Infinite Blades"],"picked":"Footwork","floor":54}],"player_experience":396268,"relics_obtained":[{"floor":9,"key":"reliquary:NewFriend"},{"floor":13,"key":"Iron Hammer"},{"floor":14,"key":"Anchor"},{"floor":26,"key":"Shuriken"},{"floor":41,"key":"Replay:Bottled Eggs"},{"floor":47,"key":"Runesmith:Locket"},{"floor":54,"key":"ReplayTheSpireMod:TigerMarble"}],"event_choices":[{"damage_healed":0,"gold_gain":0,"cards_transformed":["Strike_G"],"player_choice":"Transformed","damage_taken":0,"max_hp_gain":0,"max_hp_loss":0,"event_name":"Transmorgrifier","floor":5,"gold_loss":0,"cards_obtained":["Backflip"]},{"cards_removed":["hubris:Gluttony"],"damage_healed":0,"gold_gain":0,"player_choice":"Removed Curses","damage_taken":0,"max_hp_gain":0,"max_hp_loss":0,"event_name":"Fountain of Cleansing","floor":21,"gold_loss":0}],"is_beta":false,"boss_relics":[{"not_picked":["bronze:MakeshiftBattery","hubris:VirtuousBlindfold"],"picked":"Sozu"},{"not_picked":["Astrolabe","reliquary:RedCape"],"picked":"hubris:ScarierMask"}],"items_purged_floors":[30,45],"is_endless":false,"potions_floor_spawned":[2,4,7,10,13,22,27,31,36,37],"killed_by":"The Heart","ascension_level":9}}