{"host":"6fh0uvaoh3e0g6do","time":1613939029,"event":{"mods":["AchievementEnabler","BaseMod","BetterRewards","Colored Map","Colored Powertips","Highlight Path","Hubris","Infinite Spire","Minty Spire (QoL Compilation)","Quick Restart","Replay The Spire","StSLib"],"gold_per_floor":[117,137,156,173,184,215,215,215,215,246,274,303,315,292,304,414,426,448,460,472,500,528,540,587,599,657,698,202,301,397,497,497,643,643,711,142,169,16,52,52,91,91,146,170,217,257,257,0,0,10,10],"floor_reached":50,"language":"ENG","playtime":2490,"items_purged":["Sickly","Venomology"],"score":902,"play_id":"d0b3d5e4-6cf3-42e6-be17-00d1ba99f16d","local_time":"20210221132349","is_ascension_mode":false,"campfire_choices":[{"floor":8,"key":"REST"},{"floor":13,"key":"REST"},{"floor":15,"key":"REST"},{"floor":25,"key":"REST"},{"floor":32,"key":"REST"},{"floor":40,"key":"REST"},{"floor":42,"key":"REST"},{"floor":49,"key":"REST"}],"circlet_count":0,"master_deck":["Noxious Fumes+1","Strike_G","Strike_G+1","Strike_G","Strike_G","Strike_G","Defend_G","Defend_G","Defend_G","Defend_G","Defend_G","Survivor","Neutralize","Strike_G","Draining Mist+1","Prepared","Poisoned Stab","Caltrops","Hidden Blade","Flechettes","Outmaneuver","Poisoned Stab","Bullet Time","Deflect","Replay:Poison Smokescreen","Dodge and Roll","Replay:Poison Smokescreen","PiercingWail","PiercingWail","Distraction","Envenom","Calculated Gamble+1","Noxious Fumes+1","Mayhem+1","Burst","Replay:Poison Smokescreen+1","Draining Mist+1","Noxious Fumes+1","Toxin Wave+1","Deflect"],"relics":["Ring of the Snake","TungstenRod","hubris:Zylophone","Matryoshka","MawBank","Sozu","ReplayTheSpireMod:Ring of Challenge","ReplayTheSpireMod:Ring of Collecting","Iron Hammer","Ring of Fury","Strawberry","hubris:AncientText","Lee\u0027s Waffle","infinitespire:Midas Blood","MealTicket","infinitespire:EvilPickle","Fusion Hammer","DollysMirror","Gremlin Food","PreservedInsect","Blue Doll","Happy Flower","infinitespire:Satchel","Ring of Misfortune","Replay:Ringing Soul","Chemical X","Red Mask"],"acts_visited":["Exordium","TheCity","TheBeyond"],"potions_floor_usage":[6,6,12,16,30,50],"damage_taken":[{"damage":10,"enemies":"Jaw Worm","floor":1,"turns":6},{"damage":4,"enemies":"2 Louse","floor":2,"turns":3},{"damage":3,"enemies":"Small Slimes","floor":3,"turns":3},{"damage":3,"enemies":"Gremlin Gang","floor":4,"turns":4},{"damage":8,"enemies":"2 Fungi Beasts","floor":5,"turns":4},{"damage":13,"enemies":"3 Sentries","floor":6,"turns":8},{"damage":30,"enemies":"Gremlin Nob","floor":10,"turns":5},{"damage":10,"enemies":"Exordium Wildlife","floor":11,"turns":6},{"damage":19,"enemies":"Large Slime","floor":12,"turns":5},{"damage":0,"enemies":"The Guardian","floor":16,"turns":7},{"damage":8,"enemies":"Chosen","floor":18,"turns":4},{"damage":0,"enemies":"3 Byrds","floor":21,"turns":3},{"damage":37,"enemies":"3 Cultists","floor":22,"turns":6},{"damage":3,"enemies":"Chosen and Byrds","floor":24,"turns":5},{"damage":28,"enemies":"Book of Stabbing","floor":27,"turns":5},{"damage":58,"enemies":"Gremlin Leader","floor":30,"turns":8},{"damage":16,"enemies":"Pondfish","floor":33,"turns":10},{"damage":18,"enemies":"3 Darklings","floor":35,"turns":5},{"damage":8,"enemies":"Orb Walker","floor":37,"turns":3},{"damage":32,"enemies":"Sphere and 2 Shapes","floor":39,"turns":6},{"damage":65,"enemies":"Reptomancer","floor":41,"turns":4},{"damage":9,"enemies":"Maw","floor":44,"turns":6},{"damage":3,"enemies":"R_Hoarder","floor":45,"turns":5},{"damage":19,"enemies":"4 Shapes","floor":46,"turns":7},{"damage":32,"enemies":"Time Eater","floor":50,"turns":3}],"seed_played":"7037858996567907089","potions_obtained":[{"floor":1,"key":"SpeedPotion"},{"floor":3,"key":"Doom Potion"},{"floor":4,"key":"FearPotion"},{"floor":10,"key":"Milkshake"},{"floor":12,"key":"AttackPotion"}],"is_trial":false,"path_per_floor":["M","M","M","M","M","E","?","R","T","E","M","M","R","?","R","B",null,"M","?","?","M","M","?","M","R","T","E","$","?","E","?","R","B",null,"M","$","M","$","M","R","E","R","T","M","E","M","$","?","R","B"],"character_chosen":"THE_SILENT","items_purchased":["Lee\u0027s Waffle","infinitespire:Midas Blood","PiercingWail","DollysMirror","Gremlin Food","Mayhem","PreservedInsect","Chemical X"],"campfire_rested":8,"item_purchase_floors":[28,28,28,36,36,36,38,47],"current_hp_per_floor":[60,56,53,50,42,29,50,70,70,40,30,11,32,49,70,70,70,62,62,62,62,25,25,22,43,50,22,84,84,26,26,51,35,84,66,81,73,84,52,77,12,37,37,28,28,12,2,2,29,0,0],"gold":10,"neow_bonus":"ONE_RARE_RELIC","is_daily":false,"chose_seed":false,"campfire_upgraded":0,"win_rate":0.0,"timestamp":1613939029,"path_taken":["M","M","M","M","M","E","?","R","T","E","M","M","R","?","R","BOSS","M","?","?","M","?","?","M","R","T","E","$","?","E","?","R","BOSS","M","?","?","$","M","R","E","R","T","M","E","?","?","?","R","BOSS"],"items_purchased_type":["Relic","Relic","Card","Relic","Relic","Card","Relic","Relic"],"build_version":"2020-12-22","purchased_purges":2,"victory":false,"max_hp_per_floor":[70,70,70,70,70,70,70,70,70,70,70,70,70,70,70,70,70,70,70,70,70,70,70,70,70,77,77,84,84,84,84,84,84,84,84,84,84,84,84,84,84,84,84,84,87,90,90,90,90,90,90],"card_choices":[{"not_picked":["Dodge and Roll","hubris:SlightOfHand"],"picked":"Draining Mist","floor":1},{"not_picked":["Acrobatics","Escape Plan"],"picked":"Prepared","floor":2},{"not_picked":["Hidden Blade","hubris:SlightOfHand"],"picked":"Poisoned Stab","floor":3},{"not_picked":["Calculated Gamble","hubris:Sniper"],"picked":"Caltrops","floor":4},{"not_picked":["ReplayTheSpireMod:The Works","Sucker Punch"],"picked":"Hidden Blade","floor":5},{"not_picked":["Acrobatics","Calculated Gamble"],"picked":"Flechettes","floor":6},{"not_picked":["Tactician","Hidden Blade"],"picked":"Venomology","floor":10},{"not_picked":["Underhanded Strike","Tactician"],"picked":"Outmaneuver","floor":11},{"not_picked":["Reflex","Distraction"],"picked":"Poisoned Stab","floor":12},{"not_picked":["Atom Bomb","Die Die Die"],"picked":"Bullet Time","floor":16},{"not_picked":["Prepared","ReplayTheSpireMod:Shiv Toss"],"picked":"Deflect","floor":18},{"not_picked":["Backflip","Dagger Throw"],"picked":"Replay:Poison Smokescreen","floor":21},{"not_picked":["Dagger Spray","Quick Slash"],"picked":"Dodge and Roll","floor":22},{"not_picked":["Quick Slash","ReplayTheSpireMod:The Works"],"picked":"Replay:Poison Smokescreen","floor":24},{"not_picked":["hubris:Counter","ReplayTheSpireMod:Exploit Weakness+1"],"picked":"PiercingWail","floor":27},{"not_picked":["Venomology","Dagger Throw"],"picked":"Distraction","floor":30},{"not_picked":["Venomology","ReplayTheSpireMod:Necrosis"],"picked":"Envenom","floor":33},{"not_picked":["Flying Knee+1","hubris:SlightOfHand+1"],"picked":"Calculated Gamble+1","floor":35},{"not_picked":["Sucker Punch+1","Infinite Blades"],"picked":"Burst","floor":37},{"not_picked":["Quick Slash+1","Dagger Spray"],"picked":"Replay:Poison Smokescreen+1","floor":39},{"not_picked":["Malaise","Heel Hook"],"picked":"Draining Mist+1","floor":41},{"not_picked":["Escape Plan+1","Flying Knee+1"],"picked":"Noxious Fumes+1","floor":44},{"not_picked":["Outmaneuver+1","ReplayTheSpireMod:Shiv Toss+1"],"picked":"Toxin Wave+1","floor":45},{"not_picked":["Hidden Blade","Dodge and Roll"],"picked":"Deflect","floor":46}],"player_experience":35069,"relics_obtained":[{"floor":6,"key":"hubris:Zylophone"},{"floor":9,"key":"Matryoshka"},{"floor":10,"key":"MawBank"},{"floor":23,"key":"ReplayTheSpireMod:Ring of Challenge"},{"floor":23,"key":"ReplayTheSpireMod:Ring of Collecting"},{"floor":26,"key":"Iron Hammer"},{"floor":26,"key":"Ring of Fury"},{"floor":26,"key":"Strawberry"},{"floor":27,"key":"hubris:AncientText"},{"floor":30,"key":"MealTicket"},{"floor":41,"key":"Blue Doll"},{"floor":43,"key":"Happy Flower"},{"floor":43,"key":"infinitespire:Satchel"},{"floor":43,"key":"Ring of Misfortune"},{"floor":45,"key":"Replay:Ringing Soul"}],"event_choices":[{"damage_healed":17,"gold_gain":0,"player_choice":"Healed","damage_taken":0,"max_hp_gain":0,"max_hp_loss":0,"event_name":"The Cleric","floor":14,"gold_loss":35},{"damage_healed":0,"gold_gain":0,"player_choice":"Ignored","damage_taken":0,"max_hp_gain":0,"max_hp_loss":0,"event_name":"Ghosts","floor":19,"gold_loss":0},{"cards_removed":["Vigilance"],"damage_healed":0,"gold_gain":0,"player_choice":"Purged","damage_taken":0,"max_hp_gain":0,"max_hp_loss":0,"event_name":"Purifier","floor":20,"gold_loss":0},{"damage_healed":0,"gold_gain":99,"player_choice":"Stole From Cult","damage_taken":0,"max_hp_gain":0,"max_hp_loss":0,"event_name":"Nest","floor":29,"gold_loss":0},{"damage_healed":0,"gold_gain":100,"player_choice":"Pray","damage_taken":0,"max_hp_gain":0,"max_hp_loss":0,"event_name":"Golden Shrine","floor":31,"gold_loss":0},{"damage_healed":0,"gold_gain":0,"player_choice":"Paid","damage_taken":0,"relics_obtained":["Red Mask"],"max_hp_gain":0,"max_hp_loss":0,"event_name":"Tomb of Lord Red Mask","floor":48,"gold_loss":257}],"is_beta":false,"boss_relics":[{"not_picked":["Coffee Dripper","Philosopher\u0027s Stone"],"picked":"Sozu"},{"not_picked":["Snecko Scales","Black Star"],"picked":"Fusion Hammer"}],"items_purged_floors":[28,36],"is_endless":false,"potions_floor_spawned":[1,3,4,10,12,22,27,30,37,39],"killed_by":"Time Eater","ascension_level":0}}