{"host":"vx9g5eyuglzorf3u","time":1613881198,"event":{"mods":["2.2 Compatiblity","BaseMod","DeckTracker","Keyboard Shortcuts","Minty Spire (QoL Compilation)","Relic Stats","StSLib","SuperFastMode","everything is the same but u backflip on backflip"],"gold_per_floor":[115,190,190,190,19,37,12,44,67,119,150,162,194,206,218,302,314,342,224,224,236,255,255,273,24,51,70,102,102,118,0,0,0,0],"floor_reached":33,"language":"KOR","playtime":1129,"items_purged":["Strike_G","Strike_G","Defend_G"],"score":580,"play_id":"00125e57-d53d-4558-8859-2aa3bb27ffca","local_time":"20210221131958","is_ascension_mode":true,"campfire_choices":[{"data":"Acrobatics","floor":12.0,"key":"SMITH"},{"data":"Bouncing Flask","floor":15.0,"key":"SMITH"},{"data":"Adrenaline","floor":23.0,"key":"SMITH"},{"floor":32,"key":"REST"}],"circlet_count":0,"master_deck":["AscendersBane","Strike_G+1","Defend_G","Defend_G","Defend_G","Survivor","Neutralize+1","Riddle With Holes","Masterful Stab","Backflip","Blade Dance","Acrobatics+1","Bouncing Flask+1","Adrenaline+1","Deflect","Reflex+1","Escape Plan","Catalyst"],"relics":["Ring of the Snake","NeowsBlessing","Matryoshka","Blood Vial","Bag of Marbles","Centennial Puzzle","MawBank","SacredBark","Membership Card","Toy Ornithopter","Oddly Smooth Stone"],"acts_visited":["Exordium","TheCity"],"potions_floor_usage":[33],"damage_taken":[{"damage":0.0,"enemies":"Small Slimes","floor":1.0,"turns":1.0},{"damage":0.0,"enemies":"Jaw Worm","floor":6.0,"turns":1.0},{"damage":0.0,"enemies":"Lagavulin","floor":8.0,"turns":1.0},{"damage":0.0,"enemies":"Cultist","floor":11.0,"turns":2.0},{"damage":4.0,"enemies":"Large Slime","floor":13.0,"turns":7.0},{"damage":6.0,"enemies":"Hexaghost","floor":16.0,"turns":7.0},{"damage":10.0,"enemies":"Shell Parasite","floor":18.0,"turns":7.0},{"damage":2.0,"enemies":"2 Thieves","floor":21.0,"turns":4.0},{"damage":15.0,"enemies":"3 Cultists","floor":22.0,"turns":6.0},{"damage":9.0,"enemies":"Snake Plant","floor":24.0,"turns":4.0},{"damage":11,"enemies":"Shelled Parasite and Fungi","floor":27,"turns":12},{"damage":24,"enemies":"Book of Stabbing","floor":28,"turns":5},{"damage":0,"enemies":"Colosseum Slavers","floor":29,"turns":4},{"damage":1,"enemies":"Centurion and Healer","floor":30,"turns":7},{"damage":0,"enemies":"Collector","floor":33,"turns":3}],"seed_played":"6741572024876420776","potions_obtained":[{"floor":11.0,"key":"Block Potion"},{"floor":22.0,"key":"Fruit Juice"},{"floor":27,"key":"SpeedPotion"},{"floor":30,"key":"SpeedPotion"}],"is_trial":false,"path_per_floor":["M","?","?","?","$","M","$","E","T","T","M","R","M","?","R","B",null,"M","$","?","M","M","R","M","$","T","M","E","?","M","?","R","B"],"character_chosen":"THE_SILENT","items_purchased":["Masterful Stab","Fire Potion","Blade Dance","Deflect","Membership Card","Escape Plan"],"campfire_rested":1,"item_purchase_floors":[5,5,7,19,25,25],"current_hp_per_floor":[59,48,41,41,41,41,41,41,41,41,43,43,41,21,21,17,54,46,46,46,46,43,43,36,36,36,27,5,7,8,8,30,37,37],"gold":0,"neow_bonus":"THREE_ENEMY_KILL","is_daily":false,"chose_seed":false,"campfire_upgraded":3,"win_rate":0.0,"timestamp":1613881198,"path_taken":["M","?","?","?","$","?","$","E","T","?","?","R","M","?","R","BOSS","M","$","?","M","M","R","M","$","T","M","E","?","M","?","R","BOSS"],"items_purchased_type":["Card","Potion","Card","Card","Relic","Card"],"build_version":"2020-12-22","purchased_purges":3,"victory":false,"max_hp_per_floor":[66,66,66,66,66,66,66,66,66,66,66,66,66,66,66,66,66,66,66,66,66,76,76,76,76,76,76,76,76,76,76,76,76,76],"relic_stats":{"Blood Vial":24,"Centennial Puzzle":[27],"counters":[15,71],"MawBank":108,"obtain_stats":[{"Blood Vial":9,"Centennial Puzzle":10,"Matryoshka":8,"NeowsBlessing":0,"SacredBark":17,"Oddly Smooth Stone":28,"Bag of Marbles":9,"Membership Card":25,"MawBank":10,"Toy Ornithopter":26,"Ring of the Snake":0},{"Blood Vial":3,"Centennial Puzzle":3,"Matryoshka":3,"NeowsBlessing":0,"SacredBark":6,"Oddly Smooth Stone":12,"Bag of Marbles":3,"Membership Card":10,"MawBank":3,"Toy Ornithopter":10,"Ring of the Snake":0},{"Blood Vial":3,"Centennial Puzzle":3,"Matryoshka":3,"NeowsBlessing":0,"SacredBark":19,"Oddly Smooth Stone":57,"Bag of Marbles":3,"Membership Card":40,"MawBank":3,"Toy Ornithopter":40,"Ring of the Snake":0}],"Toy Ornithopter":5,"Ring of the Snake":[30]},"card_choices":[{"not_picked":["Outmaneuver","Underhanded Strike"],"picked":"Riddle With Holes","floor":1.0},{"not_picked":["Choke","All Out Attack"],"picked":"Backflip","floor":6.0},{"not_picked":["Endless Agony","Catalyst"],"picked":"Acrobatics","floor":8.0},{"not_picked":["Slice","Dash","Skewer"],"picked":"SKIP","floor":11.0},{"not_picked":["Slice","Dash","Skewer"],"picked":"SKIP","floor":11.0},{"not_picked":["Prepared","Flying Knee"],"picked":"Bouncing Flask","floor":13.0},{"not_picked":["Bullet Time","Corpse Explosion"],"picked":"Adrenaline","floor":16.0},{"not_picked":["Deflect","Slice","Underhanded Strike"],"picked":"SKIP","floor":18.0},{"not_picked":["Catalyst","Backflip"],"picked":"Reflex+1","floor":21.0},{"not_picked":["Poisoned Stab","Sucker Punch","Flying Knee"],"picked":"SKIP","floor":22.0},{"not_picked":["Backflip","Skewer","Heel Hook"],"picked":"SKIP","floor":24.0},{"not_picked":["Acrobatics","Dodge and Roll"],"picked":"Catalyst","floor":27},{"not_picked":["Cloak And Dagger","Dash","Slice"],"picked":"SKIP","floor":28},{"not_picked":["Unload","Outmaneuver","Predator"],"picked":"SKIP","floor":30}],"player_experience":1550579,"relics_obtained":[{"floor":8.0,"key":"Matryoshka"},{"floor":9.0,"key":"Blood Vial"},{"floor":9.0,"key":"Bag of Marbles"},{"floor":10.0,"key":"Centennial Puzzle"},{"floor":10.0,"key":"MawBank"},{"floor":26.0,"key":"Toy Ornithopter"},{"floor":28,"key":"Oddly Smooth Stone"}],"event_choices":[{"damage_healed":0.0,"max_hp_gain":0.0,"max_hp_loss":0.0,"gold_gain":75.0,"event_name":"World of Goop","player_choice":"Gather Gold","floor":2.0,"gold_loss":0.0,"damage_taken":11.0},{"cards_removed":["Defend_G"],"damage_healed":0.0,"max_hp_gain":0.0,"max_hp_loss":0.0,"gold_gain":0.0,"event_name":"Golden Wing","player_choice":"Card Removal","floor":3.0,"gold_loss":0.0,"damage_taken":7.0},{"cards_removed":["Strike_G"],"damage_healed":0.0,"max_hp_gain":0.0,"max_hp_loss":0.0,"gold_gain":0.0,"event_name":"Living Wall","player_choice":"Forget","floor":4.0,"gold_loss":0.0,"damage_taken":0.0},{"damage_healed":0.0,"max_hp_gain":0.0,"max_hp_loss":0.0,"gold_gain":0.0,"event_name":"Shining Light","player_choice":"Entered Light","floor":14.0,"gold_loss":0.0,"damage_taken":20.0,"cards_upgraded":["Neutralize","Strike_G"]},{"cards_removed":["Strike_G"],"damage_healed":0.0,"max_hp_gain":0.0,"max_hp_loss":0.0,"gold_gain":0.0,"event_name":"Back to Basics","player_choice":"Elegance","floor":20.0,"gold_loss":0.0,"damage_taken":0.0},{"damage_healed":0,"gold_gain":0,"player_choice":"Fight","damage_taken":0,"max_hp_gain":0,"max_hp_loss":0,"event_name":"Colosseum","floor":29,"gold_loss":0},{"damage_healed":0,"gold_gain":0,"player_choice":"Fled From Nobs","damage_taken":0,"max_hp_gain":0,"max_hp_loss":0,"event_name":"Colosseum","floor":29,"gold_loss":0},{"damage_healed":0,"gold_gain":0,"player_choice":"Paid Fearfully","damage_taken":0,"max_hp_gain":0,"max_hp_loss":0,"event_name":"Masked Bandits","floor":31,"gold_loss":118}],"is_beta":false,"boss_relics":[{"not_picked":["Black Star","Calling Bell"],"picked":"SacredBark"}],"items_purged_floors":[5,19,25],"is_endless":false,"potions_floor_spawned":[11,13,16,22,27,30],"killed_by":"Collector","ascension_level":20}}