{"host":"ga4s3hj9m6nkn6gp","time":1613904974,"event":{"mods":["AchievementEnabler","BaseMod","Bestiary","Colored Powertips","Highlight Path","Minty Spire (QoL Compilation)","Relic Stats","everything is the same but u backflip on backflip"],"gold_per_floor":[114,114,114,79,90,90,116,116,143,162,189,199,199,211,211,285,285,305,322,322,334,4,30,40,40,40,40,40,40,40],"floor_reached":29,"language":"ENG","playtime":1239,"items_purged":[],"score":556,"play_id":"1b3d0964-0e82-4ba2-8209-22392f6b1f32","local_time":"20210221115614","is_ascension_mode":true,"campfire_choices":[{"data":"Riddle With Holes","floor":6.0,"key":"SMITH"},{"data":"Dagger Throw","floor":8.0,"key":"SMITH"},{"data":"Glass Knife","floor":15.0,"key":"SMITH"},{"data":"Leg Sweep","floor":25,"key":"SMITH"}],"circlet_count":0,"master_deck":["AscendersBane","Strike_G+1","Strike_G+1","Strike_G+1","Strike_G+1","Defend_G+1","Defend_G+1","Defend_G+1","Defend_G+1","Defend_G+1","Survivor","Neutralize","Terror+1","Tactician","Riddle With Holes+1","Dagger Throw+1","Blade Dance","Escape Plan","Glass Knife+1","Die Die Die","Backstab","Accuracy","Blade Dance","Leg Sweep+1","Accuracy","Escape Plan+1"],"relics":["Ring of the Snake","NeowsBlessing","Smiling Mask","Potion Belt","Lantern","Coffee Dripper","ClockworkSouvenir","Pocketwatch","Shuriken","Nilry\u0027s Codex"],"acts_visited":["Exordium","TheCity"],"potions_floor_usage":[23,29,29],"damage_taken":[{"damage":0.0,"enemies":"Jaw Worm","floor":1.0,"turns":1.0},{"damage":0.0,"enemies":"Small Slimes","floor":5.0,"turns":1.0},{"damage":0.0,"enemies":"Lagavulin","floor":7.0,"turns":1.0},{"damage":0.0,"enemies":"2 Louse","floor":10.0,"turns":2.0},{"damage":22.0,"enemies":"3 Sentries","floor":11.0,"turns":10.0},{"damage":4.0,"enemies":"2 Fungi Beasts","floor":12.0,"turns":2.0},{"damage":9.0,"enemies":"3 Louse","floor":14.0,"turns":2.0},{"damage":7.0,"enemies":"Hexaghost","floor":16.0,"turns":7.0},{"damage":0.0,"enemies":"Chosen","floor":18.0,"turns":3.0},{"damage":4.0,"enemies":"2 Thieves","floor":19.0,"turns":3.0},{"damage":15.0,"enemies":"Sentry and Sphere","floor":21.0,"turns":6.0},{"damage":6,"enemies":"Book of Stabbing","floor":23,"turns":3},{"damage":9,"enemies":"Snake Plant","floor":24,"turns":5},{"damage":4,"enemies":"3 Cultists","floor":29,"turns":2}],"seed_played":"7768246488157652956","potions_obtained":[{"floor":5.0,"key":"PowerPotion"},{"floor":7.0,"key":"Poison Potion"},{"floor":10.0,"key":"BlessingOfTheForge"},{"floor":14.0,"key":"Explosive Potion"},{"floor":19.0,"key":"SteroidPotion"},{"floor":23,"key":"Ancient Potion"}],"is_trial":false,"path_per_floor":["M","?","?","?","M","R","E","R","T","M","E","M","?","M","R","B",null,"M","M","?","M","$","E","M","R","T","?","$","M"],"character_chosen":"THE_SILENT","items_purchased":["ClockworkSouvenir","Leg Sweep","GamblersBrew"],"campfire_rested":0,"item_purchase_floors":[22,22,22],"current_hp_per_floor":[59,39,39,55,55,55,55,55,55,55,33,29,34,25,25,18,58,58,54,54,39,39,33,24,24,24,3,3,0,0],"gold":40,"neow_bonus":"THREE_ENEMY_KILL","is_daily":false,"chose_seed":false,"campfire_upgraded":4,"win_rate":0.0,"timestamp":1613904974,"path_taken":["M","?","?","?","M","R","E","R","T","M","E","M","?","M","R","BOSS","M","M","?","M","$","E","M","R","T","?","?","M"],"items_purchased_type":["Relic","Card","Potion"],"build_version":"2020-12-22","purchased_purges":0,"victory":false,"max_hp_per_floor":[66,66,66,66,66,66,66,66,66,66,66,66,71,71,71,71,71,71,71,71,71,71,71,71,71,71,71,71,71,71],"relic_stats":{"counters":[14,48],"Shuriken":[2],"Smiling Mask":0,"obtain_stats":[{"Potion Belt":9,"Lantern":11,"NeowsBlessing":0,"Shuriken":26,"Nilry\u0027s Codex":27,"Coffee Dripper":17,"Smiling Mask":7,"Ring of the Snake":0,"ClockworkSouvenir":22,"Pocketwatch":23},{"Potion Belt":3,"Lantern":5,"NeowsBlessing":0,"Shuriken":13,"Nilry\u0027s Codex":13,"Coffee Dripper":8,"Smiling Mask":3,"Ring of the Snake":0,"ClockworkSouvenir":11,"Pocketwatch":12},{"Potion Belt":3,"Lantern":15,"NeowsBlessing":0,"Shuriken":46,"Nilry\u0027s Codex":46,"Coffee Dripper":26,"Smiling Mask":3,"Ring of the Snake":0,"ClockworkSouvenir":38,"Pocketwatch":41}],"Ring of the Snake":[28],"Pocketwatch":[0]},"card_choices":[{"not_picked":["Cloak And Dagger","Distraction"],"picked":"Terror","floor":1.0},{"not_picked":["Escape Plan","Bane"],"picked":"Riddle With Holes","floor":5.0},{"not_picked":["Catalyst","Terror"],"picked":"Dagger Throw","floor":7.0},{"not_picked":["Sucker Punch","Accuracy","Calculated Gamble"],"picked":"SKIP","floor":10.0},{"not_picked":["Heel Hook","Poisoned Stab"],"picked":"Blade Dance","floor":11.0},{"not_picked":["Prepared","Deflect"],"picked":"Escape Plan","floor":12.0},{"not_picked":["Setup","Flechettes"],"picked":"Glass Knife","floor":14.0},{"not_picked":["Grand Finale","Bullet Time"],"picked":"Die Die Die","floor":16.0},{"not_picked":["Underhanded Strike","Quick Slash"],"picked":"Backstab","floor":18.0},{"not_picked":["PiercingWail","Dodge and Roll"],"picked":"Accuracy","floor":19.0},{"not_picked":["Deflect","Slice+1"],"picked":"Blade Dance","floor":21.0},{"not_picked":["Distraction","Quick Slash"],"picked":"Accuracy","floor":23},{"not_picked":["Dagger Spray","Finisher"],"picked":"Escape Plan+1","floor":24}],"player_experience":788777,"relics_obtained":[{"floor":7.0,"key":"Smiling Mask"},{"floor":9.0,"key":"Potion Belt"},{"floor":11.0,"key":"Lantern"},{"floor":23,"key":"Pocketwatch"},{"floor":26,"key":"Shuriken"},{"floor":27,"key":"Nilry\u0027s Codex"}],"event_choices":[{"damage_healed":0.0,"max_hp_gain":0.0,"max_hp_loss":0.0,"gold_gain":0.0,"event_name":"Shining Light","player_choice":"Entered Light","floor":2.0,"gold_loss":0.0,"damage_taken":20.0,"cards_upgraded":["Strike_G","Terror"]},{"damage_healed":0.0,"max_hp_gain":0.0,"max_hp_loss":0.0,"gold_gain":0.0,"cards_transformed":["Strike_G"],"event_name":"Living Wall","player_choice":"Change","floor":3.0,"gold_loss":0.0,"damage_taken":0.0,"cards_obtained":["Tactician"]},{"damage_healed":16.0,"max_hp_gain":0.0,"max_hp_loss":0.0,"gold_gain":0.0,"event_name":"The Cleric","player_choice":"Healed","floor":4.0,"gold_loss":35.0,"damage_taken":0.0},{"damage_healed":0.0,"max_hp_gain":5.0,"max_hp_loss":0.0,"gold_gain":0.0,"event_name":"Big Fish","player_choice":"Donut","floor":13.0,"gold_loss":0.0,"damage_taken":0.0},{"damage_healed":0.0,"max_hp_gain":0.0,"max_hp_loss":0.0,"gold_gain":0.0,"event_name":"Back to Basics","player_choice":"Simplicity","floor":20.0,"gold_loss":0.0,"damage_taken":0.0,"cards_upgraded":["Strike_G","Strike_G","Strike_G","Defend_G","Defend_G","Defend_G","Defend_G","Defend_G"]},{"damage_healed":0,"gold_gain":0,"player_choice":"Obtained Book","damage_taken":21,"max_hp_gain":0,"max_hp_loss":0,"event_name":"Cursed Tome","floor":27,"gold_loss":0}],"is_beta":false,"boss_relics":[{"not_picked":["Ring of the Serpent","Empty Cage"],"picked":"Coffee Dripper"}],"items_purged_floors":[],"is_endless":false,"potions_floor_spawned":[5,7,10,14,19,23],"killed_by":"3 Cultists","ascension_level":20}}