{"host":"nbofzmb1hl9rnais","time":1613949776,"event":{"mods":["BaseMod","Colored Map","Minty Spire (QoL Compilation)","StSLib"],"gold_per_floor":[116,116,135,155,169,202,127,162,162,176,211,211,222,249,249,348,348,368,368,368,381,381,381,306,62,62,161,188,207,220,50,50,149,149,168,43,94,111,123,151,151,151,151,185,185,185,185],"floor_reached":46,"language":"ENG","playtime":2592,"items_purged":["Defend_B","Sunder","Go for the Eyes"],"score":631,"play_id":"8ecb29db-5e30-4051-a9fa-031ac0f2dff0","local_time":"20210221152256","is_ascension_mode":true,"campfire_choices":[{"data":"Zap","floor":12,"key":"SMITH"},{"data":"1","floor":15,"key":"LIFT"},{"data":"2","floor":23,"key":"LIFT"},{"data":"3","floor":32,"key":"LIFT"},{"floor":41,"key":"RECALL"}],"circlet_count":0,"master_deck":["Defend_B","Defend_B","Zap+1","Dualcast+1","Doom and Gloom","Auto Shields","Leap","Loop","Multi-Cast","Turbo+1","Self Repair","White Noise+1","Echo Form","Bite","Bite","Bite","Core Surge","Consume+1","Apotheosis+1","Seek+1","Force Field+1"],"relics":["Cracked Core","Gambling Chip","Omamori","Meat on the Bone","Toxic Egg 2","Girya","Empty Cage","InkBottle","Bronze Scales","Centennial Puzzle","Fusion Hammer","Ginger","Prayer Wheel","Blue Candle","Question Card"],"acts_visited":["Exordium","TheCity","TheBeyond"],"potions_floor_usage":[16,18,28,30,33,38,40,44,46],"damage_taken":[{"damage":0,"enemies":"Cultist","floor":1,"turns":3},{"damage":0,"enemies":"Small Slimes","floor":3,"turns":2},{"damage":3,"enemies":"Jaw Worm","floor":4,"turns":2},{"damage":0,"enemies":"2 Fungi Beasts","floor":5,"turns":2},{"damage":14,"enemies":"Lagavulin","floor":6,"turns":6},{"damage":20,"enemies":"Gremlin Nob","floor":8,"turns":4},{"damage":0,"enemies":"3 Louse","floor":10,"turns":2},{"damage":8,"enemies":"Lagavulin","floor":11,"turns":4},{"damage":4,"enemies":"Exordium Wildlife","floor":13,"turns":3},{"damage":21,"enemies":"3 Sentries","floor":14,"turns":8},{"damage":0,"enemies":"Slime Boss","floor":16,"turns":6},{"damage":12,"enemies":"Spheric Guardian","floor":18,"turns":4},{"damage":16,"enemies":"Chosen","floor":21,"turns":4},{"damage":44,"enemies":"Slavers","floor":28,"turns":3},{"damage":10,"enemies":"Sentry and Sphere","floor":29,"turns":3},{"damage":25,"enemies":"Snake Plant","floor":30,"turns":3},{"damage":23,"enemies":"Champ","floor":33,"turns":7},{"damage":6,"enemies":"Orb Walker","floor":35,"turns":4},{"damage":26,"enemies":"2 Orb Walkers","floor":37,"turns":3},{"damage":20,"enemies":"3 Darklings","floor":38,"turns":4},{"damage":18,"enemies":"4 Shapes","floor":39,"turns":3},{"damage":39,"enemies":"Nemesis","floor":40,"turns":5},{"damage":40,"enemies":"Reptomancer","floor":44,"turns":6},{"damage":32,"enemies":"Nemesis","floor":46,"turns":4}],"seed_played":"1464268078245572420","potions_obtained":[{"floor":1,"key":"LiquidMemories"},{"floor":3,"key":"Weak Potion"},{"floor":10,"key":"EssenceOfDarkness"},{"floor":14,"key":"Energy Potion"},{"floor":16,"key":"DistilledChaos"},{"floor":29,"key":"Swift Potion"},{"floor":33,"key":"Weak Potion"},{"floor":35,"key":"Fire Potion"},{"floor":38,"key":"PowerPotion"},{"floor":39,"key":"SteroidPotion"},{"floor":40,"key":"Energy Potion"}],"is_trial":false,"path_per_floor":["M","?","M","M","M","E","$","E","T","M","E","R","M","E","R","B",null,"M","?","T","M","?","R","?","$","T","?","E","M","M","$","R","B",null,"M","$","?","M","M","E","R","?","T","E","?","E"],"character_chosen":"DEFECT","items_purchased":["Core Surge","Apotheosis+1"],"campfire_rested":0,"item_purchase_floors":[25,31],"current_hp_per_floor":[68,68,68,65,65,51,51,31,31,43,35,35,43,41,41,48,68,68,56,56,47,47,47,47,47,47,47,19,38,40,40,40,36,51,51,51,41,33,43,36,36,36,36,26,26,0,0],"gold":185,"neow_bonus":"ONE_RARE_RELIC","is_daily":false,"chose_seed":false,"campfire_upgraded":1,"win_rate":0.0,"timestamp":1613949776,"path_taken":["M","?","M","?","M","E","$","E","T","M","E","R","M","E","R","BOSS","M","?","?","M","?","R","?","$","T","?","E","M","M","$","R","BOSS","M","$","?","M","M","E","R","?","T","E","?","E"],"items_purchased_type":["Card","Card"],"build_version":"2020-12-22","purchased_purges":3,"victory":false,"max_hp_per_floor":[68,68,68,68,68,68,68,68,68,68,68,68,68,68,68,68,68,68,73,73,73,51,51,51,51,51,51,51,51,51,51,51,51,51,51,51,51,51,51,51,51,51,51,51,51,51,51],"card_choices":[{"not_picked":["Beam Cell","BootSequence"],"picked":"Doom and Gloom","floor":1},{"not_picked":["Coolheaded","Sweeping Beam"],"picked":"Go for the Eyes","floor":3},{"not_picked":["Gash","Hello World"],"picked":"Auto Shields","floor":4},{"not_picked":["Coolheaded","Gash"],"picked":"Sunder","floor":5},{"not_picked":["Coolheaded","Rebound"],"picked":"Leap","floor":6},{"not_picked":["Fusion","Steam"],"picked":"Loop","floor":8},{"not_picked":["Reinforced Body","Cold Snap"],"picked":"Multi-Cast","floor":10},{"not_picked":["Ball Lightning","Stack+1"],"picked":"Turbo+1","floor":11},{"not_picked":["Capacitor","Steam+1"],"picked":"Self Repair","floor":13},{"not_picked":["Barrage","Blizzard"],"picked":"White Noise+1","floor":14},{"not_picked":["Rainbow+1","Meteor Strike"],"picked":"Echo Form","floor":16},{"not_picked":["Sweeping Beam","Heatsinks","Gash"],"picked":"SKIP","floor":18},{"not_picked":["Rebound+1","Compile Driver+1","Coolheaded+1"],"picked":"SKIP","floor":21},{"not_picked":["Go for the Eyes","Redo+1","Barrage+1"],"picked":"SKIP","floor":28},{"not_picked":["Go for the Eyes","Redo+1","Barrage+1"],"picked":"SKIP","floor":28},{"not_picked":["Cold Snap","Glacier+1"],"picked":"Consume+1","floor":29},{"not_picked":["Sweeping Beam","Compile Driver","Recycle+1"],"picked":"SKIP","floor":30},{"not_picked":["Creative AI","Thunder Strike"],"picked":"Seek+1","floor":33},{"not_picked":["Conserve Battery+1","Blizzard+1"],"picked":"Force Field+1","floor":35},{"not_picked":["Ball Lightning+1","Auto Shields+1","Tempest+1"],"picked":"SKIP","floor":38},{"not_picked":["Tempest+1","Steam+1","Coolheaded+1"],"picked":"SKIP","floor":39},{"not_picked":["Chaos+1","Hologram+1","Conserve Battery+1"],"picked":"SKIP","floor":40},{"not_picked":["Capacitor+1","Skim+1","Tempest+1"],"picked":"SKIP","floor":44}],"player_experience":138186,"relics_obtained":[{"floor":6,"key":"Omamori"},{"floor":8,"key":"Meat on the Bone"},{"floor":11,"key":"Toxic Egg 2"},{"floor":14,"key":"Girya"},{"floor":20,"key":"InkBottle"},{"floor":26,"key":"Bronze Scales"},{"floor":28,"key":"Centennial Puzzle"},{"floor":37,"key":"Ginger"},{"floor":40,"key":"Prayer Wheel"},{"floor":43,"key":"Blue Candle"},{"floor":44,"key":"Question Card"}],"event_choices":[{"damage_healed":0,"gold_gain":0,"player_choice":"Upgraded","damage_taken":0,"max_hp_gain":0,"max_hp_loss":0,"event_name":"Upgrade Shrine","floor":2,"gold_loss":0,"cards_upgraded":["Dualcast"]},{"damage_healed":0,"gold_gain":0,"player_choice":"Shed Blood","damage_taken":17,"max_hp_gain":5,"max_hp_loss":0,"event_name":"Forgotten Altar","floor":19,"gold_loss":0},{"damage_healed":0,"gold_gain":0,"player_choice":"Became a vampire","damage_taken":0,"max_hp_gain":0,"max_hp_loss":22,"event_name":"Vampires","floor":22,"gold_loss":0,"cards_obtained":["Bite","Bite","Bite","Bite","Bite"]},{"cards_removed":["Bite"],"damage_healed":0,"gold_gain":0,"player_choice":"Gave Gold","damage_taken":0,"max_hp_gain":0,"max_hp_loss":0,"event_name":"Beggar","floor":24,"gold_loss":75},{"damage_healed":0,"gold_gain":99,"player_choice":"Stole From Cult","damage_taken":0,"max_hp_gain":0,"max_hp_loss":0,"event_name":"Nest","floor":27,"gold_loss":0},{"damage_healed":0,"gold_gain":0,"player_choice":"Fight","damage_taken":0,"max_hp_gain":0,"max_hp_loss":0,"event_name":"Mysterious Sphere","floor":37,"gold_loss":0},{"damage_healed":0,"gold_gain":0,"player_choice":"Memory 1","damage_taken":0,"max_hp_gain":0,"max_hp_loss":0,"event_name":"SensoryStone","floor":42,"gold_loss":0},{"cards_removed":["Bite"],"damage_healed":0,"gold_gain":0,"player_choice":"Removed Attack","damage_taken":0,"max_hp_gain":0,"max_hp_loss":0,"event_name":"Falling","floor":45,"gold_loss":0}],"is_beta":false,"boss_relics":[{"not_picked":["Sozu","Inserter"],"picked":"Empty Cage"},{"not_picked":["Runic Dome","Black Star"],"picked":"Fusion Hammer"}],"items_purged_floors":[7,25,36],"is_endless":false,"potions_floor_spawned":[1,3,10,14,16,29,33,35,38,39,40],"killed_by":"Nemesis","ascension_level":1}}