{"host":"u6f15rvcj4nca0wu","time":1613950641,"event":{"mods":["BaseMod","Bestiary","Colored Map","Highlight Path","Minty Spire (Améliorations d\u0027érgonomie)","Relic Stats"],"gold_per_floor":[113,126,145,22,41,74,38,38,38,38,38,52,52,68,68,164,164,175,191,191,191,210,237,248,248,248,248,267,282,282,295,295,398,398,418,418,418,435,435,435],"floor_reached":39,"language":"FRA","playtime":6125,"items_purged":["Defend_P"],"score":405,"play_id":"ddaed26c-1155-4526-80f1-afac4bf6ec57","local_time":"20210222003721","is_ascension_mode":false,"campfire_choices":[{"floor":8.0,"key":"REST"},{"floor":13.0,"key":"REST"},{"data":"BattleHymn","floor":15.0,"key":"SMITH"},{"floor":25.0,"key":"REST"},{"data":"Worship","floor":27.0,"key":"SMITH"},{"data":"DeusExMachina","floor":30.0,"key":"SMITH"},{"floor":32.0,"key":"REST"}],"circlet_count":0,"master_deck":["Strike_P","Strike_P","Strike_P","Strike_P","Defend_P","Defend_P","Defend_P","Eruption","Vigilance","ClearTheMind","Prostrate","Establishment","Evaluate","CutThroughFate","Worship","Prostrate","BattleHymn+1","Consecrate","BowlingBash","DeusExMachina+1","FollowUp+1","Worship+1","PathToVictory+1","JustLucky+1","Protect+1","ThirdEye+1","Collect","EmptyBody","Crescendo+1","Dramatic Entrance","Writhe","CarveReality+1"],"relics":["PureWater","NeowsBlessing","Dream Catcher","Pantograph","TungstenRod","Runic Pyramid","Regal Pillow","Bottled Tornado","Black Star"],"acts_visited":["Exordium","TheCity","TheBeyond"],"potions_floor_usage":[39],"damage_taken":[{"damage":0.0,"enemies":"Cultist","floor":1.0,"turns":1.0},{"damage":0.0,"enemies":"Small Slimes","floor":2.0,"turns":1.0},{"damage":0.0,"enemies":"Jaw Worm","floor":3.0,"turns":1.0},{"damage":12.0,"enemies":"Looter","floor":5.0,"turns":4.0},{"damage":20.0,"enemies":"Lagavulin","floor":6.0,"turns":7.0},{"damage":6.0,"enemies":"2 Fungi Beasts","floor":12.0,"turns":4.0},{"damage":1.0,"enemies":"Large Slime","floor":14.0,"turns":4.0},{"damage":17.0,"enemies":"Hexaghost","floor":16.0,"turns":7.0},{"damage":16.0,"enemies":"Shell Parasite","floor":18.0,"turns":5.0},{"damage":1.0,"enemies":"Chosen","floor":19.0,"turns":4.0},{"damage":7.0,"enemies":"Centurion and Healer","floor":22.0,"turns":5.0},{"damage":27.0,"enemies":"Book of Stabbing","floor":23.0,"turns":4.0},{"damage":20.0,"enemies":"Snake Plant","floor":24.0,"turns":4.0},{"damage":5.0,"enemies":"Snecko","floor":28.0,"turns":4.0},{"damage":4.0,"enemies":"Centurion and Healer","floor":29.0,"turns":3.0},{"damage":12.0,"enemies":"Snake Plant","floor":31.0,"turns":5.0},{"damage":59.0,"enemies":"Collector","floor":33.0,"turns":7.0},{"damage":47.0,"enemies":"3 Darklings","floor":35.0,"turns":6.0},{"damage":24.0,"enemies":"Orb Walker","floor":38.0,"turns":5.0},{"damage":23,"enemies":"Spire Growth","floor":39,"turns":3}],"seed_played":"4992333463413295446","potions_obtained":[{"floor":2.0,"key":"ColorlessPotion"},{"floor":5.0,"key":"ColorlessPotion"},{"floor":6.0,"key":"Block Potion"},{"floor":24.0,"key":"Dexterity Potion"},{"floor":31.0,"key":"SteroidPotion"},{"floor":33.0,"key":"GamblersBrew"}],"is_trial":false,"path_per_floor":["M","M","M","$","M","E","$","R","T","?","?","M","R","M","R","B",null,"M","M","?","?","M","E","M","R","T","R","M","M","R","M","R","B",null,"M","?","?","M","M"],"character_chosen":"WATCHER","items_purchased":["Evaluate","Worship"],"campfire_rested":4,"item_purchase_floors":[4,7],"current_hp_per_floor":[72,72,72,72,60,40,40,61,61,43,43,37,58,57,57,55,72,56,55,55,72,65,38,18,54,54,54,49,45,45,33,69,13,72,25,25,43,19,0,0],"gold":435,"neow_bonus":"THREE_ENEMY_KILL","is_daily":false,"chose_seed":false,"campfire_upgraded":3,"win_rate":0.0,"timestamp":1613950641,"path_taken":["M","M","M","$","M","E","?","R","T","?","?","M","R","M","R","BOSS","M","M","?","?","M","E","M","R","T","R","M","M","R","M","R","BOSS","M","?","?","M","M"],"items_purchased_type":["Card","Card"],"build_version":"2020-12-13","purchased_purges":1,"victory":false,"max_hp_per_floor":[72,72,72,72,72,72,72,72,72,72,72,72,72,72,72,72,72,72,72,72,72,72,72,72,72,72,72,72,72,72,72,72,72,72,72,72,72,72,72,72],"relic_stats":{"Dream Catcher":4,"Regal Pillow":30,"counters":[20,84],"Pantograph":18,"Black Star":0,"obtain_stats":[{"Dream Catcher":6,"Regal Pillow":23,"NeowsBlessing":0,"Pantograph":9,"Black Star":34,"PureWater":0,"Bottled Tornado":26,"TungstenRod":10,"Runic Pyramid":17},{"Dream Catcher":5,"Regal Pillow":12,"NeowsBlessing":0,"Pantograph":5,"Black Star":17,"PureWater":0,"Bottled Tornado":13,"TungstenRod":5,"Runic Pyramid":8},{"Dream Catcher":14,"Regal Pillow":47,"NeowsBlessing":0,"Pantograph":14,"Black Star":70,"PureWater":0,"Bottled Tornado":51,"TungstenRod":14,"Runic Pyramid":29}],"TungstenRod":53},"card_choices":[{"not_picked":["CrushJoints","Protect"],"picked":"ClearTheMind","floor":1.0},{"not_picked":["Adaptation","EmptyMind"],"picked":"Prostrate","floor":2.0},{"not_picked":["EmptyFist","WaveOfTheHand"],"picked":"Establishment","floor":3.0},{"not_picked":["FollowUp","Consecrate"],"picked":"CutThroughFate","floor":5.0},{"not_picked":["Nirvana","Blasphemy","MentalFortress"],"picked":"SKIP","floor":6.0},{"not_picked":["MentalFortress","Tantrum"],"picked":"Prostrate","floor":8.0},{"not_picked":["BowlingBash","CrushJoints"],"picked":"BattleHymn","floor":12.0},{"not_picked":["Crescendo","FlurryOfBlows"],"picked":"Consecrate","floor":13.0},{"not_picked":["Evaluate","EmptyBody"],"picked":"BowlingBash","floor":14.0},{"not_picked":["Wish","Scrawl"],"picked":"DeusExMachina","floor":16.0},{"not_picked":["BowlingBash","Conclude"],"picked":"FollowUp+1","floor":18.0},{"not_picked":["CarveReality","BowlingBash","Swivel"],"picked":"SKIP","floor":19.0},{"not_picked":["Halt","MentalFortress+1"],"picked":"Worship","floor":22.0},{"not_picked":["CrushJoints","MentalFortress"],"picked":"PathToVictory+1","floor":23.0},{"not_picked":["Crescendo","ClearTheMind","Halt+1"],"picked":"SKIP","floor":24.0},{"not_picked":["Prostrate","Halt"],"picked":"JustLucky+1","floor":25.0},{"not_picked":["WaveOfTheHand+1","EmptyBody"],"picked":"Protect+1","floor":28.0},{"not_picked":["Nirvana+1","EmptyBody"],"picked":"ThirdEye+1","floor":29.0},{"not_picked":["CrushJoints","Consecrate"],"picked":"Collect","floor":31.0},{"not_picked":["ReachHeaven","FlurryOfBlows"],"picked":"EmptyBody","floor":32.0},{"not_picked":["CrushJoints","LikeWater+1"],"picked":"Crescendo+1","floor":35.0},{"not_picked":["Blind","Sadistic Nature"],"picked":"Dramatic Entrance","floor":36.0},{"not_picked":["Consecrate","WreathOfFlame"],"picked":"CarveReality+1","floor":38.0}],"player_experience":311274,"relics_obtained":[{"floor":6.0,"key":"Dream Catcher"},{"floor":9.0,"key":"Pantograph"},{"floor":23.0,"key":"Regal Pillow"},{"floor":26.0,"key":"Bottled Tornado"}],"event_choices":[{"damage_healed":0.0,"max_hp_gain":0.0,"max_hp_loss":0.0,"gold_gain":0.0,"event_name":"Scrap Ooze","player_choice":"Success","floor":10.0,"gold_loss":0.0,"damage_taken":18.0,"relics_obtained":["TungstenRod"]},{"damage_healed":0.0,"max_hp_gain":0.0,"max_hp_loss":0.0,"gold_gain":0.0,"event_name":"Dead Adventurer","player_choice":"Searched \u00270\u0027 times","floor":11.0,"gold_loss":0.0,"damage_taken":0.0},{"damage_healed":0.0,"max_hp_gain":0.0,"max_hp_loss":0.0,"gold_gain":0.0,"event_name":"Dead Adventurer","player_choice":"Searched \u00270\u0027 times","floor":11.0,"gold_loss":0.0,"damage_taken":0.0},{"damage_healed":0.0,"max_hp_gain":0.0,"max_hp_loss":0.0,"gold_gain":0.0,"event_name":"Ghosts","player_choice":"Ignored","floor":20.0,"gold_loss":0.0,"damage_taken":0.0},{"damage_healed":24.0,"max_hp_gain":0.0,"max_hp_loss":0.0,"gold_gain":0.0,"event_name":"The Library","player_choice":"Heal","floor":21.0,"gold_loss":0.0,"damage_taken":0.0},{"damage_healed":0.0,"max_hp_gain":0.0,"max_hp_loss":0.0,"gold_gain":0.0,"event_name":"SensoryStone","player_choice":"Memory 1","floor":36.0,"gold_loss":0.0,"damage_taken":0.0},{"damage_healed":18.0,"max_hp_gain":0.0,"max_hp_loss":0.0,"gold_gain":0.0,"event_name":"Winding Halls","player_choice":"Writhe","floor":37.0,"gold_loss":0.0,"damage_taken":0.0,"cards_obtained":["Writhe"]}],"is_beta":false,"boss_relics":[{"not_picked":["Ectoplasm","Fusion Hammer"],"picked":"Runic Pyramid"},{"not_picked":["Astrolabe","Empty Cage"],"picked":"Black Star"}],"items_purged_floors":[4],"is_endless":false,"potions_floor_spawned":[2,5,6,24,31,33],"killed_by":"Spire Growth","ascension_level":0}}