{"host":"8is2j71l4wmybkoi","time":1613916279,"event":{"mods":["AchievementEnabler","BaseMod","Colored Map","DeckTracker","Minty Spire (QoL Compilation)","Rare Cards Sparkle","Relic Stats","StSLib","SuperFastMode"],"gold_per_floor":[119,194,24,41,6,6,36,36,62,73,2,12,45,61,61,137,137,149,162,162,162,172,172,187,221,221,249,249,56,94,94,94],"floor_reached":31,"language":"KOR","playtime":1110,"items_purged":["Strike_P","Strike_P"],"score":655,"play_id":"01bf6d2c-381c-4fbc-90fc-e6df22b11e12","local_time":"20210221230439","is_ascension_mode":true,"campfire_choices":[{"data":"Eruption","floor":6.0,"key":"SMITH"},{"data":"EmptyFist","floor":8.0,"key":"SMITH"},{"data":"InnerPeace","floor":15.0,"key":"SMITH"},{"floor":23.0,"key":"REST"}],"circlet_count":0,"master_deck":["AscendersBane","Strike_P","Defend_P","Defend_P","Defend_P","Eruption+1","Vigilance","FearNoEvil","EmptyFist+1","FlurryOfBlows","WheelKick","InnerPeace+1","DeceiveReality","DeusExMachina","Meditate","Wish","Purity","Prostrate"],"relics":["PureWater","NeowsBlessing","Centennial Puzzle","Strawberry","Pocketwatch","SlaversCollar","Vajra","Pear"],"acts_visited":["Exordium","TheCity"],"potions_floor_usage":[],"damage_taken":[{"damage":0.0,"enemies":"Jaw Worm","floor":1.0,"turns":1.0},{"damage":0.0,"enemies":"Cultist","floor":4.0,"turns":1.0},{"damage":0.0,"enemies":"Gremlin Nob","floor":7.0,"turns":1.0},{"damage":0.0,"enemies":"2 Louse","floor":10.0,"turns":1.0},{"damage":7.0,"enemies":"Gremlin Gang","floor":12.0,"turns":3.0},{"damage":12.0,"enemies":"Lagavulin","floor":13.0,"turns":4.0},{"damage":0.0,"enemies":"3 Louse","floor":14.0,"turns":2.0},{"damage":0.0,"enemies":"The Guardian","floor":16.0,"turns":9.0},{"damage":0.0,"enemies":"2 Thieves","floor":18.0,"turns":2.0},{"damage":13.0,"enemies":"3 Byrds","floor":19.0,"turns":4.0},{"damage":3.0,"enemies":"Snecko","floor":22.0,"turns":3.0},{"damage":0.0,"enemies":"Sentry and Sphere","floor":24.0,"turns":3.0},{"damage":7.0,"enemies":"Gremlin Leader","floor":25.0,"turns":6.0},{"damage":18.0,"enemies":"Slavers","floor":27.0,"turns":5.0},{"damage":33,"enemies":"Snake Plant","floor":30,"turns":5},{"damage":10,"enemies":"Shelled Parasite and Fungi","floor":31,"turns":2}],"seed_played":"5881167122505836124","potions_obtained":[{"floor":4.0,"key":"DistilledChaos"},{"floor":13.0,"key":"Fire Potion"},{"floor":16.0,"key":"AttackPotion"},{"floor":19.0,"key":"Dexterity Potion"},{"floor":24.0,"key":"Explosive Potion"}],"is_trial":false,"path_per_floor":["M","?","$","M","?","R","E","R","T","M","$","M","E","M","R","B",null,"M","M","?","?","M","R","M","E","T","E","?","$","M","M"],"character_chosen":"WATCHER","items_purchased":["EmptyFist","FlurryOfBlows","InnerPeace","Purity"],"campfire_rested":1,"item_purchase_floors":[3,3,11,29],"current_hp_per_floor":[61,50,50,50,67,67,67,67,74,74,74,67,55,55,55,55,70,70,57,36,36,33,57,57,50,60,42,42,42,9,0,0],"gold":94,"neow_bonus":"THREE_ENEMY_KILL","is_daily":false,"chose_seed":false,"campfire_upgraded":3,"win_rate":0.0,"timestamp":1613916279,"path_taken":["M","?","$","M","?","R","E","R","T","M","?","M","E","M","R","BOSS","M","M","?","?","M","R","M","E","T","E","?","$","M","M"],"items_purchased_type":["Card","Card","Card","Card"],"build_version":"2020-12-22","purchased_purges":2,"victory":false,"max_hp_per_floor":[68,68,68,68,68,68,68,68,75,75,75,75,75,75,75,75,75,75,75,80,80,80,80,80,80,90,90,90,90,90,90,90],"relic_stats":{"Centennial Puzzle":[22],"counters":[16,52],"obtain_stats":[{"SlaversCollar":17,"Centennial Puzzle":7,"Pear":26,"NeowsBlessing":0,"Strawberry":9,"Vajra":25,"PureWater":0,"Pocketwatch":13},{"SlaversCollar":8,"Centennial Puzzle":3,"Pear":13,"NeowsBlessing":0,"Strawberry":3,"Vajra":13,"PureWater":0,"Pocketwatch":6},{"SlaversCollar":22,"Centennial Puzzle":3,"Pear":40,"NeowsBlessing":0,"Strawberry":3,"Vajra":40,"PureWater":0,"Pocketwatch":11}],"Pocketwatch":[17]},"card_choices":[{"not_picked":["ThirdEye","Swivel"],"picked":"FearNoEvil","floor":1.0},{"not_picked":["Consecrate","FearNoEvil","FlurryOfBlows"],"picked":"SKIP","floor":4.0},{"not_picked":["ConjureBlade","Consecrate"],"picked":"WheelKick","floor":7.0},{"not_picked":["FollowUp","Protect","Study"],"picked":"SKIP","floor":10.0},{"not_picked":["FollowUp","Protect","Study"],"picked":"SKIP","floor":10.0},{"not_picked":["WaveOfTheHand","EmptyBody","WindmillStrike"],"picked":"SKIP","floor":12.0},{"not_picked":["Study","BowlingBash","SignatureMove"],"picked":"SKIP","floor":13.0},{"not_picked":["CrushJoints","Evaluate"],"picked":"DeceiveReality","floor":14.0},{"not_picked":["Ragnarok","Alpha"],"picked":"DeusExMachina","floor":16.0},{"not_picked":["Wallop","LikeWater","FlyingSleeves"],"picked":"SKIP","floor":18.0},{"not_picked":["Crescendo","FlyingSleeves+1"],"picked":"Meditate","floor":19.0},{"not_picked":["FollowUp","Wireheading","JustLucky"],"picked":"SKIP","floor":22.0},{"not_picked":["CutThroughFate","SandsOfTime","PathToVictory"],"picked":"SKIP","floor":24.0},{"not_picked":["Wallop","FlyingSleeves","Collect"],"picked":"SKIP","floor":25.0},{"not_picked":["PathToVictory+1","ClearTheMind","Collect"],"picked":"SKIP","floor":27},{"not_picked":["ThirdEye+1","ClearTheMind"],"picked":"Prostrate","floor":30}],"player_experience":1287891,"relics_obtained":[{"floor":7.0,"key":"Centennial Puzzle"},{"floor":9.0,"key":"Strawberry"},{"floor":13.0,"key":"Pocketwatch"},{"floor":25.0,"key":"Vajra"},{"floor":26.0,"key":"Pear"}],"event_choices":[{"damage_healed":0.0,"max_hp_gain":0.0,"max_hp_loss":0.0,"gold_gain":75.0,"event_name":"World of Goop","player_choice":"Gather Gold","floor":2.0,"gold_loss":0.0,"damage_taken":11.0},{"damage_healed":17.0,"max_hp_gain":0.0,"max_hp_loss":0.0,"gold_gain":0.0,"event_name":"The Cleric","player_choice":"Healed","floor":5.0,"gold_loss":35.0,"damage_taken":0.0},{"damage_healed":0.0,"max_hp_gain":5.0,"max_hp_loss":0.0,"gold_gain":0.0,"event_name":"Forgotten Altar","player_choice":"Shed Blood","floor":20.0,"gold_loss":0.0,"damage_taken":26.0},{"cards_removed":["Strike_P"],"damage_healed":0.0,"max_hp_gain":0.0,"max_hp_loss":0.0,"gold_gain":0.0,"event_name":"Back to Basics","player_choice":"Elegance","floor":21.0,"gold_loss":0.0,"damage_taken":0.0},{"damage_healed":0,"gold_gain":0,"cards_transformed":["Defend_P"],"player_choice":"Transformed","damage_taken":0,"max_hp_gain":0,"max_hp_loss":0,"event_name":"Transmorgrifier","floor":28,"gold_loss":0,"cards_obtained":["Wish"]}],"is_beta":false,"boss_relics":[{"not_picked":["HolyWater","Snecko Eye"],"picked":"SlaversCollar"}],"items_purged_floors":[3,29],"is_endless":false,"potions_floor_spawned":[4,13,16,19,24],"killed_by":"Shelled Parasite and Fungi","ascension_level":15}}