{"host":"hahe3lxotqh08ugn","time":1613873347,"event":{"mods":["AchievementEnabler","BaseMod","Googly Eyes","Hermit","Minty Spire (QoL Compilation)","Quick Restart","StSLib","The Cursed","The Hierophant"],"gold_per_floor":[116,116,78,97,47,47,58,58,58,58,7,7,7,22,22,127,127,145,145,156,156,81,81,100,100,100,61,80,0,18,18,18],"floor_reached":31,"language":"ENG","playtime":1042,"items_purged":[],"score":470,"play_id":"8bd8abc9-f1e0-4219-bc4d-4caaa6839dca","local_time":"20210220210907","is_ascension_mode":true,"campfire_choices":[{"floor":6,"key":"REST"},{"floor":8,"key":"REST"},{"floor":10,"key":"REST"},{"floor":12,"key":"REST"},{"floor":15,"key":"REST"},{"floor":23,"key":"REST"},{"floor":25,"key":"REST"}],"circlet_count":0,"master_deck":["Strike_G+1","Strike_G","Strike_G","Defend_G","Defend_G","Defend_G+1","Defend_G","Defend_G","Survivor","Neutralize","Noxious Fumes","Blur","Slice+1","PiercingWail","Corpse Explosion","Noxious Fumes","Catalyst","Terror"],"relics":["Fusion Hammer","Molten Egg 2","SlaversCollar","MutagenicStrength","Paper Crane"],"acts_visited":["Exordium","TheCity"],"potions_floor_usage":[16,16,28],"damage_taken":[{"damage":4,"enemies":"Jaw Worm","floor":1,"turns":5},{"damage":0,"enemies":"2 Louse","floor":4,"turns":3},{"damage":0,"enemies":"Small Slimes","floor":7,"turns":5},{"damage":7,"enemies":"3 Louse","floor":14,"turns":5},{"damage":36,"enemies":"Hexaghost","floor":16,"turns":16},{"damage":26,"enemies":"2 Thieves","floor":18,"turns":4},{"damage":13,"enemies":"Chosen","floor":20,"turns":6},{"damage":10,"enemies":"Centurion and Healer","floor":24,"turns":8},{"damage":6,"enemies":"Snake Plant","floor":28,"turns":5},{"damage":27,"enemies":"Cultist and Chosen","floor":30,"turns":6},{"damage":37,"enemies":"Snecko","floor":31,"turns":5}],"seed_played":"-6760938866428001917","potions_obtained":[{"floor":1,"key":"EssenceOfSteel"},{"floor":14,"key":"EssenceOfSteel"},{"floor":16,"key":"CultistPotion"},{"floor":20,"key":"GamblersBrew"}],"is_trial":false,"path_per_floor":["M","?","?","M","?","R","M","R","T","R","$","R","$","M","R","B",null,"M","?","M","?","?","R","M","R","T","$","M","$","M","M"],"character_chosen":"THE_SILENT","items_purchased":["Slice+1","Noxious Fumes","Terror"],"campfire_rested":7,"item_purchase_floors":[11,27,29],"current_hp_per_floor":[59,45,45,45,45,66,66,70,70,70,70,70,70,63,70,34,61,35,35,22,45,45,66,56,70,70,70,64,64,37,0,0],"gold":18,"neow_bonus":"BOSS_RELIC","is_daily":false,"chose_seed":false,"campfire_upgraded":0,"win_rate":0.0,"timestamp":1613873347,"path_taken":["M","?","?","M","?","R","M","R","T","R","$","R","$","M","R","BOSS","M","?","M","?","?","R","M","R","T","?","M","$","?","M"],"items_purchased_type":["Card","Card","Card"],"build_version":"2020-12-22","purchased_purges":0,"victory":false,"max_hp_per_floor":[70,70,70,70,70,70,70,70,70,70,70,70,70,70,70,70,70,70,70,70,70,70,70,70,70,70,70,70,70,70,70,70],"card_choices":[{"not_picked":["Setup","Sucker Punch"],"picked":"Noxious Fumes","floor":1},{"not_picked":["Flying Knee","Concentrate"],"picked":"Blur","floor":4},{"not_picked":["Dagger Throw","Blade Dance","Calculated Gamble"],"picked":"SKIP","floor":7},{"not_picked":["Burst","Slice+1"],"picked":"PiercingWail","floor":14},{"not_picked":["Phantasmal Killer","Unload+1"],"picked":"Corpse Explosion","floor":16},{"not_picked":["Predator+1","Dagger Throw+1","Accuracy"],"picked":"SKIP","floor":18},{"not_picked":["Setup","Poisoned Stab+1","Sucker Punch+1"],"picked":"SKIP","floor":20},{"not_picked":["Blade Dance","Poisoned Stab+1","Dagger Spray+1"],"picked":"SKIP","floor":24},{"not_picked":["Underhanded Strike+1","Concentrate"],"picked":"Catalyst","floor":28},{"not_picked":["Choke+1","Flying Knee+1","Underhanded Strike+1"],"picked":"SKIP","floor":30}],"player_experience":296043,"relics_obtained":[{"floor":9,"key":"Molten Egg 2"},{"floor":26,"key":"Paper Crane"}],"event_choices":[{"damage_healed":0,"gold_gain":0,"player_choice":"Entered Light","damage_taken":14,"max_hp_gain":0,"max_hp_loss":0,"event_name":"Shining Light","floor":2,"gold_loss":0,"cards_upgraded":["Defend_G","Strike_G"]},{"damage_healed":0,"gold_gain":0,"player_choice":"Left Gold","damage_taken":0,"max_hp_gain":0,"max_hp_loss":0,"event_name":"World of Goop","floor":3,"gold_loss":38},{"cards_removed":["Strike_G"],"damage_healed":0,"gold_gain":0,"player_choice":"Card Removal","damage_taken":0,"max_hp_gain":0,"max_hp_loss":0,"event_name":"The Cleric","floor":5,"gold_loss":50},{"damage_healed":0,"gold_gain":0,"player_choice":"Inject Mutagens","damage_taken":0,"relics_obtained":["MutagenicStrength"],"max_hp_gain":0,"max_hp_loss":0,"event_name":"Drug Dealer","floor":19,"gold_loss":0},{"damage_healed":23,"gold_gain":0,"player_choice":"Heal","damage_taken":0,"max_hp_gain":0,"max_hp_loss":0,"event_name":"The Library","floor":21,"gold_loss":0},{"cards_removed":["Strike_G"],"damage_healed":0,"gold_gain":0,"player_choice":"Gave Gold","damage_taken":0,"max_hp_gain":0,"max_hp_loss":0,"event_name":"Beggar","floor":22,"gold_loss":75}],"is_beta":false,"boss_relics":[{"not_picked":["Busted Crown","HoveringKite"],"picked":"SlaversCollar"}],"items_purged_floors":[],"is_endless":false,"potions_floor_spawned":[1,14,16,20],"killed_by":"Snecko","ascension_level":7}}