{"host":"03wg26e59xbt495y","time":1613874316,"event":{"mods":["BaseMod","Minty Spire (QoL Compilation)","StSLib","The Necromancer"],"gold_per_floor":[115,115,125,125,125,125,3,35,35,45,11,11,11,42,42,145,145,155,171,171,206,223,223,253,253,335,346,380,295,295,295,295,396,446,457,457,507,507,214,246,246,258,284,284,318,330,344,362,362,362,362,362,11,36,36,36],"floor_reached":55,"language":"ENG","playtime":4467,"items_purged":[],"score":819,"play_id":"32a4abe1-0eec-40a1-b6c7-99fea1c0c5d9","local_time":"20210220212516","is_ascension_mode":false,"campfire_choices":[{"data":"Eruption","floor":6.0,"key":"SMITH"},{"data":"BattleHymn","floor":12.0,"key":"SMITH"},{"floor":15.0,"key":"REST"},{"floor":23.0,"key":"REST"},{"floor":25.0,"key":"REST"},{"floor":32.0,"key":"REST"},{"floor":41.0,"key":"RECALL"},{"data":"Devotion","floor":44.0,"key":"SMITH"},{"data":"FlurryOfBlows","floor":49.0,"key":"SMITH"},{"data":"Devotion","floor":52.0,"key":"SMITH"}],"circlet_count":0,"master_deck":["Defend_P","Defend_P","Defend_P+1","Defend_P+1","Eruption+1","Vigilance","Halt","FlyingSleeves+1","LikeWater","Prostrate","Adaptation","BattleHymn+1","Wireheading+1","EmptyBody+1","Devotion+1","Crescendo+1","FlurryOfBlows+1","Bite","Bite","Bite","Bite","Bite","ClearTheMind","Devotion+1","FollowUp+1","Brilliance"],"relics":["PureWater","Peace Pipe","Question Card","Centennial Puzzle","Singing Bowl","Lantern","SacredBark","Dream Catcher","Red Mask","Darkstone Periapt","Matryoshka","Thread and Needle","Gambling Chip","War Paint","Tiny House","Dead Branch","Oddly Smooth Stone","Toxic Egg 2","Bag of Preparation","Bottled Tornado","The Courier","Lizard Tail","Bag of Marbles","Damaru"],"acts_visited":["Exordium","TheCity","TheBeyond","TheEnding"],"potions_floor_usage":[55],"damage_taken":[{"damage":5.0,"enemies":"Small Slimes","floor":1.0,"turns":3.0},{"damage":0.0,"enemies":"Cultist","floor":3.0,"turns":2.0},{"damage":6.0,"enemies":"3 Sentries","floor":8.0,"turns":11.0},{"damage":0.0,"enemies":"Jaw Worm","floor":10.0,"turns":3.0},{"damage":4.0,"enemies":"Gremlin Nob","floor":14.0,"turns":3.0},{"damage":25.0,"enemies":"The Guardian","floor":16.0,"turns":7.0},{"damage":17.0,"enemies":"Spheric Guardian","floor":18.0,"turns":4.0},{"damage":7.0,"enemies":"Chosen","floor":19.0,"turns":4.0},{"damage":9.0,"enemies":"Masked Bandits","floor":21.0,"turns":5.0},{"damage":9.0,"enemies":"Snake Plant","floor":22.0,"turns":4.0},{"damage":51.0,"enemies":"Book of Stabbing","floor":24.0,"turns":6.0},{"damage":7.0,"enemies":"Cultist and Chosen","floor":27.0,"turns":4.0},{"damage":23.0,"enemies":"Slavers","floor":28.0,"turns":5.0},{"damage":33.0,"enemies":"Automaton","floor":33.0,"turns":9.0},{"damage":33.0,"enemies":"Orb Walker","floor":35.0,"turns":5.0},{"damage":0.0,"enemies":"Mind Bloom Boss Battle","floor":37.0,"turns":4.0},{"damage":14.0,"enemies":"Giant Head","floor":40.0,"turns":5.0},{"damage":17.0,"enemies":"3 Darklings","floor":42.0,"turns":4.0},{"damage":0.0,"enemies":"Nemesis","floor":45.0,"turns":3.0},{"damage":5.0,"enemies":"4 Shapes","floor":46.0,"turns":4.0},{"damage":11.0,"enemies":"Maw","floor":47.0,"turns":5.0},{"damage":0.0,"enemies":"Spire Growth","floor":48.0,"turns":4.0},{"damage":63.0,"enemies":"Donu and Deca","floor":50.0,"turns":5.0},{"damage":51.0,"enemies":"Shield and Spear","floor":54.0,"turns":6.0},{"damage":129,"enemies":"The Heart","floor":55,"turns":5}],"seed_played":"-9084409975934138332","potions_obtained":[{"floor":1.0,"key":"LiquidBronze"},{"floor":14.0,"key":"FearPotion"},{"floor":18.0,"key":"DistilledChaos"},{"floor":22.0,"key":"Block Potion"},{"floor":24.0,"key":"SneckoOil"},{"floor":27.0,"key":"SpeedPotion"},{"floor":33.0,"key":"Block Potion"},{"floor":34.0,"key":"GamblersBrew"},{"floor":35.0,"key":"Ambrosia"},{"floor":42.0,"key":"GamblersBrew"},{"floor":45.0,"key":"GamblersBrew"}],"is_trial":false,"path_per_floor":["M","?","M","?","?","R","$","E","T","M","$","R","?","E","R","B",null,"M","M","?","?","M","R","E","R","T","M","E","?","T","?","R","B",null,"M","?","?","?","$","E","R","M","T","R","E","M","M","M","R","B",null,"R","$","E","B"],"character_chosen":"WATCHER","items_purchased":["LikeWater","Prostrate","BattleHymn","Brilliance","Oddly Smooth Stone","Lizard Tail","Bag of Marbles"],"campfire_rested":4,"item_purchase_floors":[7,7,11,39,39,53,53],"current_hp_per_floor":[46,46,46,43,29,29,29,23,23,25,25,25,25,21,43,18,74,57,52,52,45,36,61,10,36,36,29,8,8,8,8,25,20,63,35,35,47,74,74,72,72,65,65,65,71,76,80,86,86,27,86,86,86,49,0,0],"gold":36,"neow_bonus":"ONE_RARE_RELIC","is_daily":false,"chose_seed":false,"campfire_upgraded":5,"win_rate":0.0,"timestamp":1613874316,"path_taken":["M","?","?","?","?","R","?","E","T","M","$","R","?","E","R","BOSS","M","M","?","?","?","R","E","R","T","M","E","?","?","?","R","BOSS","M","?","?","?","$","E","R","?","T","R","E","M","M","M","R","BOSS","R","$","E","BOSS"],"items_purchased_type":["Card","Card","Card","Card","Relic","Relic","Relic"],"build_version":"2020-12-22","purchased_purges":0,"victory":false,"max_hp_per_floor":[72,72,72,72,72,72,72,72,72,74,74,74,74,74,74,74,74,74,76,76,78,78,80,80,82,82,82,84,84,84,58,58,58,63,65,62,64,74,74,76,76,78,78,78,80,82,84,86,86,86,86,86,86,88,88,88],"card_choices":[{"not_picked":["Tantrum","PathToVictory"],"picked":"Halt","floor":1.0},{"not_picked":["Tantrum","Crescendo"],"picked":"FlyingSleeves","floor":3.0},{"not_picked":["Worship","Swivel","Judgement"],"picked":"Adaptation","floor":8.0},{"not_picked":["SandsOfTime","CutThroughFate","EmptyFist","Consecrate"],"picked":"Singing Bowl","floor":10.0},{"not_picked":["Wallop","Collect","BattleHymn"],"picked":"Wireheading","floor":14.0},{"not_picked":["Ragnarok","Scrawl","SpiritShield"],"picked":"DevaForm","floor":16.0},{"not_picked":["Prostrate","SignatureMove","FlyingSleeves"],"picked":"EmptyBody+1","floor":18.0},{"not_picked":["Prostrate","CutThroughFate","DeceiveReality","CrushJoints"],"picked":"Singing Bowl","floor":19.0},{"not_picked":["ThirdEye","LikeWater","BowlingBash+1","PathToVictory"],"picked":"Singing Bowl","floor":21.0},{"not_picked":["Wallop+1","SandsOfTime","WreathOfFlame"],"picked":"Devotion","floor":22.0},{"not_picked":["EmptyBody","FollowUp","SashWhip","ThirdEye"],"picked":"Singing Bowl","floor":23.0},{"not_picked":["ThirdEye","Wireheading","LessonLearned"],"picked":"Crescendo","floor":24.0},{"not_picked":["EmptyBody","Wireheading+1","FlyingSleeves+1","SashWhip"],"picked":"Singing Bowl","floor":25.0},{"not_picked":["Consecrate","WindmillStrike","Conclude"],"picked":"FlurryOfBlows","floor":27.0},{"not_picked":["Prostrate","SpiritShield","Collect","SandsOfTime"],"picked":"Singing Bowl","floor":28.0},{"not_picked":["FlyingSleeves","BowlingBash+1","Evaluate"],"picked":"ClearTheMind","floor":32.0},{"not_picked":["DevaForm","Alpha","Scrawl"],"picked":"Devotion","floor":33.0},{"not_picked":["ThirdEye","JustLucky+1","FlyingSleeves+1"],"picked":"FollowUp+1","floor":34.0},{"not_picked":["CutThroughFate+1","Consecrate+1","ThirdEye+1","TalkToTheHand"],"picked":"Singing Bowl","floor":35.0},{"not_picked":["Swivel+1","BowlingBash+1","FlurryOfBlows","Pray+1"],"picked":"Singing Bowl","floor":37.0},{"not_picked":["CrushJoints+1","BowlingBash","Brilliance","Evaluate+1"],"picked":"Singing Bowl","floor":40.0},{"not_picked":["PathToVictory+1","EmptyBody+1","BowlingBash+1","Conclude+1"],"picked":"Singing Bowl","floor":42.0},{"not_picked":["Wallop+1","TalkToTheHand","FearNoEvil+1","ForeignInfluence+1"],"picked":"Singing Bowl","floor":45.0},{"not_picked":["ClearTheMind+1","Worship+1","BattleHymn+1","WreathOfFlame+1"],"picked":"Singing Bowl","floor":46.0},{"not_picked":["EmptyBody+1","FlyingSleeves","Halt+1","ThirdEye+1"],"picked":"Singing Bowl","floor":47.0},{"not_picked":["Evaluate+1","Judgement+1","BowlingBash+1","FlyingSleeves"],"picked":"Singing Bowl","floor":48.0},{"not_picked":["Sanctity+1","Wallop+1","ThirdEye+1","Evaluate+1"],"picked":"Singing Bowl","floor":54.0}],"player_experience":183280,"relics_obtained":[{"floor":8.0,"key":"Centennial Puzzle"},{"floor":9.0,"key":"Singing Bowl"},{"floor":14.0,"key":"Lantern"},{"floor":21.0,"key":"Red Mask"},{"floor":24.0,"key":"Darkstone Periapt"},{"floor":26.0,"key":"Matryoshka"},{"floor":28.0,"key":"Thread and Needle"},{"floor":30.0,"key":"War Paint"},{"floor":37.0,"key":"Dead Branch"},{"floor":40.0,"key":"Toxic Egg 2"},{"floor":43.0,"key":"Bag of Preparation"},{"floor":43.0,"key":"Bottled Tornado"},{"floor":45.0,"key":"The Courier"},{"floor":54.0,"key":"Damaru"}],"event_choices":[{"cards_removed":["Strike_P"],"damage_healed":0.0,"max_hp_gain":0.0,"max_hp_loss":0.0,"gold_gain":0.0,"event_name":"NoteForYourself","player_choice":"Took Card","floor":2.0,"gold_loss":0.0,"damage_taken":0.0,"cards_obtained":["Strike_R"]},{"damage_healed":0.0,"max_hp_gain":0.0,"max_hp_loss":0.0,"gold_gain":0.0,"event_name":"Scrap Ooze","player_choice":"Success","floor":4.0,"gold_loss":0.0,"damage_taken":3.0,"relics_obtained":["Question Card"]},{"damage_healed":0.0,"max_hp_gain":0.0,"max_hp_loss":0.0,"gold_gain":0.0,"event_name":"Shining Light","player_choice":"Entered Light","floor":5.0,"gold_loss":0.0,"damage_taken":14.0,"cards_upgraded":["Defend_P","FlyingSleeves"]},{"damage_healed":0.0,"max_hp_gain":0.0,"max_hp_loss":0.0,"gold_gain":0.0,"event_name":"Golden Wing","player_choice":"Ignored","floor":13.0,"gold_loss":0.0,"damage_taken":0.0},{"damage_healed":0.0,"max_hp_gain":0.0,"max_hp_loss":0.0,"gold_gain":0.0,"event_name":"The Mausoleum","player_choice":"Opened","floor":20.0,"gold_loss":0.0,"damage_taken":0.0,"relics_obtained":["Dream Catcher"]},{"damage_healed":0.0,"max_hp_gain":0.0,"max_hp_loss":0.0,"gold_gain":0.0,"event_name":"Masked Bandits","player_choice":"Fought Bandits","floor":21.0,"gold_loss":0.0,"damage_taken":0.0},{"damage_healed":0.0,"max_hp_gain":0.0,"max_hp_loss":0.0,"gold_gain":0.0,"event_name":"Addict","player_choice":"Obtained Relic","floor":29.0,"gold_loss":85.0,"damage_taken":0.0,"relics_obtained":["Gambling Chip"]},{"damage_healed":0.0,"max_hp_gain":0.0,"max_hp_loss":26.0,"gold_gain":0.0,"event_name":"Vampires","player_choice":"Became a vampire","floor":31.0,"gold_loss":0.0,"damage_taken":0.0,"cards_obtained":["Bite","Bite","Bite","Bite","Bite"]},{"damage_healed":0.0,"max_hp_gain":0.0,"max_hp_loss":3.0,"gold_gain":0.0,"event_name":"Winding Halls","player_choice":"Max HP","floor":36.0,"gold_loss":0.0,"damage_taken":0.0},{"damage_healed":0.0,"max_hp_gain":0.0,"max_hp_loss":0.0,"gold_gain":0.0,"event_name":"MindBloom","player_choice":"Fight","floor":37.0,"gold_loss":0.0,"damage_taken":0.0},{"cards_removed":["DevaForm"],"damage_healed":17.0,"max_hp_gain":10.0,"max_hp_loss":0.0,"gold_gain":0.0,"event_name":"Bonfire Elementals","player_choice":"Offered Rare","floor":38.0,"gold_loss":0.0,"damage_taken":0.0}],"is_beta":false,"boss_relics":[{"not_picked":["Coffee Dripper","Astrolabe"],"picked":"SacredBark"},{"not_picked":["Runic Dome","Velvet Choker"],"picked":"Tiny House"}],"items_purged_floors":[],"is_endless":false,"potions_floor_spawned":[1,14,18,22,24,27,33,35,42,45],"killed_by":"The Heart","ascension_level":0}}