{"host":"23qk1co0p3p8qz56","time":1613877424,"event":{"mods":["100% Spire Juice","AchievementEnabler","Act Like it!","Arknights","BaseMod","Better Note","Better Third Choice","BetterRewards","CapriCore","Chen","Colored Map","DNKmod","Downfall","Friendly Minions","Gensokyo","Gold Saver","Halation","HololiveMod","KinomotoSakuraMod(木之本?)","Koishi","KomeijiMod","Lobotomy","LobotomyExtend","Mari Mod (Legacy)","Mari\u0027s V1 Patch","Marisa（霧雨　魔理沙）","Minty Spire (QoL Compilation)","MostiFishMod","Prisma Mod","Railgun Mod","Reimu（博??梦）","Remilia（蕾米莉?）","RumiaBox-露米?的神秘盒子","StSLib","The Administrix","The Alterego","The Animator","The Immortal","The Senshi","Waifu the Spire","WarShipGirlsR/??少女R mod","Yakumo Yukari mod","Yohane!","Yuyuko"],"gold_per_floor":[10012,9889,9324,8432,8432,8432,8462,8474,8474,8490,8515,8515,8515,8515,8515,8613,8613,8613,8613,8632,8645,8157,8167,8167,8183,8265,8265,8109,8109,8125,8148,8148,8252,8252,8264,8244,8244,8244,8261,8261,8288,8306,8306,8326,8337,8357,8357,8386,8398,8410,8422,8434,7978,8003,8003],"floor_reached":56,"language":"ENG","playtime":2732,"items_purged":[],"score":1613,"play_id":"4911f5d3-ec83-46bd-936b-7c76e143c10a","local_time":"20210220201704","is_ascension_mode":false,"campfire_choices":[{"data":"MostiFishMod:ShivMaster","floor":6,"key":"SMITH"},{"data":"Tactician","floor":12,"key":"SMITH"},{"data":"MostiFishMod:Wind","floor":15,"key":"SMITH"},{"data":"MostiFishMod:VineMother","floor":24,"key":"SMITH"},{"data":"MostiFishMod:Neurotoxin","floor":27,"key":"SMITH"},{"data":"Infinite Blades","floor":32,"key":"SMITH"},{"data":"MostiFishMod:WinterMarkForm","floor":40,"key":"SMITH"},{"data":"MostiFishMod:GrandStart","floor":47,"key":"SMITH"},{"floor":49,"key":"RECALL"},{"data":"MostiFishMod:Opportunism","floor":52,"key":"SMITH"}],"circlet_count":0,"master_deck":["Strike_G","Strike_G","Strike_G","Strike_G","Strike_G","Defend_G","Defend_G","Defend_G","Defend_G","Defend_G","Survivor","Neutralize","Venomology+1","Footwork","Terror","Leg Sweep","Quick Slash","MostiFishMod:Wind+1","MostiFishMod:ShivMaster+1","Dagger Throw","Tactician+1","Poisoned Stab","Blade Dance","Tools of the Trade+1","MostiFishMod:Neurotoxin+1","Blur","MostiFishMod:VineMother+1","Infinite Blades+1","Escape Plan","Distraction","MostiFishMod:ThornCasing","MostiFishMod:PoisonShield","Noxious Fumes+1","Deadly Poison+1","Escape Plan+1","MostiFishMod:Opportunism+1","MostiFishMod:WinterMarkForm+1","Noxious Fumes","Crippling Poison+1","Deadly Poison+1","MostiFishMod:GrandStart+1","Heel Hook+1","Blade Dance","Bouncing Flask","Tactician+1","MostiFishMod:PerfectParry","Acrobatics+1","Tactician+1"],"relics":["Ring of the Snake","TungstenRod","Gambling Chip","WingedGreaves","DaveBox","CombinedTypeHook","SynthV:TestCard","LetterFromLob","GoodDreamPillow","GodSword4","Lee\u0027s Waffle","OrangePellets","Thread and Needle","Happy Flower","Anchor","Mercury Hourglass","OriginationStaff","HoveringKite","Ice Cream","MagicDraw2","Orrery","Omamori","Calling Bell","MealTicket","Ornamental Fan","KyoryuNoHagoromo","Prayer Wheel","Darkstone Periapt","RedMistMask","MawBank","Technique","CrazyTorch:ReiMu","Boot"],"acts_visited":["Exordium","TheCity","TheBeyond","TheEnding"],"potions_floor_usage":[11,16,16,20,20,30,41,41,41,44,46,50,50,50,50,55],"damage_taken":[{"damage":0,"enemies":"ats:Genji","floor":1,"turns":4},{"damage":0,"enemies":"3 Sentries","floor":7,"turns":7},{"damage":0,"enemies":"2 Louse","floor":8,"turns":1},{"damage":0,"enemies":"Small Slimes","floor":10,"turns":2},{"damage":0,"enemies":"Lagavulin","floor":11,"turns":2},{"damage":0,"enemies":"Slime Boss","floor":16,"turns":2},{"damage":0,"enemies":"Spheric Guardian","floor":20,"turns":4},{"damage":0,"enemies":"Chosen","floor":21,"turns":2},{"damage":0,"enemies":"Shelled Parasite and Fungi","floor":23,"turns":2},{"damage":0,"enemies":"Centurion and Healer","floor":25,"turns":2},{"damage":0,"enemies":"Snecko","floor":30,"turns":2},{"damage":0,"enemies":"Champ","floor":33,"turns":2},{"damage":0,"enemies":"Orb Walker","floor":35,"turns":2},{"damage":0,"enemies":"3 Darklings","floor":39,"turns":2},{"damage":0,"enemies":"Nemesis","floor":41,"turns":3},{"damage":0,"enemies":"Jaw Worm Horde","floor":42,"turns":2},{"damage":0,"enemies":"Writhing Mass","floor":44,"turns":2},{"damage":0,"enemies":"4 Shapes","floor":45,"turns":2},{"damage":0,"enemies":"Sphere and 2 Shapes","floor":46,"turns":3},{"damage":0,"enemies":"Reptomancer","floor":48,"turns":2},{"damage":22,"enemies":"Awakened One","floor":50,"turns":4},{"damage":37,"enemies":"Shield and Spear","floor":54,"turns":4},{"damage":0,"enemies":"The Heart","floor":55,"turns":4}],"seed_played":"8994784103105429226","potions_obtained":[{"floor":7,"key":"SteroidPotion"},{"floor":10,"key":"GrandPatriotsElixir:ReiMu"},{"floor":16,"key":"PowerPotion"},{"floor":25,"key":"Ancient Potion"},{"floor":30,"key":"Weak Potion"},{"floor":33,"key":"Energy Potion"},{"floor":42,"key":"DistilledChaos"},{"floor":45,"key":"Block Potion"},{"floor":46,"key":"champ:CounterPotion"}],"is_trial":false,"path_per_floor":["M","?","$","$","?","R","E","M","T","M","E","R","?","?","R","B",null,"M","?","M","M","$","M","R","M","T","R","$","?","M","T","R","B",null,"M","?","$","?","M","R","E","M","T","M","M","M","R","E","R","B",null,"R","$","E","B",null],"character_chosen":"THE_SILENT","items_purchased":["Terror","GodSword4","Lee\u0027s Waffle","Leg Sweep","Quick Slash","MostiFishMod:Wind","MostiFishMod:ShivMaster","Dagger Throw","OrangePellets","Thread and Needle","Happy Flower","Infinite Blades","Escape Plan","Ice Cream","Distraction","Orrery","Tactician","Technique","CrazyTorch:ReiMu"],"campfire_rested":0,"item_purchase_floors":[3,3,3,3,3,4,4,4,4,4,4,22,22,22,22,28,53,53,53],"current_hp_per_floor":[500,500,507,507,512,512,512,512,512,512,512,512,512,512,512,512,512,512,512,512,512,512,512,512,512,512,512,512,512,512,512,512,512,512,512,512,512,512,512,512,512,512,512,512,512,512,512,512,512,490,512,512,512,475,475],"gold":8003,"neow_bonus":"ONE_RANDOM_RARE_CARD","is_daily":false,"chose_seed":false,"campfire_upgraded":9,"win_rate":0.0,"timestamp":1613877424,"path_taken":["M","?","$","$","?","R","E","M","T","M","E","R","?","?","R","BOSS","M","?","M","M","$","M","R","?","T","R","$","?","M","?","R","BOSS","M","?","$","?","M","R","E","M","T","?","M","M","R","E","R","BOSS","R","$","E","BOSS"],"items_purchased_type":["Card","Relic","Relic","Card","Card","Card","Card","Card","Relic","Relic","Relic","Card","Card","Relic","Card","Relic","Card","Relic","Relic"],"build_version":"2020-12-22","purchased_purges":0,"victory":true,"max_hp_per_floor":[500,500,507,507,512,512,512,512,512,512,512,512,512,512,512,512,512,512,512,512,512,512,512,512,512,512,512,512,512,512,512,512,512,512,512,512,512,512,512,512,512,512,512,512,512,512,512,512,512,512,512,512,512,512,512],"card_choices":[{"not_picked":["Prepared","Dagger Spray"],"picked":"Footwork","floor":1},{"not_picked":["Backflip","Predator","MostiFishMod:PreservedThorns","Prepared"],"picked":"Tactician","floor":7},{"not_picked":["Backflip","PiercingWail","Dodge and Roll","Flying Knee"],"picked":"Poisoned Stab","floor":8},{"not_picked":["Prepared","Heel Hook","Dagger Spray","Reflex"],"picked":"Blade Dance","floor":10},{"not_picked":["Slice","Blur","Prepared","Footwork"],"picked":"Tools of the Trade","floor":11},{"not_picked":["After Image","Wraith Form v2","Unload","Doppelganger"],"picked":"MostiFishMod:Neurotoxin","floor":16},{"not_picked":["Backflip","Dagger Throw+1","Flying Knee","Outmaneuver"],"picked":"Blur","floor":20},{"not_picked":["Footwork+1","Backflip","Flying Knee","Dagger Spray+1"],"picked":"MostiFishMod:VineMother","floor":21},{"not_picked":["Terror","Dagger Spray","Acrobatics","PiercingWail+1"],"picked":"MostiFishMod:ThornCasing","floor":23},{"not_picked":["Dagger Throw","Terror","Underhanded Strike","Outmaneuver","Prepared"],"picked":"SKIP","floor":25},{"not_picked":["MostiFishMod:PerfectParry","Tools of the Trade","Slice+1","Outmaneuver"],"picked":"MostiFishMod:PoisonShield","floor":28},{"not_picked":["PiercingWail","Leg Sweep","MostiFishMod:VineMother+1","Dodge and Roll"],"picked":"Noxious Fumes+1","floor":28},{"not_picked":["Underhanded Strike","MostiFishMod:FrostNova","MostiFishMod:PerfectParry","Dodge and Roll+1"],"picked":"Deadly Poison","floor":28},{"not_picked":["Venomology","Slice+1","Leg Sweep","Dagger Spray"],"picked":"Escape Plan+1","floor":28},{"not_picked":["Slice","Quick Slash","Blade Dance","Dagger Throw","Poisoned Stab+1"],"picked":"SKIP","floor":30},{"not_picked":["Doppelganger","MostiFishMod:Wind","Die Die Die","MostiFishMod:Listen"],"picked":"MostiFishMod:Opportunism","floor":33},{"not_picked":["Backflip+1","Flying Knee","Eviscerate+1","Choke","Deflect+1"],"picked":"SKIP","floor":35},{"not_picked":["Reflex","MostiFishMod:PerfectParry+1","Acrobatics+1","Underhanded Strike"],"picked":"Noxious Fumes","floor":39},{"not_picked":["Slice+1","Noxious Fumes+1","Footwork","PiercingWail"],"picked":"Crippling Poison+1","floor":41},{"not_picked":["Poisoned Stab","Leg Sweep","Flying Knee+1","Predator+1"],"picked":"Deadly Poison+1","floor":42},{"not_picked":["Dagger Throw","Acrobatics","Deflect+1","Poisoned Stab+1"],"picked":"MostiFishMod:GrandStart","floor":42},{"not_picked":["Quick Slash","Prepared+1","MostiFishMod:FrostNova+1","Flying Knee+1"],"picked":"Heel Hook+1","floor":44},{"not_picked":["MostiFishMod:ThornCasing","MostiFishMod:PreservedThorns","Blur","Dagger Spray","Sucker Punch+1"],"picked":"SKIP","floor":44},{"not_picked":["Eviscerate","Blur+1","Dagger Throw+1","All Out Attack+1"],"picked":"Blade Dance","floor":45},{"not_picked":["Crippling Poison+1","MostiFishMod:PerfectParry+1","Slice","Deadly Poison+1"],"picked":"Bouncing Flask","floor":45},{"not_picked":["Choke","Poisoned Stab+1","MostiFishMod:PerfectParry+1","Bouncing Flask+1"],"picked":"Tactician+1","floor":46},{"not_picked":["Deflect","Blur+1","Footwork+1","MostiFishMod:PreservedThorns+1"],"picked":"MostiFishMod:PerfectParry","floor":46},{"not_picked":["MostiFishMod:PreservedThorns","Dodge and Roll+1","MostiFishMod:PerfectParry+1","MostiFishMod:GrandStart"],"picked":"Acrobatics+1","floor":48},{"not_picked":["Heel Hook+1","Infinite Blades","Blade Dance+1","Dagger Spray","Blur"],"picked":"SKIP","floor":54}],"player_experience":220217,"relics_obtained":[{"floor":1,"key":"SynthV:TestCard"},{"floor":1,"key":"LetterFromLob"},{"floor":7,"key":"Anchor"},{"floor":9,"key":"Mercury Hourglass"},{"floor":11,"key":"OriginationStaff"},{"floor":26,"key":"MagicDraw2"},{"floor":34,"key":"MealTicket"},{"floor":34,"key":"Ornamental Fan"},{"floor":34,"key":"KyoryuNoHagoromo"},{"floor":41,"key":"Prayer Wheel"},{"floor":43,"key":"Darkstone Periapt"},{"floor":46,"key":"RedMistMask"},{"floor":48,"key":"MawBank"},{"floor":54,"key":"Boot"}],"event_choices":[{"damage_healed":0,"gold_gain":0,"player_choice":"Donut","damage_taken":0,"max_hp_gain":5,"max_hp_loss":0,"event_name":"Big Fish","floor":5,"gold_loss":0},{"damage_healed":0,"gold_gain":0,"player_choice":"Ignored","damage_taken":0,"max_hp_gain":0,"max_hp_loss":0,"event_name":"Golden Wing","floor":13,"gold_loss":0},{"damage_healed":0,"gold_gain":0,"player_choice":"Upgraded","damage_taken":0,"max_hp_gain":0,"max_hp_loss":0,"event_name":"Upgrade Shrine","floor":14,"gold_loss":0,"cards_upgraded":["Venomology"]},{"damage_healed":0,"gold_gain":0,"player_choice":"Forge","damage_taken":0,"max_hp_gain":0,"max_hp_loss":0,"event_name":"Accursed Blacksmith","floor":19,"gold_loss":0,"cards_upgraded":["Tools of the Trade"]},{"damage_healed":0,"gold_gain":0,"player_choice":"Gave Potion","damage_taken":0,"relics_obtained":["Omamori"],"max_hp_gain":0,"max_hp_loss":0,"event_name":"WeMeetAgain","floor":29,"gold_loss":0},{"damage_healed":0,"gold_gain":0,"player_choice":"1 cards matched","damage_taken":0,"max_hp_gain":0,"max_hp_loss":0,"event_name":"Match and Keep!","floor":38,"gold_loss":0,"cards_obtained":["MostiFishMod:WinterMarkForm"]}],"is_beta":false,"boss_relics":[{"not_picked":["halation:ForbiddenBikini","halation:PlatinumPhoenix"],"picked":"HoveringKite"},{"not_picked":["PatriotShield","Runic Dome"],"picked":"Calling Bell"}],"items_purged_floors":[],"is_endless":false,"potions_floor_spawned":[7,10,16,25,30,33,42,45,46,48],"ascension_level":0}}