{"host":"sav7uxregyirlf69","time":1613913484,"event":{"mods":["AchievementEnabler","BaseMod","Colored Map","DeckTracker","Keyboard Shortcuts","Minty Spire (QoL Compilation)","READ ME - Guardian Mod","StSLib","SuperFastMode"],"gold_per_floor":[114,125,136,156,156,156,183,198,225,236,236,4,4,18,18,95,95,113,113,130,130,130,130,141,141,188,201,212,237,237,265,265,265,265],"floor_reached":33,"language":"KOR","playtime":777,"items_purged":["Defend_B"],"score":678,"play_id":"e9f6ba3c-cf31-4e72-badd-811aa89e8276","local_time":"20210221221804","is_ascension_mode":true,"campfire_choices":[{"data":"Doom and Gloom","floor":6.0,"key":"SMITH"},{"data":"Coolheaded","floor":11.0,"key":"SMITH"},{"data":"Loop","floor":15.0,"key":"SMITH"},{"data":"Ghostly","floor":23.0,"key":"SMITH"},{"data":"Multi-Cast","floor":25.0,"key":"SMITH"},{"data":"Ghostly","floor":30,"key":"SMITH"},{"data":"Ghostly","floor":32,"key":"SMITH"}],"circlet_count":0,"master_deck":["AscendersBane","Strike_B","Strike_B","Strike_B","Defend_B","Defend_B","Defend_B","Zap","Dualcast","Sweeping Beam","Doom and Gloom+1","Conserve Battery","BootSequence","Undo","Coolheaded+1","Multi-Cast+1","Loop+1","Rebound","Ghostly+1","Ghostly+1","Ghostly+1","Turbo","Meteor Strike"],"relics":["Nuclear Battery","Anchor","Strawberry","Runic Pyramid","DataDisk","Lantern"],"acts_visited":["Exordium","TheCity"],"potions_floor_usage":[29,33,33],"damage_taken":[{"damage":6.0,"enemies":"Cultist","floor":1.0,"turns":4.0},{"damage":9.0,"enemies":"Small Slimes","floor":2.0,"turns":4.0},{"damage":9.0,"enemies":"Jaw Worm","floor":3.0,"turns":4.0},{"damage":1.0,"enemies":"Exordium Wildlife","floor":4.0,"turns":4.0},{"damage":18.0,"enemies":"Lagavulin","floor":7.0,"turns":6.0},{"damage":1.0,"enemies":"3 Louse","floor":8.0,"turns":5.0},{"damage":0.0,"enemies":"Blue Slaver","floor":10.0,"turns":3.0},{"damage":3.0,"enemies":"Large Slime","floor":14.0,"turns":6.0},{"damage":19.0,"enemies":"Hexaghost","floor":16.0,"turns":8.0},{"damage":15.0,"enemies":"2 Thieves","floor":18.0,"turns":4.0},{"damage":0.0,"enemies":"Chosen","floor":20.0,"turns":7.0},{"damage":0.0,"enemies":"Shelled Parasite and Fungi","floor":24.0,"turns":6.0},{"damage":2.0,"enemies":"3 Cultists","floor":27.0,"turns":5.0},{"damage":0.0,"enemies":"Centurion and Healer","floor":28.0,"turns":4.0},{"damage":10,"enemies":"Book of Stabbing","floor":29,"turns":6},{"damage":0,"enemies":"Gremlin Leader","floor":31,"turns":5},{"damage":50,"enemies":"Automaton","floor":33,"turns":10}],"seed_played":"-5902266580502013166","potions_obtained":[{"floor":2.0,"key":"EntropicBrew"},{"floor":4.0,"key":"Fire Potion"},{"floor":20.0,"key":"Regen Potion"},{"floor":29,"key":"BlessingOfTheForge"}],"is_trial":false,"path_per_floor":["M","M","M","M","?","R","E","M","T","M","R","$","?","M","R","B",null,"M","?","M","?","?","R","M","R","T","M","M","E","R","E","R","B"],"character_chosen":"DEFECT","items_purchased":["Multi-Cast","Loop"],"campfire_rested":0,"item_purchase_floors":[12,12],"current_hp_per_floor":[58,49,40,39,71,71,53,52,59,59,59,59,59,56,56,37,68,53,39,39,39,39,39,39,39,39,37,37,35,35,35,35,0,0],"gold":265,"neow_bonus":"BOSS_RELIC","is_daily":false,"chose_seed":false,"campfire_upgraded":7,"win_rate":0.0,"timestamp":1613913484,"path_taken":["M","M","?","M","?","R","E","M","T","M","R","?","?","M","R","BOSS","M","?","M","?","?","R","M","R","T","M","M","E","R","E","R","BOSS"],"items_purchased_type":["Card","Card"],"build_version":"2020-12-22","purchased_purges":1,"victory":false,"max_hp_per_floor":[71,71,71,71,71,71,71,71,78,78,78,78,78,78,78,78,78,78,39,39,39,39,39,39,39,39,39,39,39,39,39,39,39,39],"card_choices":[{"not_picked":["Steam","Rebound"],"picked":"Sweeping Beam","floor":1.0},{"not_picked":["Hologram","Capacitor"],"picked":"Doom and Gloom","floor":2.0},{"not_picked":["Steam","Auto Shields"],"picked":"Conserve Battery","floor":3.0},{"not_picked":["Ball Lightning","Hologram"],"picked":"BootSequence","floor":4.0},{"not_picked":["Chaos","Storm"],"picked":"Undo","floor":7.0},{"not_picked":["Cold Snap","Barrage"],"picked":"Coolheaded","floor":8.0},{"not_picked":["Sweeping Beam","Beam Cell","Steam"],"picked":"SKIP","floor":10.0},{"not_picked":["Loop","Steam"],"picked":"Rebound","floor":14.0},{"not_picked":["Barrage+1","Beam Cell+1","Scrape"],"picked":"SKIP","floor":18.0},{"not_picked":["Blizzard","Streamline","Redo"],"picked":"SKIP","floor":20.0},{"not_picked":["Blizzard","Streamline","Redo"],"picked":"SKIP","floor":20.0},{"not_picked":["Turbo","Aggregate","Compile Driver"],"picked":"SKIP","floor":24.0},{"not_picked":["Reprogram","Cold Snap","Ball Lightning"],"picked":"SKIP","floor":27.0},{"not_picked":["Leap","Rip and Tear","Barrage"],"picked":"SKIP","floor":28.0},{"not_picked":["Steam","Hyperbeam","Hello World"],"picked":"SKIP","floor":29},{"not_picked":["Heatsinks","Gash"],"picked":"Meteor Strike","floor":31}],"player_experience":1646103,"relics_obtained":[{"floor":7.0,"key":"Anchor"},{"floor":9.0,"key":"Strawberry"},{"floor":29,"key":"DataDisk"},{"floor":31,"key":"Lantern"}],"event_choices":[{"damage_healed":32.0,"max_hp_gain":0.0,"max_hp_loss":0.0,"gold_gain":0.0,"event_name":"Wheel of Change","player_choice":"Full Heal","floor":5.0,"gold_loss":0.0,"damage_taken":0.0},{"damage_healed":0.0,"max_hp_gain":0.0,"max_hp_loss":0.0,"gold_gain":0.0,"event_name":"Liars Game","player_choice":"Ignored","floor":13.0,"gold_loss":0.0,"damage_taken":0.0},{"damage_healed":0.0,"max_hp_gain":0.0,"max_hp_loss":39.0,"gold_gain":0.0,"event_name":"Ghosts","player_choice":"Became a Ghost","floor":19.0,"gold_loss":0.0,"damage_taken":0.0,"cards_obtained":["Ghostly","Ghostly","Ghostly"]},{"cards_removed":["Strike_B"],"damage_healed":0.0,"max_hp_gain":0.0,"max_hp_loss":0.0,"gold_gain":0.0,"event_name":"Back to Basics","player_choice":"Elegance","floor":21.0,"gold_loss":0.0,"damage_taken":0.0},{"damage_healed":0.0,"max_hp_gain":0.0,"max_hp_loss":0.0,"gold_gain":0.0,"event_name":"The Library","player_choice":"Read","floor":22.0,"gold_loss":0.0,"damage_taken":0.0,"cards_obtained":["Turbo"]}],"is_beta":false,"boss_relics":[{"not_picked":["Black Star","Coffee Dripper"],"picked":"Runic Pyramid"}],"items_purged_floors":[12],"is_endless":false,"potions_floor_spawned":[2,4,7,14,20,29],"killed_by":"Automaton","ascension_level":20}}