{"host":"enpah696raxjhbxd","time":1613907384,"event":{"mods":["ATMod(°¢èªMod)","BaseMod","Challenge The Spire","Colored Powertips","Friendly Minions","Good Game Mod","Minty Spire (QoL Compilation)","Replay The Spire","StSLib","TestMod","The Bladedancer","UnlockEverythingMod"],"gold_per_floor":[118,138,138,152,152,152,182,200,200,227,227,260,270,289,289,393,393,412,426,190,105,105,139,139,165,165,181,196,229,229,239,239,343,343,359,109,124,124,174,207,207,238,238,267,19,54,71,91,91,91,91,91,91,119,119],"floor_reached":56,"language":"ZHS","playtime":3267,"items_purged":[],"score":2434,"play_id":"a06f6271-bdc8-4d97-999a-8ec4773f4fa5","local_time":"20210221193624","is_ascension_mode":true,"campfire_choices":[{"data":"blademaster:HighVoltage","floor":6,"key":"SMITH"},{"data":"blademaster:CullingStrike","floor":15,"key":"SMITH"},{"data":"blademaster:Vortex","floor":24,"key":"SMITH"},{"floor":30,"key":"REST"},{"data":"blademaster:Strike","floor":32,"key":"SMITH"},{"floor":41,"key":"RECALL"},{"data":"blademaster:ThunderingOpener","floor":49,"key":"SMITH"}],"circlet_count":0,"master_deck":["blademaster:Strike+1","blademaster:Strike+1","blademaster:Strike+1","blademaster:Strike+1","blademaster:Defend+1","blademaster:Defend+1","blademaster:Defend+1","blademaster:Defend+1","blademaster:RagingBlow+1","blademaster:HighVoltage+1","AT_LightSaberMaster+1","AT_EmpoweredMortalDraw+1","blademaster:CullingStrike+1","blademaster:Vortex+1","blademaster:ColdBlood+1","blademaster:LightningDraw+1","blademaster:Frenzy+1","blademaster:Blindside+1","blademaster:TraverseCut+1","blademaster:Flash+1","blademaster:ThunderingOpener+1","blademaster:Thrust+1"],"relics":["blademaster:DancersAmulet","testmod-TestBox","AT_ATBox","REME:ComplimentaryCards","NeowsBlessing","testmod-BloodSacrificeSpiritualization","Replay:Accelerometer","Replay:Bottled Snecko","Divine Protection","Sling","testmod-Nyarlathotep","Shuriken","Blood Vial","AT_SpeedBoots","Toy Ornithopter","testmod-Prudence","Toxic Egg 2","FossilizedHelix","ReplayTheSpireMod:Ninjato","InkBottle","Chameleon Ring","testmod-CasingShield","Kunai","testmod-IndustrialRevolution","Replay:Bottled Steam"],"acts_visited":["Exordium","TheCity","TheBeyond","TheEnding"],"potions_floor_usage":[7,12,16,16,23,28,29,29,47,55],"damage_taken":[{"damage":7,"enemies":"Jaw Worm","floor":1,"turns":1},{"damage":7,"enemies":"Cultist","floor":2,"turns":1},{"damage":7,"enemies":"Small Slimes","floor":4,"turns":1},{"damage":19,"enemies":"Gremlin Nob","floor":7,"turns":4},{"damage":7,"enemies":"2 Fungi Beasts","floor":8,"turns":1},{"damage":5,"enemies":"Replay:BlueRogue","floor":10,"turns":5},{"damage":0,"enemies":"Lagavulin","floor":12,"turns":5},{"damage":0,"enemies":"Blue Slaver","floor":13,"turns":2},{"damage":0,"enemies":"Lots of Slimes","floor":14,"turns":2},{"damage":0,"enemies":"Slime Boss","floor":16,"turns":3},{"damage":16,"enemies":"2 Thieves","floor":18,"turns":2},{"damage":0,"enemies":"Spheric Guardian","floor":19,"turns":1},{"damage":10,"enemies":"Slavers","floor":23,"turns":2},{"damage":0,"enemies":"Replay:Snechameleon","floor":25,"turns":2},{"damage":11,"enemies":"Snake Plant","floor":27,"turns":2},{"damage":0,"enemies":"Centurion and Healer","floor":28,"turns":2},{"damage":10,"enemies":"Slavers","floor":29,"turns":4},{"damage":0,"enemies":"Snecko","floor":31,"turns":2},{"damage":12,"enemies":"Pondfish","floor":33,"turns":5},{"damage":0,"enemies":"Orb Walker","floor":35,"turns":2},{"damage":0,"enemies":"3 Shapes","floor":37,"turns":2},{"damage":2,"enemies":"Mind Bloom Boss Battle","floor":39,"turns":2},{"damage":0,"enemies":"Reptomancer","floor":40,"turns":2},{"damage":0,"enemies":"R_Hoarder","floor":42,"turns":2},{"damage":0,"enemies":"Reptomancer","floor":44,"turns":1},{"damage":0,"enemies":"R_Hoarder","floor":46,"turns":2},{"damage":0,"enemies":"Maw","floor":47,"turns":1},{"damage":0,"enemies":"Transient","floor":48,"turns":1},{"damage":0,"enemies":"Replay:Hell Engine","floor":50,"turns":1},{"damage":0,"enemies":"Shield and Spear","floor":54,"turns":1},{"damage":106,"enemies":"The Heart","floor":55,"turns":3}],"seed_played":"-3791871355550978700","potions_obtained":[{"floor":2,"key":"FairyPotion"},{"floor":4,"key":"testmod-TestPotion"},{"floor":10,"key":"Regen Potion"},{"floor":13,"key":"Fire Potion"},{"floor":14,"key":"FearPotion"},{"floor":23,"key":"testmod-SpacePotion"},{"floor":25,"key":"SkillPotion"},{"floor":27,"key":"Adrenaline Potion"},{"floor":28,"key":"PowerPotion"},{"floor":37,"key":"SteroidPotion"},{"floor":44,"key":"Toxic Potion"},{"floor":48,"key":"Strength Potion"},{"floor":52,"key":"SmokeBomb"},{"floor":52,"key":"Ancient Potion"},{"floor":54,"key":"FearPotion"}],"is_trial":false,"path_per_floor":["M","M","?","M","$","R","E","M","T","E","$","E","M","M","R","B",null,"M","M","$","?","?","E","R","E","T","M","M","E","R","M","R","B",null,"M","$","M","?","?","E","R","E","T","E","$","E","M","M","R","B",null,"R","$","E","B",null],"character_chosen":"THE_BLADEMASTER","items_purchased":["Sling","Death Potion","Toxic Egg 2","Kunai"],"campfire_rested":1,"item_purchase_floors":[20,20,36,45],"current_hp_per_floor":[61,54,54,47,47,47,28,21,21,16,16,30,30,30,30,30,64,48,48,48,48,53,43,43,43,43,34,36,28,50,52,52,42,67,75,75,75,75,75,75,75,75,75,75,75,75,75,75,75,75,75,75,75,75,31],"gold":119,"neow_bonus":"THREE_ENEMY_KILL","is_daily":false,"chose_seed":false,"campfire_upgraded":5,"win_rate":0.0,"timestamp":1613907384,"path_taken":["M","M","?","M","$","R","E","M","T","E","$","E","?","M","R","BOSS","M","M","$","?","?","E","R","E","T","M","?","E","R","M","R","BOSS","M","$","M","?","?","E","R","E","T","E","?","E","M","M","R","BOSS","R","$","E","BOSS"],"items_purchased_type":["Relic","Potion","Relic","Relic"],"build_version":"2020-12-22","purchased_purges":0,"victory":true,"max_hp_per_floor":[75,75,75,75,75,75,75,75,75,75,75,75,75,75,75,75,75,75,75,75,75,75,75,75,75,75,75,75,75,75,75,75,75,75,75,75,75,75,75,75,75,75,75,75,75,75,75,75,75,75,75,75,75,75,75],"card_choices":[{"not_picked":["blademaster:Meditate","blademaster:ChargingUp","blademaster:DaggerAndCloak"],"picked":"SKIP","floor":1},{"not_picked":["blademaster:BladeMastery","blademaster:Quickness","blademaster:ChargingUp"],"picked":"SKIP","floor":2},{"not_picked":["blademaster:HighVoltage","blademaster:Overcharge","blademaster:Thrust"],"picked":"SKIP","floor":4},{"not_picked":["blademaster:Reversal","blademaster:Frontflip"],"picked":"blademaster:CullingStrike","floor":7},{"not_picked":["blademaster:AspectOfWind","blademaster:Flurry","blademaster:ChargingUp"],"picked":"SKIP","floor":8},{"not_picked":["blademaster:AspectOfLightning","blademaster:ChargingUp","blademaster:Meditate"],"picked":"SKIP","floor":10},{"not_picked":["blademaster:Overcharge","blademaster:CombatPrep","blademaster:Thrust"],"picked":"SKIP","floor":12},{"not_picked":["blademaster:Flurry","blademaster:Stability"],"picked":"blademaster:Vortex","floor":13},{"not_picked":["blademaster:DaggerAndCloak","blademaster:Vortex","blademaster:AirSlash"],"picked":"SKIP","floor":14},{"not_picked":["blademaster:Flash","blademaster:BladeDance"],"picked":"blademaster:ColdBlood","floor":16},{"not_picked":["blademaster:BladeCross","blademaster:Quickstep","blademaster:Cut+1"],"picked":"SKIP","floor":18},{"not_picked":["blademaster:TraverseCut+1","blademaster:Cut"],"picked":"blademaster:BloodyBlow","floor":19},{"not_picked":["blademaster:ThunderSlash+1","blademaster:AspectOfLightning+1","blademaster:Bloodbath"],"picked":"SKIP","floor":23},{"not_picked":["blademaster:ThunderSlash+1","blademaster:DragonStrike","blademaster:DaggerAndCloak"],"picked":"SKIP","floor":25},{"not_picked":["blademaster:Reversal+1","blademaster:Havoc+1","blademaster:AirSlash"],"picked":"SKIP","floor":27},{"not_picked":["blademaster:AirSlash","blademaster:Hailwind","blademaster:Flurry"],"picked":"SKIP","floor":28},{"not_picked":["blademaster:ChargingUp","blademaster:Meditate","blademaster:SlyStabs"],"picked":"SKIP","floor":29},{"not_picked":["blademaster:Slice","blademaster:EyeOfTheTornado","blademaster:Havoc"],"picked":"SKIP","floor":31},{"not_picked":["blademaster:EnchantedCuirass","blademaster:RagingBlow"],"picked":"blademaster:LightningDraw","floor":33},{"not_picked":["blademaster:CombatPrep+1","blademaster:Slice+1","blademaster:SlyStabs+1"],"picked":"SKIP","floor":35},{"not_picked":["blademaster:Vortex","blademaster:AwakeningDefend+1"],"picked":"blademaster:Frenzy+1","floor":37},{"not_picked":["blademaster:Thrust+1","blademaster:Frontflip+1"],"picked":"blademaster:Blindside","floor":40},{"not_picked":["blademaster:AirSlash+1","blademaster:Momentum+1","blademaster:Safeguard+1"],"picked":"SKIP","floor":42},{"not_picked":["blademaster:Stability","blademaster:Frontflip+1"],"picked":"blademaster:TraverseCut+1","floor":44},{"not_picked":["blademaster:Flurry+1","blademaster:Reversal+1"],"picked":"blademaster:Flash","floor":46},{"not_picked":["blademaster:BloodyBlow","blademaster:Sharpen+1","blademaster:Stormstrike+1"],"picked":"SKIP","floor":47},{"not_picked":["blademaster:CullingStrike","blademaster:EyeOfTheStorm"],"picked":"blademaster:ThunderingOpener","floor":48},{"not_picked":["blademaster:SlyStabs+1","blademaster:Flurry+1"],"picked":"blademaster:Thrust+1","floor":54}],"player_experience":238573,"relics_obtained":[{"floor":7,"key":"Replay:Accelerometer"},{"floor":7,"key":"blademaster:BleedingMoreDamagePerk"},{"floor":10,"key":"Replay:Bottled Snecko"},{"floor":10,"key":"blademaster:FinisherDrawCardPerk"},{"floor":12,"key":"Divine Protection"},{"floor":12,"key":"blademaster:ComboEveryTurnPerk"},{"floor":23,"key":"Shuriken"},{"floor":23,"key":"blademaster:RandomBladePerk"},{"floor":25,"key":"Blood Vial"},{"floor":25,"key":"blademaster:StanceHealPerk"},{"floor":26,"key":"AT_SpeedBoots"},{"floor":29,"key":"Toy Ornithopter"},{"floor":29,"key":"blademaster:StrongPerk"},{"floor":39,"key":"FossilizedHelix"},{"floor":39,"key":"blademaster:LightningChargePerk"},{"floor":40,"key":"ReplayTheSpireMod:Ninjato"},{"floor":40,"key":"blademaster:OnAttackedChargePerk"},{"floor":42,"key":"InkBottle"},{"floor":42,"key":"blademaster:BonusFuryPerk"},{"floor":43,"key":"Chameleon Ring"},{"floor":44,"key":"testmod-CasingShield"},{"floor":44,"key":"blademaster:WindChargePerk"},{"floor":46,"key":"testmod-IndustrialRevolution"},{"floor":46,"key":"blademaster:BonusComboPerk"},{"floor":54,"key":"blademaster:DextrousPerk"},{"floor":54,"key":"Replay:Bottled Steam"}],"event_choices":[{"damage_healed":0,"gold_gain":0,"player_choice":"Bought 0 Potions","damage_taken":0,"max_hp_gain":0,"max_hp_loss":0,"event_name":"The Woman in Blue","floor":3,"gold_loss":0},{"damage_healed":0,"gold_gain":0,"player_choice":"Obtained Relic","damage_taken":0,"relics_obtained":["testmod-Nyarlathotep"],"max_hp_gain":0,"max_hp_loss":0,"event_name":"Addict","floor":21,"gold_loss":85},{"cards_removed":["blademaster:BloodyBlow"],"damage_healed":5,"gold_gain":0,"player_choice":"Offered Common","damage_taken":0,"max_hp_gain":0,"max_hp_loss":0,"event_name":"Bonfire Elementals","floor":22,"gold_loss":0},{"cards_removed":["blademaster:BloodyBlow"],"damage_healed":5,"gold_gain":0,"player_choice":"Offered Special","damage_taken":0,"max_hp_gain":0,"max_hp_loss":0,"event_name":"Bonfire Elementals","floor":22,"gold_loss":0},{"damage_healed":0,"gold_gain":0,"player_choice":"Ignored","damage_taken":0,"max_hp_gain":0,"max_hp_loss":0,"event_name":"Tomb of Lord Red Mask","floor":38,"gold_loss":0},{"damage_healed":0,"gold_gain":0,"player_choice":"Fight","damage_taken":0,"max_hp_gain":0,"max_hp_loss":0,"event_name":"MindBloom","floor":39,"gold_loss":0}],"is_beta":false,"boss_relics":[{"not_picked":["testmod-KeyOfTheVoid","Sozu","Replay:Bronze Core"]},{"not_picked":["testmod-Nine","Empty Cage"],"picked":"testmod-Prudence"}],"items_purged_floors":[],"is_endless":false,"potions_floor_spawned":[2,4,10,13,14,23,25,27,28,37,44,48,54],"ascension_level":6}}