{"host":"fyvphxqbgz2qvgcm","time":1613917524,"event":{"mods":["AchievementEnabler","BaseMod","Better Altar","Better Third Choice","BetterRewards","Card Forge","Custom Start","Minty Spire (QoL Compilation)","Quick Restart","Shop Mod","Spicy Shops","StSLib","Thieving Mod","UnlockEverythingMod"],"gold_per_floor":[117,176,176,251,139,178,178,222,222,222,248,266,340,355,355,453,453,471,471,471],"floor_reached":19,"language":"ZHS","playtime":458,"items_purged":[],"score":446,"play_id":"1bafe993-96c9-40f2-b203-fae1360b22a5","local_time":"20210221222524","is_ascension_mode":true,"campfire_choices":[{"data":"1","floor":7.0,"key":"LIFT"},{"data":"2","floor":10.0,"key":"LIFT"},{"data":"3","floor":15,"key":"LIFT"}],"circlet_count":0,"master_deck":["AscendersBane","Strike_R","Strike_R","Strike_R","Defend_R","Defend_R","Defend_R","Bash","Uppercut","Injury","Flex","Uppercut","Thunderclap","Intimidate","Armaments","Evolve","Pommel Strike","Limit Break+1","Clothesline+1","Cleave+1","Limit Break+1","Pommel Strike+1"],"relics":["Burning Blood","Hammer of Thor","Seething Fire","Anvil of the Gods","NeowsBlessing","Golden Idol","Blood Vial","ClockworkSouvenir","Girya","Blue Candle","Self Forming Clay","Odd Mushroom","Toxic Egg 2","Astrolabe"],"acts_visited":["Exordium","TheCity"],"potions_floor_usage":[13,13,18],"damage_taken":[{"damage":0.0,"enemies":"Jaw Worm","floor":1.0,"turns":1.0},{"damage":0.0,"enemies":"Lagavulin","floor":6.0,"turns":1.0},{"damage":0.0,"enemies":"Gremlin Nob","floor":8.0,"turns":1.0},{"damage":16.0,"enemies":"The Mushroom Lair","floor":11.0,"turns":3.0},{"damage":3.0,"enemies":"2 Louse","floor":12.0,"turns":2.0},{"damage":12,"enemies":"Lagavulin Event","floor":13,"turns":3},{"damage":2,"enemies":"Small Slimes","floor":14,"turns":3},{"damage":49,"enemies":"Slime Boss","floor":16,"turns":9},{"damage":15,"enemies":"Shell Parasite","floor":18,"turns":2},{"damage":0,"enemies":"Masked Bandits","floor":19,"turns":1}],"seed_played":"-8172165255932091986","potions_obtained":[{"floor":6.0,"key":"Energy Potion"},{"floor":8.0,"key":"FearPotion"},{"floor":16,"key":"LiquidMemories"}],"is_trial":false,"path_per_floor":["M","?","?","?","$","E","R","E","T","R","?","M","?","M","R","B",null,"M","?"],"character_chosen":"IRONCLAD","items_purchased":["Flex"],"campfire_rested":0,"item_purchase_floors":[5],"current_hp_per_floor":[74,74,74,63,63,71,71,75,75,75,65,70,66,72,72,31,64,57,59,59],"gold":471,"neow_bonus":"THREE_ENEMY_KILL","is_daily":false,"chose_seed":false,"campfire_upgraded":0,"win_rate":0.0,"timestamp":1613917524,"path_taken":["M","?","?","?","$","E","R","E","T","R","?","?","?","M","R","BOSS","M","?"],"items_purchased_type":["Card"],"build_version":"2020-12-22","purchased_purges":0,"victory":false,"max_hp_per_floor":[75,75,75,75,75,75,75,75,75,75,75,75,75,75,75,75,75,75,75,75],"card_choices":[{"not_picked":["Anger","Armaments"],"picked":"Uppercut","floor":1.0},{"not_picked":["Ghostly Armor","Armaments"],"picked":"Uppercut","floor":6.0},{"not_picked":["Headbutt","Warcry"],"picked":"Thunderclap","floor":8.0},{"not_picked":["Clash","Heavy Blade"],"picked":"Intimidate","floor":11.0},{"not_picked":["Flex","Dropkick"],"picked":"Armaments","floor":12.0},{"not_picked":["Disarm+1","Warcry+1"],"picked":"Evolve","floor":13},{"not_picked":["Sever Soul","Heavy Blade"],"picked":"Pommel Strike","floor":14},{"not_picked":["Exhume+1","Immolate"],"picked":"Limit Break+1","floor":16},{"not_picked":["Whirlwind","Havoc+1"],"picked":"Pommel Strike+1","floor":18}],"player_experience":9653,"relics_obtained":[{"floor":6.0,"key":"Girya"},{"floor":8.0,"key":"Blue Candle"},{"floor":9.0,"key":"Self Forming Clay"},{"floor":11.0,"key":"Odd Mushroom"},{"floor":13,"key":"Toxic Egg 2"}],"event_choices":[{"damage_healed":0.0,"max_hp_gain":0.0,"max_hp_loss":0.0,"gold_gain":59.0,"event_name":"Golden Wing","player_choice":"Gained Gold","floor":2.0,"gold_loss":0.0,"damage_taken":0.0},{"damage_healed":0.0,"max_hp_gain":0.0,"max_hp_loss":0.0,"gold_gain":0.0,"event_name":"Golden Idol","player_choice":"Take Wound","floor":3.0,"gold_loss":0.0,"damage_taken":0.0,"relics_obtained":["Golden Idol"],"cards_obtained":["Injury"]},{"damage_healed":0.0,"max_hp_gain":0.0,"max_hp_loss":0.0,"gold_gain":75.0,"event_name":"betterThird:BetterGoop","player_choice":"Gold","floor":4.0,"gold_loss":0.0,"damage_taken":11.0},{"damage_healed":0.0,"max_hp_gain":0.0,"max_hp_loss":0.0,"gold_gain":0.0,"event_name":"Mushrooms","player_choice":"Fought Mushrooms","floor":11.0,"gold_loss":0.0,"damage_taken":0.0},{"damage_healed":0,"gold_gain":30,"player_choice":"Searched \u00273\u0027 times","damage_taken":0,"max_hp_gain":0,"max_hp_loss":0,"event_name":"Dead Adventurer","floor":13,"gold_loss":0},{"damage_healed":0,"gold_gain":0,"player_choice":"Fought Bandits","damage_taken":0,"max_hp_gain":0,"max_hp_loss":0,"event_name":"Masked Bandits","floor":19,"gold_loss":0}],"is_beta":false,"boss_relics":[{"not_picked":["SacredBark","Coffee Dripper"],"picked":"Astrolabe"}],"items_purged_floors":[],"is_endless":false,"potions_floor_spawned":[6,8,16],"killed_by":"Masked Bandits","ascension_level":20}}