{"host":"w8xisjf5mgmfjvmt","time":1613869978,"event":{"mods":["BaseMod","BetterRewards","Challenge The Spire","Conspire","Energized Spire","Filter the Spire","Minty Spire (QoL Compilation)","Quarter Circle Forward PUNCH!","Quick Restart","Relic Filter Mod","Relic Stats","Reliquary","Replay The Spire","Say the Spire","Shop Mod","Spicy Shops","StSLib","¡¾ÒÅÎï¿¨ÅÆ¡¿REMEMod","óô»ðÖ¸ÄÏ"],"gold_per_floor":[119,136,136,136,61,61,96,96,121,139,158,186,203,228,228,306,306,326,344,344,77,96,131,141,154,203,228,228,241,60,335,3,78,28,47,62,82,97,109,109,137,137,137,171,171,183,50,70,70,70,70,70,70,13,42,42],"floor_reached":57,"language":"ZHS","playtime":2653,"items_purged":["Defend_G","Strike_G","Regret","Strike_G"],"score":4027,"play_id":"8b1567ca-f78a-4a7c-a62e-f70332ee05f5","local_time":"20210221091258","is_ascension_mode":true,"campfire_choices":[{"data":"Blade Dance","floor":6.0,"key":"SMITH"},{"floor":8.0,"key":"REST"},{"floor":15.0,"key":"REST"},{"floor":28.0,"key":"REST"},{"data":"Survivor","floor":40.0,"key":"SMITH"},{"floor":45.0,"key":"RECALL"},{"data":"Defend_G","floor":49.0,"key":"SMITH"},{"data":"Neutralize","floor":53.0,"key":"SMITH"}],"circlet_count":0,"master_deck":["AscendersBane","Strike_G","Defend_G+1","Defend_G+1","Defend_G+1","Defend_G+1","Survivor+1","Neutralize+1","Demon Form+1","Blade Dance+1","Underhanded Strike+1","Masterful Stab","Hidden Blade","Burst+1","Cloak And Dagger+1","Cloak And Dagger+1","REME_ShadowForm+1","Predator+1","Sneak Up","Bouncing Flask","Blade Dance+1","Bullet Time","Eviscerate+1","Acrobatics+1","Night Terror","Strike_G","Bouncing Flask","Leg Sweep+1","Footwork"],"relics":["REME_ComplimentaryCards","Snecko Eye","qcfpunch:Fighting_Gloves","Akabeko","reliquary:RadioactivePellet","HornCleat","Philosopher\u0027s Stone","reliquary:PartyBalloon","Bird Faced Urn","Boot","Garlic","Membership Card","energizedSpire:HugeHouse","reliquary:SharkskinSheath","Iron Hammer","ReplayFunnel","Gambling Chip","Shuriken","Divine Protection"],"acts_visited":["Exordium","TheCity","TheBeyond","TheEnding"],"potions_floor_usage":[56,56],"damage_taken":[{"damage":1.0,"enemies":"Cultist","floor":1.0,"turns":3.0},{"damage":13.0,"enemies":"Jaw Worm","floor":2.0,"turns":4.0},{"damage":31.0,"enemies":"Gremlin Nob","floor":7.0,"turns":4.0},{"damage":0.0,"enemies":"Small Slimes","floor":10.0,"turns":2.0},{"damage":4.0,"enemies":"Looter","floor":11.0,"turns":3.0},{"damage":3.0,"enemies":"3 Sentries","floor":12.0,"turns":4.0},{"damage":0.0,"enemies":"Blue Slaver","floor":13.0,"turns":3.0},{"damage":0.0,"enemies":"Lagavulin","floor":14.0,"turns":3.0},{"damage":9.0,"enemies":"Hexaghost","floor":16.0,"turns":8.0},{"damage":6.0,"enemies":"Shell Parasite","floor":18.0,"turns":3.0},{"damage":16.0,"enemies":"2 Thieves","floor":19.0,"turns":3.0},{"damage":16.0,"enemies":"Snake Plant","floor":22.0,"turns":3.0},{"damage":0.0,"enemies":"conspire:Head Lice","floor":23.0,"turns":6.0},{"damage":10.0,"enemies":"3 Cultists","floor":24.0,"turns":4.0},{"damage":10.0,"enemies":"Cultist and Chosen","floor":25.0,"turns":4.0},{"damage":6.0,"enemies":"REME_1_Revenger","floor":27.0,"turns":4.0},{"damage":0.0,"enemies":"conspire:HollyBat","floor":29.0,"turns":4.0},{"damage":0.0,"enemies":"Pondfish","floor":33.0,"turns":5.0},{"damage":0.0,"enemies":"3 Shapes","floor":35.0,"turns":3.0},{"damage":7.0,"enemies":"3 Darklings","floor":36.0,"turns":4.0},{"damage":0.0,"enemies":"Sphere and 2 Shapes","floor":37.0,"turns":3.0},{"damage":1.0,"enemies":"Spire Growth","floor":38.0,"turns":3.0},{"damage":0.0,"enemies":"Transient","floor":39.0,"turns":6.0},{"damage":0.0,"enemies":"R_Hoarder","floor":41.0,"turns":4.0},{"damage":0.0,"enemies":"Reptomancer","floor":44.0,"turns":4.0},{"damage":0.0,"enemies":"4 Shapes","floor":46.0,"turns":5.0},{"damage":10.0,"enemies":"3 Darklings","floor":48.0,"turns":2.0},{"damage":4.0,"enemies":"Awakened One","floor":50.0,"turns":5.0},{"damage":0.0,"enemies":"Time Eater","floor":51.0,"turns":6.0},{"damage":0.0,"enemies":"Shield and Spear","floor":55.0,"turns":3.0},{"damage":36,"enemies":"The Heart","floor":56,"turns":9}],"seed_played":"6317028018838413256","potions_obtained":[{"floor":7.0,"key":"EssenceOfSteel"},{"floor":11.0,"key":"SteroidPotion"},{"floor":13.0,"key":"AttackPotion"},{"floor":14.0,"key":"Death Potion"},{"floor":16.0,"key":"SkillPotion"},{"floor":18.0,"key":"SmokeBomb"},{"floor":24.0,"key":"Venom Potion"},{"floor":27.0,"key":"Fire Potion"},{"floor":36.0,"key":"SteroidPotion"},{"floor":37.0,"key":"EntropicBrew"}],"is_trial":false,"path_per_floor":["M","M","?","T","$","R","E","R","T","M","M","E","M","E","R","B",null,"M","M","?","$","M","E","M","M","T","E","R","M","$","?","R","B",null,"M","M","M","M","M","R","E","?","T","E","R","M","$","M","R","B","B",null,"R","$","E","B",null],"character_chosen":"THE_SILENT","items_purchased":["reliquary:PartyBalloon","Draining Mist+1","Eviscerate","Membership Card","Acrobatics","Gambling Chip","Shuriken","PowerPotion"],"campfire_rested":3,"item_purchase_floors":[21,30,30,32,32,47,47,54],"current_hp_per_floor":[58,45,38,38,38,38,7,26,26,26,22,19,19,19,38,29,57,51,35,35,35,19,19,15,7,7,5,24,28,28,28,28,34,54,58,54,60,60,61,61,61,61,61,61,61,61,61,61,61,57,61,61,61,61,61,25],"gold":42,"neow_bonus":"BOSS_RELIC","is_daily":false,"chose_seed":false,"campfire_upgraded":4,"win_rate":0.0,"timestamp":1613869978,"path_taken":["M","M","?","?","$","R","E","R","T","M","M","E","M","E","R","BOSS","M","M","?","$","M","E","M","M","T","E","R","M","?","?","R","BOSS","M","M","?","M","M","R","E","?","T","E","R","M","$","M","R","BOSS","BOSS","R","$","E","BOSS"],"items_purchased_type":["Relic","Card","Card","Relic","Card","Relic","Relic","Potion"],"build_version":"2020-12-22","purchased_purges":4,"victory":true,"max_hp_per_floor":[66,66,66,66,66,66,66,66,66,66,66,66,66,66,66,66,66,66,66,66,66,66,66,66,66,66,66,66,66,66,66,66,66,61,61,61,61,61,61,61,61,61,61,61,61,61,61,61,61,61,61,61,61,61,61,61],"relic_stats":{"counters":[31,127],"Shuriken":[37],"Bird Faced Urn":[51],"Gambling Chip":[24],"Snecko Eye":[261,253,233,234],"Boot":[67],"obtain_stats":[{"ReplayFunnel":44,"Divine Protection":55,"reliquary:PartyBalloon":21,"Boot":26,"Akabeko":7,"HornCleat":14,"Shuriken":47,"Bird Faced Urn":23,"Gambling Chip":47,"Snecko Eye":0,"qcfpunch:Fighting_Gloves":4,"Philosopher\u0027s Stone":17,"Iron Hammer":43,"Garlic":27,"energizedSpire:HugeHouse":34,"reliquary:RadioactivePellet":12,"Membership Card":32,"Ring of the Snake":0,"REME_ComplimentaryCards":0,"reliquary:SharkskinSheath":41},{"ReplayFunnel":25,"Divine Protection":30,"reliquary:PartyBalloon":11,"Boot":15,"Akabeko":3,"HornCleat":8,"Shuriken":26,"Bird Faced Urn":13,"Gambling Chip":26,"Snecko Eye":0,"qcfpunch:Fighting_Gloves":2,"Philosopher\u0027s Stone":9,"Iron Hammer":24,"Garlic":16,"energizedSpire:HugeHouse":18,"reliquary:RadioactivePellet":6,"Membership Card":17,"Ring of the Snake":0,"REME_ComplimentaryCards":0,"reliquary:SharkskinSheath":24},{"ReplayFunnel":97,"Divine Protection":118,"reliquary:PartyBalloon":40,"Boot":57,"Akabeko":11,"HornCleat":26,"Shuriken":102,"Bird Faced Urn":49,"Gambling Chip":102,"Snecko Eye":0,"qcfpunch:Fighting_Gloves":7,"Philosopher\u0027s Stone":34,"Iron Hammer":93,"Garlic":61,"energizedSpire:HugeHouse":70,"reliquary:RadioactivePellet":20,"Membership Card":65,"Ring of the Snake":0,"REME_ComplimentaryCards":0,"reliquary:SharkskinSheath":93}]},"card_choices":[{"not_picked":["Hidden Blade","Acrobatics"],"picked":"Blade Dance","floor":1.0},{"not_picked":["Deadly Poison","Sucker Punch"],"picked":"Underhanded Strike","floor":2.0},{"not_picked":["Distraction","Quick Slash"],"picked":"Masterful Stab","floor":7.0},{"not_picked":["Accuracy","REME_GreenPollution"],"picked":"Hidden Blade","floor":10.0},{"not_picked":["REME_GreenPollution","Replay:Poison Smokescreen"],"picked":"Burst","floor":11.0},{"not_picked":["ReplayTheSpireMod:Exploit Weakness","Dagger Spray"],"picked":"Cloak And Dagger","floor":12.0},{"not_picked":["Prepared","Flying Knee"],"picked":"Cloak And Dagger","floor":13.0},{"not_picked":["Tools of the Trade","Bane","Underhanded Strike"],"picked":"SKIP","floor":14.0},{"not_picked":["Die Die Die","A Thousand Cuts"],"picked":"REME_ShadowForm","floor":16.0},{"not_picked":["Prepared","ReplayTheSpireMod:Speed Training","Quick Slash"],"picked":"SKIP","floor":18.0},{"not_picked":["Deflect","Hidden Blade"],"picked":"Predator","floor":19.0},{"not_picked":["Cloak And Dagger","Sucker Punch"],"picked":"Sneak Up","floor":22.0},{"not_picked":["Slice+1","PiercingWail"],"picked":"Bouncing Flask","floor":23.0},{"not_picked":["PiercingWail","REME_GreenPollution"],"picked":"Blade Dance+1","floor":24.0},{"not_picked":["Underhanded Strike","Dodge and Roll","REME_ShadowStrike"],"picked":"SKIP","floor":25.0},{"not_picked":["Quick Slash","Blade Dance"],"picked":"Bullet Time","floor":27.0},{"not_picked":["Quick Slash","Blade Dance","Poisoned Stab"],"picked":"SKIP","floor":29.0},{"not_picked":["REME_LeechingPoison","Malaise"],"picked":"Night Terror","floor":33.0},{"not_picked":["Bane","Replay:Poison Smokescreen"],"picked":"Leg Sweep","floor":35.0},{"not_picked":["All Out Attack","Sneak Up+1","Prepared+1"],"picked":"SKIP","floor":36.0},{"not_picked":["Deadly Poison+1","Flying Knee","Calculated Gamble"],"picked":"SKIP","floor":37.0},{"not_picked":["Blade Dance","Poisoned Stab","Expertise+1"],"picked":"SKIP","floor":38.0},{"not_picked":["Poisoned Stab","conspire:PoisonWeapons","Bouncing Flask"],"picked":"SKIP","floor":39.0},{"not_picked":["Noxious Fumes","Deadly Poison","Hidden Blade"],"picked":"SKIP","floor":41.0},{"not_picked":["Setup","Underhanded Strike","Slice"],"picked":"SKIP","floor":44.0},{"not_picked":["Die Die Die","Poisoned Stab","Deflect+1"],"picked":"SKIP","floor":46.0},{"not_picked":["Tactician","Quick Slash","Slice"],"picked":"SKIP","floor":48.0},{"not_picked":["Backstab","Blade Dance"],"picked":"Footwork","floor":55.0}],"player_experience":1376307,"relics_obtained":[{"floor":4.0,"key":"qcfpunch:Fighting_Gloves"},{"floor":7.0,"key":"Akabeko"},{"floor":12.0,"key":"reliquary:RadioactivePellet"},{"floor":14.0,"key":"HornCleat"},{"floor":23.0,"key":"Bird Faced Urn"},{"floor":26.0,"key":"Boot"},{"floor":27.0,"key":"Garlic"},{"floor":41.0,"key":"reliquary:SharkskinSheath"},{"floor":43.0,"key":"Iron Hammer"},{"floor":44.0,"key":"ReplayFunnel"},{"floor":55.0,"key":"Divine Protection"}],"event_choices":[{"cards_removed":["Strike_G"],"damage_healed":0.0,"max_hp_gain":0.0,"max_hp_loss":0.0,"gold_gain":0.0,"event_name":"Golden Wing","player_choice":"Card Removal","floor":3.0,"gold_loss":0.0,"damage_taken":7.0},{"cards_removed":["Strike_G"],"damage_healed":0.0,"max_hp_gain":0.0,"max_hp_loss":0.0,"gold_gain":0.0,"event_name":"Purifier","player_choice":"Purged","floor":20.0,"gold_loss":0.0,"damage_taken":0.0},{"damage_healed":0.0,"max_hp_gain":0.0,"max_hp_loss":0.0,"gold_gain":275.0,"event_name":"Golden Shrine","player_choice":"Desecrate","floor":31.0,"gold_loss":0.0,"damage_taken":0.0,"cards_obtained":["Regret"]}],"is_beta":false,"boss_relics":[{"not_picked":["Replay:Grab Bag","Replay:Wanted Poster"],"picked":"Philosopher\u0027s Stone"},{"not_picked":["reliquary:Ember","SlaversCollar"],"picked":"energizedSpire:HugeHouse"}],"items_purged_floors":[5,21,32,32],"is_endless":false,"potions_floor_spawned":[7,11,13,14,16,18,24,27,36,37,41,44],"ascension_level":20}}