{"host":"kq2g769nefmuyn7c","time":1613919248,"event":{"mods":["ATMod(°¢èªMod)","Act Like it!","BaseMod","Gensokyo","Koishi","Minty Spire (QoL Compilation)","Remilia£¨ÀÙÃ×ÀòÑÇ£©","Replay The Spire","StSLib","The Servant 0.9.4"],"gold_per_floor":[118,118,198,212,223,223,233,243,297,297,322,322,375,394,394,394,394],"floor_reached":16,"language":"ZHS","playtime":1237,"items_purged":[],"score":195,"play_id":"b19ed9c1-2168-4362-9899-2b83c4dfcd2b","local_time":"20210221225408","is_ascension_mode":true,"campfire_choices":[{"data":"GlobalNightmare","floor":6,"key":"SMITH"},{"data":"AT_FamilyPortrait","floor":10,"key":"SMITH"},{"data":"BloodAndWine","floor":12,"key":"SMITH"},{"data":"ScarletGensokyo","floor":15,"key":"SMITH"}],"circlet_count":0,"master_deck":["AscendersBane","Strike_RM","Strike_RM","Strike_RM","Strike_RM","Defend_RM","Defend_RM","Defend_RM","Defend_RM","RedMoon","ScarletShoot","AT_FamilyPortrait+1","GlobalNightmare+1","NightDance","BloodRain","BloodAndWine+1","ScarletGensokyo+1","DiffusionOfMisfortune","VampireClaw","ReincarnationDial","HunterOfTheNight"],"relics":["ScarletHat","AT_ATBox","Gensokyo:Mercy","ReplayFunnel","Quantum Egg","Nunchaku"],"acts_visited":["Gensokyo:Gensokyo"],"potions_floor_usage":[7,16],"damage_taken":[{"damage":0,"enemies":"Gensokyo:3_Fairies","floor":1,"turns":3},{"damage":2,"enemies":"Gensokyo:Gryphon","floor":4,"turns":6},{"damage":0,"enemies":"Gensokyo:2_Kodama","floor":5,"turns":2},{"damage":0,"enemies":"Gensokyo:Kitsune","floor":7,"turns":4},{"damage":3,"enemies":"Gensokyo:CorruptedTreant","floor":8,"turns":5},{"damage":13,"enemies":"Gensokyo:Aya","floor":11,"turns":8},{"damage":19,"enemies":"Gensokyo:Mamizou","floor":13,"turns":9},{"damage":9,"enemies":"Gensokyo:2_Rabbits","floor":14,"turns":4},{"damage":89,"enemies":"Gensokyo:Reimu","floor":16,"turns":7}],"seed_played":"1806594574223300797","potions_obtained":[{"floor":4,"key":"Dexterity Potion"},{"floor":8,"key":"SmokeBomb"},{"floor":11,"key":"SkillPotion"},{"floor":14,"key":"Flashbang"}],"is_trial":false,"path_per_floor":["M","?","?","M","M","R","M","M","T","R","E","R","E","M","R","B"],"character_chosen":"REMILIA","items_purchased":[],"campfire_rested":0,"item_purchase_floors":[],"current_hp_per_floor":[63,63,63,66,66,66,67,66,66,66,66,66,63,54,54,0,0],"gold":394,"neow_bonus":"THREE_CARDS","is_daily":false,"chose_seed":false,"campfire_upgraded":4,"win_rate":0.0,"timestamp":1613919248,"path_taken":["M","?","?","M","M","R","M","M","T","R","E","R","E","M","R","BOSS"],"items_purchased_type":[],"build_version":"2020-12-22","purchased_purges":0,"victory":false,"max_hp_per_floor":[70,70,70,70,70,70,70,70,70,70,70,70,70,70,70,70,70],"card_choices":[{"not_picked":["MastersStateliness","BloodHunter"],"picked":"HunterOfTheNight","floor":0},{"not_picked":["MastersStateliness","CharismaGuard"],"picked":"GlobalNightmare","floor":1},{"not_picked":["BloodHunter","UnderTheZenith"],"picked":"NightDance","floor":4},{"not_picked":["GlobalNightmare","RedMagic"],"picked":"BloodRain","floor":5},{"not_picked":["MastersStateliness","BombardNight"],"picked":"BloodAndWine","floor":7},{"not_picked":["NightLord","UnderTheZenith"],"picked":"ScarletGensokyo","floor":7},{"not_picked":["BloodHunter","CharismaGuard"],"picked":"DiffusionOfMisfortune","floor":8},{"not_picked":["UnstableMagic","UltimateOffering"],"picked":"VampireClaw","floor":11},{"not_picked":["VampireFantasy","BloodyMagicSquare"],"picked":"ReincarnationDial","floor":13},{"not_picked":["ScarletGensokyo","ScarletImprint"],"picked":"HunterOfTheNight","floor":14}],"player_experience":306049,"relics_obtained":[{"floor":9,"key":"ReplayFunnel"},{"floor":11,"key":"Quantum Egg"},{"floor":13,"key":"Nunchaku"}],"event_choices":[],"is_beta":false,"boss_relics":[],"items_purged_floors":[],"is_endless":false,"potions_floor_spawned":[4,8,11,14],"killed_by":"Gensokyo:Reimu","ascension_level":18}}