{"host":"rm0ctv8qd8mnbkg1","time":1613917437,"event":{"mods":["Aspiration","BaseMod","Beaked The Cultist","BetterRewards","Colored Map","DNKmod","Dark Map","Defuse TimeMaze Blight","Downfall","Friendly Minions","Hubris","Marisa????????","Minty Spire (QoL Compilation)","MostiFishMod","Permanent Neow","Rare Cards Sparkle","Relic Sorter","Reliquary","Replay The Spire","RumiaBox-????????","Shade Mod","Shop Mod","Spicy Shops","Spire Arcade","StSLib","The Construct","The Servant 0.9.4","TheVacant","Wandering Minibosses","[IsaacMod]????","??????REMEMod"],"gold_per_floor":[10100,10114,10127,10127,9613,9613,9613,9613,9648,9667,9678,9678,9678,9678],"floor_reached":12,"language":"ENG","playtime":217,"items_purged":[],"score":168,"play_id":"a28b6314-03ec-4b41-a14a-4075b0db912d","local_time":"20210221142357","is_ascension_mode":true,"campfire_choices":[{"data":"sneckomod:Unknown","floor":1,"key":"SMITH"}],"circlet_count":0,"master_deck":["sneckomod:Strike","sneckomod:Strike","sneckomod:Strike","sneckomod:Defend","sneckomod:Defend","sneckomod:Defend","sneckomod:TailWhip","sneckomod:SnekBite","sneckomod:Unknown+1","sneckomod:Unknown","construct:GatlingGun","sneckomod:UnknownBlock","sneckomod:RainOfDice","sneckomod:DiceCrush","sneckomod:UnknownUncommonPower+1","sneckomod:UnknownRareAttack","sneckomod:UnknownRareSkill","sneckomod:UnknownRarePower","sneckomod:Unknown3Cost","sneckomod:UnknownUncommonAttack","sneckomod:RainOfDice"],"relics":["sneckomod:SneckoSoul","REME_ComplimentaryCards","DaveBox","HushsDoor","Leech","Brimstone","sneckomod:RareBoosterPack","sneckomod:SleevedAce","reliquary:PartyBalloon","Blue Doll","REME_PuzzleBoxRelic"],"acts_visited":["Exordium"],"potions_floor_usage":[],"damage_taken":[{"damage":0,"enemies":"2 Louse","floor":2,"turns":1},{"damage":0,"enemies":"Cultist","floor":3,"turns":1},{"damage":27,"enemies":"downfall:FleeingMerchant","floor":5,"turns":4},{"damage":0,"enemies":"Lagavulin","floor":9,"turns":1},{"damage":0,"enemies":"Small Slimes","floor":10,"turns":2},{"damage":0,"enemies":"downfall:LooterAlt","floor":11,"turns":1},{"damage":0,"enemies":"Gremlin Nob","floor":12,"turns":1}],"seed_played":"-1993626506689551932","potions_obtained":[{"floor":3,"key":"sneckomod:MuddlingPotion"}],"is_trial":false,"path_per_floor":["R","M","M","?","$","?","T","?","E","M","M","E"],"character_chosen":"THE_SNECKO","items_purchased":["sneckomod:UnknownUncommonPower+1","sneckomod:RareBoosterPack","sneckomod:SleevedAce","reliquary:PartyBalloon"],"campfire_rested":0,"item_purchase_floors":[5,5,5,5],"current_hp_per_floor":[1000,1000,1000,1000,975,980,980,980,980,981,981,981,981,981],"gold":9678,"neow_bonus":"HUNDRED_GOLD","is_daily":false,"chose_seed":false,"campfire_upgraded":1,"win_rate":0.0,"timestamp":1613917437,"path_taken":["R","M","M","?","$","?","T","?","E","M","?","E"],"items_purchased_type":["Card","Relic","Relic","Relic"],"build_version":"2020-12-22","purchased_purges":0,"victory":false,"max_hp_per_floor":[1000,1000,1000,1000,1000,1005,1005,1005,1005,1005,1005,1005,1005,1005],"card_choices":[{"not_picked":[],"picked":"Bomb","floor":0},{"not_picked":["Bomb","sneckomod:CheapStock"],"picked":"sneckomod:UnknownBlock","floor":2},{"not_picked":["sneckomod:SerpentIdol","sneckomod:WideSting"],"picked":"sneckomod:RainOfDice","floor":3},{"not_picked":["Bomb","sneckomod:Nope"],"picked":"sneckomod:DiceCrush","floor":5},{"not_picked":["Bomb","sneckomod:DiceBoulder"],"picked":"sneckomod:Unknown3Cost","floor":9},{"not_picked":["sneckomod:RainOfDice","sneckomod:MasterEye"],"picked":"sneckomod:UnknownUncommonAttack","floor":10},{"not_picked":["sneckomod:Nope","sneckomod:QuickMove"],"picked":"sneckomod:RainOfDice","floor":11}],"player_experience":392126,"relics_obtained":[{"floor":7,"key":"Blue Doll"},{"floor":9,"key":"REME_PuzzleBoxRelic"}],"event_choices":[{"damage_healed":0,"gold_gain":0,"player_choice":"Donut","damage_taken":0,"max_hp_gain":5,"max_hp_loss":0,"event_name":"Big Fish","floor":6,"gold_loss":0}],"is_beta":false,"boss_relics":[],"items_purged_floors":[],"is_endless":false,"potions_floor_spawned":[3],"killed_by":"Gremlin Nob","ascension_level":3}}