{"host":"g5ocrzbvbwpvypv7","time":1613882961,"event":{"mods":["AchievementEnabler","BaseMod","Colored Map","Custom Start","DeckTracker","KOR Keyword Fix","Minty Spire (QoL Compilation)","Rare Cards Sparkle","StSLib","SuperFastMode","everything is the same but u backflip on backflip"],"gold_per_floor":[109,109,123,134,59,59,59,59,108,108,34,47,81,99,99,204,204,218,218,218,232,246,246,246,246],"floor_reached":24,"language":"KOR","playtime":735,"items_purged":["Strike_B"],"score":274,"play_id":"776af5b1-dd9b-483a-a771-faf7f419983f","local_time":"20210221134921","is_ascension_mode":true,"campfire_choices":[{"data":"Zap","floor":6,"key":"SMITH"},{"data":"Coolheaded","floor":10,"key":"SMITH"},{"floor":15,"key":"REST"},{"floor":23,"key":"REST"}],"circlet_count":0,"master_deck":["Strike_B","Strike_B","Defend_B","Defend_B","Defend_B","Zap+1","Dualcast+1","BootSequence","Thunder Strike+1","Coolheaded+1","Compile Driver","Capacitor","Storm+1","FTL","Seek","White Noise","Auto Shields","All For One","Force Field","Barrage"],"relics":["Cracked Core","NeowsBlessing","Bronze Scales","Frozen Egg 2","Snecko Eye"],"acts_visited":["Exordium","TheCity"],"potions_floor_usage":[13,22,22],"damage_taken":[{"damage":0,"enemies":"Jaw Worm","floor":1,"turns":1},{"damage":0,"enemies":"Cultist","floor":3,"turns":1},{"damage":0,"enemies":"Small Slimes","floor":4,"turns":1},{"damage":3,"enemies":"Blue Slaver","floor":12,"turns":3},{"damage":22,"enemies":"Gremlin Nob","floor":13,"turns":4},{"damage":0,"enemies":"2 Fungi Beasts","floor":14,"turns":3},{"damage":41,"enemies":"Slime Boss","floor":16,"turns":9},{"damage":20,"enemies":"2 Thieves","floor":18,"turns":3},{"damage":0,"enemies":"Chosen","floor":21,"turns":4},{"damage":26,"enemies":"Sentry and Sphere","floor":22,"turns":4},{"damage":64,"enemies":"Slavers","floor":24,"turns":5}],"seed_played":"-7867773179225079024","potions_obtained":[{"floor":4,"key":"LiquidMemories"},{"floor":13,"key":"SneckoOil"},{"floor":18,"key":"ColorlessPotion"},{"floor":21,"key":"FairyPotion"}],"is_trial":false,"path_per_floor":["M","?","M","M","$","R","?","?","T","R","$","M","E","M","R","B",null,"M","?","?","M","M","R","E"],"character_chosen":"DEFECT","items_purchased":["Capacitor"],"campfire_rested":2,"item_purchase_floors":[11],"current_hp_per_floor":[68,68,68,68,68,68,53,53,53,53,53,50,28,28,50,9,59,39,39,39,39,13,35,0,0],"gold":246,"neow_bonus":"THREE_ENEMY_KILL","is_daily":false,"chose_seed":false,"campfire_upgraded":2,"win_rate":0.0,"timestamp":1613882961,"path_taken":["M","?","?","M","?","R","?","?","T","R","?","M","E","M","R","BOSS","M","?","?","M","M","R","E"],"items_purchased_type":["Card"],"build_version":"2020-12-22","purchased_purges":1,"victory":false,"max_hp_per_floor":[75,75,75,75,75,75,75,75,75,75,75,75,75,75,75,75,75,75,75,75,75,75,75,75,75],"card_choices":[{"not_picked":["Go for the Eyes","BootSequence","Fusion"],"picked":"SKIP","floor":1},{"not_picked":["Go for the Eyes","Fusion"],"picked":"BootSequence","floor":1},{"not_picked":["Rebound","Hologram"],"picked":"Coolheaded","floor":3},{"not_picked":["Tempest","Redo"],"picked":"Compile Driver","floor":4},{"not_picked":["Recycle","Rebound","Steam"],"picked":"SKIP","floor":12},{"not_picked":["Capacitor+1","White Noise"],"picked":"Storm+1","floor":13},{"not_picked":["Rebound","Streamline"],"picked":"FTL","floor":14},{"not_picked":["Machine Learning+1","Thunder Strike"],"picked":"Seek","floor":16},{"not_picked":["Rebound","Steam"],"picked":"White Noise","floor":18},{"not_picked":["Compile Driver","Beam Cell+1"],"picked":"Force Field","floor":21},{"not_picked":["Hologram","All For One"],"picked":"Barrage","floor":22}],"player_experience":357018,"relics_obtained":[{"floor":9,"key":"Bronze Scales"},{"floor":13,"key":"Frozen Egg 2"}],"event_choices":[{"damage_healed":0,"gold_gain":0,"player_choice":"1 cards matched","damage_taken":0,"max_hp_gain":0,"max_hp_loss":0,"event_name":"Match and Keep!","floor":2,"gold_loss":0,"cards_obtained":["Thunder Strike"]},{"damage_healed":0,"gold_gain":0,"player_choice":"Entered Light","damage_taken":15,"max_hp_gain":0,"max_hp_loss":0,"event_name":"Shining Light","floor":7,"gold_loss":0,"cards_upgraded":["Dualcast","Thunder Strike"]},{"damage_healed":0,"gold_gain":0,"player_choice":"Ignored","damage_taken":0,"max_hp_gain":0,"max_hp_loss":0,"event_name":"Liars Game","floor":8,"gold_loss":0},{"damage_healed":0,"gold_gain":0,"player_choice":"Ignored","damage_taken":0,"max_hp_gain":0,"max_hp_loss":0,"event_name":"Ghosts","floor":19,"gold_loss":0},{"damage_healed":0,"gold_gain":0,"cards_transformed":["Strike_B","Defend_B"],"player_choice":"Became Test Subject","damage_taken":0,"max_hp_gain":0,"max_hp_loss":0,"event_name":"Drug Dealer","floor":20,"gold_loss":0,"cards_obtained":["Auto Shields","All For One"]}],"is_beta":false,"boss_relics":[{"not_picked":["Fusion Hammer","Philosopher\u0027s Stone"],"picked":"Snecko Eye"}],"items_purged_floors":[5],"is_endless":false,"potions_floor_spawned":[4,13,18,21],"killed_by":"Slavers","ascension_level":8}}