{"host":"n5s5ra9ho7zqf9wm","time":1613921544,"event":{"mods":["Alarm Clock","Ascension Reborn","Aspiration","BaseMod","Better Altar","Better Note","Better Sensory Stone","Better Third Choice","Better Vampires","BetterRewards","Block Reminder","Card Forge","Colored Powertips","Curses Come First","Decade(王小明)","Displayed Cursed Tome","Grow up Mod","Hubris","Infinite Spire","Jedi Mod","Marisa（F雨　魔理沙）","Minty Spire (QoL Compilation)","Nova Terra(诺娃・泰拉)","Quick Restart","Rare Cards Sparkle","Red Circlet Mod","Relic Stats","Reliquary","Remove Card Discount Mod","Replay The Spire","Ryuuou龙王","SIMod","Say the Spire","Shop Mod","Spicy Shops","StSLib","TestMod","The Alterego","The Animator","The Construct","The Cursed","The Disciple","The Marked","The Mystic","The Runesmith","The Servant 0.9.4","Waifu the Spire","[JumpMod]舞动尖塔","【功能Mod】聪明的最终Boss","【遗物卡牌】REMEMod","篝火指南"],"gold_per_floor":[109,109,121,141,163,163,193,193,217,248,265,296,309,322,322,404,404,417,223,223,223,240,270,320,350,375,375,397,397,101,123,123,206,206,249,80,116,143,168,218,81,122,122,178,178,210,235,235,235,235,273,273],"floor_reached":51,"language":"ZHS","playtime":2010,"items_purged":[],"score":2369,"play_id":"b867981e-efff-4b83-b18d-c6525979abd3","local_time":"20210221233224","is_ascension_mode":true,"campfire_choices":[{"floor":15,"key":"RECALL"}],"circlet_count":0,"master_deck":["AscendersBane","Spot Weakness+1","Uppercut+1","Sword Boomerang+1","Flex+1","Heavy Blade+1","Inflame+1","Master of Strategy+1","hubris:InfiniteBlow+52","Pommel Strike+1","Flex+1","infinitespire:Punishment"],"relics":["Burning Blood","Hammer of Thor","Seething Fire","Anvil of the Gods","HowToJump","testmod-TestBox","REME_ComplimentaryCards","testmod-Acrobat","MerchantsRug","Calipers","BargainBundle","reliquary:ExpiredCoupon","aspiration:Nostalgia","MiniHakkero","Incense Burner","reliquary:TuningFork","Brimstone","reliquary:Bookmark","MealTicket","Paper Frog","HornCleat","Another Sword","reliquary:ThirdArm","aspiration:RitualStick","Mirror","Bag of Preparation","jedi:angrymask","Blue Doll","betterThird:NestCultRelic","Electric Blood","ReplayTheSpireMod:CursedCoin","REME_LimitBreaker","CeramicFish","Philosopher\u0027s Stone","infinitespire:EvilPickle","Membership Card","Anchor","infinitespire:Beetle Shell","Bottled Flame","REME_HandOfSuture","testmod-Fortitude","Snack Pack"],"acts_visited":["Exordium","TheCity","TheBeyond"],"potions_floor_usage":[],"damage_taken":[{"damage":0,"enemies":"2 Louse","floor":1,"turns":3},{"damage":0,"enemies":"Cultist","floor":3,"turns":1},{"damage":0,"enemies":"Small Slimes","floor":4,"turns":3},{"damage":0,"enemies":"Exordium Thugs","floor":5,"turns":4},{"damage":0,"enemies":"Gremlin Nob","floor":7,"turns":4},{"damage":0,"enemies":"3 Sentries","floor":10,"turns":4},{"damage":0,"enemies":"2 Fungi Beasts","floor":11,"turns":4},{"damage":0,"enemies":"Gremlin Nob","floor":12,"turns":4},{"damage":0,"enemies":"Exordium Wildlife","floor":13,"turns":3},{"damage":0,"enemies":"Looter","floor":14,"turns":3},{"damage":0,"enemies":"Hexaghost","floor":16,"turns":4},{"damage":0,"enemies":"Spheric Guardian","floor":18,"turns":2},{"damage":48,"enemies":"3 Byrds","floor":22,"turns":4},{"damage":0,"enemies":"REME_1_Revenger","floor":23,"turns":1},{"damage":0,"enemies":"Gremlin Leader","floor":25,"turns":1},{"damage":0,"enemies":"Cultist and Chosen","floor":28,"turns":2},{"damage":4,"enemies":"3 Cultists","floor":31,"turns":2},{"damage":5,"enemies":"Pondfish","floor":33,"turns":5},{"damage":5,"enemies":"3 Darklings","floor":35,"turns":2},{"damage":0,"enemies":"Orb Walker","floor":37,"turns":1},{"damage":38,"enemies":"Sphere and 2 Shapes","floor":39,"turns":3},{"damage":0,"enemies":"Nightmare","floor":40,"turns":2},{"damage":12,"enemies":"Reptomancer","floor":42,"turns":2},{"damage":10,"enemies":"Nemesis","floor":44,"turns":3},{"damage":3,"enemies":"Spire Growth","floor":46,"turns":2},{"damage":0,"enemies":"Transient","floor":47,"turns":1},{"damage":708,"enemies":"Awakened One","floor":51,"turns":12}],"seed_played":"-3100279352510869315","potions_obtained":[{"floor":1,"key":"Swift Potion"},{"floor":2,"key":"Fire Potion"},{"floor":13,"key":"jedi:holywater"},{"floor":25,"key":"Toxic Potion"},{"floor":31,"key":"Block Potion"},{"floor":39,"key":"jedi:wingpotion"},{"floor":40,"key":"Adrenaline Potion"}],"is_trial":false,"path_per_floor":["M","?","M","M","M","?","E","?","T","E","M","E","M","M","R","B",null,"M","$","?","AVR","M","E","$","E","T","?","M","?","R","M","R","B",null,"M","$","M","T","M","NM","R","E","T","E","R","M","M","PTL","PTL","?","B"],"character_chosen":"IRONCLAD","items_purchased":["MerchantsRug","Calipers","BargainBundle","reliquary:ExpiredCoupon","aspiration:Nostalgia","Incense Burner","reliquary:TuningFork","Brimstone","reliquary:Bookmark","Master of Strategy","ReplayTheSpireMod:CursedCoin","REME_LimitBreaker","CeramicFish","Membership Card","Bottled Flame"],"campfire_rested":0,"item_purchase_floors":[0,0,0,0,0,0,0,0,0,19,30,30,30,36,41],"current_hp_per_floor":[95,105,115,125,135,145,155,165,175,185,195,205,215,225,235,245,255,265,275,216,226,194,210,235,335,345,355,365,229,239,249,259,269,279,289,299,309,319,329,339,349,359,369,379,389,399,409,419,429,439,0,0],"gold":273,"neow_bonus":"","is_daily":false,"chose_seed":false,"campfire_upgraded":0,"win_rate":0.0,"timestamp":1613921544,"path_taken":["M","?","?","M","M","?","E","?","T","E","M","E","M","M","R","BOSS","M","$","?","AVR","M","E","?","E","T","?","?","?","R","M","R","BOSS","M","$","M","?","?","NM","R","E","T","E","R","M","M","PTL","PTL","?","BOSS"],"items_purchased_type":["Relic","Relic","Relic","Relic","Relic","Relic","Relic","Relic","Relic","Card","Relic","Relic","Relic","Relic","Relic"],"build_version":"2020-12-22","purchased_purges":0,"victory":false,"max_hp_per_floor":[95,105,115,125,135,145,155,165,175,185,195,205,215,225,235,245,255,265,275,285,295,305,315,325,335,345,355,365,229,239,249,259,269,279,289,299,309,319,329,339,349,359,369,379,389,399,409,419,429,439,439,439],"relic_stats":{"counters":[54,128],"CeramicFish":27,"MealTicket":15,"Bag of Preparation":[26],"obtain_stats":[{"jedi:angrymask":25,"Calipers":0,"CeramicFish":30,"Runesmith:Locket":25,"Hammer of Thor":0,"infinitespire:Cubic Diamond":2,"Whetstone":8,"aspiration:RitualStick":20,"Sozu":19,"infinitespire:ShieldingShard":40,"HornCleat":10,"Sundial":38,"Strawberry":42,"MealTicket":7,"Philosopher\u0027s Stone":34,"Kunai":38,"aspiration:DSix":0,"Electric Blood":29,"MerchantsRug":15,"testmod-TestBox":0,"ReplayTheSpireMod:CursedCoin":49,"aspiration:Nostalgia":0,"infinitespire:Beetle Shell":15,"Pen Nib":29,"War Paint":43,"REME_LimitBreaker":30,"reliquary:Bookmark":0,"infinitespire:EvilPickle":34,"testmod-Fortitude":43,"Bottled Flame":41,"Anvil of the Gods":0,"Brimstone":0,"testmod-Acrobat":0,"MiniHakkero":0,"Mirror":21,"Meat on the Bone":10,"Blue Doll":26,"Incense Burner":0,"Bag of Preparation":23,"jedi:command_boss":29,"alterego_mod:SomeoneToFightFor":24,"reliquary:ThirdArm":17,"Burning Blood":0,"Matryoshka":23,"Tiny Chest":6,"testmod-ObsoleteBoomerang":14,"testmod-ArcanaOfDestiny":15,"Paper Frog":8,"Gremlin Food":0,"testmod-Muramasa":0,"BargainBundle":0,"construct:WeddingRing":34,"HowToJump":0,"Replay:Towering Pillar of Hats":41,"betterThird:NestCultRelic":27,"Seething Fire":0,"testmod-TurbochargingSystem":26,"testmod-Justice":45,"MawBank":49,"Strange Spoon":41,"reliquary:ExpiredCoupon":0,"Anchor":38,"jedi:kaleidoscope":36,"Another Sword":12,"REME_HandOfSuture":42,"Coffee Dripper":17,"reliquary:TuningFork":0,"Snack Pack":44,"Runesmith:AutoHammer":30,"Membership Card":36,"PureWater":2,"TungstenRod":21,"REME_ComplimentaryCards":0},{"jedi:angrymask":42,"Calipers":27,"CeramicFish":43,"Runesmith:Locket":15,"Hammer of Thor":0,"infinitespire:Cubic Diamond":1,"Whetstone":5,"aspiration:RitualStick":39,"Sozu":11,"infinitespire:ShieldingShard":21,"HornCleat":33,"Sundial":20,"Strawberry":22,"MealTicket":32,"Philosopher\u0027s Stone":45,"Kunai":20,"aspiration:DSix":0,"Electric Blood":43,"MerchantsRug":9,"testmod-TestBox":0,"ReplayTheSpireMod:CursedCoin":26,"aspiration:Nostalgia":27,"infinitespire:Beetle Shell":9,"Pen Nib":16,"War Paint":22,"REME_LimitBreaker":43,"reliquary:Bookmark":27,"infinitespire:EvilPickle":45,"testmod-Fortitude":50,"Bottled Flame":49,"Anvil of the Gods":0,"Brimstone":27,"testmod-Acrobat":27,"MiniHakkero":27,"Mirror":39,"Meat on the Bone":6,"Blue Doll":42,"Incense Burner":27,"Bag of Preparation":41,"jedi:command_boss":43,"alterego_mod:SomeoneToFightFor":14,"reliquary:ThirdArm":38,"Burning Blood":0,"Matryoshka":14,"Tiny Chest":4,"testmod-ObsoleteBoomerang":9,"testmod-ArcanaOfDestiny":9,"Paper Frog":32,"Gremlin Food":27,"testmod-Muramasa":0,"BargainBundle":27,"construct:WeddingRing":19,"HowToJump":0,"Replay:Towering Pillar of Hats":21,"betterThird:NestCultRelic":42,"Seething Fire":0,"testmod-TurbochargingSystem":15,"testmod-Justice":24,"MawBank":26,"Strange Spoon":21,"reliquary:ExpiredCoupon":27,"Anchor":47,"jedi:kaleidoscope":20,"Another Sword":35,"REME_HandOfSuture":50,"Coffee Dripper":10,"reliquary:TuningFork":27,"Snack Pack":51,"Runesmith:AutoHammer":17,"Membership Card":46,"PureWater":1,"TungstenRod":12,"REME_ComplimentaryCards":27},{"jedi:angrymask":93,"Calipers":68,"CeramicFish":95,"Runesmith:Locket":29,"Hammer of Thor":0,"infinitespire:Cubic Diamond":4,"Whetstone":12,"aspiration:RitualStick":87,"Sozu":25,"infinitespire:ShieldingShard":38,"HornCleat":77,"Sundial":37,"Strawberry":39,"MealTicket":75,"Philosopher\u0027s Stone":100,"Kunai":37,"aspiration:DSix":0,"Electric Blood":95,"MerchantsRug":21,"testmod-TestBox":0,"ReplayTheSpireMod:CursedCoin":44,"aspiration:Nostalgia":68,"infinitespire:Beetle Shell":21,"Pen Nib":32,"War Paint":39,"REME_LimitBreaker":95,"reliquary:Bookmark":68,"infinitespire:EvilPickle":100,"testmod-Fortitude":110,"Bottled Flame":108,"Anvil of the Gods":0,"Brimstone":68,"testmod-Acrobat":68,"MiniHakkero":68,"Mirror":87,"Meat on the Bone":13,"Blue Doll":93,"Incense Burner":68,"Bag of Preparation":92,"jedi:command_boss":95,"alterego_mod:SomeoneToFightFor":28,"reliquary:ThirdArm":85,"Burning Blood":0,"Matryoshka":28,"Tiny Chest":11,"testmod-ObsoleteBoomerang":21,"testmod-ArcanaOfDestiny":21,"Paper Frog":75,"Gremlin Food":68,"testmod-Muramasa":0,"BargainBundle":68,"construct:WeddingRing":36,"HowToJump":0,"Replay:Towering Pillar of Hats":38,"betterThird:NestCultRelic":93,"Seething Fire":0,"testmod-TurbochargingSystem":29,"testmod-Justice":41,"MawBank":44,"Strange Spoon":38,"reliquary:ExpiredCoupon":68,"Anchor":103,"jedi:kaleidoscope":37,"Another Sword":81,"REME_HandOfSuture":110,"Coffee Dripper":24,"reliquary:TuningFork":68,"Snack Pack":113,"Runesmith:AutoHammer":34,"Membership Card":102,"PureWater":4,"TungstenRod":26,"REME_ComplimentaryCards":68}],"Burning Blood":178,"aspiration:RitualStick":[0]},"card_choices":[{"not_picked":["Evolve","REME_Cut"],"picked":"Uppercut","floor":1},{"not_picked":["Feel No Pain","REME_Scribble","Twin Strike"],"picked":"SKIP","floor":3},{"not_picked":["Body Slam","Havoc","Armaments"],"picked":"SKIP","floor":4},{"not_picked":["Havoc","Carnage","Ghostly Armor"],"picked":"SKIP","floor":5},{"not_picked":["hubris:StunningStrike","Warcry","Headbutt"],"picked":"SKIP","floor":7},{"not_picked":["hubris:SharpeningStone","Sentinel"],"picked":"Sword Boomerang","floor":10},{"not_picked":["Run Through","Replay:Undeath\u0027s Touch","Clash"],"picked":"SKIP","floor":11},{"not_picked":["Body Slam","Clothesline"],"picked":"Flex","floor":12},{"not_picked":["Warcry","Clash"],"picked":"Heavy Blade","floor":13},{"not_picked":["Sword Boomerang","hubris:CleavingFinish"],"picked":"Inflame","floor":14},{"not_picked":["Warcry","Body Slam","Defy Death"],"picked":"SKIP","floor":18},{"not_picked":["Iron Wave","Heavy Blade"],"picked":"Pommel Strike","floor":22},{"not_picked":["Wild Strike","Rupture"],"picked":"Demon Form","floor":23},{"not_picked":["Hemogenesis","Body Slam","Uppercut"],"picked":"SKIP","floor":25},{"not_picked":["Replay:Undeath\u0027s Touch","Body Slam","Twin Strike"],"picked":"SKIP","floor":28},{"not_picked":["Replay:Undeath\u0027s Touch","Body Slam","Twin Strike"],"picked":"SKIP","floor":28},{"not_picked":["hubris:CleavingFinish","Rage","Sword Boomerang"],"picked":"SKIP","floor":31},{"not_picked":["Twin Strike","Shrug It Off","Thunderclap"],"picked":"SKIP","floor":35},{"not_picked":["Armaments","Anger"],"picked":"Flex+1","floor":37},{"not_picked":["Armaments+1","Thunderclap","Sentinel"],"picked":"SKIP","floor":39},{"not_picked":["infinitespire:Starlight","infinitespire:UltimateForm"],"picked":"infinitespire:Punishment","floor":40},{"not_picked":["Cleave","Twin Strike","Abandon+1"],"picked":"SKIP","floor":40},{"not_picked":["Headbutt","Armaments","Dual Wield"],"picked":"SKIP","floor":42},{"not_picked":["Sword Boomerang","Rampage+1"],"picked":"Searing Blow","floor":44},{"not_picked":["infinitespire:OneForAll","Heavy Blade","Thunderclap"],"picked":"SKIP","floor":46},{"not_picked":["hubris:CleavingFinish+1","Headbutt","Searing Blow"],"picked":"SKIP","floor":47}],"player_experience":65719,"relics_obtained":[{"floor":7,"key":"MealTicket"},{"floor":8,"key":"Paper Frog"},{"floor":10,"key":"HornCleat"},{"floor":12,"key":"Another Sword"},{"floor":23,"key":"Bag of Preparation"},{"floor":25,"key":"jedi:angrymask"},{"floor":26,"key":"Blue Doll"},{"floor":38,"key":"Anchor"},{"floor":40,"key":"infinitespire:Beetle Shell"},{"floor":42,"key":"REME_HandOfSuture"},{"floor":43,"key":"testmod-Fortitude"},{"floor":44,"key":"Snack Pack"}],"event_choices":[{"damage_healed":0,"gold_gain":0,"player_choice":"Got Potions","damage_taken":0,"max_hp_gain":0,"max_hp_loss":0,"event_name":"Lab","floor":2,"gold_loss":0},{"damage_healed":0,"gold_gain":0,"player_choice":"Ignored","damage_taken":0,"max_hp_gain":0,"max_hp_loss":0,"event_name":"给自己的盒子","floor":6,"gold_loss":0},{"damage_healed":0,"gold_gain":0,"player_choice":"Madness","damage_taken":0,"relics_obtained":["betterThird:NestCultRelic"],"max_hp_gain":0,"max_hp_loss":0,"event_name":"betterThird:BetterNest","floor":27,"gold_loss":0},{"damage_healed":0,"gold_gain":0,"player_choice":"Portal","damage_taken":0,"max_hp_gain":0,"max_hp_loss":0,"event_name":"betterThird:BetterPortal","floor":50,"gold_loss":0}],"is_beta":false,"boss_relics":[{"not_picked":["testmod-EnergyCheck","Runic Cube"],"picked":"reliquary:ThirdArm"},{"not_picked":["aspiration:DefectSkillbook","aspiration:WatcherSkillbook"],"picked":"Philosopher\u0027s Stone"}],"items_purged_floors":[],"is_endless":true,"potions_floor_spawned":[1,4,7,13,16,22,25,31,33,37,39,40,46],"killed_by":"Awakened One","ascension_level":20}}