{"host":"otnudku6n3tqcmrv","time":1613919931,"event":{"mods":["BaseMod","CapriCore","Colored Map","DeckTracker","KOR Keyword Fix","Keyboard Shortcuts","Minty Spire (QoL Compilation)","Quick Restart","StSLib","SuperFastMode","The Immortal","Waifu the Spire","everything is the same but u backflip on backflip"],"gold_per_floor":[113,131,131,186,273,285,297,297,297],"floor_reached":7,"language":"KOR","playtime":112,"items_purged":[],"score":39,"play_id":"5b835b33-d1ae-4c01-bad2-f1d0b707ea20","local_time":"20210222000531","is_ascension_mode":false,"campfire_choices":[{"data":"MokouMod:BurningDraft","floor":6,"key":"SMITH"}],"circlet_count":0,"master_deck":["MokouMod:Strike","MokouMod:Strike","MokouMod:Strike","MokouMod:Strike","MokouMod:Strike","MokouMod:Defend","MokouMod:Defend+1","MokouMod:Defend","MokouMod:Defend+1","MokouMod:HeatSpark","MokouMod:BurningDraft+1","MokouMod:BurningDraft","MokouMod:Meltdown"],"relics":["MokouMod:PhoenixFeather","MawBank"],"acts_visited":["Exordium"],"potions_floor_usage":[],"damage_taken":[{"damage":7,"enemies":"2 Louse","floor":1,"turns":2},{"damage":1,"enemies":"Jaw Worm","floor":2,"turns":4},{"damage":10,"enemies":"Lagavulin","floor":7,"turns":5}],"seed_played":"-251276570233361818","potions_obtained":[],"is_trial":false,"path_per_floor":["M","M","?","T","?","R","E"],"character_chosen":"MKU","items_purchased":[],"campfire_rested":0,"item_purchase_floors":[],"current_hp_per_floor":[68,67,52,52,41,41,31,31,31],"gold":297,"neow_bonus":"THREE_CARDS","is_daily":false,"chose_seed":false,"campfire_upgraded":1,"win_rate":0.0,"timestamp":1613919931,"path_taken":["M","M","?","?","?","R","E"],"items_purchased_type":[],"build_version":"2020-12-22","purchased_purges":0,"victory":false,"max_hp_per_floor":[75,75,75,75,75,75,75,75,75],"card_choices":[{"not_picked":["MokouMod:Firecracker","MokouMod:Trailblazer"],"picked":"MokouMod:BurningDraft","floor":0},{"not_picked":["MokouMod:IndiscriminateIgnition","MokouMod:EternalBurstReactor"],"picked":"MokouMod:BurningDraft","floor":1},{"not_picked":["MokouMod:BurningDraft","MokouMod:Ember"],"picked":"MokouMod:Meltdown","floor":2}],"player_experience":1308374,"relics_obtained":[{"floor":4,"key":"MawBank"}],"event_choices":[{"damage_healed":0,"gold_gain":0,"player_choice":"Entered Light","damage_taken":15,"max_hp_gain":0,"max_hp_loss":0,"event_name":"Shining Light","floor":3,"gold_loss":0,"cards_upgraded":["MokouMod:Defend","MokouMod:Defend"]},{"damage_healed":0,"gold_gain":75,"player_choice":"Gather Gold","damage_taken":11,"max_hp_gain":0,"max_hp_loss":0,"event_name":"World of Goop","floor":5,"gold_loss":0}],"is_beta":false,"boss_relics":[],"items_purged_floors":[],"is_endless":false,"potions_floor_spawned":[],"killed_by":"Lagavulin","ascension_level":0}}