{"host":"o9mthrra9t7lisis","time":1613943543,"event":{"mods":["BaseMod","Colored Map","Downfall","Minty Spire (QoL Compilation)","StSLib"],"gold_per_floor":[99,115,115,135,135,155,182,197,36,65,77,111,11,20,49,158,158,58,87,81,104,98,98,125,25,63,90,90,90,115,115,135,135,135,135],"floor_reached":33,"language":"ENG","playtime":2822,"items_purged":["hexamod:Strike"],"score":327,"play_id":"fa169986-b948-452c-ae36-8f59aa49609c","local_time":"20210221153903","is_ascension_mode":false,"campfire_choices":[{"data":"hexamod:Float","floor":1,"key":"SMITH"},{"floor":13,"key":"RECALL"},{"data":"hexamod:RadiantFlame","floor":18,"key":"SMITH"},{"data":"hexamod:PhantomFireball","floor":23,"key":"SMITH"},{"data":"hexamod:StepThrough","floor":25,"key":"SMITH"},{"data":"hexamod:BurningTouch","floor":29,"key":"SMITH"}],"circlet_count":0,"master_deck":["hexamod:Strike","hexamod:Strike+1","hexamod:Strike","hexamod:Defend","hexamod:Defend","hexamod:Sear+1","hexamod:Float+1","hexamod:FirstSeal","hexamod:EmpoweredFlame","hexamod:RadiantFlame+1","hexamod:NightmareStrike+1","hexamod:EmpoweredFlame+1","hexamod:EmpoweredFlame+1","hexamod:NightmareGuise+1","hexamod:AdvancingGuard","hexamod:SoulSteal","hexamod:EmpoweredFlame+1","hexamod:SixthSeal","hexamod:PhantomFireball+1","hexamod:BurningTouch+1","hexamod:EmpoweredFlame","hexamod:StepThrough+1","hexamod:ThermalTransfer+1","hexamod:HauntingEcho+1","hexamod:AdvancingGuard+1"],"relics":["hexamod:SpiritBrand","HornCleat","downfall:HeartBlessingBlue","Runic Dome","downfall:HeartBlessingGreen","downfall:HeartBlessingRed","Ornamental Fan","downfall:RedIOU","Nloth\u0027s Gift"],"acts_visited":["Exordium","TheCity"],"potions_floor_usage":[8,8,11,16,22,26,33,33,33],"damage_taken":[{"damage":0,"enemies":"Cultist","floor":2,"turns":3},{"damage":1,"enemies":"Jaw Worm","floor":4,"turns":3},{"damage":0,"enemies":"Small Slimes","floor":6,"turns":3},{"damage":1,"enemies":"2 Fungi Beasts","floor":8,"turns":3},{"damage":5,"enemies":"downfall:FleeingMerchant","floor":9,"turns":4},{"damage":8,"enemies":"Lagavulin","floor":10,"turns":6},{"damage":11,"enemies":"Lots of Slimes","floor":11,"turns":3},{"damage":47,"enemies":"Gremlin Nob","floor":12,"turns":7},{"damage":3,"enemies":"3 Louse","floor":15,"turns":4},{"damage":33,"enemies":"WA_ARCHETYPE_RETAIN","floor":16,"turns":9},{"damage":6,"enemies":"Spheric Guardian","floor":19,"turns":5},{"damage":0,"enemies":"downfall:FleeingMerchant","floor":20,"turns":4},{"damage":8,"enemies":"Shell Parasite","floor":21,"turns":7},{"damage":0,"enemies":"downfall:FleeingMerchant","floor":22,"turns":4},{"damage":22,"enemies":"Slavers","floor":26,"turns":5},{"damage":14,"enemies":"Centurion and Healer","floor":27,"turns":6},{"damage":20,"enemies":"Shelled Parasite and Fungi","floor":30,"turns":5},{"damage":16,"enemies":"Snake Plant","floor":32,"turns":3},{"damage":35,"enemies":"SI_MIRROR_ARCHETYPE","floor":33,"turns":8}],"seed_played":"-5803366704960623577","potions_obtained":[{"floor":2,"key":"Fire Potion"},{"floor":4,"key":"Fire Potion"},{"floor":6,"key":"AttackPotion"},{"floor":10,"key":"Regen Potion"},{"floor":12,"key":"FearPotion"},{"floor":16,"key":"hexamod:SoulburnPotion"},{"floor":19,"key":"BlessingOfTheForge"},{"floor":26,"key":"Swift Potion"},{"floor":27,"key":"DuplicationPotion"}],"is_trial":false,"path_per_floor":["R","M","?","M","?","M","T","M","$","E","M","E","R","?","M","B",null,"R","M","$","M","$","R","T","R","E","M","?","R","M","?","M","B"],"character_chosen":"THE_SPIRIT","items_purchased":["hexamod:EmpoweredFlame"],"campfire_rested":0,"item_purchase_floors":[9],"current_hp_per_floor":[77,77,77,76,76,77,77,76,71,70,59,19,29,29,26,15,87,87,87,87,86,86,86,86,86,71,64,64,64,51,51,35,0,0,0],"gold":135,"neow_bonus":"TEN_PERCENT_HP_BONUS","is_daily":false,"chose_seed":false,"campfire_upgraded":5,"win_rate":0.0,"timestamp":1613943543,"path_taken":["R","?","?","M","?","M","T","M","$","E","M","E","R","?","M","BOSS","R","M","?","M","$","R","T","R","E","M","?","R","M","?","M","BOSS"],"items_purchased_type":["Card"],"build_version":"2020-12-22","purchased_purges":1,"victory":false,"max_hp_per_floor":[77,77,77,77,77,77,77,77,77,77,77,77,87,87,87,87,87,87,87,87,87,87,87,87,87,87,87,87,87,87,87,87,87,87,87],"card_choices":[{"not_picked":["hexamod:HauntingEcho","hexamod:GhostflameBarrier"],"picked":"hexamod:FirstSeal","floor":2},{"not_picked":["hexamod:NightmareGuise","hexamod:InspiringFlames"],"picked":"hexamod:EmpoweredFlame","floor":4},{"not_picked":["hexamod:BacktrackSmack","hexamod:Incineration"],"picked":"hexamod:RadiantFlame","floor":6},{"not_picked":["hexamod:SpectersWail","hexamod:SwordOfDarkness"],"picked":"hexamod:NightmareStrike","floor":8},{"not_picked":["hexamod:Firestarter","hexamod:DynamicBlow"],"picked":"hexamod:EmpoweredFlame","floor":9},{"not_picked":["hexamod:CatchUp","hexamod:ThirdSeal"],"picked":"hexamod:NightmareGuise","floor":10},{"not_picked":["hexamod:GhostOfSpirePresent","hexamod:Hexaguard","hexamod:ThermalTransfer"],"picked":"SKIP","floor":11},{"not_picked":["hexamod:GhostOfSpirePast","hexamod:Hexaguard"],"picked":"hexamod:AdvancingGuard","floor":12},{"not_picked":["hexamod:FourthSeal","hexamod:SpectersWail"],"picked":"hexamod:EmpoweredFlame","floor":15},{"not_picked":["hexamod:ParanormalForm","hexamod:FifthSeal"],"picked":"hexamod:SixthSeal","floor":16},{"not_picked":["hexamod:SoulSteal","hexamod:Again"],"picked":"hexamod:PhantomFireball","floor":19},{"not_picked":["hexamod:ChargedBarrage","hexamod:Hexaguard+1"],"picked":"hexamod:BurningTouch","floor":20},{"not_picked":["hexamod:ThirdSeal","hexamod:NightmareStrike"],"picked":"hexamod:EmpoweredFlame","floor":21},{"not_picked":["hexamod:CatchUp","hexamod:SkipABeat"],"picked":"hexamod:StepThrough","floor":22},{"not_picked":["hexamod:Rewind","hexamod:BurningTouch"],"picked":"hexamod:ThermalTransfer+1","floor":26},{"not_picked":["hexamod:EtherealExpedition","hexamod:GhostLash"],"picked":"hexamod:HauntingEcho+1","floor":27},{"not_picked":["hexamod:SearingWound","hexamod:SpectralAdrenaline+1"],"picked":"hexamod:AdvancingGuard+1","floor":30},{"not_picked":["hexamod:ThermalTransfer","hexamod:Haunt+1","hexamod:BurningTouch"],"picked":"SKIP","floor":32}],"player_experience":531496,"relics_obtained":[{"floor":10,"key":"HornCleat"},{"floor":12,"key":"CeramicFish"},{"floor":24,"key":"Tiny Chest"},{"floor":26,"key":"Ornamental Fan"}],"event_choices":[{"cards_removed":["hexamod:Defend"],"damage_healed":0,"gold_gain":0,"player_choice":"Card Removal","damage_taken":0,"max_hp_gain":0,"max_hp_loss":0,"event_name":"The Cleric","floor":3,"gold_loss":0}],"is_beta":false,"boss_relics":[{"not_picked":["Coffee Dripper","Empty Cage"],"picked":"Runic Dome"}],"items_purged_floors":[9],"is_endless":false,"potions_floor_spawned":[2,4,6,10,12,16,19,26,27,32],"killed_by":"SI_MIRROR_ARCHETYPE","ascension_level":0}}