{"host":"jnwpic7n5215v3xq","time":1613868711,"event":{"mods":["2.2 Compatiblity","AchievementEnabler","Act Like it!","Aspiration","BaseMod","BetterRewards","Colored Powertips","Energized Spire","Infinite Spire","Marisa????????","Minty Spire (QoL Compilation)","Pale of the Ancients","Quick Restart","Spikes Relics","StSLib","The Cursed"],"gold_per_floor":[134,166,196,196,72,72,72,105,128,147,195,221,77,77,77,210,210,229,242,275,275,185,232,232,267,267,267,267,324,375,410,410,552,552,591,745,765,1764,1764,1764,1784,1784],"floor_reached":41,"language":"ENG","playtime":4047,"items_purged":["Injury"],"score":616,"play_id":"32361c91-7037-4ceb-a91a-0f5204d42814","local_time":"20210221015151","is_ascension_mode":false,"campfire_choices":[{"floor":6.0,"key":"REST"},{"floor":15.0,"key":"REST"},{"data":"WitchOfGreed","floor":24.0,"key":"SMITH"},{"data":"OortCloud","floor":27.0,"key":"SMITH"},{"floor":32.0,"key":"REST"},{"floor":40,"key":"REST"}],"circlet_count":0,"master_deck":["Strike_MRS+1","Strike_MRS","Defend_MRS+1","Defend_MRS","Defend_MRS","Defend_MRS","MasterSpark+1","UpSweep+1","OortCloud+1","WitchOfGreed+1","MilkyWay","AsteroidBelt","WitchOfGreed","MysteriousBeam+1","BlazeAway+1","ShootTheMoon+1","NonDirectionalLaser+1","LuminesStrike+1","CollectingQuirk+1","CurseOfTheBell","ChargeUpSpray+1","GrandCross+1","MeteoricShower+1","OrrerysSun","Singularity","ShootingEcho+1","BlessedFruit","BlessedFruit","IllusionStar+1","MysteriousBeam","CasketOfStar","Robbery","infinitespire:Punishment","OortCloud+1","WitchLeyline","Normality","Normality"],"relics":["CultistMask","ToxicTincture","Whetstone","TwistedFunnel","infinitespire:DarkRift","paleoftheancients:KeyRelic","Bag of Marbles","aspiration:MysteriousAuxiliaryCore","Sling","Girya","Incense Burner","Toolbox","Akabeko","infinitespire:Beetle Shell","HeavenlyBonsai","infinitespire:Chaos","infinitespire:Eraser","CosmicIsotope","Mango","aspiration:TomeofQuesting","Gremlin Horn"],"acts_visited":["Exordium","TheCity","TheBeyond"],"potions_floor_usage":[37,37],"damage_taken":[{"damage":1.0,"enemies":"2 Louse","floor":1.0,"turns":2.0},{"damage":5.0,"enemies":"Small Slimes","floor":2.0,"turns":3.0},{"damage":3.0,"enemies":"Cultist","floor":3.0,"turns":4.0},{"damage":0.0,"enemies":"Gremlin Nob","floor":8.0,"turns":3.0},{"damage":0.0,"enemies":"2 Fungi Beasts","floor":10.0,"turns":2.0},{"damage":2.0,"enemies":"Lagavulin","floor":11.0,"turns":6.0},{"damage":1.0,"enemies":"Large Slime","floor":12.0,"turns":3.0},{"damage":11.0,"enemies":"The Guardian","floor":16.0,"turns":9.0},{"damage":0.0,"enemies":"Chosen","floor":18.0,"turns":2.0},{"damage":0.0,"enemies":"3 Byrds","floor":19.0,"turns":4.0},{"damage":11.0,"enemies":"Centurion and Healer","floor":20.0,"turns":5.0},{"damage":15.0,"enemies":"Nightmare","floor":23.0,"turns":7.0},{"damage":0.0,"enemies":"3 Cultists","floor":25.0,"turns":4.0},{"damage":9.0,"enemies":"Gremlin Leader","floor":29.0,"turns":6.0},{"damage":5.0,"enemies":"Chosen and Byrds","floor":30.0,"turns":4.0},{"damage":10.0,"enemies":"Snake Plant","floor":31.0,"turns":3.0},{"damage":63.0,"enemies":"Collector","floor":33.0,"turns":9.0},{"damage":7.0,"enemies":"3 Darklings","floor":35.0,"turns":4.0},{"damage":24.0,"enemies":"infinitespire:Three Voidlings","floor":36.0,"turns":6.0},{"damage":32.0,"enemies":"Nightmare_Alpha","floor":36.0,"turns":5.0},{"damage":19,"enemies":"3 Shapes","floor":37,"turns":5},{"damage":64,"enemies":"Transient","floor":41,"turns":5}],"seed_played":"8884949278824623728","potions_obtained":[{"floor":1.0,"key":"Ancient Potion"},{"floor":2.0,"key":"SteroidPotion"},{"floor":2.0,"key":"LiquidBronze"},{"floor":3.0,"key":"SneckoOil"},{"floor":16.0,"key":"Block Potion"},{"floor":20.0,"key":"EssenceOfSteel"},{"floor":23.0,"key":"Energy Potion"},{"floor":29.0,"key":"LiquidMemories"},{"floor":30.0,"key":"SkillPotion"},{"floor":31.0,"key":"FearPotion"},{"floor":33.0,"key":"Fire Potion"},{"floor":35.0,"key":"LiquidMemories"},{"floor":35.0,"key":"Dexterity Potion"},{"floor":36,"key":"Fruit Juice"},{"floor":36,"key":"Fire Potion"}],"is_trial":false,"path_per_floor":["M","M","M","?","$","R","?","E","T","M","E","M","$","?","R","B",null,"M","M","M","?","?","NM","R","M","T","R","AVR","E","M","M","R","B",null,"M","?","M","?","?","R","M"],"character_chosen":"MARISA","items_purchased":["OortCloud","FairyDestructionRay","infinitespire:CheckeredPen","WitchOfGreed","MysteriousBeam+1","aspiration:Nostalgia"],"campfire_rested":4,"item_purchase_floors":[0,0,0,0,5,13],"current_hp_per_floor":[39,34,31,31,31,53,53,53,53,53,51,50,50,50,72,67,75,75,75,70,70,70,61,61,67,67,67,67,60,57,47,70,7,79,76,43,31,31,31,62,0,0],"gold":1784,"neow_bonus":"","is_daily":false,"chose_seed":false,"campfire_upgraded":2,"win_rate":0.0,"timestamp":1613868711,"path_taken":["M","M","M","?","$","R","?","E","T","?","E","M","$","?","R","BOSS","M","M","M","?","?","NM","R","M","T","R","AVR","E","?","M","R","BOSS","M","?","M","?","?","R","M"],"items_purchased_type":["Card","Card","Relic","Card","Card","Relic"],"build_version":"2020-12-22","purchased_purges":1,"victory":false,"max_hp_per_floor":[75,75,75,75,75,75,75,75,75,75,75,75,75,75,75,75,75,75,75,75,75,75,75,75,75,75,75,75,77,79,79,79,79,79,83,99,106,106,106,106,107,107],"card_choices":[{"not_picked":["MagicAbsorber","GrandCross","GravityBeat"],"picked":"SKIP","floor":1.0},{"not_picked":["6A","MilkyWay"],"picked":"AsteroidBelt","floor":2.0},{"not_picked":["AsteroidBelt","DragonMeteor"],"picked":"WitchOfGreed","floor":3.0},{"not_picked":["SuperNova","GrandCross+1"],"picked":"ShootTheMoon+1","floor":8.0},{"not_picked":["MysteriousBeam+1","ShootTheMoon+1"],"picked":"NonDirectionalLaser+1","floor":10.0},{"not_picked":["SatelliteIllusion","WitchOfGreed","FairyDestructionRay+1"],"picked":"SKIP","floor":11.0},{"not_picked":["MilkyWay","SprinkleStarSeal"],"picked":"LuminesStrike+1","floor":12.0},{"not_picked":["TreasureHunter+1","StarDustReverie"],"picked":"CollectingQuirk+1","floor":16.0},{"not_picked":["WitchOfGreed","EarthLightRay"],"picked":"ChargeUpSpray+1","floor":18.0},{"not_picked":["Acceleration","StarlightTyphoon","DC+1"],"picked":"SKIP","floor":19.0},{"not_picked":["BlazeAway","GasGiant+1"],"picked":"GrandCross+1","floor":20.0},{"not_picked":["MagicChant","OneTimeOff+1"],"picked":"Singularity","floor":23.0},{"not_picked":["DoubleSpark+1","Acceleration"],"picked":"ShootingEcho+1","floor":25.0},{"not_picked":["DC","MagicChant","GalacticHalo"],"picked":"SKIP","floor":29.0},{"not_picked":["UnstableBomb","LuminesStrike"],"picked":"IllusionStar+1","floor":30.0},{"not_picked":["NonDirectionalLaser","DoubleSpark"],"picked":"MysteriousBeam","floor":31.0},{"not_picked":["AbsoluteMagnitude","SatelliteIllusion"],"picked":"CasketOfStar","floor":33.0},{"not_picked":["StarlightTyphoon","OortCloud"],"picked":"Robbery","floor":35.0},{"not_picked":["infinitespire:NeuralNetwork","infinitespire:FinalStrike"],"picked":"infinitespire:Punishment","floor":36},{"not_picked":["DoubleSpark","MysteriousBeam+1"],"picked":"OortCloud+1","floor":36},{"not_picked":["IllusionStar","GalacticHalo+1"],"picked":"WitchLeyline","floor":37}],"player_experience":274025,"relics_obtained":[{"floor":8.0,"key":"infinitespire:Golems Mask"},{"floor":9.0,"key":"SnailShell"},{"floor":11.0,"key":"Pen Nib"},{"floor":17.0,"key":"Ancient Tea Set"},{"floor":17.0,"key":"aspiration:FrozenJewel"},{"floor":17.0,"key":"WizardHat"},{"floor":23.0,"key":"SpikesRelics:ToyHorsey"},{"floor":26.0,"key":"AmplifyWand"},{"floor":29.0,"key":"infinitespire:Eraser"},{"floor":36,"key":"Mango"}],"event_choices":[{"damage_healed":0.0,"max_hp_gain":0.0,"max_hp_loss":0.0,"gold_gain":0.0,"event_name":"Match and Keep!","player_choice":"1 cards matched","floor":7.0,"gold_loss":0.0,"damage_taken":0.0,"cards_obtained":["BlazeAway"]},{"damage_healed":0.0,"max_hp_gain":0.0,"max_hp_loss":0.0,"gold_gain":0.0,"event_name":"Match and Keep!","player_choice":"1 cards matched","floor":7.0,"gold_loss":0.0,"damage_taken":0.0,"cards_obtained":["BlazeAway"]},{"damage_healed":0.0,"max_hp_gain":0.0,"max_hp_loss":0.0,"gold_gain":0.0,"event_name":"Shining Light","player_choice":"Ignored","floor":14.0,"gold_loss":0.0,"damage_taken":0.0},{"damage_healed":0.0,"max_hp_gain":0.0,"max_hp_loss":0.0,"gold_gain":0.0,"cards_transformed":["FairyDestructionRay","Strike_MRS"],"event_name":"Drug Dealer","player_choice":"Became Test Subject","floor":21.0,"gold_loss":0.0,"damage_taken":0.0,"cards_obtained":["MeteoricShower","OrrerysSun"]},{"cards_removed":["Strike_MRS"],"damage_healed":0.0,"max_hp_gain":0.0,"max_hp_loss":0.0,"gold_gain":0.0,"event_name":"Designer","player_choice":"Upgrade and Remove","floor":22.0,"gold_loss":90.0,"damage_taken":0.0,"cards_upgraded":["Defend_MRS"]},{"damage_healed":0,"gold_gain":0,"player_choice":"Upgraded Two","damage_taken":0,"max_hp_gain":0,"max_hp_loss":0,"event_name":"Designer","floor":36,"gold_loss":40,"cards_upgraded":["BlazeAway","MasterSpark"]},{"damage_healed":0,"gold_gain":999,"player_choice":"Gold","damage_taken":0,"max_hp_gain":0,"max_hp_loss":0,"event_name":"MindBloom","floor":38,"gold_loss":0,"cards_obtained":["Normality","Normality"]},{"damage_healed":0,"gold_gain":0,"player_choice":"Gave Potion","damage_taken":0,"relics_obtained":["aspiration:TomeofQuesting"],"max_hp_gain":0,"max_hp_loss":0,"event_name":"WeMeetAgain","floor":39,"gold_loss":0}],"is_beta":false,"boss_relics":[{"not_picked":["Cursed Key","energizedSpire:HugeHouse"],"picked":"Calling Bell"},{"not_picked":["Snecko Eye","Pandora\u0027s Box"],"picked":"CosmicIsotope"}],"items_purged_floors":[5],"is_endless":true,"potions_floor_spawned":[2,8,16,20,23,25,31,35,36],"killed_by":"Transient","ascension_level":0}}