{"host":"d52brwsy6af8zvaq","time":1613930866,"event":{"mods":["AchievementEnabler","BaseMod","Bestiary","Highlight Path","Minty Spire (QoL Compilation)","Quick Restart","Relic Stats","ojb\u0027s Better Paths Mod"],"gold_per_floor":[118,118,138,155,3,38,38,52,75,107,127,193,206,237,237,314,314,328,328,328,338,348,348,381,381,381,409,426,426,64,80,80,80,80],"floor_reached":33,"language":"ENG","playtime":1239,"items_purged":["Strike_B"],"score":639,"play_id":"033ef518-c89f-4c37-88c2-d99b561b2da2","local_time":"20210221110746","is_ascension_mode":true,"campfire_choices":[{"floor":7.0,"key":"REST"},{"floor":15.0,"key":"REST"},{"data":"Scrape","floor":23.0,"key":"SMITH"},{"floor":25.0,"key":"REST"},{"data":"Zap","floor":29.0,"key":"SMITH"},{"floor":32,"key":"REST"}],"circlet_count":0,"master_deck":["AscendersBane","Defend_B+1","Defend_B+1","Defend_B+1","Defend_B+1","Zap+1","Dualcast","Rebound","Ball Lightning","Coolheaded","BootSequence","Scrape+1","Glacier","Rebound","Gash","Streamline","Gash","Gash","All For One","Sweeping Beam+1","Thunder Strike+1","Stack+1","Gash","Leap","Chill","Melter","Apotheosis","Scrape"],"relics":["Cracked Core","Bronze Scales","PreservedInsect","Mummified Hand","Astrolabe","Blue Candle","HornCleat","Symbiotic Virus","Happy Flower"],"acts_visited":["Exordium","TheCity"],"potions_floor_usage":[33],"damage_taken":[{"damage":9.0,"enemies":"Jaw Worm","floor":1.0,"turns":3.0},{"damage":0.0,"enemies":"Cultist","floor":3.0,"turns":3.0},{"damage":13.0,"enemies":"Small Slimes","floor":4.0,"turns":4.0},{"damage":24.0,"enemies":"3 Sentries","floor":6.0,"turns":7.0},{"damage":2.0,"enemies":"2 Fungi Beasts","floor":8.0,"turns":3.0},{"damage":15.0,"enemies":"Lagavulin","floor":10.0,"turns":8.0},{"damage":0.0,"enemies":"Looter","floor":11.0,"turns":3.0},{"damage":0.0,"enemies":"Gremlin Gang","floor":13.0,"turns":5.0},{"damage":8.0,"enemies":"Gremlin Nob","floor":14.0,"turns":3.0},{"damage":18.0,"enemies":"Hexaghost","floor":16.0,"turns":8.0},{"damage":17.0,"enemies":"2 Thieves","floor":18.0,"turns":4.0},{"damage":0.0,"enemies":"Chosen","floor":21.0,"turns":4.0},{"damage":4.0,"enemies":"Centurion and Healer","floor":22.0,"turns":6.0},{"damage":8.0,"enemies":"Book of Stabbing","floor":24.0,"turns":5.0},{"damage":17.0,"enemies":"Slavers","floor":27.0,"turns":6.0},{"damage":8.0,"enemies":"Shelled Parasite and Fungi","floor":28.0,"turns":5.0},{"damage":0,"enemies":"3 Cultists","floor":31,"turns":4},{"damage":61,"enemies":"Collector","floor":33,"turns":7}],"seed_played":"-5030787854395562273","potions_obtained":[{"floor":2.0,"key":"EntropicBrew"},{"floor":2.0,"key":"BlessingOfTheForge"},{"floor":8.0,"key":"DuplicationPotion"},{"floor":21.0,"key":"Block Potion"},{"floor":27.0,"key":"FearPotion"}],"is_trial":false,"path_per_floor":["M","?","M","M","$","E","R","M","T","E","M","?","M","E","R","B",null,"M","?","?","M","M","R","E","R","T","E","M","R","$","M","R","B"],"character_chosen":"DEFECT","items_purchased":["Scrape","Apotheosis","Happy Flower"],"campfire_rested":4,"item_purchase_floors":[5,30,30],"current_hp_per_floor":[55,55,55,42,42,18,39,37,37,22,22,22,22,14,35,17,58,41,41,41,41,37,37,29,50,50,33,25,25,25,25,46,0,0],"gold":80,"neow_bonus":"THREE_CARDS","is_daily":false,"chose_seed":false,"campfire_upgraded":2,"win_rate":0.0,"timestamp":1613930866,"path_taken":["M","?","M","M","$","E","R","M","T","E","?","?","M","E","R","BOSS","M","?","?","M","M","R","E","R","T","E","M","R","$","M","R","BOSS"],"items_purchased_type":["Card","Card","Relic"],"build_version":"2020-12-22","purchased_purges":1,"victory":false,"max_hp_per_floor":[71,71,71,71,71,71,71,71,71,71,71,71,71,71,71,71,71,71,71,71,71,71,71,71,71,71,71,71,71,71,71,71,71,71],"relic_stats":{"Happy Flower":[3],"counters":[18,88],"Mummified Hand":[0],"Bronze Scales":[225],"Astrolabe":["Sweeping Beam","Thunder Strike","Stack"],"Blue Candle":[0],"PreservedInsect":105,"obtain_stats":[{"HornCleat":26,"Happy Flower":30,"Mummified Hand":14,"Bronze Scales":6,"Astrolabe":17,"Blue Candle":24,"PreservedInsect":10,"Cracked Core":0,"Symbiotic Virus":27},{"HornCleat":14,"Happy Flower":16,"Mummified Hand":9,"Bronze Scales":4,"Astrolabe":10,"Blue Candle":14,"PreservedInsect":6,"Cracked Core":0,"Symbiotic Virus":15},{"HornCleat":66,"Happy Flower":77,"Mummified Hand":39,"Bronze Scales":17,"Astrolabe":47,"Blue Candle":66,"PreservedInsect":28,"Cracked Core":0,"Symbiotic Virus":72}]},"card_choices":[{"not_picked":["Conserve Battery","Chaos"],"picked":"Rebound","floor":0.0},{"not_picked":["Sweeping Beam","Double Energy"],"picked":"Ball Lightning","floor":1.0},{"not_picked":["Rebound","Stack"],"picked":"Coolheaded","floor":3.0},{"not_picked":["Gash","Hello World"],"picked":"BootSequence","floor":4.0},{"not_picked":["Conserve Battery","Coolheaded"],"picked":"Glacier","floor":6.0},{"not_picked":["Hologram","Auto Shields"],"picked":"Rebound","floor":8.0},{"not_picked":["Steam Power","Stack"],"picked":"Gash","floor":10.0},{"not_picked":["Loop","Storm"],"picked":"Streamline","floor":11.0},{"not_picked":["Cold Snap","Capacitor"],"picked":"Gash","floor":13.0},{"not_picked":["Chaos","Hyperbeam"],"picked":"Gash","floor":14.0},{"not_picked":["Meteor Strike","Biased Cognition"],"picked":"All For One","floor":16.0},{"not_picked":["Ball Lightning","Go for the Eyes"],"picked":"Gash","floor":18.0},{"not_picked":["Ball Lightning","Force Field"],"picked":"Leap","floor":21.0},{"not_picked":["Aggregate","Streamline","Hello World"],"picked":"SKIP","floor":22.0},{"not_picked":["Glacier","Rainbow","Storm"],"picked":"SKIP","floor":24.0},{"not_picked":["Static Discharge","Fusion"],"picked":"Chill","floor":27.0},{"not_picked":["Turbo","Sweeping Beam"],"picked":"Melter","floor":28.0},{"not_picked":["Consume","Storm"],"picked":"Scrape","floor":31}],"player_experience":2328972,"relics_obtained":[{"floor":6.0,"key":"Bronze Scales"},{"floor":10.0,"key":"PreservedInsect"},{"floor":14.0,"key":"Mummified Hand"},{"floor":24.0,"key":"Blue Candle"},{"floor":26.0,"key":"HornCleat"},{"floor":27.0,"key":"Symbiotic Virus"}],"event_choices":[{"damage_healed":0.0,"max_hp_gain":0.0,"max_hp_loss":0.0,"gold_gain":0.0,"event_name":"Lab","player_choice":"Got Potions","floor":2.0,"gold_loss":0.0,"damage_taken":0.0},{"damage_healed":0.0,"max_hp_gain":0.0,"max_hp_loss":0.0,"gold_gain":66.0,"event_name":"Golden Wing","player_choice":"Gained Gold","floor":12.0,"gold_loss":0.0,"damage_taken":0.0},{"damage_healed":0.0,"max_hp_gain":0.0,"max_hp_loss":0.0,"gold_gain":0.0,"event_name":"Back to Basics","player_choice":"Simplicity","floor":19.0,"gold_loss":0.0,"damage_taken":0.0,"cards_upgraded":["Defend_B","Defend_B","Defend_B","Defend_B"]},{"damage_healed":0.0,"max_hp_gain":0.0,"max_hp_loss":0.0,"gold_gain":0.0,"event_name":"The Mausoleum","player_choice":"Ignored","floor":20.0,"gold_loss":0.0,"damage_taken":0.0}],"is_beta":false,"boss_relics":[{"not_picked":["Sozu","Inserter"],"picked":"Astrolabe"}],"items_purged_floors":[5],"is_endless":false,"potions_floor_spawned":[4,8,13,16,21,27,31],"killed_by":"Collector","ascension_level":20}}