{"host":"sav7uxregyirlf69","time":1613869793,"event":{"mods":["AchievementEnabler","BaseMod","Colored Map","DeckTracker","Keyboard Shortcuts","Minty Spire (QoL Compilation)","READ ME - Guardian Mod","StSLib","SuperFastMode"],"gold_per_floor":[216,216,57,70,90,90,106,106,131,131,144,156,206,206,206],"floor_reached":14,"language":"KOR","playtime":183,"items_purged":["Pain"],"score":164,"play_id":"6bfa7ea2-f7ee-4e21-9972-62216b7d2e6c","local_time":"20210221100953","is_ascension_mode":true,"campfire_choices":[{"data":"Noxious Fumes","floor":6,"key":"SMITH"},{"data":"Neutralize","floor":8,"key":"SMITH"},{"data":"Crippling Poison","floor":10,"key":"SMITH"}],"circlet_count":0,"master_deck":["AscendersBane","Strike_G","Strike_G","Strike_G","Strike_G","Strike_G","Defend_G","Defend_G","Defend_G","Defend_G","Defend_G","Survivor","Neutralize+1","Poisoned Stab","Noxious Fumes+1","Choke","Crippling Poison+1","Backstab"],"relics":["Ring of the Snake","WarpedTongs","Omamori"],"acts_visited":["Exordium"],"potions_floor_usage":[12,14],"damage_taken":[{"damage":0,"enemies":"Small Slimes","floor":1,"turns":4},{"damage":0,"enemies":"Cultist","floor":4,"turns":4},{"damage":4,"enemies":"Jaw Worm","floor":5,"turns":3},{"damage":32,"enemies":"Exordium Thugs","floor":7,"turns":5},{"damage":8,"enemies":"Looter","floor":11,"turns":4},{"damage":5,"enemies":"Gremlin Gang","floor":12,"turns":4},{"damage":14,"enemies":"3 Sentries","floor":14,"turns":2}],"seed_played":"3437659408654203983","potions_obtained":[{"floor":4,"key":"ColorlessPotion"},{"floor":7,"key":"DistilledChaos"}],"is_trial":false,"path_per_floor":["M","?","$","M","M","R","M","R","T","R","M","M","?","E"],"character_chosen":"THE_SILENT","items_purchased":["Noxious Fumes"],"campfire_rested":0,"item_purchase_floors":[3],"current_hp_per_floor":[59,59,59,59,55,55,23,23,23,23,15,10,10,0,0],"gold":206,"neow_bonus":"HUNDRED_GOLD","is_daily":false,"chose_seed":false,"campfire_upgraded":3,"win_rate":0.0,"timestamp":1613869793,"path_taken":["M","?","$","M","M","R","M","R","T","R","?","M","?","E"],"items_purchased_type":["Card"],"build_version":"2020-12-22","purchased_purges":1,"victory":false,"max_hp_per_floor":[66,66,66,66,66,66,66,66,66,66,66,66,66,66,66],"card_choices":[{"not_picked":["Accuracy","Expertise"],"picked":"Poisoned Stab","floor":1},{"not_picked":["Accuracy","Cloak And Dagger"],"picked":"Choke","floor":4},{"not_picked":["Dagger Throw","Heel Hook"],"picked":"Crippling Poison","floor":5},{"not_picked":["Deflect","Bullet Time","Dash"],"picked":"SKIP","floor":7},{"not_picked":["Prepared","Caltrops"],"picked":"Backstab","floor":11},{"not_picked":["Choke","Flying Knee","Slice"],"picked":"SKIP","floor":12}],"player_experience":1637961,"relics_obtained":[{"floor":9,"key":"Omamori"}],"event_choices":[{"damage_healed":0,"gold_gain":0,"player_choice":"Rummage","damage_taken":0,"relics_obtained":["WarpedTongs"],"max_hp_gain":0,"max_hp_loss":0,"event_name":"Accursed Blacksmith","floor":2,"gold_loss":0,"cards_obtained":["Pain"]},{"damage_healed":0,"gold_gain":50,"player_choice":"Pray","damage_taken":0,"max_hp_gain":0,"max_hp_loss":0,"event_name":"Golden Shrine","floor":13,"gold_loss":0}],"is_beta":false,"boss_relics":[],"items_purged_floors":[3],"is_endless":false,"potions_floor_spawned":[4,7],"killed_by":"3 Sentries","ascension_level":20}}