{"host":"ow66nzv2xecjoor3","time":1613900047,"event":{"mods":["BaseMod","Bestiary","Block Reminder","Colored Powertips","Curses Come First","Highlight Path","Keyboard Shortcuts","Minty Spire (QoL Compilation)","Permanent Neow","Relic Stats","StSLib","UnlockEverythingMod"],"gold_per_floor":[118,118,142,166,179,223,223,236,288,328,328,53,68,91,91,185,185,206,230,230,253,266,266,266,266],"floor_reached":24,"language":"ENG","playtime":763,"items_purged":[],"score":524,"play_id":"6960b1be-af24-4b4a-adba-df736f918493","local_time":"20210221033407","is_ascension_mode":true,"campfire_choices":[{"data":"Fasting2","floor":7.0,"key":"SMITH"},{"data":"DeusExMachina","floor":15.0,"key":"SMITH"},{"data":"SpiritShield","floor":23,"key":"SMITH"}],"circlet_count":0,"master_deck":["AscendersBane","Strike_P","Strike_P","Strike_P","Strike_P","Defend_P","Defend_P","Defend_P","Defend_P","Eruption","Vigilance","DeusExMachina+1","FlyingSleeves","DeceiveReality","Crescendo+1","BattleHymn+1","Fasting2+1","Vengeance","FearNoEvil","SandsOfTime+1","SpiritShield+1","FollowUp+1","Halt","MentalFortress+1"],"relics":["PureWater","Golden Idol","CaptainsWheel","Frozen Egg 2","Molten Egg 2","Coffee Dripper","Nilry\u0027s Codex"],"acts_visited":["Exordium","TheCity"],"potions_floor_usage":[],"damage_taken":[{"damage":1.0,"enemies":"Cultist","floor":1.0,"turns":4.0},{"damage":1.0,"enemies":"2 Louse","floor":3.0,"turns":2.0},{"damage":0.0,"enemies":"Small Slimes","floor":4.0,"turns":3.0},{"damage":0.0,"enemies":"Looter","floor":5.0,"turns":3.0},{"damage":5.0,"enemies":"Lagavulin","floor":6.0,"turns":6.0},{"damage":6.0,"enemies":"3 Louse","floor":8.0,"turns":5.0},{"damage":3.0,"enemies":"3 Sentries","floor":10.0,"turns":6.0},{"damage":9.0,"enemies":"Large Slime","floor":13.0,"turns":3.0},{"damage":10.0,"enemies":"Gremlin Gang","floor":14.0,"turns":3.0},{"damage":0.0,"enemies":"Slime Boss","floor":16.0,"turns":4.0},{"damage":16,"enemies":"Shell Parasite","floor":18,"turns":2},{"damage":6,"enemies":"3 Byrds","floor":19,"turns":3},{"damage":4,"enemies":"Snake Plant","floor":21,"turns":4},{"damage":0,"enemies":"3 Cultists","floor":22,"turns":3},{"damage":13,"enemies":"Slavers","floor":24,"turns":1}],"seed_played":"-3469655052433174656","potions_obtained":[{"floor":3.0,"key":"BottledMiracle"},{"floor":6.0,"key":"BlessingOfTheForge"},{"floor":10.0,"key":"Strength Potion"},{"floor":21,"key":"BottledMiracle"}],"is_trial":false,"path_per_floor":["M","?","M","M","M","E","R","M","T","E","?","$","M","M","R","B",null,"M","M","?","M","M","R","E"],"character_chosen":"WATCHER","items_purchased":["Molten Egg 2"],"campfire_rested":0,"item_purchase_floors":[12],"current_hp_per_floor":[60,60,59,59,59,54,54,48,48,45,26,26,17,7,7,7,48,32,26,5,1,1,1,0,0],"gold":266,"neow_bonus":"ONE_RANDOM_RARE_CARD","is_daily":false,"chose_seed":false,"campfire_upgraded":3,"win_rate":0.0,"timestamp":1613900047,"path_taken":["M","?","M","M","M","E","R","M","T","E","?","$","M","M","R","BOSS","BOSS","M","M","?","M","M","R","E"],"items_purchased_type":["Relic"],"build_version":"2020-12-22","purchased_purges":0,"victory":false,"max_hp_per_floor":[68,62,62,62,62,62,62,62,62,62,62,62,62,62,62,62,62,62,62,62,62,62,62,62,62],"relic_stats":{"counters":[15,52],"Golden Idol":96,"obtain_stats":[{"CaptainsWheel":6,"Golden Idol":2,"Nilry\u0027s Codex":20,"Molten Egg 2":12,"Coffee Dripper":17,"PureWater":0,"Frozen Egg 2":10},{"CaptainsWheel":5,"Golden Idol":1,"Nilry\u0027s Codex":12,"Molten Egg 2":7,"Coffee Dripper":10,"PureWater":0,"Frozen Egg 2":7},{"CaptainsWheel":18,"Golden Idol":4,"Nilry\u0027s Codex":44,"Molten Egg 2":29,"Coffee Dripper":39,"PureWater":0,"Frozen Egg 2":29}]},"card_choices":[{"not_picked":["Meditate","EmptyFist"],"picked":"FlyingSleeves","floor":1.0},{"not_picked":["Collect","Study"],"picked":"DeceiveReality","floor":3.0},{"not_picked":["Study","ClearTheMind"],"picked":"Crescendo","floor":4.0},{"not_picked":["SignatureMove","Swivel"],"picked":"BattleHymn","floor":5.0},{"not_picked":["ThirdEye","FlyingSleeves"],"picked":"Fasting2","floor":6.0},{"not_picked":["WaveOfTheHand","ClearTheMind"],"picked":"Vengeance","floor":8.0},{"not_picked":["Indignation","Ragnarok"],"picked":"FearNoEvil","floor":10.0},{"not_picked":["ClearTheMind","Prostrate","Crescendo"],"picked":"SKIP","floor":13.0},{"not_picked":["Collect","CrushJoints+1"],"picked":"SandsOfTime+1","floor":14.0},{"not_picked":["Judgement","Devotion+1"],"picked":"SpiritShield","floor":16},{"not_picked":["Evaluate","ClearTheMind","Perseverance"],"picked":"SKIP","floor":18},{"not_picked":["Crescendo","InnerPeace"],"picked":"FollowUp+1","floor":19},{"not_picked":["FlurryOfBlows+1","Perseverance"],"picked":"Halt","floor":21},{"not_picked":["SignatureMove+1","EmptyMind+1"],"picked":"MentalFortress+1","floor":22}],"player_experience":2925392,"relics_obtained":[{"floor":6.0,"key":"CaptainsWheel"},{"floor":10.0,"key":"Frozen Egg 2"},{"floor":20,"key":"Nilry\u0027s Codex"}],"event_choices":[{"damage_healed":0.0,"max_hp_gain":0.0,"max_hp_loss":6.0,"gold_gain":0.0,"event_name":"Golden Idol","player_choice":"Lose Max HP","floor":2.0,"gold_loss":0.0,"damage_taken":0.0,"relics_obtained":["Golden Idol"]},{"damage_healed":0.0,"max_hp_gain":0.0,"max_hp_loss":0.0,"gold_gain":0.0,"event_name":"Shining Light","player_choice":"Entered Light","floor":11.0,"gold_loss":0.0,"damage_taken":19.0,"cards_upgraded":["Crescendo","BattleHymn"]},{"damage_healed":0,"gold_gain":0,"player_choice":"Obtained Book","damage_taken":21,"max_hp_gain":0,"max_hp_loss":0,"event_name":"Cursed Tome","floor":20,"gold_loss":0}],"is_beta":false,"boss_relics":[{"not_picked":["Black Star","HolyWater"],"picked":"Coffee Dripper"}],"items_purged_floors":[],"is_endless":false,"potions_floor_spawned":[3,6,8,10,13,21,22],"killed_by":"Slavers","ascension_level":20}}