{"host":"uv5ws9rdk87e8i5k","time":1613936132,"event":{"mods":["AchievementEnabler","BaseMod","Colored Map","Minty Spire (QoL Compilation)","Permanent Neow","Quick Restart","StSLib","SuperFastMode","The Necromancer","The Saiyan"],"gold_per_floor":[362,362,362,73,91,126,126,150,176,219,256,308,320,370,382,522,534,561,589,616,653,250,291,261,261,261],"floor_reached":25,"language":"ENG","playtime":919,"items_purged":["Injury","Strike_B"],"score":373,"play_id":"452c5fda-c10c-4ed5-993f-54e404223f92","local_time":"20210221133532","is_ascension_mode":true,"campfire_choices":[{"floor":7,"key":"REST"},{"data":"White Noise","floor":15,"key":"SMITH"}],"circlet_count":0,"master_deck":["Strike_B","Strike_B","Strike_B","Defend_B","Defend_B","Defend_B","Defend_B","Zap","Dualcast","Genetic Algorithm","Loop","Leap","Conserve Battery","White Noise+1","Conserve Battery","Buffer+1","Hello World+1","Glacier","Machine Learning+1","Turbo+1","Chaos","Coolheaded","Hello World+1","Ball Lightning","Glacier"],"relics":["Cracked Core","Golden Idol","Blood Vial","Membership Card","Potion Belt","MawBank","Frozen Egg 2","Torii","Centennial Puzzle","Runic Dome","FossilizedHelix","Regal Pillow","Ancient Tea Set"],"acts_visited":["Exordium","TheCity"],"potions_floor_usage":[6,6,12,16,20,23,25,25,25],"damage_taken":[{"damage":9,"enemies":"Jaw Worm","floor":1,"turns":3},{"damage":1,"enemies":"2 Louse","floor":5,"turns":3},{"damage":23,"enemies":"Lagavulin","floor":6,"turns":7},{"damage":0,"enemies":"Cultist","floor":8,"turns":4},{"damage":24,"enemies":"3 Sentries","floor":10,"turns":8},{"damage":2,"enemies":"Large Slime","floor":11,"turns":7},{"damage":8,"enemies":"Gremlin Nob","floor":12,"turns":5},{"damage":0,"enemies":"Lagavulin","floor":14,"turns":7},{"damage":20,"enemies":"The Guardian","floor":16,"turns":8},{"damage":10,"enemies":"3 Byrds","floor":18,"turns":4},{"damage":1,"enemies":"Chosen","floor":19,"turns":5},{"damage":1,"enemies":"Shelled Parasite and Fungi","floor":20,"turns":16},{"damage":10,"enemies":"Centurion and Healer","floor":21,"turns":10},{"damage":43,"enemies":"Gremlin Leader","floor":23,"turns":7},{"damage":14,"enemies":"Book of Stabbing","floor":25,"turns":5}],"seed_played":"-5103090060649670243","potions_obtained":[{"floor":1,"key":"PowerPotion"},{"floor":8,"key":"SteroidPotion"},{"floor":12,"key":"EssenceOfDarkness"},{"floor":14,"key":"Ancient Potion"},{"floor":16,"key":"FearPotion"},{"floor":18,"key":"BlessingOfTheForge"},{"floor":19,"key":"PotionOfCapacity"},{"floor":24,"key":"Fire Potion"},{"floor":24,"key":"PotionOfCapacity"}],"is_trial":false,"path_per_floor":["M","?","?","$","M","E","R","M","T","E","M","E","?","E","R","B",null,"M","M","M","M","$","E","?","E"],"character_chosen":"DEFECT","items_purchased":["Membership Card","DistilledChaos","Loop","Leap","FossilizedHelix","Chaos","Coolheaded","Hello World+1","Regal Pillow","Ball Lightning","Block Potion"],"campfire_rested":1,"item_purchase_floors":[4,4,4,4,22,22,22,22,22,22,22],"current_hp_per_floor":[41,41,34,34,35,14,36,38,38,16,16,10,35,37,37,19,61,53,54,55,47,47,6,6,0,0],"gold":261,"neow_bonus":"TWO_FIFTY_GOLD","is_daily":false,"chose_seed":false,"campfire_upgraded":1,"win_rate":0.0,"timestamp":1613936132,"path_taken":["M","?","?","$","M","E","R","M","T","E","M","E","?","E","R","BOSS","M","M","M","M","$","E","?","E"],"items_purchased_type":["Relic","Potion","Card","Card","Relic","Card","Card","Card","Relic","Card","Potion"],"build_version":"2020-12-22","purchased_purges":2,"victory":false,"max_hp_per_floor":[75,75,75,75,75,75,75,75,75,75,75,75,75,75,75,75,75,75,75,75,75,75,75,75,75,75],"card_choices":[{"not_picked":["Go for the Eyes","Reprogram"],"picked":"Genetic Algorithm","floor":1},{"not_picked":["Barrage","Stack"],"picked":"Conserve Battery","floor":5},{"not_picked":["Fission","Gash"],"picked":"White Noise","floor":6},{"not_picked":["Steam","Beam Cell"],"picked":"Conserve Battery","floor":8},{"not_picked":["Compile Driver","Ball Lightning"],"picked":"Buffer+1","floor":10},{"not_picked":["Leap","Hologram","Blizzard"],"picked":"SKIP","floor":11},{"not_picked":["Hyperbeam","Rebound"],"picked":"Hello World+1","floor":12},{"not_picked":["Hologram","Redo"],"picked":"Glacier","floor":14},{"not_picked":["Fission","Seek"],"picked":"Machine Learning+1","floor":16},{"not_picked":["Consume+1","Hologram+1"],"picked":"Turbo+1","floor":18},{"not_picked":["Beam Cell+1","Stack","Turbo+1"],"picked":"SKIP","floor":19},{"not_picked":["Turbo+1","Scrape+1","Leap"],"picked":"SKIP","floor":20},{"not_picked":["Leap+1","Hyperbeam","Reprogram+1"],"picked":"SKIP","floor":21},{"not_picked":["Scrape","Biased Cognition+1"],"picked":"Glacier","floor":23}],"player_experience":233913,"relics_obtained":[{"floor":6,"key":"Potion Belt"},{"floor":9,"key":"MawBank"},{"floor":10,"key":"Frozen Egg 2"},{"floor":12,"key":"Torii"},{"floor":14,"key":"Centennial Puzzle"},{"floor":23,"key":"Ancient Tea Set"}],"event_choices":[{"damage_healed":0,"gold_gain":0,"player_choice":"Take Wound","damage_taken":0,"relics_obtained":["Golden Idol"],"max_hp_gain":0,"max_hp_loss":0,"event_name":"Golden Idol","floor":2,"gold_loss":0,"cards_obtained":["Injury"]},{"damage_healed":0,"gold_gain":0,"player_choice":"Success","damage_taken":7,"relics_obtained":["Blood Vial"],"max_hp_gain":0,"max_hp_loss":0,"event_name":"Scrap Ooze","floor":3,"gold_loss":0},{"damage_healed":25,"gold_gain":0,"player_choice":"Banana","damage_taken":0,"max_hp_gain":0,"max_hp_loss":0,"event_name":"Big Fish","floor":13,"gold_loss":0},{"damage_healed":0,"gold_gain":0,"player_choice":"Bought 2 Potions","damage_taken":0,"max_hp_gain":0,"max_hp_loss":0,"event_name":"The Woman in Blue","floor":24,"gold_loss":0}],"is_beta":false,"boss_relics":[{"not_picked":["Fusion Hammer","Busted Crown"],"picked":"Runic Dome"}],"items_purged_floors":[4,22],"is_endless":false,"potions_floor_spawned":[1,8,12,14,16,18,19],"killed_by":"Book of Stabbing","ascension_level":7}}