{"host":"iv24d026eac8pm4e","time":1613930736,"event":{"mods":["BaseMod","Minty Spire (QoL Compilation)"],"gold_per_floor":[116,127,138,138,157,157,177,191,260,260,290,290,290,309,309,309,309],"floor_reached":16,"language":"ENG","playtime":430,"items_purged":[],"score":165,"play_id":"fd19b809-7408-48ad-b0e5-72043e78389f","local_time":"20210221100536","is_ascension_mode":true,"campfire_choices":[{"data":"Juggernaut","floor":6,"key":"SMITH"},{"floor":13,"key":"REST"},{"data":"Entrench","floor":15,"key":"SMITH"}],"circlet_count":0,"master_deck":["AscendersBane","Strike_R","Strike_R","Strike_R","Defend_R","Defend_R","Defend_R","Defend_R","Bash","Juggernaut+1","Carnage","Rupture","Spot Weakness","Clothesline","Cleave","Entrench+1","Entrench","Shrug It Off"],"relics":["Burning Blood","Calipers","Pantograph"],"acts_visited":["Exordium"],"potions_floor_usage":[5],"damage_taken":[{"damage":9,"enemies":"Jaw Worm","floor":1,"turns":5},{"damage":1,"enemies":"2 Louse","floor":2,"turns":2},{"damage":5,"enemies":"Small Slimes","floor":3,"turns":5},{"damage":20,"enemies":"3 Louse","floor":5,"turns":4},{"damage":21,"enemies":"Exordium Wildlife","floor":7,"turns":5},{"damage":2,"enemies":"Looter","floor":8,"turns":4},{"damage":16,"enemies":"Red Slaver","floor":14,"turns":4},{"damage":50,"enemies":"Hexaghost","floor":16,"turns":9}],"seed_played":"582379783544721294","potions_obtained":[{"floor":2,"key":"Swift Potion"},{"floor":3,"key":"SmokeBomb"},{"floor":14,"key":"SpeedPotion"}],"is_trial":false,"path_per_floor":["M","M","M","?","M","R","M","M","T","?","?","?","R","M","R","B"],"character_chosen":"IRONCLAD","items_purchased":[],"campfire_rested":1,"item_purchase_floors":[],"current_hp_per_floor":[65,70,71,45,31,31,16,20,20,13,13,13,35,25,25,0,0],"gold":309,"neow_bonus":"ONE_RANDOM_RARE_CARD","is_daily":false,"chose_seed":false,"campfire_upgraded":2,"win_rate":0.0,"timestamp":1613930736,"path_taken":["M","M","M","?","M","R","M","M","T","?","?","?","R","M","R","BOSS"],"items_purchased_type":[],"build_version":"2020-12-22","purchased_purges":0,"victory":false,"max_hp_per_floor":[75,75,75,75,75,75,75,75,75,75,75,75,75,75,75,75,75],"card_choices":[{"not_picked":["Armaments","Heavy Blade"],"picked":"Carnage","floor":1},{"not_picked":["Sword Boomerang","Twin Strike"],"picked":"Rupture","floor":2},{"not_picked":["Perfected Strike","Headbutt"],"picked":"Spot Weakness","floor":3},{"not_picked":["Sword Boomerang","Havoc"],"picked":"Clothesline","floor":5},{"not_picked":["Seeing Red","Body Slam"],"picked":"Cleave","floor":7},{"not_picked":["Exhume","Shockwave"],"picked":"Entrench","floor":8},{"not_picked":["Carnage","Havoc"],"picked":"Shrug It Off","floor":14}],"player_experience":2558309,"relics_obtained":[{"floor":9,"key":"Pantograph"}],"event_choices":[{"damage_healed":0,"gold_gain":0,"player_choice":"Success","damage_taken":26,"relics_obtained":["Calipers"],"max_hp_gain":0,"max_hp_loss":0,"event_name":"Scrap Ooze","floor":4,"gold_loss":0},{"cards_removed":["Strike_R"],"damage_healed":0,"gold_gain":0,"player_choice":"Card Removal","damage_taken":7,"max_hp_gain":0,"max_hp_loss":0,"event_name":"Golden Wing","floor":10,"gold_loss":0},{"damage_healed":0,"gold_gain":30,"player_choice":"Searched \u00272\u0027 times","damage_taken":0,"max_hp_gain":0,"max_hp_loss":0,"event_name":"Dead Adventurer","floor":11,"gold_loss":0},{"damage_healed":0,"gold_gain":0,"cards_transformed":["Strike_R"],"player_choice":"Change","damage_taken":0,"max_hp_gain":0,"max_hp_loss":0,"event_name":"Living Wall","floor":12,"gold_loss":0,"cards_obtained":["Entrench"]}],"is_beta":false,"boss_relics":[],"items_purged_floors":[],"is_endless":false,"potions_floor_spawned":[2,3,14],"killed_by":"Hexaghost","ascension_level":15}}