{"host":"fyvphxqbgz2qvgcm","time":1613916956,"event":{"mods":["AchievementEnabler","BaseMod","Better Altar","Better Third Choice","BetterRewards","Card Forge","Custom Start","Minty Spire (QoL Compilation)","Quick Restart","Shop Mod","Spicy Shops","StSLib","Thieving Mod","UnlockEverythingMod"],"gold_per_floor":[113,48,48,48,66,66,92,92,119,119,132,132,149,182,182,256,256,275,200,18,33,333,333,350,380,380,405,405,405,473,507,507,507,507],"floor_reached":33,"language":"ZHS","playtime":771,"items_purged":[],"score":668,"play_id":"8937f6a9-dc6e-4bf3-80ee-18c182ba4938","local_time":"20210221221556","is_ascension_mode":true,"campfire_choices":[{"data":"Searing Blow","floor":6.0,"key":"SMITH"},{"data":"Searing Blow+1","floor":10.0,"key":"SMITH"},{"data":"Searing Blow+2","floor":15.0,"key":"SMITH"},{"data":"Limit Break","floor":23.0,"key":"SMITH"},{"data":"Searing Blow+3","floor":29.0,"key":"SMITH"},{"floor":32.0,"key":"REST"}],"circlet_count":0,"master_deck":["AscendersBane","Strike_R","Strike_R+1","Strike_R+1","Defend_R+1","Defend_R+1","Defend_R","Defend_R","Bash","Searing Blow+4","Thunderclap","Shockwave","Spot Weakness","Bloodletting","Shrug It Off","Inflame","Carnage","Limit Break+1","Clothesline+1","Armaments","True Grit","Shame","Sentinel","Flex+1","Battle Trance","Juggernaut","Barricade"],"relics":["Burning Blood","Hammer of Thor","Seething Fire","Anvil of the Gods","NeowsBlessing","Anchor","ClockworkSouvenir","War Paint","StrikeDummy","Oddly Smooth Stone","Paper Frog","Art of War","Mark of Pain","Torii","Vajra","Old Coin","The Courier","Gremlin Horn","Shuriken","Sundial","Bird Faced Urn"],"acts_visited":["Exordium","TheCity"],"potions_floor_usage":[],"damage_taken":[{"damage":0.0,"enemies":"Small Slimes","floor":1.0,"turns":1.0},{"damage":0.0,"enemies":"Jaw Worm","floor":5.0,"turns":1.0},{"damage":0.0,"enemies":"Lagavulin","floor":7.0,"turns":1.0},{"damage":0.0,"enemies":"Cultist","floor":11.0,"turns":3.0},{"damage":1.0,"enemies":"Exordium Wildlife","floor":13.0,"turns":3.0},{"damage":22.0,"enemies":"Gremlin Nob","floor":14.0,"turns":4.0},{"damage":32.0,"enemies":"Hexaghost","floor":16.0,"turns":7.0},{"damage":9.0,"enemies":"Chosen","floor":18.0,"turns":3.0},{"damage":12.0,"enemies":"Spheric Guardian","floor":21.0,"turns":4.0},{"damage":8.0,"enemies":"Snecko","floor":24.0,"turns":5.0},{"damage":2.0,"enemies":"Slavers","floor":25.0,"turns":4.0},{"damage":14.0,"enemies":"Book of Stabbing","floor":27.0,"turns":5.0},{"damage":32.0,"enemies":"Gremlin Leader","floor":31.0,"turns":5.0},{"damage":35,"enemies":"Collector","floor":33,"turns":3}],"seed_played":"1290911413197211350","potions_obtained":[{"floor":7.0,"key":"ThievingMod:ThievingPotion"},{"floor":21.0,"key":"ColorlessPotion"},{"floor":24.0,"key":"SteroidPotion"}],"is_trial":false,"path_per_floor":["M","$","?","?","M","R","E","?","T","R","M","T","M","E","R","B",null,"M","?","$","M","?","R","M","E","T","E","?","R","T","E","R","B"],"character_chosen":"IRONCLAD","items_purchased":["War Paint","Vajra","Armaments"],"campfire_rested":1,"item_purchase_floors":[2,20,20],"current_hp_per_floor":[74,74,51,51,57,57,63,63,63,63,69,69,74,58,58,32,64,61,61,61,55,55,55,53,57,57,49,49,49,49,23,45,10,10],"gold":507,"neow_bonus":"THREE_ENEMY_KILL","is_daily":false,"chose_seed":false,"campfire_upgraded":5,"win_rate":0.0,"timestamp":1613916956,"path_taken":["M","$","?","?","M","R","E","?","T","R","?","?","M","E","R","BOSS","M","?","$","M","?","R","M","E","T","E","?","R","?","E","R","BOSS"],"items_purchased_type":["Relic","Relic","Card"],"build_version":"2020-12-22","purchased_purges":0,"victory":false,"max_hp_per_floor":[75,75,75,75,75,75,75,75,75,75,75,75,75,75,75,75,75,75,75,75,75,75,75,75,75,75,75,75,75,75,75,75,75,75],"card_choices":[{"not_picked":["Anger","Dropkick"],"picked":"Searing Blow","floor":1.0},{"not_picked":["Perfected Strike","Body Slam"],"picked":"Shockwave","floor":5.0},{"not_picked":["Rampage","Warcry"],"picked":"Spot Weakness","floor":7.0},{"not_picked":["Cleave","Perfected Strike"],"picked":"Shrug It Off","floor":11.0},{"not_picked":["Shockwave","Thunderclap"],"picked":"Inflame","floor":13.0},{"not_picked":["Havoc","Searing Blow"],"picked":"Carnage","floor":14.0},{"not_picked":["Offering","Barricade"],"picked":"Limit Break","floor":16.0},{"not_picked":["Wild Strike","Anger"],"picked":"Clothesline+1","floor":18.0},{"not_picked":["Sword Boomerang","Twin Strike"],"picked":"True Grit","floor":21.0},{"not_picked":["True Grit","Bloodletting"],"picked":"Sentinel","floor":24.0},{"not_picked":["Clash","Thunderclap"],"picked":"Flex+1","floor":25.0},{"not_picked":["Anger","Warcry"],"picked":"Battle Trance","floor":27.0},{"not_picked":["Carnage","Heavy Blade"],"picked":"Barricade","floor":31.0}],"player_experience":8837,"relics_obtained":[{"floor":7.0,"key":"StrikeDummy"},{"floor":9.0,"key":"Oddly Smooth Stone"},{"floor":12.0,"key":"Paper Frog"},{"floor":14.0,"key":"Art of War"},{"floor":25.0,"key":"The Courier"},{"floor":26.0,"key":"Gremlin Horn"},{"floor":27.0,"key":"Shuriken"},{"floor":30.0,"key":"Sundial"},{"floor":31.0,"key":"Bird Faced Urn"}],"event_choices":[{"damage_healed":74.0,"max_hp_gain":0.0,"max_hp_loss":75.0,"gold_gain":0.0,"event_name":"betterThird:BetterShining","player_choice":"Upgrade","floor":3.0,"gold_loss":0.0,"damage_taken":23.0,"cards_upgraded":["Strike_R","Strike_R"]},{"damage_healed":0.0,"max_hp_gain":0.0,"max_hp_loss":0.0,"gold_gain":0.0,"cards_transformed":["Strike_R"],"event_name":"Living Wall","player_choice":"Change","floor":4.0,"gold_loss":0.0,"damage_taken":0.0,"cards_obtained":["Thunderclap"]},{"damage_healed":0.0,"max_hp_gain":0.0,"max_hp_loss":0.0,"gold_gain":0.0,"cards_transformed":["Strike_R"],"event_name":"Transmorgrifier","player_choice":"Transformed","floor":8.0,"gold_loss":0.0,"damage_taken":0.0,"cards_obtained":["Bloodletting"]},{"cards_removed":["Shame"],"damage_healed":0.0,"max_hp_gain":0.0,"max_hp_loss":0.0,"gold_gain":0.0,"event_name":"Beggar","player_choice":"Gave Gold","floor":19.0,"gold_loss":75.0,"damage_taken":0.0},{"damage_healed":0.0,"max_hp_gain":0.0,"max_hp_loss":0.0,"gold_gain":0.0,"event_name":"Addict","player_choice":"Stole Relic","floor":22.0,"gold_loss":0.0,"damage_taken":0.0,"relics_obtained":["Old Coin"],"cards_obtained":["Shame"]},{"damage_healed":0.0,"max_hp_gain":0.0,"max_hp_loss":0.0,"gold_gain":0.0,"event_name":"The Library","player_choice":"Read","floor":28.0,"gold_loss":0.0,"damage_taken":0.0,"cards_obtained":["Juggernaut"]}],"is_beta":false,"boss_relics":[{"not_picked":["Ectoplasm","Calling Bell"],"picked":"Mark of Pain"}],"items_purged_floors":[],"is_endless":false,"potions_floor_spawned":[7,21,24],"killed_by":"Collector","ascension_level":20}}