{"host":"5n1fl7z5i1vf7jan","time":1613903472,"event":{"mods":["BaseMod","Minty Spire (QoL Compilation)","Quick Restart","Relic Stats"],"gold_per_floor":[109,125,125,142,142,174,174,199,225,238,238,317,329,348,348,426,426,437,4,14,14,30,30,57,73,73,83,83,118,137,154,154,154,154],"floor_reached":33,"language":"ENG","playtime":1543,"items_purged":["Strike_B"],"score":602,"play_id":"2d3d6516-e8f6-4c7b-a90c-7c7d139a1551","local_time":"20210221023112","is_ascension_mode":true,"campfire_choices":[{"data":"Streamline","floor":7.0,"key":"SMITH"},{"floor":11.0,"key":"REST"},{"floor":15.0,"key":"REST"},{"floor":23.0,"key":"REST"},{"floor":32,"key":"REST"}],"circlet_count":0,"master_deck":["AscendersBane","Strike_B","Strike_B","Defend_B","Defend_B","Defend_B","Defend_B","Zap","Dualcast","Rebound","Cold Snap","Electrodynamics","Conserve Battery","FTL","BootSequence","Streamline+1","Cold Snap","Chaos","Coolheaded","Fission+1","CurseOfTheBell","Ball Lightning","Mayhem+1","Steam","Defragment+1","Leap+1","Decay","Machine Learning+1","Sweeping Beam+1","Cold Snap"],"relics":["Cracked Core","NeowsBlessing","Oddly Smooth Stone","Bag of Preparation","Anchor","Kunai","Calling Bell","Centennial Puzzle","Darkstone Periapt","Ginger","Membership Card","Frozen Egg 2","Emotion Chip","Strawberry","Blue Candle"],"acts_visited":["Exordium","TheCity"],"potions_floor_usage":[],"damage_taken":[{"damage":0.0,"enemies":"Small Slimes","floor":1.0,"turns":1.0},{"damage":0.0,"enemies":"Cultist","floor":2.0,"turns":1.0},{"damage":0.0,"enemies":"Jaw Worm","floor":4.0,"turns":1.0},{"damage":18.0,"enemies":"Lagavulin","floor":6.0,"turns":4.0},{"damage":36.0,"enemies":"Gremlin Nob","floor":8.0,"turns":4.0},{"damage":0.0,"enemies":"Gremlin Gang","floor":10.0,"turns":2.0},{"damage":0.0,"enemies":"Blue Slaver","floor":13.0,"turns":3.0},{"damage":0.0,"enemies":"Red Slaver","floor":14.0,"turns":4.0},{"damage":4.0,"enemies":"The Guardian","floor":16.0,"turns":15.0},{"damage":20.0,"enemies":"Chosen","floor":18.0,"turns":7.0},{"damage":6.0,"enemies":"Spheric Guardian","floor":20.0,"turns":7.0},{"damage":10.0,"enemies":"3 Cultists","floor":22.0,"turns":3.0},{"damage":6.0,"enemies":"Slavers","floor":24.0,"turns":4.0},{"damage":0.0,"enemies":"Chosen and Byrds","floor":25.0,"turns":3.0},{"damage":0.0,"enemies":"Cultist and Chosen","floor":27.0,"turns":5.0},{"damage":35.0,"enemies":"Gremlin Leader","floor":29.0,"turns":8.0},{"damage":1,"enemies":"Centurion and Healer","floor":30,"turns":6},{"damage":9,"enemies":"Snecko","floor":31,"turns":8},{"damage":63,"enemies":"Champ","floor":33,"turns":13}],"seed_played":"4200219909048933748","potions_obtained":[{"floor":1.0,"key":"BlessingOfTheForge"},{"floor":2.0,"key":"Energy Potion"},{"floor":13.0,"key":"EssenceOfSteel"},{"floor":14.0,"key":"DuplicationPotion"},{"floor":18.0,"key":"Fire Potion"},{"floor":24.0,"key":"Fruit Juice"},{"floor":27.0,"key":"DuplicationPotion"},{"floor":31,"key":"SteroidPotion"}],"is_trial":false,"path_per_floor":["M","M","?","M","?","E","R","E","T","M","R","T","M","M","R","B",null,"M","$","M","?","M","R","E","M","T","M","?","E","M","M","R","B"],"character_chosen":"DEFECT","items_purchased":["Membership Card","Frozen Egg 2","Mayhem+1"],"campfire_rested":4,"item_purchase_floors":[19,19,19],"current_hp_per_floor":[64,64,64,64,57,39,39,3,3,3,24,24,24,24,45,41,64,44,44,38,38,28,49,43,43,50,50,56,26,25,16,42,0,0],"gold":154,"neow_bonus":"THREE_ENEMY_KILL","is_daily":false,"chose_seed":false,"campfire_upgraded":1,"win_rate":0.0,"timestamp":1613903472,"path_taken":["M","M","?","?","?","E","R","E","T","M","R","?","M","M","R","BOSS","M","$","?","?","M","R","E","M","T","?","?","E","M","M","R","BOSS"],"items_purchased_type":["Relic","Relic","Card"],"build_version":"2020-12-22","purchased_purges":1,"victory":false,"max_hp_per_floor":[71,71,71,71,71,71,71,71,71,71,71,71,71,71,71,71,71,71,71,71,71,71,71,71,71,78,78,84,89,89,89,89,89,89],"relic_stats":{"Darkstone Periapt":6,"Centennial Puzzle":[24],"Emotion Chip":[18,6,10,2,0],"counters":[19,99],"Blue Candle":[5],"Bag of Preparation":[28],"Kunai":[19],"Ginger":[28],"obtain_stats":[{"Darkstone Periapt":17,"NeowsBlessing":0,"Blue Candle":29,"Oddly Smooth Stone":6,"Bag of Preparation":8,"Ginger":17,"Frozen Egg 2":19,"Calling Bell":17,"Anchor":9,"Centennial Puzzle":17,"Emotion Chip":24,"Strawberry":26,"Kunai":12,"Membership Card":19,"Cracked Core":0},{"Darkstone Periapt":9,"NeowsBlessing":0,"Blue Candle":16,"Oddly Smooth Stone":4,"Bag of Preparation":5,"Ginger":9,"Frozen Egg 2":10,"Calling Bell":9,"Anchor":5,"Centennial Puzzle":9,"Emotion Chip":13,"Strawberry":14,"Kunai":6,"Membership Card":10,"Cracked Core":0},{"Darkstone Periapt":35,"NeowsBlessing":0,"Blue Candle":72,"Oddly Smooth Stone":7,"Bag of Preparation":11,"Ginger":35,"Frozen Egg 2":42,"Calling Bell":35,"Anchor":11,"Centennial Puzzle":35,"Emotion Chip":56,"Strawberry":59,"Kunai":13,"Membership Card":42,"Cracked Core":0}]},"card_choices":[{"not_picked":["Scrape","Gash"],"picked":"Rebound","floor":1.0},{"not_picked":["Conserve Battery","Gash"],"picked":"Cold Snap","floor":2.0},{"not_picked":["Hologram","Blizzard"],"picked":"BootSequence","floor":4.0},{"not_picked":["Leap","Redo"],"picked":"Streamline","floor":6.0},{"not_picked":["BootSequence","Thunder Strike"],"picked":"Cold Snap","floor":8.0},{"not_picked":["Sweeping Beam","Hologram"],"picked":"Chaos","floor":10.0},{"not_picked":["Fusion","Sweeping Beam"],"picked":"Coolheaded","floor":13.0},{"not_picked":["Aggregate","Force Field","Hello World"],"picked":"SKIP","floor":14.0},{"not_picked":["Amplify","Multi-Cast"],"picked":"Fission","floor":16.0},{"not_picked":["Compile Driver","Leap"],"picked":"Ball Lightning","floor":18.0},{"not_picked":["Auto Shields","Scrape","Gash"],"picked":"SKIP","floor":20.0},{"not_picked":["Stack","Undo"],"picked":"Steam","floor":22.0},{"not_picked":["Turbo","Reinforced Body"],"picked":"Defragment+1","floor":24.0},{"not_picked":["Rebound","Leap","Consume"],"picked":"SKIP","floor":25.0},{"not_picked":["Reinforced Body","Ball Lightning"],"picked":"Leap+1","floor":27.0},{"not_picked":["Cold Snap","Turbo"],"picked":"Machine Learning+1","floor":29.0},{"not_picked":["Leap","Beam Cell"],"picked":"Sweeping Beam+1","floor":30},{"not_picked":["Machine Learning+1","Scrape+1"],"picked":"Cold Snap","floor":31}],"player_experience":372458,"relics_obtained":[{"floor":6.0,"key":"Oddly Smooth Stone"},{"floor":8.0,"key":"Bag of Preparation"},{"floor":9.0,"key":"Anchor"},{"floor":12.0,"key":"Kunai"},{"floor":17.0,"key":"Centennial Puzzle"},{"floor":17.0,"key":"Darkstone Periapt"},{"floor":17.0,"key":"Ginger"},{"floor":24.0,"key":"Emotion Chip"},{"floor":26.0,"key":"Strawberry"},{"floor":29.0,"key":"Blue Candle"}],"event_choices":[{"damage_healed":0.0,"max_hp_gain":0.0,"max_hp_loss":0.0,"gold_gain":0.0,"event_name":"Match and Keep!","player_choice":"3 cards matched","floor":3.0,"gold_loss":0.0,"damage_taken":0.0,"cards_obtained":["Electrodynamics","Conserve Battery","FTL"]},{"cards_removed":["Strike_B"],"damage_healed":0.0,"max_hp_gain":0.0,"max_hp_loss":0.0,"gold_gain":0.0,"event_name":"Golden Wing","player_choice":"Card Removal","floor":5.0,"gold_loss":0.0,"damage_taken":7.0},{"damage_healed":0.0,"max_hp_gain":0.0,"max_hp_loss":0.0,"gold_gain":0.0,"event_name":"Upgrade Shrine","player_choice":"Upgraded","floor":21.0,"gold_loss":0.0,"damage_taken":0.0,"cards_upgraded":["Fission"]},{"damage_healed":0.0,"max_hp_gain":0.0,"max_hp_loss":0.0,"gold_gain":0.0,"event_name":"Forgotten Altar","player_choice":"Smashed Altar","floor":28.0,"gold_loss":0.0,"damage_taken":0.0,"cards_obtained":["Decay"]}],"is_beta":false,"boss_relics":[{"not_picked":["Busted Crown","SlaversCollar"],"picked":"Calling Bell"}],"items_purged_floors":[19],"is_endless":false,"potions_floor_spawned":[1,2,13,14,18,24,27,31],"killed_by":"Champ","ascension_level":20}}