{"host":"cd25ms2o8pjhjp7m","time":1613911255,"event":{"mods":["Aspiration","BaseMod","Bestiary","Better Third Choice","BetterRewards","Conspire","Curses Come First","Friendly Minions","GifTheSpireLib","Hubris","Infinite Spire","Minty Spire (QoL Compilation)","Rare Cards Sparkle","Relic Stats","Reliquary","Replay The Spire","Robot Space Explorer","StSLib","The Poker Player","The Runesmith","Uncapped","[IsaacMod]????","??????REMEMod"],"gold_per_floor":[20,32,32,50,14,14,14,14],"floor_reached":7,"language":"DEU","playtime":418,"items_purged":[],"score":41,"play_id":"61934146-4706-49b8-9078-a2173b636207","local_time":"20210221134055","is_ascension_mode":false,"campfire_choices":[{"data":"Replay:Anticipation","floor":6,"key":"SMITH"}],"circlet_count":0,"master_deck":["Strike_P","Strike_P","Strike_P","Strike_P","Defend_P","Defend_P","Defend_P","Defend_P","Eruption","Vigilance","DoctorFetus","Echo Form","Replay:Anticipation+1","Perseverance","Fasting2"],"relics":["PureWater","REME_ComplimentaryCards","HushsDoor","GuppysPaw","PokeGo","infinitespire:Beetle Shell"],"acts_visited":["Exordium"],"potions_floor_usage":[],"damage_taken":[{"damage":8,"enemies":"Cultist","floor":1,"turns":5},{"damage":3,"enemies":"2 Louse","floor":2,"turns":3},{"damage":10,"enemies":"Jaw Worm","floor":4,"turns":6},{"damage":45,"enemies":"Gremlin Nob","floor":7,"turns":6}],"seed_played":"3442199308107148683","potions_obtained":[{"floor":2,"key":"Ancient Potion"},{"floor":4,"key":"BottledMiracle"}],"is_trial":false,"path_per_floor":["M","M","?","M","$","R","E"],"character_chosen":"WATCHER","items_purchased":["Fasting2"],"campfire_rested":0,"item_purchase_floors":[5],"current_hp_per_floor":[64,61,54,44,44,44,0,0],"gold":14,"neow_bonus":"ONE_RARE_RELIC","is_daily":false,"chose_seed":false,"campfire_upgraded":1,"win_rate":0.0,"timestamp":1613911255,"path_taken":["M","?","?","M","$","R","E"],"items_purchased_type":["Card"],"build_version":"2020-12-22","purchased_purges":0,"victory":false,"max_hp_per_floor":[72,72,72,72,72,72,72,72],"relic_stats":{"counters":[4,20],"obtain_stats":[{"KeepersGift":0,"PokeGo":1,"GuppysPaw":0,"infinitespire:Beetle Shell":3,"PureWater":0,"HushsDoor":0,"REME_ComplimentaryCards":0},{"KeepersGift":0,"PokeGo":1,"GuppysPaw":0,"infinitespire:Beetle Shell":2,"PureWater":0,"HushsDoor":0,"REME_ComplimentaryCards":0},{"KeepersGift":0,"PokeGo":2,"GuppysPaw":0,"infinitespire:Beetle Shell":8,"PureWater":0,"HushsDoor":0,"REME_ComplimentaryCards":0}]},"card_choices":[{"not_picked":[],"picked":"DoctorFetus","floor":0},{"not_picked":["TalkToTheHand","ThirdEye"],"picked":"Replay:Anticipation","floor":1},{"not_picked":["EmptyBody","JustLucky","Replay:Anticipation"],"picked":"SKIP","floor":2},{"not_picked":["Replay:AtTheReady","ThirdEye"],"picked":"Perseverance","floor":4}],"player_experience":498592,"relics_obtained":[],"event_choices":[{"damage_healed":0,"gold_gain":0,"player_choice":"Relic ","damage_taken":7,"max_hp_gain":0,"max_hp_loss":0,"event_name":"betterThird:BetterScrap","floor":3,"gold_loss":0,"cards_obtained":["Setup"]}],"is_beta":false,"boss_relics":[],"items_purged_floors":[],"is_endless":false,"potions_floor_spawned":[2,4],"killed_by":"Gremlin Nob","ascension_level":0}}