{"host":"b9sas8jv6tsy9swm","time":1613913928,"event":{"mods":["AchievementEnabler","BaseMod","Minty Spire (QoL Compilation)","Permanent Neow","Quick Restart","StSLib"],"gold_per_floor":[113,113,113,129,142,142,170,170,170,170,170],"floor_reached":10,"language":"ZHS","playtime":9114,"items_purged":[],"score":73,"play_id":"02f38732-d928-4966-88ce-fa1bbcfb0c02","local_time":"20210221212528","is_ascension_mode":true,"campfire_choices":[{"data":"Eruption","floor":6,"key":"SMITH"},{"data":"CutThroughFate","floor":8,"key":"SMITH"}],"circlet_count":0,"master_deck":["Strike_P","Strike_P","Strike_P","Strike_P","Defend_P","Defend_P","Defend_P","Defend_P","Eruption+1","Vigilance","CutThroughFate+1","FlurryOfBlows"],"relics":["PureWater","Ice Cream","Dead Branch","Smiling Mask"],"acts_visited":["Exordium"],"potions_floor_usage":[10],"damage_taken":[{"damage":6,"enemies":"2 Louse","floor":1,"turns":2},{"damage":2,"enemies":"Small Slimes","floor":4,"turns":3},{"damage":0,"enemies":"Cultist","floor":5,"turns":2},{"damage":9,"enemies":"3 Sentries","floor":7,"turns":6},{"damage":0,"enemies":"Gremlin Nob","floor":10,"turns":2}],"seed_played":"-7444263288713371197","potions_obtained":[{"floor":7,"key":"EssenceOfSteel"}],"is_trial":false,"path_per_floor":["M","?","?","M","M","R","E","R","T","E"],"character_chosen":"WATCHER","items_purchased":[],"campfire_rested":0,"item_purchase_floors":[],"current_hp_per_floor":[59,59,34,32,32,32,23,23,23,23,23],"gold":170,"neow_bonus":"ONE_RARE_RELIC","is_daily":false,"chose_seed":false,"campfire_upgraded":2,"win_rate":0.0,"timestamp":1613913928,"path_taken":["M","?","?","M","M","R","E","R","T","E"],"items_purchased_type":[],"build_version":"2020-12-22","purchased_purges":0,"victory":false,"max_hp_per_floor":[65,65,65,65,65,65,65,65,65,65,65],"card_choices":[{"not_picked":["Evaluate","Consecrate"],"picked":"CutThroughFate","floor":1},{"not_picked":["Protect","SignatureMove","EmptyMind"],"picked":"SKIP","floor":4},{"not_picked":["BowlingBash","Protect","PathToVictory"],"picked":"SKIP","floor":5},{"not_picked":["Protect","Omniscience"],"picked":"FlurryOfBlows","floor":7}],"player_experience":397797,"relics_obtained":[{"floor":7,"key":"Smiling Mask"}],"event_choices":[{"damage_healed":0,"gold_gain":0,"player_choice":"Ignored","damage_taken":0,"max_hp_gain":0,"max_hp_loss":0,"event_name":"Liars Game","floor":2,"gold_loss":0},{"damage_healed":0,"gold_gain":0,"player_choice":"Success","damage_taken":25,"relics_obtained":["Dead Branch"],"max_hp_gain":0,"max_hp_loss":0,"event_name":"Scrap Ooze","floor":3,"gold_loss":0}],"is_beta":false,"boss_relics":[],"items_purged_floors":[],"is_endless":false,"potions_floor_spawned":[7],"killed_by":"Gremlin Nob","ascension_level":2}}