{"host":"178rghtqlvp3zue2","time":1613865891,"event":{"mods":["2.2 Compatiblity","AchievementEnabler","BaseMod","CapriCore","DeckTracker","Minty Spire (QoL Compilation)","Prisma Mod","Quick Restart","StSLib","SuperFastMode","Yakumo Yukari mod"],"gold_per_floor":[140,140,140,155,15,48,48,66,66,82,94,44,44,59,59,163,163,179,179,139,157,172,205,205,205,228,228,244,255,255,255],"floor_reached":30,"language":"KOR","playtime":1325,"items_purged":[],"score":302,"play_id":"4d58d72e-0a0c-48c6-ba99-9734527fea4d","local_time":"20210221090451","is_ascension_mode":false,"campfire_choices":[{"data":"GluttonyofRealm_purpleEX","floor":7,"key":"SMITH"},{"data":"Observe_purple_2","floor":13,"key":"SMITH"},{"data":"Boundary_DreamRealityDamnation_purple","floor":15,"key":"SMITH"},{"floor":24,"key":"REST"},{"data":"Line_surface_state_purple","floor":27,"key":"SMITH"}],"circlet_count":0,"master_deck":["AT_purpleEX","AT_purpleEX","Defend_purpleEX","Defend_purpleEX","Defend_purpleEX","Defend_purpleEX","Observe_purple_1","Observe_purple_2+1","DimensionStaggered_purple","Worldmountain_purple","GluttonyofRealm_purpleEX+1","Extrememeaning_purpleEX","Bait_HighSpeedFlying_purple","Boundary_DreamRealityDamnation_purple+1","WorldDissolvedintheRealm_purple","Erosivefilter_purple","ProofOfUnderstanding_purple+1","Line_surface_state_purple+1","DimensionStaggered_purple","RealityDreamConfluencek_purple+1","StateErode_purple","Charmbait_purple","OmniscientAndOmnipotent_Monster_purple"],"relics":["Boundary_crack","Memoryfragments_purpleEX","NeowsBlessing","Art of War","Lantern","Pantograph","Juzu Bracelet","Pen Nib"],"acts_visited":["Exordium","TheCity"],"potions_floor_usage":[23],"damage_taken":[{"damage":0,"enemies":"Cultist","floor":1,"turns":1},{"damage":0,"enemies":"2 Louse","floor":4,"turns":1},{"damage":19,"enemies":"Gremlin Nob","floor":6,"turns":1},{"damage":4,"enemies":"Jaw Worm","floor":8,"turns":4},{"damage":7,"enemies":"Exordium Wildlife","floor":10,"turns":5},{"damage":8,"enemies":"3 Louse","floor":11,"turns":3},{"damage":0,"enemies":"Looter","floor":14,"turns":2},{"damage":58,"enemies":"The Guardian","floor":16,"turns":14},{"damage":10,"enemies":"Shell Parasite","floor":18,"turns":4},{"damage":21,"enemies":"Chosen","floor":21,"turns":6},{"damage":35,"enemies":"Snake Plant","floor":22,"turns":5},{"damage":23,"enemies":"Slavers","floor":23,"turns":4},{"damage":7,"enemies":"Cultist and Chosen","floor":28,"turns":6},{"damage":2,"enemies":"Chosen and Byrds","floor":29,"turns":4},{"damage":34,"enemies":"Shelled Parasite and Fungi","floor":30,"turns":3}],"seed_played":"5281503187097696726","potions_obtained":[{"floor":8,"key":"SteroidPotion"},{"floor":10,"key":"DuplicationPotion"},{"floor":11,"key":"LiquidMemories"},{"floor":29,"key":"DuplicationPotion"}],"is_trial":false,"path_per_floor":["M","?","?","M","$","E","R","M","T","M","M","?","R","M","R","B",null,"M","?","?","M","M","E","R","?","T","R","M","M","M"],"character_chosen":"Youkari","items_purchased":["GluttonyofRealm_purpleEX"],"campfire_rested":1,"item_purchase_floors":[5],"current_hp_per_floor":[70,58,63,64,64,45,45,46,46,46,45,45,45,47,47,19,87,80,80,80,64,29,8,34,34,34,34,29,31,0,0],"gold":255,"neow_bonus":"THREE_ENEMY_KILL","is_daily":false,"chose_seed":false,"campfire_upgraded":4,"win_rate":0.0,"timestamp":1613865891,"path_taken":["M","?","?","M","?","E","R","M","T","M","?","?","R","M","R","BOSS","M","?","?","M","?","E","R","?","T","R","M","M","M"],"items_purchased_type":["Card"],"build_version":"2020-12-22","purchased_purges":0,"victory":false,"max_hp_per_floor":[70,70,75,75,75,75,75,79,79,83,87,87,87,87,87,87,87,87,87,87,87,87,87,87,87,87,87,87,91,91,91],"card_choices":[{"not_picked":["AdvanceAttack_purple","Mirror_FormAndEmptin_purple"],"picked":"DimensionStaggered_purple","floor":1},{"not_picked":["SharpContractionReality_purple","Bait_HighSpeedFlying_purple"],"picked":"Worldmountain_purple","floor":4},{"not_picked":["EighthInstrument_OneDividesIntoTwo_purple","ExistenceContinue_purple"],"picked":"Extrememeaning_purpleEX","floor":6},{"not_picked":["Mirror_FormAndEmptin_purple","PositiveMatter_Antimatter_Universe_purple"],"picked":"Bait_HighSpeedFlying_purple","floor":8},{"not_picked":["MNeedle_purple","OmniscientAndOmnipotent_Monster_purple"],"picked":"Boundary_DreamRealityDamnation_purple","floor":10},{"not_picked":["Boundary_LightAndDark_purple","StateDuplicate_purple"],"picked":"WorldDissolvedintheRealm_purple","floor":11},{"not_picked":["MeetDecomposer_purple","RealityDreamConfluencek_purple"],"picked":"Erosivefilter_purple","floor":14},{"not_picked":["Human_Monster_Realm_purple","UniverseChoice_purple"],"picked":"ProofOfUnderstanding_purple","floor":16},{"not_picked":["Umbrella_purple","Shallow_ocean_purpleEX+1"],"picked":"Line_surface_state_purple","floor":18},{"not_picked":["SharpContractionReality_purple","ExistenceContinue_purple"],"picked":"DimensionStaggered_purple","floor":21},{"not_picked":["Line_surface_state_purple+1","GluttonyofRealm_purpleEX"],"picked":"RealityDreamConfluencek_purple+1","floor":22},{"not_picked":["ExistenceContinue_purple","Boundary_ObjectiveBoundary_purple+1"],"picked":"StateErode_purple","floor":23},{"not_picked":["Boundary_DreamRealityDamnation_purple","MonsterNeedle_purple"],"picked":"Charmbait_purple","floor":28},{"not_picked":["MeetDecomposer_purple","StateDuplicate_purple"],"picked":"OmniscientAndOmnipotent_Monster_purple","floor":29}],"player_experience":282757,"relics_obtained":[{"floor":6,"key":"Lantern"},{"floor":9,"key":"Pantograph"},{"floor":23,"key":"Juzu Bracelet"},{"floor":26,"key":"Pen Nib"}],"event_choices":[{"damage_healed":0,"gold_gain":0,"player_choice":"Success","damage_taken":12,"relics_obtained":["Art of War"],"max_hp_gain":0,"max_hp_loss":0,"event_name":"Scrap Ooze","floor":2,"gold_loss":0},{"cards_removed":["AT_purpleEX"],"damage_healed":0,"gold_gain":0,"player_choice":"Card Removal","damage_taken":0,"max_hp_gain":0,"max_hp_loss":0,"event_name":"The Cleric","floor":12,"gold_loss":50},{"damage_healed":0,"gold_gain":0,"player_choice":"Ignored","damage_taken":0,"max_hp_gain":0,"max_hp_loss":0,"event_name":"Beggar","floor":19,"gold_loss":0},{"damage_healed":0,"gold_gain":0,"player_choice":"Upgrade","damage_taken":0,"max_hp_gain":0,"max_hp_loss":0,"event_name":"Designer","floor":20,"gold_loss":40,"cards_upgraded":["ProofOfUnderstanding_purple"]},{"cards_removed":["AT_purpleEX"],"damage_healed":0,"gold_gain":0,"player_choice":"Offered Basic","damage_taken":0,"max_hp_gain":0,"max_hp_loss":0,"event_name":"Bonfire Elementals","floor":25,"gold_loss":0}],"is_beta":false,"boss_relics":[{"not_picked":["Philosopher\u0027s Stone","Fusion Hammer","Calling Bell"]}],"items_purged_floors":[],"is_endless":false,"potions_floor_spawned":[8,10,11,14,21,29],"killed_by":"Shelled Parasite and Fungi","ascension_level":0}}