{"host":"iv24d026eac8pm4e","time":1613898982,"event":{"mods":["BaseMod","Minty Spire (QoL Compilation)"],"gold_per_floor":[116,216,53,64,20,47,62,73,73,86,111,111,128,53,53,127,127,138,156,156,156],"floor_reached":20,"language":"ENG","playtime":815,"items_purged":[],"score":390,"play_id":"e16bbeda-b90d-4440-a394-5b45121db522","local_time":"20210221011622","is_ascension_mode":true,"campfire_choices":[{"data":"Defragment","floor":12,"key":"SMITH"},{"data":"Zap","floor":15,"key":"SMITH"}],"circlet_count":0,"master_deck":["AscendersBane","Strike_B","Strike_B","Strike_B","Defend_B","Defend_B","Defend_B","Defend_B","Zap+1","Dualcast","Barrage","Compile Driver","Capacitor","Defragment+1","Steam","Consume","Chill","Loop","Amplify"],"relics":["Cracked Core","NeowsBlessing","Orichalcum","Cables","Pantograph","Bottled Tornado","Nuclear Battery"],"acts_visited":["Exordium","TheCity"],"potions_floor_usage":[8,8,11,11,16],"damage_taken":[{"damage":0,"enemies":"2 Louse","floor":1,"turns":1},{"damage":0,"enemies":"Cultist","floor":4,"turns":1},{"damage":0,"enemies":"Gremlin Nob","floor":6,"turns":1},{"damage":4,"enemies":"Jaw Worm","floor":7,"turns":3},{"damage":0,"enemies":"3 Louse","floor":8,"turns":4},{"damage":2,"enemies":"Large Slime","floor":10,"turns":5},{"damage":4,"enemies":"3 Sentries","floor":11,"turns":7},{"damage":4,"enemies":"Blue Slaver","floor":13,"turns":3},{"damage":6,"enemies":"Slime Boss","floor":16,"turns":10},{"damage":9,"enemies":"3 Byrds","floor":18,"turns":6},{"damage":16,"enemies":"2 Thieves","floor":19,"turns":4},{"damage":41,"enemies":"Snake Plant","floor":20,"turns":6}],"seed_played":"5258656036125228796","potions_obtained":[{"floor":1,"key":"Energy Potion"},{"floor":4,"key":"Swift Potion"},{"floor":8,"key":"DistilledChaos"},{"floor":10,"key":"SteroidPotion"},{"floor":11,"key":"DuplicationPotion"}],"is_trial":false,"path_per_floor":["M","?","$","M","$","E","M","M","T","M","E","R","M","?","R","B",null,"M","M","M"],"character_chosen":"DEFECT","items_purchased":["Orichalcum","Capacitor"],"campfire_rested":0,"item_purchase_floors":[3,5],"current_hp_per_floor":[64,64,64,64,64,64,60,60,60,58,54,54,50,50,50,65,70,61,45,4,4],"gold":156,"neow_bonus":"THREE_ENEMY_KILL","is_daily":false,"chose_seed":false,"campfire_upgraded":2,"win_rate":0.0,"timestamp":1613898982,"path_taken":["M","?","$","M","$","E","M","M","T","?","E","R","M","?","R","BOSS","M","M","M"],"items_purchased_type":["Relic","Card"],"build_version":"2020-12-22","purchased_purges":0,"victory":false,"max_hp_per_floor":[71,71,71,71,71,71,71,71,71,71,71,71,71,71,71,71,71,71,71,71,71],"card_choices":[{"not_picked":["Aggregate","Go for the Eyes"],"picked":"Barrage","floor":1},{"not_picked":["Turbo","Storm"],"picked":"Compile Driver","floor":4},{"not_picked":["Rebound","Doom and Gloom"],"picked":"Defragment","floor":6},{"not_picked":["Scrape","Streamline"],"picked":"Steam","floor":7},{"not_picked":["Blizzard","Turbo"],"picked":"Consume","floor":8},{"not_picked":["Go for the Eyes","Meteor Strike"],"picked":"Chill","floor":10},{"not_picked":["Hello World","Scrape"],"picked":"Loop","floor":11},{"not_picked":["Beam Cell","Steam","Streamline"],"picked":"SKIP","floor":13},{"not_picked":["Meteor Strike","Reboot"],"picked":"Amplify","floor":16},{"not_picked":["Steam","Leap","Streamline"],"picked":"SKIP","floor":18},{"not_picked":["Conserve Battery","Blizzard","Steam"],"picked":"SKIP","floor":19}],"player_experience":2544564,"relics_obtained":[{"floor":6,"key":"Cables"},{"floor":9,"key":"Pantograph"},{"floor":11,"key":"Bottled Tornado"}],"event_choices":[{"damage_healed":0,"gold_gain":100,"player_choice":"Gold","damage_taken":0,"max_hp_gain":0,"max_hp_loss":0,"event_name":"Wheel of Change","floor":2,"gold_loss":0},{"cards_removed":["Strike_B"],"damage_healed":0,"gold_gain":0,"player_choice":"Card Removal","damage_taken":0,"max_hp_gain":0,"max_hp_loss":0,"event_name":"The Cleric","floor":14,"gold_loss":75}],"is_beta":false,"boss_relics":[{"not_picked":["Empty Cage","Calling Bell"],"picked":"Nuclear Battery"}],"items_purged_floors":[],"is_endless":false,"potions_floor_spawned":[1,4,8,10,11],"killed_by":"Snake Plant","ascension_level":17}}