{"host":"lnfs5t5iydkm2lft","time":1613951511,"event":{"mods":["AchievementEnabler","Aspiration","BaseMod","Better Third Choice","BetterRewards","Colored Powertips","Downfall","Hermit","Hubris","Infinite Spire","Marisa????????","Minty Spire (QoL Compilation)","Quick Restart","Reliquary","Replay The Spire","StSLib","The Runesmith","TheBandit","everything is the same but u backflip on backflip"],"gold_per_floor":[112,124,151,161,161,161,188,188,213,231,5,33,33,44,44,139,139,154,154,184,149,149,149,182,182,205,222,222,242,253,285,285,285,285],"floor_reached":33,"language":"ENG","playtime":1878,"items_purged":[],"score":519,"play_id":"86a0a013-0925-4258-b73c-666af10f113f","local_time":"20210221175151","is_ascension_mode":true,"campfire_choices":[{"data":"Brutality","floor":6,"key":"SMITH"},{"floor":8,"key":"REST"},{"floor":13,"key":"REST"},{"data":"ReplayTheSpireMod:Muscle Training","floor":15,"key":"SMITH"},{"data":"Limit Break","floor":23,"key":"SMITH"},{"data":"Immolate","floor":25,"key":"SMITH"},{"floor":32,"key":"RECALL"}],"circlet_count":0,"master_deck":["Defend_R","Defend_R","Defend_R","Defend_R","Bash","Cleave","Brutality+1","Limit Break+1","ReplayTheSpireMod:Muscle Training+1","Immolate+1","Bite","Bite","Bite","Bite","Bite","Bloodletting+1","Slimebound:Tackle+1","Slimebound:Tackle+1","Slimebound:Tackle+1","Disarm","ReplayTheSpireMod:Limb From Limb"],"relics":["Burning Blood","hubris:Potato","reliquary:Stiletto","hubris:Icosahedron","Smiling Mask","Strange Spoon","hubris:TenFootPole","infinitespire:Burning Sword","Red Mask","infinitespire:Lucky Rock","Replay:Baseball","reliquary:Boomerang"],"acts_visited":["Exordium","TheCity"],"potions_floor_usage":[12,16,16,24,31],"damage_taken":[{"damage":0,"enemies":"Cultist","floor":1,"turns":4},{"damage":0,"enemies":"2 Louse","floor":2,"turns":2},{"damage":6,"enemies":"Jaw Worm","floor":4,"turns":4},{"damage":40,"enemies":"3 Sentries","floor":7,"turns":10},{"damage":12,"enemies":"3 Louse","floor":10,"turns":3},{"damage":26,"enemies":"Gremlin Nob","floor":12,"turns":4},{"damage":17,"enemies":"Looter","floor":14,"turns":3},{"damage":55,"enemies":"Fading Forest","floor":16,"turns":11},{"damage":19,"enemies":"Chosen","floor":18,"turns":4},{"damage":0,"enemies":"Masked Bandits","floor":20,"turns":1},{"damage":6,"enemies":"Spheric Guardian","floor":21,"turns":3},{"damage":16,"enemies":"Slavers","floor":24,"turns":2},{"damage":21,"enemies":"Shelled Parasite and Fungi","floor":27,"turns":3},{"damage":0,"enemies":"Snake Plant","floor":29,"turns":2},{"damage":15,"enemies":"Centurion and Healer","floor":30,"turns":3},{"damage":17,"enemies":"Gremlin Leader","floor":31,"turns":4},{"damage":72,"enemies":"hubris:MusketHawk","floor":33,"turns":6}],"seed_played":"-5179961226371325115","potions_obtained":[{"floor":7,"key":"FearPotion"},{"floor":10,"key":"Adrenaline Potion"},{"floor":12,"key":"Reflective Coating"},{"floor":14,"key":"Explosive Potion"},{"floor":21,"key":"Energy Potion"},{"floor":27,"key":"Dexterity Potion"},{"floor":29,"key":"SpeedPotion"}],"is_trial":false,"path_per_floor":["M","M","T","M","?","R","E","R","T","M","$","E","R","M","R","B",null,"M","?","?","M","?","R","E","R","T","M","?","M","M","E","R","B"],"character_chosen":"IRONCLAD","items_purchased":["ReplayTheSpireMod:Muscle Training","Strange Spoon"],"campfire_rested":2,"item_purchase_floors":[11,11],"current_hp_per_floor":[80,80,80,80,80,80,46,70,70,64,64,44,68,57,57,49,72,59,56,56,56,56,56,50,50,50,41,41,49,44,43,43,0,0],"gold":285,"neow_bonus":"","is_daily":false,"chose_seed":false,"campfire_upgraded":4,"win_rate":0.0,"timestamp":1613951511,"path_taken":["M","?","?","M","?","R","E","R","T","M","?","E","R","M","R","BOSS","M","?","?","M","?","R","E","R","T","M","?","M","?","E","R","BOSS"],"items_purchased_type":["Card","Relic"],"build_version":"2020-12-22","purchased_purges":0,"victory":false,"max_hp_per_floor":[80,80,80,80,80,80,80,80,80,80,80,80,80,80,80,80,80,80,56,56,56,56,56,56,56,56,56,56,56,56,56,56,56,56],"card_choices":[{"not_picked":["Heavy Blade","Life Link"],"picked":"Cleave","floor":1},{"not_picked":["True Grit","Anger","Iron Wave"],"picked":"SKIP","floor":2},{"not_picked":["Run Through","Combust"],"picked":"Brutality","floor":4},{"not_picked":["hubris:ReadiedAction","Clothesline"],"picked":"Limit Break","floor":7},{"not_picked":["Sentinel","Infernal Blade","Dual Wield"],"picked":"SKIP","floor":10},{"not_picked":["Sword Boomerang","Perfected Strike","ReplayReversal"],"picked":"SKIP","floor":12},{"not_picked":["Pommel Strike","Burning Pact","Berserk"],"picked":"SKIP","floor":14},{"not_picked":["Exhume","Brutality"],"picked":"Immolate","floor":16},{"not_picked":["Sentinel","Sword Boomerang+1","ReplayTheSpireMod:Strike From Hell"],"picked":"SKIP","floor":18},{"not_picked":["Body Slam","Life Link+1"],"picked":"Bloodletting+1","floor":21},{"not_picked":["Intimidate","Barricade","Flex+1"],"picked":"SKIP","floor":24},{"not_picked":["Feel No Pain+1","Cleave","Shrug It Off"],"picked":"SKIP","floor":27},{"not_picked":["Replay:Undeath\u0027s Touch","Thunderclap+1"],"picked":"ReplayTheSpireMod:Limb From Limb","floor":29},{"not_picked":["infinitespire:OneForAll","Havoc","Pummel"],"picked":"SKIP","floor":30},{"not_picked":["ReplayTheSpireMod:Stacked","Clash","Second Wind+1"],"picked":"SKIP","floor":31}],"player_experience":422011,"relics_obtained":[{"floor":3,"key":"reliquary:Stiletto"},{"floor":7,"key":"Smiling Mask"},{"floor":12,"key":"hubris:TenFootPole"},{"floor":20,"key":"Red Mask"},{"floor":24,"key":"infinitespire:Lucky Rock"},{"floor":26,"key":"Replay:Baseball"},{"floor":31,"key":"reliquary:Boomerang"}],"event_choices":[{"damage_healed":0,"gold_gain":0,"player_choice":"Became a vampire","damage_taken":0,"max_hp_gain":0,"max_hp_loss":24,"event_name":"Vampires","floor":19,"gold_loss":0,"cards_obtained":["Bite","Bite","Bite","Bite","Bite"]},{"damage_healed":0,"gold_gain":0,"player_choice":"Fought Bandits","damage_taken":0,"max_hp_gain":0,"max_hp_loss":0,"event_name":"Masked Bandits","floor":20,"gold_loss":0},{"damage_healed":0,"gold_gain":0,"player_choice":"Read","damage_taken":0,"max_hp_gain":0,"max_hp_loss":0,"event_name":"The Library","floor":28,"gold_loss":0,"cards_obtained":["Disarm"]}],"is_beta":false,"boss_relics":[{"not_picked":["reliquary:RedPaperclip","hubris:CrackedHourglass"],"picked":"infinitespire:Burning Sword"}],"items_purged_floors":[],"is_endless":false,"potions_floor_spawned":[7,10,12,14,21,27,29],"killed_by":"hubris:MusketHawk","ascension_level":5}}