{"host":"mi0eibewekhugwl1","time":1613925074,"event":{"mods":["AchievementEnabler","BaseMod","Colored Map","Colored Powertips","DeckTracker","Keyboard Shortcuts","Minty Spire (QoL Compilation)","Quick Restart","Rare Cards Sparkle","Relic Stats","StSLib","SuperFastMode","everything is the same but u backflip on backflip"],"gold_per_floor":[119,119,131,17,34,53,67,67,90,108,108,148,128,147,147,245,245,259,259,284,284,284],"floor_reached":21,"language":"KOR","playtime":453,"items_purged":[],"score":366,"play_id":"6632e67e-6fd5-402d-a518-9c03e85449d7","local_time":"20210222013114","is_ascension_mode":true,"campfire_choices":[{"data":"Neutralize","floor":8,"key":"SMITH"},{"floor":15,"key":"REST"}],"circlet_count":0,"master_deck":["AscendersBane","Strike_G+1","Strike_G","Strike_G","Strike_G","Defend_G","Defend_G","Defend_G","Defend_G","Defend_G","Survivor","Neutralize+1","Cloak And Dagger","Deadly Poison","Poisoned Stab+1","Backflip","Burst","Footwork","Flechettes","Catalyst","Wraith Form v2","Bouncing Flask"],"relics":["Ring of the Snake","NeowsBlessing","Dream Catcher","Whetstone","Golden Idol","Vajra","Runic Pyramid","Mango"],"acts_visited":["Exordium","TheCity"],"potions_floor_usage":[7,14,16],"damage_taken":[{"damage":0,"enemies":"2 Louse","floor":1,"turns":1},{"damage":0,"enemies":"Cultist","floor":3,"turns":1},{"damage":0,"enemies":"Small Slimes","floor":5,"turns":1},{"damage":9,"enemies":"3 Louse","floor":6,"turns":5},{"damage":1,"enemies":"Red Slaver","floor":7,"turns":3},{"damage":13,"enemies":"Large Slime","floor":10,"turns":7},{"damage":18,"enemies":"Lagavulin","floor":12,"turns":6},{"damage":0,"enemies":"Lots of Slimes","floor":14,"turns":5},{"damage":9,"enemies":"The Guardian","floor":16,"turns":10},{"damage":2,"enemies":"3 Byrds","floor":18,"turns":5},{"damage":24,"enemies":"2 Thieves","floor":20,"turns":4},{"damage":53,"enemies":"Shelled Parasite and Fungi","floor":21,"turns":5}],"seed_played":"6018913377445157244","potions_obtained":[{"floor":5,"key":"Poison Potion"},{"floor":6,"key":"Fire Potion"},{"floor":13,"key":"Swift Potion"},{"floor":14,"key":"AttackPotion"},{"floor":16,"key":"EssenceOfSteel"}],"is_trial":false,"path_per_floor":["M","?","M","?","M","M","M","R","T","M","?","E","?","M","R","B",null,"M","T","M","M"],"character_chosen":"THE_SILENT","items_purchased":[],"campfire_rested":1,"item_purchase_floors":[],"current_hp_per_floor":[59,52,52,52,52,43,42,42,42,29,29,11,11,11,29,20,50,48,62,38,0,0],"gold":284,"neow_bonus":"THREE_ENEMY_KILL","is_daily":false,"chose_seed":false,"campfire_upgraded":1,"win_rate":0.0,"timestamp":1613925074,"path_taken":["M","?","M","?","M","M","?","R","T","M","?","E","?","M","R","BOSS","M","?","M","M"],"items_purchased_type":[],"build_version":"2020-12-22","purchased_purges":0,"victory":false,"max_hp_per_floor":[66,66,66,66,66,66,66,66,66,66,60,60,60,60,60,60,60,60,74,74,74,74],"relic_stats":{"Dream Catcher":1,"counters":[12,53],"Golden Idol":40,"Whetstone":["Strike_G","Poisoned Stab"],"obtain_stats":[{"Dream Catcher":4,"NeowsBlessing":0,"Golden Idol":11,"Vajra":12,"Mango":19,"Whetstone":9,"Ring of the Snake":0,"Runic Pyramid":17},{"Dream Catcher":2,"NeowsBlessing":0,"Golden Idol":6,"Vajra":7,"Mango":10,"Whetstone":5,"Ring of the Snake":0,"Runic Pyramid":9},{"Dream Catcher":2,"NeowsBlessing":0,"Golden Idol":18,"Vajra":24,"Mango":44,"Whetstone":11,"Ring of the Snake":0,"Runic Pyramid":39}],"Ring of the Snake":[24]},"card_choices":[{"not_picked":["Prepared","Deflect","Acrobatics"],"picked":"SKIP","floor":1},{"not_picked":["Underhanded Strike","Slice"],"picked":"Cloak And Dagger","floor":3},{"not_picked":["Flying Knee","Heel Hook"],"picked":"Deadly Poison","floor":5},{"not_picked":["Riddle With Holes","Underhanded Strike"],"picked":"Poisoned Stab","floor":6},{"not_picked":["Slice","Accuracy"],"picked":"Backflip","floor":7},{"not_picked":["Underhanded Strike","Sucker Punch"],"picked":"Burst","floor":10},{"not_picked":["Endless Agony","Unload"],"picked":"Footwork","floor":12},{"not_picked":["PiercingWail","Deflect"],"picked":"Flechettes","floor":14},{"not_picked":["Backflip","Dagger Spray"],"picked":"Catalyst","floor":15},{"not_picked":["Night Terror","Bullet Time"],"picked":"Wraith Form v2","floor":16},{"not_picked":["Flying Knee","Endless Agony"],"picked":"Bouncing Flask","floor":18},{"not_picked":["Predator","Well Laid Plans","Sucker Punch"],"picked":"SKIP","floor":20}],"player_experience":1815677,"relics_obtained":[{"floor":9,"key":"Whetstone"},{"floor":12,"key":"Vajra"},{"floor":19,"key":"Mango"}],"event_choices":[{"cards_removed":["Strike_G"],"damage_healed":0,"gold_gain":0,"player_choice":"Card Removal","damage_taken":7,"max_hp_gain":0,"max_hp_loss":0,"event_name":"Golden Wing","floor":2,"gold_loss":0},{"damage_healed":0,"gold_gain":0,"player_choice":"Paid Gold","damage_taken":0,"relics_obtained":["Dream Catcher"],"max_hp_gain":0,"max_hp_loss":0,"event_name":"WeMeetAgain","floor":4,"gold_loss":114},{"damage_healed":0,"gold_gain":0,"player_choice":"Lose Max HP","damage_taken":0,"relics_obtained":["Golden Idol"],"max_hp_gain":0,"max_hp_loss":6,"event_name":"Golden Idol","floor":11,"gold_loss":0},{"damage_healed":0,"gold_gain":0,"player_choice":"Bought 1 Potion","damage_taken":0,"max_hp_gain":0,"max_hp_loss":0,"event_name":"The Woman in Blue","floor":13,"gold_loss":0}],"is_beta":false,"boss_relics":[{"not_picked":["Runic Dome","HoveringKite"],"picked":"Runic Pyramid"}],"items_purged_floors":[],"is_endless":false,"potions_floor_spawned":[5,6,14,16,18],"killed_by":"Shelled Parasite and Fungi","ascension_level":20}}