{"host":"iawk615p0198zs2h","time":1613943513,"event":{"mods":["BaseMod","Better Third Choice","BetterRewards","Downfall","Gold Saver","Minty Spire (QoL Compilation)","Quick Restart","Rare Cards Sparkle","Replay The Spire","Spicy Shops","StSLib","The Necromancer"],"gold_per_floor":[613,649,649,424,464,516,516,516,540,605,605,680,725,791,791,964,964,976,1026,941,608,608,608,664,664,664,664,695,695,733,764,764,869,869,881,881,881,898,941,941,312,312,312,323,123,173,206,224,224,224,224,224,108,140,140,140],"floor_reached":55,"language":"ENG","playtime":3872,"items_purged":["Defend_P","Defend_P","Strike_P","Strike_P","ForeignInfluence","Languid"],"score":1069,"play_id":"b7fb5d25-a850-44f0-8562-24b375b53137","local_time":"20210221223833","is_ascension_mode":true,"campfire_choices":[{"data":"HandOfGreed","floor":7,"key":"SMITH"},{"data":"Bandage Up","floor":11,"key":"SMITH"},{"floor":15,"key":"REST"},{"floor":23,"key":"REST"},{"floor":29,"key":"REST"},{"floor":32,"key":"REST"},{"floor":40,"key":"RECALL"},{"data":"Establishment","floor":49,"key":"SMITH"},{"data":"Replay:Bootleg Shield Generator","floor":52,"key":"SMITH"}],"circlet_count":0,"master_deck":["Eruption","Vigilance+1","Bandage Up+1","BattleHymn","HandOfGreed+1","Steam","Crescendo","Pot Of Greed","CutThroughFate","Pot Of Greed","BattleHymn","CutThroughFate","Halt","Swift Strike","Establishment+1","InnerPeace","Crescendo+1","Ragnarok+1","WindmillStrike+1","Protect+1","Pot Of Greed","ReplayTheSpireMod:Uncanny Aura+1","Replay:Bootleg Shield Generator+1","Replay:AtTheReady+1","Consecrate+1","Weave+1","SandsOfTime+1","DeceiveReality","FearNoEvil+1","JustLucky+1","ClearTheMind","Fasting2+1"],"relics":["PureWater","Grinning Jar","Philosopher\u0027s Stone","Red Mask","Blue Candle","Enchiridion","Singing Bowl","Question Card","Ice Cream","Vajra","Molten Egg 2","Pandora\u0027s Box","Ring of Hypnosis","War Paint","Oddly Smooth Stone","Blood Vial","Kunai","BranchBurnRelic","Boot","Replay:Purple Gloves"],"acts_visited":["Exordium","TheCity","TheBeyond","TheEnding"],"potions_floor_usage":[6,16,16,28,33,50,50,54],"damage_taken":[{"damage":7,"enemies":"Jaw Worm","floor":1,"turns":4},{"damage":0,"enemies":"Cultist","floor":2,"turns":3},{"damage":2,"enemies":"Small Slimes","floor":5,"turns":2},{"damage":29,"enemies":"Gremlin Nob","floor":6,"turns":5},{"damage":0,"enemies":"3 Louse","floor":10,"turns":3},{"damage":21,"enemies":"Exordium Thugs","floor":13,"turns":3},{"damage":0,"enemies":"Exordium Wildlife","floor":14,"turns":2},{"damage":36,"enemies":"Slime Boss","floor":16,"turns":8},{"damage":15,"enemies":"Shell Parasite","floor":18,"turns":5},{"damage":18,"enemies":"Masked Bandits","floor":19,"turns":3},{"damage":10,"enemies":"Replay:Snechameleon","floor":24,"turns":4},{"damage":52,"enemies":"Slavers","floor":28,"turns":5},{"damage":0,"enemies":"Chosen","floor":30,"turns":3},{"damage":9,"enemies":"Gremlin Leader","floor":31,"turns":5},{"damage":30,"enemies":"Collector","floor":33,"turns":5},{"damage":0,"enemies":"3 Darklings","floor":35,"turns":3},{"damage":9,"enemies":"Orb Walker","floor":38,"turns":3},{"damage":11,"enemies":"Spire Growth","floor":39,"turns":4},{"damage":17,"enemies":"Jaw Worm Horde","floor":44,"turns":2},{"damage":10,"enemies":"Mind Bloom Boss Battle","floor":46,"turns":3},{"damage":0,"enemies":"Giant Head","floor":47,"turns":4},{"damage":1,"enemies":"Maw","floor":48,"turns":5},{"damage":41,"enemies":"Awakened One","floor":50,"turns":9},{"damage":33,"enemies":"Shield and Spear","floor":54,"turns":5},{"damage":73,"enemies":"The Heart","floor":55,"turns":3}],"seed_played":"-4397837721366708344","potions_obtained":[{"floor":5,"key":"PowerPotion"},{"floor":6,"key":"BottledMiracle"},{"floor":10,"key":"champ:CounterPotion"},{"floor":16,"key":"EssenceOfSteel"},{"floor":24,"key":"sneckomod:MuddlingPotion"},{"floor":31,"key":"DuplicationPotion"},{"floor":33,"key":"Dexterity Potion"},{"floor":35,"key":"Adrenaline Potion"},{"floor":39,"key":"Block Potion"}],"is_trial":false,"path_per_floor":["M","M","?","$","M","E","R","?","T","M","R","?","M","M","R","B",null,"M","?","?","$","?","R","E","?","T","T","E","R","M","E","R","B",null,"M","?","?","M","M","R","$","?","T","M","$","?","E","M","R","B",null,"R","$","E","B"],"character_chosen":"WATCHER","items_purchased":["Bandage Up","BattleHymn","HandOfGreed","CutThroughFate","Halt","Swift Strike","Weave+1","SandsOfTime+1","War Paint","Oddly Smooth Stone","Boot","ClearTheMind"],"campfire_rested":4,"item_purchase_floors":[0,0,0,21,21,21,41,41,41,41,53,53],"current_hp_per_floor":[62,66,66,66,68,43,43,43,43,47,47,36,21,27,48,18,72,57,45,45,45,29,50,52,52,52,52,6,27,35,34,56,32,76,76,76,68,65,60,60,60,60,60,51,51,45,53,60,60,42,80,80,80,62,0,0],"gold":140,"neow_bonus":"","is_daily":false,"chose_seed":false,"campfire_upgraded":4,"win_rate":0.0,"timestamp":1613943513,"path_taken":["M","M","?","?","?","E","R","?","T","M","R","?","?","M","R","BOSS","M","?","?","$","?","R","E","?","T","?","E","R","?","E","R","BOSS","M","?","?","M","M","R","$","?","T","M","$","?","E","M","R","BOSS","R","$","E","BOSS"],"items_purchased_type":["Card","Card","Card","Card","Card","Card","Card","Card","Relic","Relic","Relic","Card"],"build_version":"2020-12-22","purchased_purges":6,"victory":false,"max_hp_per_floor":[72,72,72,72,72,72,72,72,72,72,72,72,72,72,72,72,72,72,72,72,72,72,72,72,72,72,72,72,72,74,76,76,76,76,76,76,78,78,78,78,78,78,78,78,78,80,80,80,80,80,80,80,80,80,80,80],"card_choices":[{"not_picked":["BowlingBash","Halt","SandsOfTime"],"picked":"SKIP","floor":1},{"not_picked":["Swivel","Halt","EmptyBody"],"picked":"SKIP","floor":2},{"not_picked":["BowlingBash","Evaluate"],"picked":"Crescendo","floor":5},{"not_picked":["Pray","FlurryOfBlows","SignatureMove"],"picked":"SKIP","floor":6},{"not_picked":["FlyingSleeves","Devotion","SashWhip"],"picked":"SKIP","floor":10},{"not_picked":["ThirdEye","Weave","Adaptation"],"picked":"SKIP","floor":13},{"not_picked":["FlurryOfBlows","ClearTheMind"],"picked":"CutThroughFate","floor":14},{"not_picked":["Vault","DeusExMachina"],"picked":"MasterReality","floor":16},{"not_picked":["PathToVictory+1","Study"],"picked":"BattleHymn","floor":18},{"not_picked":["Prostrate","JustLucky"],"picked":"Establishment","floor":24},{"not_picked":["Replay:Hum","FlurryOfBlows","Evaluate"],"picked":"Crescendo+1","floor":28},{"not_picked":["Replay:ManipulateFuture","FlyingSleeves","BattleHymn+1","PathToVictory"],"picked":"Singing Bowl","floor":30},{"not_picked":["FlyingSleeves+1","Collect+1","Fasting2","Judgement"],"picked":"Singing Bowl","floor":31},{"not_picked":["Judgement","ConjureBlade","Brilliance+1"],"picked":"Ragnarok+1","floor":33},{"not_picked":["DeceiveReality","CrushJoints+1","PathToVictory+1"],"picked":"Protect+1","floor":35},{"not_picked":["ReplayTheSpireMod:Brewmster","Midas Touch","HandOfGreed+1"],"picked":"ReplayTheSpireMod:Uncanny Aura","floor":37},{"not_picked":["PanicButton","Magnetism","Replay:Sssssssssstrike+1","Violence"],"picked":"Singing Bowl","floor":37},{"not_picked":["ReplayTheSpireMod:Trickstab+1","Replay:Parry+1","Metamorphosis"],"picked":"Replay:Bootleg Shield Generator","floor":37},{"not_picked":["Evaluate+1","FearNoEvil+1","SashWhip+1"],"picked":"Replay:AtTheReady+1","floor":38},{"not_picked":["WindmillStrike+1","CrushJoints+1","Replay:AtTheReady"],"picked":"Consecrate+1","floor":39},{"not_picked":["Replay:Vibes","ThirdEye","Nirvana"],"picked":"DeceiveReality","floor":44},{"not_picked":["Judgement","FlurryOfBlows+1","Evaluate+1","Wallop+1"],"picked":"Singing Bowl","floor":46},{"not_picked":["Consecrate+1","WindmillStrike+1","Swivel+1"],"picked":"FearNoEvil+1","floor":47},{"not_picked":["Replay:Battleflow+1","Crescendo+1","CutThroughFate+1"],"picked":"JustLucky+1","floor":48},{"not_picked":["Ragnarok+1","Halt+1","Alpha"],"picked":"Fasting2+1","floor":54}],"player_experience":221011,"relics_obtained":[{"floor":6,"key":"Grinning Jar"},{"floor":19,"key":"Red Mask"},{"floor":22,"key":"Enchiridion"},{"floor":24,"key":"Singing Bowl"},{"floor":26,"key":"Question Card"},{"floor":27,"key":"Ice Cream"},{"floor":28,"key":"Vajra"},{"floor":31,"key":"Molten Egg 2"},{"floor":36,"key":"Ring of Hypnosis"},{"floor":43,"key":"Blood Vial"},{"floor":46,"key":"Dead Branch"},{"floor":47,"key":"Kunai"},{"floor":54,"key":"Replay:Purple Gloves"}],"event_choices":[{"cards_removed":["Strike_P"],"damage_healed":0,"gold_gain":0,"player_choice":"Forget","damage_taken":0,"max_hp_gain":0,"max_hp_loss":0,"event_name":"Living Wall","floor":8,"gold_loss":0},{"damage_healed":0,"gold_gain":75,"player_choice":"Gold","damage_taken":11,"max_hp_gain":0,"max_hp_loss":0,"event_name":"betterThird:BetterGoop","floor":12,"gold_loss":0},{"damage_healed":0,"gold_gain":0,"player_choice":"Fought Bandits","damage_taken":0,"max_hp_gain":0,"max_hp_loss":0,"event_name":"Masked Bandits","floor":19,"gold_loss":0},{"damage_healed":0,"gold_gain":0,"player_choice":"Obtained Relic","damage_taken":0,"relics_obtained":["Blue Candle"],"max_hp_gain":0,"max_hp_loss":0,"event_name":"Addict","floor":20,"gold_loss":85},{"damage_healed":0,"gold_gain":0,"player_choice":"Obtained Book","damage_taken":16,"max_hp_gain":0,"max_hp_loss":0,"event_name":"Cursed Tome","floor":22,"gold_loss":0},{"damage_healed":0,"gold_gain":0,"player_choice":"Read","damage_taken":0,"max_hp_gain":0,"max_hp_loss":0,"event_name":"The Library","floor":25,"gold_loss":0,"cards_obtained":["InnerPeace"]},{"damage_healed":0,"gold_gain":0,"player_choice":"Memory 3","damage_taken":10,"max_hp_gain":0,"max_hp_loss":0,"event_name":"SensoryStone","floor":37,"gold_loss":0},{"cards_removed":["MasterReality"],"damage_healed":0,"gold_gain":0,"player_choice":"Removed Power","damage_taken":0,"max_hp_gain":0,"max_hp_loss":0,"event_name":"Falling","floor":42,"gold_loss":0},{"damage_healed":0,"gold_gain":0,"player_choice":"Fight","damage_taken":0,"max_hp_gain":0,"max_hp_loss":0,"event_name":"MindBloom","floor":46,"gold_loss":0}],"is_beta":false,"boss_relics":[{"not_picked":["Kintsugi","Fusion Hammer"],"picked":"Philosopher\u0027s Stone"},{"not_picked":["Velvet Choker","bronze:MakeshiftBattery"],"picked":"Pandora\u0027s Box"}],"items_purged_floors":[0,4,4,21,41,45],"is_endless":false,"potions_floor_spawned":[5,6,10,16,24,31,33,35,39,47,48],"killed_by":"The Heart","ascension_level":2}}