{"host":"lgow17wc5wawziz1","time":1613912402,"event":{"mods":["AchievementEnabler","Act Like it!","Aspiration","BaseMod","Better Third Choice","Colored Map","Friendly Minions","Gensokyo","Hubris","Kiyohime£¨?ýï£©","Minty Spire (QoL Compilation)","MostiFishMod","Permanent Neow","Quick Restart","Replay The Spire","StSLib","SuperFastMode","¡¼?Úª?ø«¡½REMEMod"],"gold_per_floor":[219,230,110,110,110,110,140,151,175,175,175,186,203,47,47,145,145,155,172,172,272,272,301,301,331,331,331,331,3,15,63,63,159,159,169,79,79,79,79,141,7,7,58,73,73,399,399,399,399,399],"floor_reached":51,"language":"KOR","playtime":2135,"items_purged":["Strike_G"],"score":1230,"play_id":"53b6f49e-3a5d-4146-92c0-eab6360436aa","local_time":"20210221220002","is_ascension_mode":true,"campfire_choices":[{"data":"Poisoned Stab","floor":6.0,"key":"SMITH"},{"data":"Neutralize","floor":15.0,"key":"SMITH"},{"data":"REME_LeechingPoison","floor":24.0,"key":"SMITH"},{"data":"MostiFishMod:HiddenBlade","floor":32.0,"key":"SMITH"},{"data":"REME_ShadowForm","floor":47,"key":"SMITH"},{"data":"Gensokyo:Kunekune","floor":49,"key":"SMITH"}],"circlet_count":0,"master_deck":["Strike_G","Strike_G","Strike_G","Defend_G","Defend_G","Defend_G","Defend_G","Survivor","Neutralize+1","Poisoned Stab+1","Slice","REME_LeechingPoison+1","Dagger Spray+1","Poisoned Stab","Deadly Poison","Predator","MostiFishMod:ButterFly","Corpse Explosion","Dodge and Roll+1","Sneak Up+1","Gensokyo:Kunekune+1","PiercingWail","Venomology","Gensokyo:ManorOfTheDishes","PiercingWail","MostiFishMod:HiddenBlade+1","REME_ShadowForm+1","PiercingWail","Gensokyo:CustomPotion","Cloak And Dagger+1","Gensokyo:BlemishedSteel","Gensokyo:TarnishedGold","MostiFishMod:Opportunism","Gensokyo:GreaterSplit","Doubt","KiyohimeMod:SteelTraining"],"relics":["Ring of the Snake","REME_ComplimentaryCards","DaveBox","Gensokyo:OccultBall","Juzu Bracelet","SynthV:TestCard","hubris:Icosahedron","Question Card","ReplayFunnel","Tiny Chest","Lantern","ChewingGum","BionicSphere","StoneCalendar","hubris:Towel","Dead Branch","Orichalcum","hubris:Reverence","hubris:DisguiseKit","SynthV","Empty Cage","Onion Ring","ReplayTheSpireMod:Shallot","Blood Vial","Happy Flower","Thread and Needle"],"acts_visited":["Gensokyo:Gensokyo","Gensokyo:Gensokyoer","Gensokyo:Gensokyoest"],"potions_floor_usage":[46,50,50,50,50],"damage_taken":[{"damage":2.0,"enemies":"Gensokyo:Python","floor":1.0,"turns":5.0},{"damage":8.0,"enemies":"Gensokyo:Gryphon","floor":2.0,"turns":3.0},{"damage":47.0,"enemies":"Gensokyo:Cirno","floor":7.0,"turns":6.0},{"damage":2.0,"enemies":"Gensokyo:3_Fairies","floor":8.0,"turns":3.0},{"damage":10.0,"enemies":"Gensokyo:Gryphon_and_Rabbit","floor":12.0,"turns":6.0},{"damage":0.0,"enemies":"Gensokyo:LivingMonolith","floor":13.0,"turns":3.0},{"damage":22.0,"enemies":"Gensokyo:Kokoro","floor":16.0,"turns":8.0},{"damage":28.0,"enemies":"Gensokyo:3_Dogs","floor":18.0,"turns":4.0},{"damage":0.0,"enemies":"Gensokyo:2_Gloops","floor":19.0,"turns":3.0},{"damage":12.0,"enemies":"Gensokyo:2_Gloops","floor":21.0,"turns":8.0},{"damage":0.0,"enemies":"Gensokyo:Tenshi","floor":23.0,"turns":4.0},{"damage":9.0,"enemies":"Gensokyo:Koishi","floor":25.0,"turns":5.0},{"damage":0.0,"enemies":"Gensokyo:Wraith","floor":30.0,"turns":3.0},{"damage":0.0,"enemies":"Gensokyo:Swordslinger","floor":31.0,"turns":4.0},{"damage":0.0,"enemies":"Gensokyo:Eternal_Rivals","floor":33.0,"turns":7.0},{"damage":0.0,"enemies":"Gensokyo:3_Boulders","floor":35.0,"turns":2.0},{"damage":32.0,"enemies":"Gensokyo:Marisa","floor":40.0,"turns":5.0},{"damage":1.0,"enemies":"Gensokyo:AncientGuardian","floor":44.0,"turns":5.0},{"damage":15,"enemies":"Gensokyo:Doremy","floor":46,"turns":6},{"damage":0,"enemies":"Gensokyo:Yuyuko","floor":50,"turns":4}],"seed_played":"3143471215628203401","potions_obtained":[{"floor":8.0,"key":"Strength Potion"},{"floor":13.0,"key":"BlessingOfTheForge"},{"floor":21.0,"key":"Energy Potion"}],"is_trial":false,"path_per_floor":["M","M","COS","?","?","R","E","M","T","?","?","M","M","$","R","B",null,"M","M","?","?","?","E","R","E","T","T","?","COS","M","M","R","B",null,"M","?","?","T","?","E","COS","?","T","M","?","E","R","T","R","B",null],"character_chosen":"THE_SILENT","items_purchased":["MostiFishMod:ButterFly"],"campfire_rested":0,"item_purchase_floors":[14],"current_hp_per_floor":[61,53,53,53,53,53,6,15,15,15,22,12,18,18,18,14,61,49,77,70,62,62,66,66,70,70,70,70,70,70,70,70,70,70,70,70,70,70,70,70,70,60,60,65,65,67,67,67,67,67],"gold":399,"neow_bonus":"HUNDRED_GOLD","is_daily":false,"chose_seed":false,"campfire_upgraded":6,"win_rate":0.0,"timestamp":1613912402,"path_taken":["M","M","COS","?","?","R","E","M","T","?","?","M","M","$","R","BOSS","M","M","?","?","?","E","R","E","T","?","?","COS","M","M","R","BOSS","M","?","?","?","?","E","COS","?","T","M","?","E","R","?","R","BOSS"],"items_purchased_type":["Card"],"build_version":"2020-12-22","purchased_purges":1,"victory":true,"max_hp_per_floor":[70,70,70,70,70,70,70,70,70,70,77,77,77,77,77,77,77,77,77,70,70,70,70,70,70,70,70,70,70,70,70,70,70,70,70,70,70,70,70,70,70,70,70,70,70,70,70,70,70,70],"card_choices":[{"not_picked":["Flying Knee","Dodge and Roll"],"picked":"Poisoned Stab","floor":1.0},{"not_picked":["Setup","Backflip","Hidden Blade","ReplayTheSpireMod:Shiv Toss"],"picked":"Slice","floor":2.0},{"not_picked":["Backstab","ReplayTheSpireMod:Exploit Weakness","Dagger Throw","ReplayTheSpireMod:Tripwire"],"picked":"REME_LeechingPoison","floor":7.0},{"not_picked":["MostiFishMod:Confrontation+1","Prepared+1","Fluid Movement+1","Replay:Poison Smokescreen+1"],"picked":"Dagger Spray+1","floor":7.0},{"not_picked":["Masterful Stab","MostiFishMod:VineMother","Prepared","Distraction","Dagger Spray"],"picked":"Poisoned Stab","floor":8.0},{"not_picked":["hubris:SlightOfHand","Masterful Stab","Hidden Blade","Dagger Spray","Backflip"],"picked":"Deadly Poison","floor":12.0},{"not_picked":["Finisher","Slice","MostiFishMod:PerfectParry","Tactician","Prepared"],"picked":"Predator","floor":13.0},{"not_picked":["Phantasmal Killer","Bullet Time","MostiFishMod:SpreadingSpore","ReplayTheSpireMod:Necrosis","REME_GrazeFinale"],"picked":"Corpse Explosion","floor":16.0},{"not_picked":["Quick Slash","Underhanded Strike","Hidden Blade","Slice","hubris:SlightOfHand+1"],"picked":"Dodge and Roll+1","floor":18.0},{"not_picked":["Dagger Spray+1","Blade Dance","MostiFishMod:PerfectParry","Bouncing Flask","Well Laid Plans"],"picked":"Sneak Up+1","floor":19.0},{"not_picked":["Gensokyo:EightFeetTall","Gensokyo:SevenSchoolMysteries","Gensokyo:TekeTeke","Gensokyo:LochNessMonster","Gensokyo:HAARP"],"picked":"Gensokyo:Kunekune","floor":20.0},{"not_picked":["Finisher","hubris:SlightOfHand+1","Replay:Bag of Tricks","PiercingWail","Bane"],"picked":"hubris:TrickCloak+1","floor":21.0},{"not_picked":["MostiFishMod:PerfectParry+1","Deflect","MostiFishMod:ThornCasing","Backflip","Deadly Poison"],"picked":"PiercingWail","floor":23.0},{"not_picked":["Blade Dance","Backflip","MostiFishMod:PerfectParry","Accuracy","Toxin Wave"],"picked":"Venomology","floor":25.0},{"not_picked":["Sneak Up","Dagger Spray","Quick Slash","hubris:SlightOfHand","Catalyst","KiyohimeMod:BlueBlackKey"],"picked":"PiercingWail","floor":30.0},{"not_picked":["Calculated Gamble","hubris:SlightOfHand+1","Blade Dance","Dodge and Roll+1","Flying Knee+1","KiyohimeMod:GreenBlackKey"],"picked":"MostiFishMod:HiddenBlade","floor":31.0},{"not_picked":["Grand Finale","ReplayTheSpireMod:From All Sides","MostiFishMod:AdrenalineArouse","MostiFishMod:FullyArmed","REME_SpectralBlade","KiyohimeMod:FiringTheFirstArrow"],"picked":"REME_ShadowForm","floor":33.0},{"not_picked":["ReplayTheSpireMod:Tripwire","Slice+1","Backflip+1","Underhanded Strike","Escape Plan+1","KiyohimeMod:GreenBlackKey"],"picked":"PiercingWail","floor":35.0},{"not_picked":["Backflip+1","Distraction+1","Predator","MostiFishMod:Neurotoxin","Deflect+1","KiyohimeMod:HydraDagger"],"picked":"Cloak And Dagger+1","floor":40.0},{"not_picked":["Flying Knee+1","All Out Attack","Acrobatics","Sucker Punch","Outmaneuver+1","KiyohimeMod:Berserker"],"picked":"MostiFishMod:Opportunism","floor":44.0},{"not_picked":["Predator","Deflect","Reflex+1","Acrobatics","Poisoned Stab","Deadly Poison"],"picked":"KiyohimeMod:SteelTraining","floor":46}],"player_experience":360262,"relics_obtained":[{"floor":1.0,"key":"SynthV:TestCard"},{"floor":7.0,"key":"Question Card"},{"floor":9.0,"key":"ReplayFunnel"},{"floor":16.0,"key":"Gensokyo:OccultBall"},{"floor":21.0,"key":"BionicSphere"},{"floor":21.0,"key":"StoneCalendar"},{"floor":23.0,"key":"Dead Branch"},{"floor":25.0,"key":"Gensokyo:OccultBall"},{"floor":25.0,"key":"Orichalcum"},{"floor":26.0,"key":"hubris:Reverence"},{"floor":27.0,"key":"hubris:DisguiseKit"},{"floor":33.0,"key":"Gensokyo:OccultBall"},{"floor":38.0,"key":"Onion Ring"},{"floor":40.0,"key":"ReplayTheSpireMod:Shallot"},{"floor":43.0,"key":"Blood Vial"},{"floor":46,"key":"Happy Flower"},{"floor":48,"key":"Thread and Needle"}],"event_choices":[],"is_beta":false,"boss_relics":[{"not_picked":["Cursed Key","Honey Jar"],"picked":"ChewingGum"},{"not_picked":["Coffee Dripper","TimeKeys"],"picked":"Empty Cage"}],"items_purged_floors":[14],"is_endless":false,"potions_floor_spawned":[8,13,21,30,33,44],"ascension_level":6}}