{"host":"lx933ja015x1ub68","time":1613885506,"event":{"mods":["AchievementEnabler","BaseMod","Better Match","Better Third Choice","BetterRewards","Bossed Relics","Colored Map","Exacting","FTL Soundtrack","Minty Spire (QoL Compilation)","RNG Fix","Relic Filter Mod","Shop Mod","StSLib","Transform Curses"],"gold_per_floor":[115,126,126,126,155,185,201,211,211,231,244,256,256,269,269,374,374,388,407,407,453,24,54,54,80,128,128,163,182,182,201,201,298,298,311,343,357,130,140,171,171,189,189,215,265,265,265,265,265,265,265,265,17,17,17],"floor_reached":54,"language":"ENG","playtime":5022,"items_purged":["Regret"],"score":1184,"play_id":"4377be52-3739-44bc-bf42-164d6cdbcd16","local_time":"20210221163146","is_ascension_mode":true,"campfire_choices":[{"data":"Double Energy","floor":13.0,"key":"SMITH"},{"floor":15.0,"key":"REST"},{"floor":24.0,"key":"REST"},{"data":"Sunder","floor":27.0,"key":"SMITH"},{"data":"Sunder","floor":30.0,"key":"SMITH"},{"floor":32.0,"key":"RECALL"},{"data":"Seek","floor":41.0,"key":"SMITH"},{"data":"Amplify","floor":46.0,"key":"SMITH"},{"data":"Zap","floor":49.0,"key":"SMITH"},{"data":"Glacier","floor":52,"key":"SMITH"}],"circlet_count":1,"master_deck":["Defend_B","Defend_B","Defend_B+1","Defend_B","Zap+1","Dualcast","Ball Lightning","Static Discharge","Chill","Stack","Genetic Algorithm","Ball Lightning","Steam","Glacier+1","Turbo","Echo Form+1","Compile Driver","Gash","Aggregate","Redo","Gash","Double Energy+1","Electrodynamics+1","Capacitor+1","Bite","Bite","Bite","Bite","Bite","Conserve Battery+1","Sunder+1","Cold Snap","BootSequence","Barrage","Sunder+1","Lockon","Ball Lightning+1","Beam Cell+1","Gash+1","Amplify+1","Stack+1","Sweeping Beam+1","Storm+1","Turbo+1","Seek+1","Barrage+1","Rebound+1","Panacea","Meteor Strike+1","Capacitor+1","Barrage+1","Loop+1","Tempest"],"relics":["Cracked Core","Circlet","Anchor","Bronze Scales","Ancient Tea Set","Frozen Egg 2","Ornamental Fan","Du-Vu Doll","Bag of Marbles","Red Mask","Nunchaku","Mummified Hand","Molten Egg 2","Happy Flower","Torii","Kunai","Thread and Needle","MerchantsRug","Ice Cream","Orrery"],"acts_visited":["TheCity","TheBeyond","TheEnding"],"potions_floor_usage":[],"damage_taken":[{"damage":0.0,"enemies":"Cultist","floor":1.0,"turns":3.0},{"damage":0.0,"enemies":"Small Slimes","floor":2.0,"turns":3.0},{"damage":0.0,"enemies":"Jaw Worm","floor":5.0,"turns":2.0},{"damage":8.0,"enemies":"3 Sentries","floor":6.0,"turns":8.0},{"damage":0.0,"enemies":"Exordium Wildlife","floor":7.0,"turns":2.0},{"damage":8.0,"enemies":"Exordium Thugs","floor":8.0,"turns":4.0},{"damage":0.0,"enemies":"3 Louse","floor":10.0,"turns":3.0},{"damage":0.0,"enemies":"Blue Slaver","floor":11.0,"turns":2.0},{"damage":2.0,"enemies":"Gremlin Gang","floor":12.0,"turns":4.0},{"damage":2.0,"enemies":"2 Fungi Beasts","floor":14.0,"turns":3.0},{"damage":1.0,"enemies":"Hexaghost","floor":16.0,"turns":8.0},{"damage":2.0,"enemies":"Shell Parasite","floor":18.0,"turns":3.0},{"damage":0.0,"enemies":"3 Byrds","floor":19.0,"turns":3.0},{"damage":2.0,"enemies":"Masked Bandits","floor":21.0,"turns":3.0},{"damage":17.0,"enemies":"Slavers","floor":23.0,"turns":6.0},{"damage":7.0,"enemies":"Book of Stabbing","floor":25.0,"turns":4.0},{"damage":0.0,"enemies":"Slavers","floor":28.0,"turns":5.0},{"damage":7.0,"enemies":"Centurion and Healer","floor":29.0,"turns":5.0},{"damage":4.0,"enemies":"Snecko","floor":31.0,"turns":3.0},{"damage":33.0,"enemies":"Automaton","floor":33.0,"turns":11.0},{"damage":0.0,"enemies":"Orb Walker","floor":35.0,"turns":3.0},{"damage":0.0,"enemies":"3 Shapes","floor":36.0,"turns":5.0},{"damage":6.0,"enemies":"Jaw Worm Horde","floor":37.0,"turns":4.0},{"damage":17.0,"enemies":"Spire Growth","floor":39.0,"turns":5.0},{"damage":25.0,"enemies":"Nemesis","floor":40.0,"turns":7.0},{"damage":18.0,"enemies":"Writhing Mass","floor":42.0,"turns":6.0},{"damage":0.0,"enemies":"4 Shapes","floor":44.0,"turns":3.0},{"damage":0.0,"enemies":"Mind Bloom Boss Battle","floor":45.0,"turns":2.0},{"damage":0.0,"enemies":"Transient","floor":47.0,"turns":3.0},{"damage":53.0,"enemies":"Time Eater","floor":50.0,"turns":12.0},{"damage":52,"enemies":"Shield and Spear","floor":54,"turns":3}],"seed_played":"-2166369949780718762","potions_obtained":[{"floor":2.0,"key":"FearPotion"},{"floor":6.0,"key":"AttackPotion"},{"floor":8.0,"key":"Regen Potion"},{"floor":10.0,"key":"Dexterity Potion"},{"floor":12.0,"key":"LiquidMemories"},{"floor":16.0,"key":"AttackPotion"},{"floor":18.0,"key":"Regen Potion"},{"floor":19.0,"key":"Fire Potion"},{"floor":21.0,"key":"EssenceOfSteel"},{"floor":23.0,"key":"LiquidMemories"},{"floor":25.0,"key":"Swift Potion"},{"floor":28.0,"key":"ColorlessPotion"},{"floor":29.0,"key":"Energy Potion"},{"floor":33.0,"key":"EssenceOfDarkness"},{"floor":35.0,"key":"FearPotion"},{"floor":36.0,"key":"BlessingOfTheForge"},{"floor":37.0,"key":"FocusPotion"},{"floor":39.0,"key":"SkillPotion"},{"floor":40.0,"key":"SkillPotion"},{"floor":42.0,"key":"SmokeBomb"},{"floor":44.0,"key":"DistilledChaos"},{"floor":45.0,"key":"Strength Potion"}],"is_trial":false,"path_per_floor":["M","M","?","?","M","E","M","M","T","M","M","M","R","M","R","B",null,"M","M","?","?","$","E","R","E","T","R","E","M","R","M","R","B",null,"M","M","M","$","M","E","R","M","T","M","?","R","M","?","R","B",null,"R","$","E"],"character_chosen":"DEFECT","items_purchased":["Ball Lightning","Static Discharge","Anchor","Chill","Stack","Bronze Scales","Ancient Tea Set","Genetic Algorithm","Ball Lightning","Sunder","Cold Snap","BootSequence","Nunchaku","Storm+1","Happy Flower","MerchantsRug","Ice Cream","Orrery"],"campfire_rested":2,"item_purchase_floors":[0,0,0,0,0,0,0,0,0,22,22,22,22,38,38,53,53,53],"current_hp_per_floor":[39,39,39,24,24,16,16,8,8,17,17,15,15,13,35,34,75,75,75,52,50,50,39,52,45,45,45,52,47,47,48,48,25,52,52,52,50,50,37,18,18,44,44,46,50,50,52,52,52,15,52,52,52,0,0],"gold":17,"neow_bonus":"","is_daily":false,"chose_seed":false,"campfire_upgraded":7,"win_rate":0.0,"timestamp":1613885506,"path_taken":["M","?","?","?","M","E","M","M","T","?","M","M","R","M","R","BOSS","M","M","?","?","$","E","R","E","T","R","E","M","R","M","R","BOSS","M","?","M","$","M","E","R","M","T","M","?","R","M","?","R","BOSS","R","$","E"],"items_purchased_type":["Card","Card","Relic","Card","Card","Relic","Relic","Card","Card","Card","Card","Card","Relic","Card","Relic","Relic","Relic","Relic"],"build_version":"2020-12-22","purchased_purges":1,"victory":false,"max_hp_per_floor":[75,75,75,75,75,75,75,75,75,75,75,75,75,75,75,75,75,75,75,52,52,52,52,52,52,52,52,52,52,52,52,52,52,52,52,52,52,52,52,52,52,52,52,52,52,52,52,52,52,52,52,52,52,52,52],"card_choices":[{"not_picked":["Hologram","Sweeping Beam"],"picked":"Steam","floor":1.0},{"not_picked":["Melter","Conserve Battery"],"picked":"Glacier","floor":2.0},{"not_picked":["Ball Lightning","Steam"],"picked":"Turbo","floor":5.0},{"not_picked":["Doom and Gloom","White Noise"],"picked":"Echo Form+1","floor":6.0},{"not_picked":["Steam","Heatsinks+1"],"picked":"Compile Driver","floor":7.0},{"not_picked":["Force Field","Go for the Eyes"],"picked":"Gash","floor":8.0},{"not_picked":["Rebound","Coolheaded"],"picked":"Aggregate","floor":10.0},{"not_picked":["Beam Cell","Hologram"],"picked":"Redo","floor":10.0},{"not_picked":["Leap","Chill"],"picked":"Gash","floor":11.0},{"not_picked":["Heatsinks+1","Rebound"],"picked":"Double Energy","floor":12.0},{"not_picked":["Redo","Steam","Hologram"],"picked":"SKIP","floor":14.0},{"not_picked":["Fission","Multi-Cast"],"picked":"Electrodynamics+1","floor":16.0},{"not_picked":["Doom and Gloom+1","Consume+1"],"picked":"Capacitor+1","floor":18.0},{"not_picked":["Redo+1","Beam Cell+1","Force Field+1"],"picked":"SKIP","floor":19.0},{"not_picked":["Compile Driver","Streamline+1"],"picked":"Conserve Battery+1","floor":21.0},{"not_picked":["Steam","Thunder Strike"],"picked":"Barrage","floor":23.0},{"not_picked":["Leap+1","Scrape"],"picked":"Sunder","floor":24.0},{"not_picked":["Conserve Battery","Hologram"],"picked":"Lockon","floor":25.0},{"not_picked":["Leap","Double Energy"],"picked":"Ball Lightning+1","floor":28.0},{"not_picked":["Leap","Conserve Battery+1"],"picked":"Beam Cell+1","floor":29.0},{"not_picked":["BootSequence","Go for the Eyes+1"],"picked":"Gash+1","floor":31.0},{"not_picked":["Biased Cognition+1","Hyperbeam+1"],"picked":"Amplify","floor":33.0},{"not_picked":["Conserve Battery","Aggregate"],"picked":"Stack+1","floor":35.0},{"not_picked":["Leap","BootSequence","Genetic Algorithm+1"],"picked":"SKIP","floor":36.0},{"not_picked":["Compile Driver+1","Genetic Algorithm"],"picked":"Sweeping Beam+1","floor":37.0},{"not_picked":["Go for the Eyes+1","Auto Shields"],"picked":"Turbo+1","floor":39.0},{"not_picked":["Go for the Eyes+1","Ball Lightning+1"],"picked":"Seek","floor":40.0},{"not_picked":["Redo+1","Genetic Algorithm"],"picked":"Barrage+1","floor":42.0},{"not_picked":["Aggregate","Streamline+1","Beam Cell+1"],"picked":"SKIP","floor":44.0},{"not_picked":["Rainbow","Sweeping Beam+1"],"picked":"Rebound+1","floor":45.0},{"not_picked":["Thinking Ahead","Trip"],"picked":"Panacea","floor":48.0},{"not_picked":["Gash+1","Barrage+1"],"picked":"Meteor Strike+1","floor":53},{"not_picked":["Scrape+1","Doom and Gloom+1"],"picked":"Capacitor+1","floor":53},{"not_picked":["Gash+1","Sweeping Beam+1"],"picked":"Barrage+1","floor":53},{"not_picked":["Cold Snap+1","Streamline+1"],"picked":"Loop+1","floor":53},{"not_picked":["Sweeping Beam+1","Rebound+1"],"picked":"Tempest","floor":53}],"player_experience":125897,"relics_obtained":[{"floor":6.0,"key":"Omamori"},{"floor":9.0,"key":"Ornamental Fan"},{"floor":17.0,"key":"White Beast Statue"},{"floor":17.0,"key":"Du-Vu Doll"},{"floor":17.0,"key":"Bag of Marbles"},{"floor":21.0,"key":"Red Mask"},{"floor":23.0,"key":"Dream Catcher"},{"floor":25.0,"key":"Mummified Hand"},{"floor":28.0,"key":"Molten Egg 2"},{"floor":40.0,"key":"Torii"},{"floor":43.0,"key":"Kunai"},{"floor":45.0,"key":"Thread and Needle"}],"event_choices":[{"damage_healed":0.0,"max_hp_gain":0.0,"max_hp_loss":0.0,"gold_gain":0.0,"event_name":"Big Fish","player_choice":"Box","floor":3.0,"gold_loss":0.0,"damage_taken":0.0,"relics_obtained":["Frozen Egg 2"],"cards_obtained":["Regret"]},{"damage_healed":39.0,"max_hp_gain":0.0,"max_hp_loss":75.0,"gold_gain":0.0,"event_name":"betterThird:BetterShining","player_choice":"Upgrade","floor":4.0,"gold_loss":0.0,"damage_taken":15.0,"cards_upgraded":["Strike_B","Defend_B"]},{"damage_healed":0.0,"max_hp_gain":0.0,"max_hp_loss":23.0,"gold_gain":0.0,"event_name":"Vampires","player_choice":"Became a vampire","floor":20.0,"gold_loss":0.0,"damage_taken":0.0,"cards_obtained":["Bite","Bite","Bite","Bite","Bite"]},{"damage_healed":0.0,"max_hp_gain":0.0,"max_hp_loss":0.0,"gold_gain":0.0,"event_name":"Masked Bandits","player_choice":"Fought Bandits","floor":21.0,"gold_loss":0.0,"damage_taken":0.0},{"damage_healed":0.0,"max_hp_gain":0.0,"max_hp_loss":0.0,"gold_gain":0.0,"event_name":"MindBloom","player_choice":"Fight","floor":45.0,"gold_loss":0.0,"damage_taken":0.0},{"damage_healed":0.0,"max_hp_gain":0.0,"max_hp_loss":0.0,"gold_gain":0.0,"event_name":"SensoryStone","player_choice":"Memory 1","floor":48.0,"gold_loss":0.0,"damage_taken":0.0}],"is_beta":false,"boss_relics":[{"not_picked":["Runic Dome","Coffee Dripper"],"picked":"Calling Bell"},{"not_picked":["Philosopher\u0027s Stone","Velvet Choker"],"picked":"SacredBark"}],"items_purged_floors":[22],"is_endless":false,"potions_floor_spawned":[2,6,8,12,16,18,19,21,23,25,28,29,31,33,35,36,37,39,40,42,44,45,47],"killed_by":"Shield and Spear","ascension_level":2}}