{"host":"91blwi3hgehj6ch9","time":1613944318,"event":{"mods":["2.2 Compatiblity","AchievementEnabler","BaseMod","Colored Map","DeckTracker","Keyboard Shortcuts","Minty Spire (QoL Compilation)","Permanent Neow","Relic Stats","StSLib","SuperFastMode","everything is the same but u backflip on backflip"],"gold_per_floor":[116,128,147,163,181,181,17,17,17,34,45,45,68,81,81,81,81],"floor_reached":16,"language":"KOR","playtime":652,"items_purged":["Defend_G"],"score":192,"play_id":"f7c6270b-ecb5-432d-bfde-19669caaa2e0","local_time":"20210222065158","is_ascension_mode":true,"campfire_choices":[{"data":"Malaise","floor":6,"key":"SMITH"},{"data":"Prepared","floor":12,"key":"SMITH"},{"floor":15,"key":"REST"}],"circlet_count":0,"master_deck":["AscendersBane","Strike_G","Strike_G","Strike_G","Strike_G","Defend_G","Defend_G","Defend_G","Defend_G","Survivor","Neutralize","Dagger Throw","Underhanded Strike","Acrobatics","Malaise+1","Tactician","Reflex","Prepared+1","Well Laid Plans","Dodge and Roll","PiercingWail"],"relics":["Ring of the Snake","Gremlin Horn","Odd Mushroom"],"acts_visited":["Exordium"],"potions_floor_usage":[16,16],"damage_taken":[{"damage":4,"enemies":"Jaw Worm","floor":1,"turns":4},{"damage":0,"enemies":"Cultist","floor":2,"turns":4},{"damage":7,"enemies":"Small Slimes","floor":3,"turns":3},{"damage":1,"enemies":"Looter","floor":4,"turns":4},{"damage":4,"enemies":"Blue Slaver","floor":5,"turns":5},{"damage":2,"enemies":"3 Louse","floor":10,"turns":4},{"damage":7,"enemies":"Large Slime","floor":11,"turns":8},{"damage":4,"enemies":"The Mushroom Lair","floor":13,"turns":4},{"damage":8,"enemies":"Lots of Slimes","floor":14,"turns":4},{"damage":50,"enemies":"Slime Boss","floor":16,"turns":11}],"seed_played":"6437845352109743796","potions_obtained":[{"floor":5,"key":"ColorlessPotion"},{"floor":8,"key":"Energy Potion"},{"floor":8,"key":"PowerPotion"}],"is_trial":false,"path_per_floor":["M","M","M","M","M","R","$","?","T","M","M","R","?","M","R","B"],"character_chosen":"THE_SILENT","items_purchased":["Reflex"],"campfire_rested":1,"item_purchase_floors":[7],"current_hp_per_floor":[55,55,48,47,43,43,43,43,43,41,34,34,30,22,41,0,0],"gold":81,"neow_bonus":"TRANSFORM_CARD","is_daily":false,"chose_seed":false,"campfire_upgraded":2,"win_rate":0.0,"timestamp":1613944318,"path_taken":["M","M","M","M","M","R","$","?","T","M","?","R","?","M","R","BOSS"],"items_purchased_type":["Card"],"build_version":"2020-12-22","purchased_purges":1,"victory":false,"max_hp_per_floor":[66,66,66,66,66,66,66,66,66,66,66,66,66,66,66,66,66],"relic_stats":{"Gremlin Horn":[9,9],"counters":[10,51],"obtain_stats":[{"Gremlin Horn":9,"Odd Mushroom":13,"Ring of the Snake":0},{"Gremlin Horn":5,"Odd Mushroom":8,"Ring of the Snake":0},{"Gremlin Horn":20,"Odd Mushroom":36,"Ring of the Snake":0}],"Ring of the Snake":[20]},"card_choices":[{"not_picked":["Poisoned Stab","Acrobatics"],"picked":"Underhanded Strike","floor":1},{"not_picked":["Flying Knee","Blade Dance","Poisoned Stab"],"picked":"SKIP","floor":2},{"not_picked":["Infinite Blades","Quick Slash"],"picked":"Acrobatics","floor":3},{"not_picked":["Choke","Blade Dance"],"picked":"Malaise","floor":4},{"not_picked":["Underhanded Strike","Acrobatics"],"picked":"Tactician","floor":5},{"not_picked":["Terror","Leg Sweep"],"picked":"Prepared","floor":10},{"not_picked":["Bane","Dodge and Roll"],"picked":"Well Laid Plans","floor":11},{"not_picked":["Caltrops","Outmaneuver"],"picked":"Dodge and Roll","floor":13},{"not_picked":["Sucker Punch","Deadly Poison"],"picked":"PiercingWail","floor":14}],"player_experience":293283,"relics_obtained":[{"floor":9,"key":"Gremlin Horn"},{"floor":13,"key":"Odd Mushroom"}],"event_choices":[{"damage_healed":0,"gold_gain":0,"player_choice":"Got Potions","damage_taken":0,"max_hp_gain":0,"max_hp_loss":0,"event_name":"Lab","floor":8,"gold_loss":0},{"damage_healed":0,"gold_gain":0,"player_choice":"Fought Mushrooms","damage_taken":0,"max_hp_gain":0,"max_hp_loss":0,"event_name":"Mushrooms","floor":13,"gold_loss":0}],"is_beta":false,"boss_relics":[],"items_purged_floors":[7],"is_endless":false,"potions_floor_spawned":[5,10,13],"killed_by":"Slime Boss","ascension_level":20}}