{"host":"bigao3g8q00k09zy","time":1613929276,"event":{"mods":["BaseMod","Downfall","Hermit","Marisa????????","Minty Spire (QoL Compilation)","StSLib","The Cursed"],"gold_per_floor":[110,126,146,162,180,180,180],"floor_reached":6,"language":"ENG","playtime":584,"items_purged":[],"score":40,"play_id":"162f21d8-8298-43a8-8c27-4fb748edd780","local_time":"20210221124116","is_ascension_mode":false,"campfire_choices":[],"circlet_count":0,"master_deck":["hermit:Strike_Hermit","hermit:Strike_Hermit","hermit:Strike_Hermit","hermit:Strike_Hermit","hermit:Defend_Hermit","hermit:Defend_Hermit","hermit:Defend_Hermit","hermit:Defend_Hermit","hermit:Snapshot","hermit:Covet","Regret","hermit:FromBeyond","hermit:Vantage","hermit:ItchyTrigger","hermit:Malice","hermit:Horror","hermit:Roulette"],"relics":["hermit:Momento"],"acts_visited":["Exordium"],"potions_floor_usage":[],"damage_taken":[{"damage":20,"enemies":"Jaw Worm","floor":1,"turns":5},{"damage":0,"enemies":"2 Louse","floor":2,"turns":2},{"damage":1,"enemies":"Cultist","floor":3,"turns":4},{"damage":2,"enemies":"Blue Slaver","floor":4,"turns":4},{"damage":23,"enemies":"Large Slime","floor":5,"turns":7},{"damage":31,"enemies":"Lagavulin","floor":6,"turns":3}],"seed_played":"5699854408794547368","potions_obtained":[{"floor":3,"key":"SneckoOil"},{"floor":4,"key":"hermit:Eclipse"}],"is_trial":false,"path_per_floor":["M","M","M","M","M","E"],"character_chosen":"HERMIT","items_purchased":[],"campfire_rested":0,"item_purchase_floors":[],"current_hp_per_floor":[55,55,54,52,29,0,0],"gold":180,"neow_bonus":"THREE_RARE_CARDS","is_daily":false,"chose_seed":false,"campfire_upgraded":0,"win_rate":0.0,"timestamp":1613929276,"path_taken":["M","M","M","M","M","E"],"items_purchased_type":[],"build_version":"2020-12-22","purchased_purges":0,"victory":false,"max_hp_per_floor":[75,75,75,75,75,75,75],"card_choices":[{"not_picked":["hermit:Magnum","hermit:Adapt"],"picked":"hermit:FromBeyond","floor":0},{"not_picked":["hermit:Desperado","hermit:Glare"],"picked":"hermit:Vantage","floor":1},{"not_picked":["hermit:Ricochet","hermit:CalledShot"],"picked":"hermit:ItchyTrigger","floor":2},{"not_picked":["hermit:GoldenBullet","hermit:Feint"],"picked":"hermit:Malice","floor":3},{"not_picked":["hermit:TakeAim","hermit:Combo"],"picked":"hermit:Horror","floor":4},{"not_picked":["hermit:Desperado","hermit:BodyArmor"],"picked":"hermit:Roulette","floor":5}],"player_experience":274602,"relics_obtained":[],"event_choices":[],"is_beta":false,"boss_relics":[],"items_purged_floors":[],"is_endless":false,"potions_floor_spawned":[3,4],"killed_by":"Lagavulin","ascension_level":0}}