{"host":"i0avyit1s6jb1siw","time":1613908366,"event":{"mods":["BaseMod","DeckTracker","Dota2Spire","Minty Spire (QoL Compilation)","Quick Restart","StSLib","SuperFastMode"],"gold_per_floor":[117,131,144,154,16,16,34,34,64,90,116,149,149,188,204,184,184,278,278,298,45,45,45,63,63,63,63],"floor_reached":26,"language":"ENG","playtime":718,"items_purged":[],"score":452,"play_id":"78e17034-7807-4909-a8b0-389c083f1fd2","local_time":"20210221125246","is_ascension_mode":true,"campfire_choices":[{"data":"Perfected Strike","floor":6.0,"key":"SMITH"},{"data":"Perfected Strike","floor":8.0,"key":"SMITH"},{"data":"Barricade","floor":17.0,"key":"SMITH"},{"data":"Burning Pact","floor":25.0,"key":"SMITH"}],"circlet_count":0,"master_deck":["AscendersBane","Strike_R","Strike_R","Strike_R","Strike_R","Strike_R","Defend_R","Defend_R","Defend_R","Defend_R","Bash+1","Perfected Strike+1","Pommel Strike","Barricade+1","Perfected Strike+1","Feel No Pain","Burning Pact+1","Shrug It Off","Seeing Red","Flame Barrier"],"relics":["Burning Blood","Pantograph","Omamori","Dota2Spire:ArcaneBoots","Golden Idol","Boot","Sozu","OrangePellets","The Courier"],"acts_visited":["Exordium","TheCity"],"potions_floor_usage":[],"damage_taken":[{"damage":2.0,"enemies":"2 Louse","floor":1.0,"turns":4.0},{"damage":1.0,"enemies":"Cultist","floor":2.0,"turns":3.0},{"damage":9.0,"enemies":"Small Slimes","floor":3.0,"turns":4.0},{"damage":18.0,"enemies":"3 Louse","floor":4.0,"turns":4.0},{"damage":0.0,"enemies":"Large Slime","floor":7.0,"turns":3.0},{"damage":12.0,"enemies":"3 Sentries","floor":9.0,"turns":5.0},{"damage":30.0,"enemies":"Lagavulin","floor":12.0,"turns":5.0},{"damage":11.0,"enemies":"3 Sentries","floor":14.0,"turns":8.0},{"damage":4.0,"enemies":"2 Fungi Beasts","floor":15.0,"turns":3.0},{"damage":47.0,"enemies":"Slime Boss","floor":18.0,"turns":12.0},{"damage":6.0,"enemies":"Spheric Guardian","floor":20.0,"turns":3.0},{"damage":6.0,"enemies":"3 Byrds","floor":24.0,"turns":3.0},{"damage":63,"enemies":"Slavers","floor":26,"turns":5}],"seed_played":"6380215759265583881","potions_obtained":[{"floor":4.0,"key":"Explosive Potion"},{"floor":9.0,"key":"Dexterity Potion"},{"floor":14.0,"key":"Fruit Juice"},{"floor":15.0,"key":"Dota2Spire:HealingSalve"},{"floor":16.0,"key":"SteroidPotion"},{"floor":18.0,"key":"Fire Potion"}],"is_trial":false,"path_per_floor":["M","M","M","M","$","R","M","R","E","T","T","E","?","E","M","?","R","B",null,"M","$","?","?","M","R","E"],"character_chosen":"IRONCLAD","items_purchased":["DistilledChaos","Perfected Strike","OrangePellets","Seeing Red"],"campfire_rested":0,"item_purchase_floors":[5,5,21,21],"current_hp_per_floor":[72,75,72,60,60,60,66,66,60,60,60,36,36,31,38,38,38,22,60,60,60,60,60,60,60,0,0],"gold":63,"neow_bonus":"UPGRADE_CARD","is_daily":false,"chose_seed":false,"campfire_upgraded":4,"win_rate":0.0,"timestamp":1613908366,"path_taken":["M","M","M","M","$","R","M","R","E","T","T","E","?","E","M","?","R","BOSS","M","$","?","?","?","R","E"],"items_purchased_type":["Potion","Card","Relic","Card"],"build_version":"2020-12-22","purchased_purges":0,"victory":false,"max_hp_per_floor":[75,75,75,75,75,75,75,75,75,75,75,75,68,68,73,73,73,73,73,73,73,73,73,73,73,73,73],"card_choices":[{"not_picked":["Flex","Iron Wave"],"picked":"Perfected Strike","floor":1.0},{"not_picked":["Havoc","Seeing Red"],"picked":"Pommel Strike","floor":2.0},{"not_picked":["Flex","Iron Wave","Combust"],"picked":"SKIP","floor":3.0},{"not_picked":["Heavy Blade","Clothesline"],"picked":"Barricade","floor":4.0},{"not_picked":["Twin Strike","Pommel Strike"],"picked":"Feel No Pain","floor":7.0},{"not_picked":["Clothesline","Entrench"],"picked":"Burning Pact","floor":9.0},{"not_picked":["Perfected Strike","Havoc","Dual Wield"],"picked":"SKIP","floor":12.0},{"not_picked":["Headbutt","Heavy Blade","Brutality"],"picked":"SKIP","floor":14.0},{"not_picked":["Havoc","Clothesline"],"picked":"Shrug It Off","floor":15.0},{"not_picked":["Clash","Flex","Inflame"],"picked":"SKIP","floor":20.0},{"not_picked":["Thunderclap","Cleave","Bloodletting"],"picked":"SKIP","floor":24.0}],"player_experience":2482836,"relics_obtained":[{"floor":9.0,"key":"Pantograph"},{"floor":10.0,"key":"Omamori"},{"floor":12.0,"key":"Dota2Spire:ArcaneBoots"},{"floor":14.0,"key":"Boot"}],"event_choices":[{"damage_healed":0.0,"max_hp_gain":0.0,"max_hp_loss":7.0,"gold_gain":0.0,"event_name":"Golden Idol","player_choice":"Lose Max HP","floor":13.0,"gold_loss":0.0,"damage_taken":0.0,"relics_obtained":["Golden Idol"]},{"damage_healed":0.0,"max_hp_gain":0.0,"max_hp_loss":0.0,"gold_gain":0.0,"event_name":"The Woman in Blue","player_choice":"Bought 1 Potion","floor":16.0,"gold_loss":0.0,"damage_taken":0.0},{"damage_healed":0.0,"max_hp_gain":0.0,"max_hp_loss":0.0,"gold_gain":0.0,"event_name":"The Library","player_choice":"Read","floor":22.0,"gold_loss":0.0,"damage_taken":0.0,"cards_obtained":["Flame Barrier"]},{"damage_healed":0.0,"max_hp_gain":0.0,"max_hp_loss":0.0,"gold_gain":0.0,"event_name":"WeMeetAgain","player_choice":"Gave Potion","floor":23.0,"gold_loss":0.0,"damage_taken":0.0,"relics_obtained":["The Courier"]}],"is_beta":false,"boss_relics":[{"not_picked":["Fusion Hammer","SlaversCollar"],"picked":"Sozu"}],"items_purged_floors":[],"is_endless":false,"potions_floor_spawned":[4,9,14,15,18,20],"killed_by":"Slavers","ascension_level":20}}