{"host":"gm50ke85n5jz306u","time":1613941764,"event":{"mods":["AchievementEnabler","AlwaysNeverKeys","Aspiration","BaseMod","Bestiary","Better Altar","Better Match","Better Note","Better Sensory Stone","Better Skull","Better Third Choice","Better Vampires","Better-Laid Plans","BetterRewards","Colored Powertips","Curses Come First","DNKmod","Defuse TimeMaze Blight","Disable Question Mark Monsters","Displayed Cursed Tome","Downfall","Emptier Cage","Extra Virgin Snecko Oil","Filter the Spire","Friendly Minions","Gremlin Skip","Hermit","Hubris","Hyrulean Relics","Ironclad Rager","Jorbs\u0027s Wanderer Trilogy","Koishi","Lobotomy","Marisa????????","Marked Mod","Minty Spire (QoL Compilation)","Permanent Neow","Poor People Problems","Quick Restart","Reimu??????","Relic Filter Mod","Relic Sorter","Remilia??????","Remove Card Discount Mod","Reorder Act Four","Replay The Spire","Shop Mod","StSLib","Synergy Search","Td1madao Mod","The Administrix","The Animator","The Blue Laboratory","The Bug Knight","The Construct","The Cursed","The Disciple","The Hierophant","The Necromancer","The Poker Player","The Runesmith","The Senshi","The Servant 0.9.4","Thieving Mod","Transform Curses","WarShipGirlsR/????R mod","Youmu??????"],"gold_per_floor":[10010,10110,9536,9546,9566,9171,9186,9196,9275,9292,9292,9292,9292,9372,9372,9468,9468,9451,9464,8982,8992,9008,9008,9018,9018,9073,9085,9096,9111,9036,9051,9051,9146,9146,9163,9163,9163,9173,8747,8775,8775,8288,8288,8300,8300,8320,8320,7540,7540,7540],"floor_reached":51,"language":"ENG","playtime":9333,"items_purged":["AdministrixMod:TrickOfTheLight","Delirium","AdministrixMod:NoblePath","AdministrixMod:Strike_Administrix","AdministrixMod:Strike_Administrix","AdministrixMod:Strike_Administrix","AdministrixMod:PlateOfAntiquity","AdministrixMod:RedCloak","AdministrixMod:BlueCloak","AdministrixMod:CastOffRegrets","AdministrixMod:HarmonicReverence+1","AdministrixMod:Defend_Administrix","AdministrixMod:FeastOfDew","AdministrixMod:Defend_Administrix","AdministrixMod:Defend_Administrix","AdministrixMod:Defend_Administrix","AdministrixMod:CrackingPangu","AdministrixMod:ExtolVirtue"],"score":723,"play_id":"00b17788-5808-437d-a989-95a1b441cc0c","local_time":"20210221220924","is_ascension_mode":false,"campfire_choices":[{"data":"AdministrixMod:Convergence","floor":11.0,"key":"SMITH"},{"data":"AdministrixMod:TouchOfCinnabar","floor":13.0,"key":"SMITH"},{"data":"AdministrixMod:HarmonicReverence","floor":15.0,"key":"SMITH"},{"data":"AdministrixMod:LightOfYourLife","floor":23.0,"key":"SMITH"},{"data":"AdministrixMod:TouchOfCinnabar","floor":25.0,"key":"SMITH"},{"data":"AdministrixMod:SipOfSparks","floor":32.0,"key":"SMITH"},{"data":"AdministrixMod:XianArts","floor":41.0,"key":"SMITH"},{"data":"AdministrixMod:CastOffRegrets","floor":45.0,"key":"SMITH"},{"data":"AdministrixMod:StarSwordSoul","floor":49.0,"key":"SMITH"}],"circlet_count":0,"master_deck":["AdministrixMod:CenturiesAscent","AdministrixMod:TouchOfCinnabar+1","AdministrixMod:Convergence+1","AdministrixMod:RisingSunPrince","AdministrixMod:CenturiesAscent","AdministrixMod:CastOffRegrets+1","AdministrixMod:LightOfYourLife+1","AdministrixMod:RegentEdict+1","AdministrixMod:TouchOfCinnabar+1","AdministrixMod:LightOfYourLife+1","AdministrixMod:HaveItAll","AdministrixMod:SipOfSparks+1","AdministrixMod:WifeLightning","AdministrixMod:RebukeDesires","AdministrixMod:XianArts+1","AdministrixMod:StarSwordSoul+1","AdministrixMod:ExtolVirtue+1","AdministrixMod:RisingSunPrince+1","AdministrixMod:CrackingPangu+1","AdministrixMod:CrackingPangu+1","AdministrixMod:CenturiesAscent","AdministrixMod:CenturiesAscent"],"relics":["AdministrixMod:ConductorRitualBaton","Pen Nib","Replay:Accelerometer","MerchantsRug","Anchor","ClockworkSouvenir","Medical Kit","Gremlin Food","hubris:TenFootPole","Vampire_Amulet","SacredBark","Counterbalance","SlaversCollar","hubris:Towel","Ancient Tea Set","Singing Bowl","Quantum Egg","hubris:EmptyBottle","Replay:Rubber Ducky","Bottled Tornado"],"acts_visited":["Exordium","TheCity","TheBeyond"],"potions_floor_usage":[],"damage_taken":[{"damage":2.0,"enemies":"2 Louse","floor":1.0,"turns":3.0},{"damage":0.0,"enemies":"Cultist","floor":4.0,"turns":3.0},{"damage":0.0,"enemies":"Small Slimes","floor":5.0,"turns":3.0},{"damage":0.0,"enemies":"3 Louse","floor":7.0,"turns":5.0},{"damage":7.0,"enemies":"Large Slime","floor":8.0,"turns":7.0},{"damage":10.0,"enemies":"Blue Slaver","floor":10.0,"turns":4.0},{"damage":26.0,"enemies":"The Guardian","floor":16.0,"turns":15.0},{"damage":16.0,"enemies":"2 Thieves","floor":18.0,"turns":4.0},{"damage":5.0,"enemies":"3 Byrds","floor":19.0,"turns":7.0},{"damage":1.0,"enemies":"Snecko","floor":21.0,"turns":8.0},{"damage":6.0,"enemies":"Snake Plant","floor":22.0,"turns":11.0},{"damage":0.0,"enemies":"Cultist and Chosen","floor":24.0,"turns":8.0},{"damage":0.0,"enemies":"Centurion and Healer","floor":27.0,"turns":10.0},{"damage":28.0,"enemies":"3 Cultists","floor":28.0,"turns":9.0},{"damage":24.0,"enemies":"Sentry and Sphere","floor":29.0,"turns":12.0},{"damage":1.0,"enemies":"Snake Plant","floor":31.0,"turns":7.0},{"damage":26.0,"enemies":"Collector","floor":33.0,"turns":13.0},{"damage":24.0,"enemies":"3 Shapes","floor":35.0,"turns":7.0},{"damage":13.0,"enemies":"Orb Walker","floor":38.0,"turns":7.0},{"damage":29.0,"enemies":"Nemesis","floor":40.0,"turns":11.0},{"damage":2.0,"enemies":"Transient","floor":44.0,"turns":3.0},{"damage":5.0,"enemies":"4 Shapes","floor":46.0,"turns":7.0},{"damage":0,"enemies":"hubris:GrandSnecko","floor":50,"turns":11}],"seed_played":"-4764481409514216101","potions_obtained":[{"floor":0.0,"key":"SmokeBomb"},{"floor":0.0,"key":"Strength Potion"},{"floor":0.0,"key":"bronze:BurnAndBuffPotion"},{"floor":1.0,"key":"GamblersBrew"},{"floor":5.0,"key":"Reflective Coating"},{"floor":8.0,"key":"Strength Potion"},{"floor":18.0,"key":"Fire Potion"},{"floor":22.0,"key":"blueLaboratory:FruitPunch"},{"floor":28.0,"key":"Swift Potion"},{"floor":33.0,"key":"Reflective Coating"},{"floor":33.0,"key":"Weak Potion"},{"floor":35.0,"key":"Swift Potion"},{"floor":38.0,"key":"blueLaboratory:SavagePotion"},{"floor":46.0,"key":"blueLaboratory:FrostheartPotion"}],"is_trial":false,"path_per_floor":["M","?","$","M","M","$","M","M","T","M","R","?","R","?","R","B",null,"M","M","$","M","M","R","M","R","T","M","M","M","?","M","R","B",null,"M","?","?","M","$","E","R","$","T","M","R","M","?","$","R","B",null],"character_chosen":"TheAdministrix","items_purchased":["ClockworkSouvenir","Gremlin Food","AdministrixMod:CenturiesAscent","MerchantsRug","AdministrixMod:HarmonicReverence","blueLaboratory:FruitPunch","Medical Kit","hubris:TenFootPole","AdministrixMod:Convergence","Explosive Potion","Counterbalance","Anchor","AdministrixMod:LightOfYourLife","AdministrixMod:CastOffRegrets","Ancient Tea Set","AdministrixMod:XianArts","blueLaboratory:EmptyBottle","Orrery","Replay:Accelerometer","Singing Bowl","hubris:EmptyBottle","Replay:Rubber Ducky","CultistPotion","SpeedPotion","EssenceOfSteel","Bottled Tornado"],"campfire_rested":0,"item_purchase_floors":[3,3,3,3,3,3,6,6,6,6,20,20,20,20,39,39,39,39,42,42,48,48,48,48,48,48],"current_hp_per_floor":[63,63,63,63,63,63,65,58,58,50,50,55,55,55,55,31,72,58,59,59,60,56,56,60,60,60,64,46,26,26,27,27,11,76,58,58,58,47,47,20,20,20,20,18,18,21,21,21,21,29],"gold":7540,"neow_bonus":"THREE_SMALL_POTIONS","is_daily":false,"chose_seed":false,"campfire_upgraded":9,"win_rate":0.0,"timestamp":1613941764,"path_taken":["M","?","$","?","M","$","M","M","T","M","R","?","R","?","R","BOSS","M","M","$","M","M","R","M","R","T","M","M","M","?","M","R","BOSS","M","?","?","M","$","E","R","$","T","M","R","M","?","$","R","BOSS"],"items_purchased_type":["Relic","Relic","Card","Relic","Card","Potion","Relic","Relic","Card","Potion","Relic","Relic","Card","Card","Relic","Card","Potion","Relic","Relic","Relic","Relic","Relic","Potion","Potion","Potion","Relic"],"build_version":"2020-12-22","purchased_purges":18,"victory":true,"max_hp_per_floor":[65,65,65,65,65,65,67,67,67,67,67,72,72,72,72,72,72,72,72,72,72,72,72,72,72,72,72,76,76,76,76,76,76,76,76,76,76,76,76,76,76,76,76,76,76,76,76,76,76,76],"card_choices":[{"not_picked":["AdministrixMod:ImmortalPurity","AdministrixMod:DiversionaryTactic"],"picked":"AdministrixMod:CrackingPangu","floor":1.0},{"not_picked":["AdministrixMod:Katabasis","AdministrixMod:MixOfMercury"],"picked":"AdministrixMod:TouchOfCinnabar","floor":4.0},{"not_picked":["AdministrixMod:FearOfDeath","AdministrixMod:FuneraryRites"],"picked":"AdministrixMod:PlateOfAntiquity","floor":5.0},{"not_picked":["AdministrixMod:FuneraryRites","AdministrixMod:ImmortalGrace"],"picked":"AdministrixMod:RisingSunPrince","floor":7.0},{"not_picked":["AdministrixMod:ImmortalGrace","AdministrixMod:ImmortalPurity"],"picked":"AdministrixMod:TrickOfTheLight","floor":8.0},{"not_picked":["AdministrixMod:CenturiesAscent","AdministrixMod:BloodlessSapphire"],"picked":"AdministrixMod:NoblePath","floor":10.0},{"not_picked":["AdministrixMod:BloodBargain+1","AdministrixMod:SyncreticPlunge"],"picked":"AdministrixMod:CenturiesAscent","floor":18.0},{"not_picked":["AdministrixMod:HiddenPower","AdministrixMod:BegetEternity"],"picked":"AdministrixMod:CastOffRegrets","floor":19.0},{"not_picked":["AdministrixMod:PlateOfAntiquity","AdministrixMod:Katabasis"],"picked":"AdministrixMod:RegentEdict+1","floor":21.0},{"not_picked":["AdministrixMod:CrackingPangu+1","AdministrixMod:SipOfSparks"],"picked":"AdministrixMod:ExtolVirtue","floor":22.0},{"not_picked":["AdministrixMod:TrickOfTheLight","AdministrixMod:ShadowPlay+1"],"picked":"AdministrixMod:TouchOfCinnabar","floor":24.0},{"not_picked":["AdministrixMod:FuneraryRites","AdministrixMod:BloodlessSapphire","AdministrixMod:SeventeenArticleLaser"],"picked":"SKIP","floor":27.0},{"not_picked":["AdministrixMod:ImmortalGrace","AdministrixMod:ShadowPlay","AdministrixMod:HiddenPower"],"picked":"SKIP","floor":28.0},{"not_picked":["AdministrixMod:ImmortalGrace","AdministrixMod:ShadowPlay","AdministrixMod:HiddenPower"],"picked":"SKIP","floor":28.0},{"not_picked":["AdministrixMod:ImmortalGrace+1","AdministrixMod:SyncreticPlunge+1"],"picked":"AdministrixMod:LightOfYourLife+1","floor":29.0},{"not_picked":["AdministrixMod:WifeLightning","AdministrixMod:GirlsDoItBetter"],"picked":"AdministrixMod:HaveItAll","floor":30.0},{"not_picked":["AdministrixMod:ExtolVirtue","AdministrixMod:FuneraryRites"],"picked":"AdministrixMod:SipOfSparks","floor":30.0},{"not_picked":["AdministrixMod:ChooseYourEnd+1","AdministrixMod:Wuji"],"picked":"AdministrixMod:FeastOfDew","floor":31.0},{"not_picked":["AdministrixMod:GirlsDoItBetter","AdministrixMod:Mastermind"],"picked":"AdministrixMod:WifeLightning","floor":33.0},{"not_picked":["AdministrixMod:ImmortalPurity+1","AdministrixMod:TrickOfTheLight+1","AdministrixMod:NewWardrobe"],"picked":"SKIP","floor":35.0},{"not_picked":["AdministrixMod:SealAway","AdministrixMod:NoblePath+1"],"picked":"AdministrixMod:RebukeDesires","floor":38.0},{"not_picked":["AdministrixMod:RisingSunPrince","AdministrixMod:BloodBargain+1"],"picked":"AdministrixMod:StarSwordSoul","floor":39.0},{"not_picked":["AdministrixMod:SeventeenArticleLaser+1","AdministrixMod:JustRewards+1"],"picked":"AdministrixMod:ExtolVirtue+1","floor":39.0},{"not_picked":["AdministrixMod:TouchOfCinnabar","AdministrixMod:TrickOfTheLight"],"picked":"AdministrixMod:RisingSunPrince+1","floor":39.0},{"not_picked":["AdministrixMod:ImmortalPurity+1","AdministrixMod:TrickOfTheLight+1"],"picked":"AdministrixMod:CrackingPangu+1","floor":39.0},{"not_picked":["AdministrixMod:Wuji","AdministrixMod:FuneraryRites+1"],"picked":"AdministrixMod:CrackingPangu+1","floor":39.0},{"not_picked":["AdministrixMod:BloodlessSapphire+1","AdministrixMod:WickedPunishment","AdministrixMod:FeastOfDew+1"],"picked":"SKIP","floor":40.0},{"not_picked":["AdministrixMod:RebukeDesires+1","AdministrixMod:HarmonicReverence+1"],"picked":"AdministrixMod:CenturiesAscent","floor":44.0},{"not_picked":["AdministrixMod:SyncreticPlunge","AdministrixMod:PassageOfAges"],"picked":"AdministrixMod:CenturiesAscent","floor":46.0}],"player_experience":362139,"relics_obtained":[{"floor":9.0,"key":"aspiration:Nostalgia"},{"floor":26.0,"key":"aspiration:ChemicalBlood"},{"floor":40.0,"key":"Pen Nib"},{"floor":43.0,"key":"Quantum Egg"}],"event_choices":[{"damage_healed":0.0,"max_hp_gain":0.0,"max_hp_loss":0.0,"gold_gain":100.0,"event_name":"Golden Shrine","player_choice":"Pray","floor":2.0,"gold_loss":0.0,"damage_taken":0.0},{"damage_healed":0.0,"max_hp_gain":5.0,"max_hp_loss":0.0,"gold_gain":0.0,"event_name":"Big Fish","player_choice":"Donut","floor":12.0,"gold_loss":0.0,"damage_taken":0.0},{"damage_healed":0.0,"max_hp_gain":0.0,"max_hp_loss":0.0,"gold_gain":0.0,"event_name":"betterMatch:BetterMatch","player_choice":"1","floor":30.0,"gold_loss":0.0,"damage_taken":0.0,"cards_obtained":["betterMatch:RareCard","betterMatch:ColorlessRareCard","betterMatch:CommonCard","betterMatch:CommonCard"]},{"cards_removed":["AdministrixMod:Strike_Administrix"],"damage_healed":0.0,"max_hp_gain":0.0,"max_hp_loss":0.0,"gold_gain":0.0,"event_name":"Falling","player_choice":"Removed Attack","floor":37.0,"gold_loss":0.0,"damage_taken":0.0},{"damage_healed":0.0,"max_hp_gain":0.0,"max_hp_loss":0.0,"gold_gain":0.0,"event_name":"betterNote:BetterNote","player_choice":"Ignored","floor":47.0,"gold_loss":0.0,"damage_taken":0.0,"cards_obtained":["Finesse"]}],"is_beta":false,"boss_relics":[{"not_picked":["Busted Crown","aspiration:MarisaSkillbook"],"picked":"SacredBark"},{"not_picked":["Cursed Key","Replay:Ancient Bell"],"picked":"SlaversCollar"}],"items_purged_floors":[20,20,20,20,39,39,39,39,39,39,39,39,39,48,48,48,48,48],"is_endless":false,"potions_floor_spawned":[1,5,8,18,21,22,27,28,31,33,35,46],"ascension_level":0}}