{"host":"lxihx0b6awoz2w1j","time":1613936473,"event":{"mods":["BaseMod","Better Third Choice","BetterRewards","CapriCore","Colored Powertips","Conspire","Downfall","Fox Events","Infinite Spire","Melee Mod","Minty Spire (QoL Compilation)","Permanent Neow","Quick Restart","Relic Stats","Reliquary","Replay The Spire","Spicy Shops","StSLib","The Alterego","The Blue Laboratory","The Death Knight","The Forsaken","The Jungle","Waifu the Spire"],"gold_per_floor":[114,114,114,162,173,173,204,204,230,80,93,128,50,67,67,162,162,180,180,180,199,199,199,228,247,315,334,334,609,629,147,147,147,147],"floor_reached":33,"language":"ENG","playtime":1366,"items_purged":["Regret"],"score":287,"play_id":"1f543270-69d5-4be1-89af-80f99c2d329a","local_time":"20210221204113","is_ascension_mode":true,"campfire_choices":[{"floor":6.0,"key":"REST"},{"floor":15.0,"key":"REST"},{"floor":23.0,"key":"REST"},{"floor":28.0,"key":"REST"},{"data":"DeathKnight:FrosPresence","floor":32,"key":"SMITH"}],"circlet_count":0,"master_deck":["DeathKnight:Strike_DeathKnight","DeathKnight:Strike_DeathKnight","DeathKnight:Strike_DeathKnight","DeathKnight:Strike_DeathKnight","DeathKnight:Defend_DeathKnight","DeathKnight:Defend_DeathKnight","DeathKnight:Defend_DeathKnight","DeathKnight:Defend_DeathKnight","DeathKnight:RuneTap","DeathKnight:RuneStrike+1","DeathKnight:BludPresence","DeathKnight:BludPresence+1","DeathKnight:IcyTouch","DeathKnight:FrosPresence+1","DeathKnight:DancingRuneblade","DeathKnight:FrostStrike","DeathKnight:ReapingStrike+1","DeathKnight:IceboundArmor","DeathKnight:IceboundArmor+1","DeathKnight:ReapingStrike","DeathKnight:HartStrike","DeathKnight:Runesurge","Mind Blast+1","DeathKnight:DancingRuneblade+1","DeathKnight:DeathAndDecay+1","DeathKnight:WraithWalk","DeathKnight:RuneTap","DeathKnight:Runesurge","DeathKnight:BloodStrike","DeathKnight:FrosPresence+1","DeathKnight:FoulBulwark","DeathKnight:HornOfWinter","DeathKnight:RuneShock"],"relics":["DeathKnight:BrokenRuneblade","Quantum Egg","reliquary:FingerTrap","Bronze Scales","DeathKnight:CorpseWagon","reliquary:Boomerang","Ancient Tea Set","reliquary:Buckler","Replay:Grab Bag","Sozu","Velvet Choker","Astrolabe","Pantograph","Frozen Egg 2","reliquary:PartyBalloon","Replay:Mystery Machine"],"acts_visited":["Exordium","TheCity"],"potions_floor_usage":[],"damage_taken":[{"damage":15.0,"enemies":"Jaw Worm","floor":1.0,"turns":5.0},{"damage":5.0,"enemies":"Small Slimes","floor":5.0,"turns":3.0},{"damage":12.0,"enemies":"3 Sentries","floor":7.0,"turns":7.0},{"damage":0.0,"enemies":"2 Louse","floor":11.0,"turns":2.0},{"damage":35.0,"enemies":"Gremlin Nob","floor":12.0,"turns":6.0},{"damage":3.0,"enemies":"Exordium Wildlife","floor":14.0,"turns":6.0},{"damage":14.0,"enemies":"Hexaghost","floor":16.0,"turns":15.0},{"damage":17.0,"enemies":"3 Byrds","floor":18.0,"turns":4.0},{"damage":16.0,"enemies":"2 Thieves","floor":21.0,"turns":4.0},{"damage":26.0,"enemies":"Nightmare","floor":24.0,"turns":7.0},{"damage":3.0,"enemies":"Shelled Parasite and Fungi","floor":25.0,"turns":4.0},{"damage":3.0,"enemies":"Snake Plant","floor":27.0,"turns":3.0},{"damage":0.0,"enemies":"3 Cultists","floor":30.0,"turns":5.0},{"damage":84,"enemies":"Collector","floor":33,"turns":7}],"seed_played":"1451832066464750875","potions_obtained":[{"floor":4.0,"key":"DistilledChaos"},{"floor":11.0,"key":"Dexterity Potion"},{"floor":14.0,"key":"ColorlessPotion"}],"is_trial":false,"path_per_floor":["M","?","?","?","M","R","E","?","T","$","M","E","$","M","R","B",null,"M","?","?","M","?","R","NM","M","T","M","R","?","M","$","R","B"],"character_chosen":"DEATH_KNIGHT","items_purchased":["DeathKnight:BludPresence","Quantum Egg","reliquary:FingerTrap","DeathKnight:BludPresence","DeathKnight:ReapingStrike+1","DeathKnight:IceboundArmor","reliquary:Buckler","reliquary:PartyBalloon","DeathKnight:HornOfWinter","Replay:Mystery Machine","DeathKnight:RuneShock"],"campfire_rested":4,"item_purchase_floors":[0,0,0,0,10,10,13,31,31,31,31],"current_hp_per_floor":[52,52,52,52,47,69,57,57,57,57,59,24,24,21,44,30,77,60,46,46,30,30,54,28,25,25,22,46,46,46,46,46,0,0],"gold":147,"neow_bonus":"","is_daily":false,"chose_seed":false,"campfire_upgraded":1,"win_rate":0.0,"timestamp":1613936473,"path_taken":["M","?","?","?","?","R","E","?","T","$","M","E","?","M","R","BOSS","M","?","?","M","?","R","NM","M","T","?","R","?","?","$","R","BOSS"],"items_purchased_type":["Card","Relic","Relic","Card","Card","Card","Relic","Relic","Card","Relic","Card"],"build_version":"2020-12-22","purchased_purges":1,"victory":false,"max_hp_per_floor":[75,75,75,75,75,75,75,75,75,75,77,77,77,77,77,77,77,77,82,82,82,82,82,82,82,82,82,82,82,82,82,82,82,82],"relic_stats":{"Sozu":2,"counters":[14,78],"Bronze Scales":[294],"Astrolabe":["Mind Blast","DeathKnight:DancingRuneblade","DeathKnight:DeathAndDecay"],"Pantograph":25,"obtain_stats":[{"reliquary:Boomerang":9,"reliquary:PartyBalloon":31,"Quantum Egg":0,"Replay:Grab Bag":17,"Astrolabe":17,"Velvet Choker":17,"DeathKnight:CorpseWagon":7,"Frozen Egg 2":26,"Replay:Mystery Machine":31,"Ancient Tea Set":12,"Sozu":17,"Bronze Scales":0,"Pantograph":24,"reliquary:Buckler":13,"reliquary:FingerTrap":0,"DeathKnight:BrokenRuneblade":0},{"reliquary:Boomerang":3,"reliquary:PartyBalloon":13,"Quantum Egg":0,"Replay:Grab Bag":7,"Astrolabe":7,"Velvet Choker":7,"DeathKnight:CorpseWagon":3,"Frozen Egg 2":11,"Replay:Mystery Machine":13,"Ancient Tea Set":5,"Sozu":7,"Bronze Scales":0,"Pantograph":10,"reliquary:Buckler":5,"reliquary:FingerTrap":0,"DeathKnight:BrokenRuneblade":0},{"reliquary:Boomerang":15,"reliquary:PartyBalloon":71,"Quantum Egg":0,"Replay:Grab Bag":44,"Astrolabe":44,"Velvet Choker":44,"DeathKnight:CorpseWagon":15,"Frozen Egg 2":63,"Replay:Mystery Machine":71,"Ancient Tea Set":23,"Sozu":44,"Bronze Scales":0,"Pantograph":59,"reliquary:Buckler":23,"reliquary:FingerTrap":0,"DeathKnight:BrokenRuneblade":0}]},"card_choices":[{"not_picked":["DeathKnight:FrostStrike","DeathKnight:Lichborne"],"picked":"DeathKnight:IcyTouch","floor":1.0},{"not_picked":["DeathKnight:ShatteringStrikes","DeathKnight:WraithWalk"],"picked":"DeathKnight:FrosPresence","floor":4.0},{"not_picked":["DeathKnight:RunicCorruption","DeathKnight:ThirstingStrike"],"picked":"DeathKnight:DancingRuneblade","floor":5.0},{"not_picked":["DeathKnight:Outbreak","DeathKnight:UnholyFrenzy"],"picked":"DeathKnight:FrostStrike","floor":7.0},{"not_picked":["DeathKnight:Ossuary","DeathKnight:FrostStrike"],"picked":"DeathKnight:IceboundArmor","floor":11.0},{"not_picked":["DeathKnight:IceboundArmor","DeathKnight:BoneStorm"],"picked":"DeathKnight:ReapingStrike","floor":12.0},{"not_picked":["DeathKnight:ScourgeStrike","DeathKnight:Runeguard"],"picked":"DeathKnight:HartStrike","floor":14.0},{"not_picked":["DeathKnight:SindragosasBreath","DeathKnight:UnholyExperiment"],"picked":"DeathKnight:Runesurge","floor":16.0},{"not_picked":["DeathKnight:Pestilence","DeathKnight:Parry","DeathKnight:BloodEchoes+1"],"picked":"SKIP","floor":18.0},{"not_picked":["DeathKnight:BoneSpear","DeathKnight:MutagenicPlague+1"],"picked":"DeathKnight:WraithWalk","floor":21.0},{"not_picked":["DeathKnight:Outbreak","DeathKnight:UnholyFrenzy"],"picked":"DeathKnight:BloodStrike","floor":24.0},{"not_picked":["DeathKnight:Rot+1","DeathKnight:UnholyPresence","DeathKnight:HartStrike"],"picked":"SKIP","floor":25.0},{"not_picked":["DeathKnight:BoneSpear","DeathKnight:PlagueStrike"],"picked":"DeathKnight:FrosPresence+1","floor":27.0},{"not_picked":["DeathKnight:Parry+1","DeathKnight:HartStrike"],"picked":"DeathKnight:FoulBulwark","floor":30.0}],"player_experience":628955,"relics_obtained":[{"floor":7.0,"key":"DeathKnight:CorpseWagon"},{"floor":9.0,"key":"reliquary:Boomerang"},{"floor":12.0,"key":"Ancient Tea Set"},{"floor":24.0,"key":"Pantograph"},{"floor":26.0,"key":"Frozen Egg 2"}],"event_choices":[{"damage_healed":0.0,"max_hp_gain":0.0,"max_hp_loss":0.0,"gold_gain":0.0,"event_name":"Living Wall","player_choice":"Grow","floor":2.0,"gold_loss":0.0,"damage_taken":0.0,"cards_upgraded":["DeathKnight:BludPresence"]},{"damage_healed":0.0,"max_hp_gain":5.0,"max_hp_loss":0.0,"gold_gain":0.0,"event_name":"Forgotten Altar","player_choice":"Shed Blood","floor":19.0,"gold_loss":0.0,"damage_taken":19.0},{"damage_healed":0.0,"max_hp_gain":0.0,"max_hp_loss":0.0,"gold_gain":0.0,"event_name":"Beggar","player_choice":"Ignored","floor":20.0,"gold_loss":0.0,"damage_taken":0.0},{"damage_healed":0.0,"max_hp_gain":0.0,"max_hp_loss":0.0,"gold_gain":0.0,"event_name":"Match and Keep!","player_choice":"2 cards matched","floor":22.0,"gold_loss":0.0,"damage_taken":0.0,"cards_obtained":["DeathKnight:RuneTap","DeathKnight:Runesurge"]},{"damage_healed":0.0,"max_hp_gain":0.0,"max_hp_loss":0.0,"gold_gain":275.0,"event_name":"Golden Shrine","player_choice":"Desecrate","floor":29.0,"gold_loss":0.0,"damage_taken":0.0,"cards_obtained":["Regret"]}],"is_beta":false,"boss_relics":[{"not_picked":["Replay:Wanted Poster","Busted Crown"],"picked":"Replay:Grab Bag"},{"not_picked":["Coffee Dripper","reliquary:Craggleroot"],"picked":"Sozu"},{"not_picked":["conspire:SeveredTorchhead","conspire:RoyalGoblet"],"picked":"Velvet Choker"},{"not_picked":["DeathKnight:ScourgeInsignia","Pandora\u0027s Box"],"picked":"Astrolabe"}],"items_purged_floors":[31],"is_endless":true,"potions_floor_spawned":[5,11,14,21,30],"killed_by":"Collector","ascension_level":1}}