{"host":"eglukmwb6rueyn6u","time":1613938123,"event":{"mods":["AchievementEnabler","BaseMod","Colored Powertips","Highlight Path","Minty Spire (QoL Compilation)"],"gold_per_floor":[214,57,70,70,20,20,20,40,85,97,110,110,129,147,147,252,252,272,287,303,144,164,164,177,34,58,76,76,91,122,122,122,219,219,230,230,241,256,256,281,5,20,20,70,86,101,101,1,1,1,1,1,1,1,1],"floor_reached":54,"language":"ENG","playtime":5374,"items_purged":[],"score":685,"play_id":"93863624-dceb-46ae-aa7f-8da36be020f7","local_time":"20210221220843","is_ascension_mode":false,"campfire_choices":[{"data":"Dualcast","floor":6.0,"key":"SMITH"},{"data":"Beam Cell","floor":15.0,"key":"SMITH"},{"data":"Defragment","floor":23,"key":"SMITH"},{"data":"Seek","floor":28,"key":"SMITH"},{"floor":32,"key":"REST"},{"floor":47,"key":"REST"},{"floor":49,"key":"RECALL"},{"data":"Defragment","floor":52,"key":"SMITH"}],"circlet_count":0,"master_deck":["Zap+1","Dualcast+1","Ball Lightning","Coolheaded","Beam Cell+1","Sweeping Beam","Glacier","Undo","Seek+1","Redo","Auto Shields","Scrape","Sweeping Beam","FTL","Defragment+1","Seek","Go for the Eyes","Leap","Hologram","Leap","Conserve Battery","Fusion+1","Beam Cell","FTL","Skim+1","Cold Snap+1","Writhe","Rainbow+1","Lockon+1","Madness+1","Madness+1","Barrage+1","Defragment","Sadistic Nature","Conserve Battery+1","Rainbow+1","PanicButton+1","Leap+1","Defragment+1","Rebound","Redo+1","Rebound+1"],"relics":["Cracked Core","Bag of Marbles","Happy Flower","Pandora\u0027s Box","Membership Card","Toxic Egg 2","Vajra","Meat on the Bone","Question Card","Oddly Smooth Stone","Bottled Tornado","Du-Vu Doll","Dream Catcher"],"acts_visited":["Exordium","TheCity","TheBeyond","TheEnding"],"potions_floor_usage":[22,33,37,40,46,46,50,50],"damage_taken":[{"damage":0.0,"enemies":"Small Slimes","floor":1.0,"turns":3.0},{"damage":6.0,"enemies":"Jaw Worm","floor":3.0,"turns":2.0},{"damage":0.0,"enemies":"Cultist","floor":8.0,"turns":2.0},{"damage":4.0,"enemies":"Blue Slaver","floor":10.0,"turns":3.0},{"damage":18.0,"enemies":"Gremlin Gang","floor":11.0,"turns":4.0},{"damage":5.0,"enemies":"Looter","floor":13.0,"turns":2.0},{"damage":0.0,"enemies":"2 Fungi Beasts","floor":14.0,"turns":2.0},{"damage":19.0,"enemies":"The Guardian","floor":16.0,"turns":15.0},{"damage":0,"enemies":"Spheric Guardian","floor":18,"turns":3},{"damage":8,"enemies":"2 Thieves","floor":19,"turns":3},{"damage":9,"enemies":"Snecko","floor":20,"turns":7},{"damage":8,"enemies":"Shelled Parasite and Fungi","floor":22,"turns":6},{"damage":4,"enemies":"Snake Plant","floor":24,"turns":3},{"damage":0,"enemies":"Cultist and Chosen","floor":27,"turns":5},{"damage":11,"enemies":"Sentry and Sphere","floor":29,"turns":5},{"damage":14,"enemies":"Gremlin Leader","floor":30,"turns":6},{"damage":13,"enemies":"Champ","floor":33,"turns":15},{"damage":4,"enemies":"3 Darklings","floor":35,"turns":6},{"damage":7,"enemies":"Orb Walker","floor":37,"turns":3},{"damage":22,"enemies":"Sphere and 2 Shapes","floor":38,"turns":5},{"damage":20,"enemies":"Reptomancer","floor":40,"turns":6},{"damage":7,"enemies":"Maw","floor":42,"turns":6},{"damage":3,"enemies":"Mind Bloom Boss Battle","floor":44,"turns":7},{"damage":33,"enemies":"Writhing Mass","floor":45,"turns":6},{"damage":0,"enemies":"Transient","floor":46,"turns":5},{"damage":32,"enemies":"Awakened One","floor":50,"turns":14},{"damage":79,"enemies":"Shield and Spear","floor":54,"turns":8}],"seed_played":"-2527592284627795585","potions_obtained":[{"floor":1.0,"key":"Swift Potion"},{"floor":3.0,"key":"Block Potion"},{"floor":13.0,"key":"FearPotion"},{"floor":18,"key":"Regen Potion"},{"floor":27,"key":"EssenceOfSteel"},{"floor":29,"key":"Regen Potion"},{"floor":37,"key":"AttackPotion"},{"floor":42,"key":"AttackPotion"},{"floor":44,"key":"EntropicBrew"}],"is_trial":false,"path_per_floor":["M","$","M","?","?","R","$","M","T","M","M","?","M","M","R","B",null,"M","M","M","$","M","R","M","$","T","M","R","M","E","?","R","B",null,"M","?","M","M","?","E","$","M","T","?","M","M","R","?","R","B",null,"R","$","E"],"character_chosen":"DEFECT","items_purchased":["Bag of Marbles","Membership Card","Leap","Toxic Egg 2","Beam Cell","Rainbow+1","PanicButton+1","Leap+1","Bottled Tornado"],"campfire_rested":2,"item_purchase_floors":[2,21,21,25,25,41,41,41,41],"current_hp_per_floor":[75,75,69,69,69,69,69,69,69,65,47,75,70,70,70,51,75,75,67,58,58,62,62,58,58,58,58,58,47,33,33,55,57,75,71,62,55,45,45,37,37,42,42,39,18,30,52,52,52,32,75,75,75,0,0],"gold":1,"neow_bonus":"HUNDRED_GOLD","is_daily":false,"chose_seed":false,"campfire_upgraded":5,"win_rate":0.0,"timestamp":1613938123,"path_taken":["M","$","M","?","?","R","?","M","T","M","?","?","M","M","R","BOSS","M","M","?","$","M","R","M","$","T","M","R","M","E","?","R","BOSS","M","?","M","M","?","E","$","M","T","?","M","M","R","?","R","BOSS","R","$","E"],"items_purchased_type":["Relic","Relic","Card","Relic","Card","Card","Card","Card","Relic"],"build_version":"2020-12-22","purchased_purges":0,"victory":false,"max_hp_per_floor":[75,75,75,75,75,75,75,75,75,75,75,75,75,75,75,75,75,75,75,75,75,75,75,75,75,75,75,75,75,75,75,75,75,75,75,75,75,75,75,75,75,75,75,75,75,75,75,75,75,75,75,75,75,75,75],"card_choices":[{"not_picked":["Reinforced Body","Static Discharge"],"picked":"Ball Lightning","floor":1.0},{"not_picked":["Streamline","Fusion"],"picked":"Coolheaded","floor":3.0},{"not_picked":["Compile Driver","Reinforced Body","Turbo"],"picked":"SKIP","floor":8.0},{"not_picked":["Ball Lightning","Leap"],"picked":"Beam Cell","floor":10.0},{"not_picked":["Beam Cell","Coolheaded"],"picked":"Sweeping Beam","floor":11.0},{"not_picked":["Beam Cell","Sweeping Beam"],"picked":"Glacier","floor":13.0},{"not_picked":["Coolheaded","Reinforced Body"],"picked":"Undo","floor":14.0},{"not_picked":["Creative AI","Hyperbeam"],"picked":"Seek","floor":16.0},{"not_picked":["Recycle+1","Compile Driver"],"picked":"Go for the Eyes","floor":18},{"not_picked":["Blizzard","Lockon"],"picked":"Leap","floor":19},{"not_picked":["Turbo","Streamline"],"picked":"Hologram","floor":20},{"not_picked":["Glacier","Steam"],"picked":"Conserve Battery","floor":22},{"not_picked":["Genetic Algorithm+1","Barrage"],"picked":"Fusion+1","floor":24},{"not_picked":["Streamline","Reinforced Body+1"],"picked":"FTL","floor":27},{"not_picked":["Redo+1","Buffer"],"picked":"Skim+1","floor":29},{"not_picked":["Streamline","Aggregate+1"],"picked":"Cold Snap+1","floor":30},{"not_picked":["Reboot+1","Machine Learning","Creative AI"],"picked":"Rainbow+1","floor":33},{"not_picked":["Steam+1","Turbo+1","Chaos+1"],"picked":"Lockon+1","floor":35},{"not_picked":["Sweeping Beam+1","Force Field+1","Conserve Battery+1"],"picked":"Barrage+1","floor":37},{"not_picked":["Gash","Beam Cell","Coolheaded+1"],"picked":"Defragment","floor":38},{"not_picked":["Magnetism","Jack Of All Trades+1","Bandage Up+1"],"picked":"Sadistic Nature","floor":39},{"not_picked":["Genetic Algorithm+1","Cold Snap","Auto Shields+1"],"picked":"Conserve Battery+1","floor":40},{"not_picked":["Undo+1","Cold Snap","Stack+1"],"picked":"Defragment","floor":42},{"not_picked":["Sweeping Beam+1","Reinforced Body+1","Gash+1"],"picked":"Rebound","floor":44},{"not_picked":["Steam+1","Darkness+1","Cold Snap"],"picked":"Redo+1","floor":45},{"not_picked":["Fusion+1","Go for the Eyes","FTL"],"picked":"Rebound+1","floor":46}],"player_experience":136597,"relics_obtained":[{"floor":9.0,"key":"Happy Flower"},{"floor":26,"key":"Vajra"},{"floor":30,"key":"Meat on the Bone"},{"floor":40,"key":"Oddly Smooth Stone"},{"floor":44,"key":"Du-Vu Doll"}],"event_choices":[{"damage_healed":0.0,"max_hp_gain":0.0,"max_hp_loss":0.0,"gold_gain":0.0,"event_name":"Living Wall","player_choice":"Grow","floor":4.0,"gold_loss":0.0,"damage_taken":0.0,"cards_upgraded":["Zap"]},{"cards_removed":["Strike_B"],"damage_healed":0.0,"max_hp_gain":0.0,"max_hp_loss":0.0,"gold_gain":0.0,"event_name":"The Cleric","player_choice":"Card Removal","floor":5.0,"gold_loss":50.0,"damage_taken":0.0},{"damage_healed":28.0,"max_hp_gain":0.0,"max_hp_loss":0.0,"gold_gain":0.0,"event_name":"Wheel of Change","player_choice":"Full Heal","floor":12.0,"gold_loss":0.0,"damage_taken":0.0},{"damage_healed":0,"gold_gain":0,"player_choice":"Opened","damage_taken":0,"relics_obtained":["Question Card"],"max_hp_gain":0,"max_hp_loss":0,"event_name":"The Mausoleum","floor":31,"gold_loss":0,"cards_obtained":["Writhe"]},{"damage_healed":0,"gold_gain":0,"player_choice":"Embrace Madness","damage_taken":9,"max_hp_gain":0,"max_hp_loss":0,"event_name":"Winding Halls","floor":36,"gold_loss":0,"cards_obtained":["Madness","Madness"]},{"damage_healed":0,"gold_gain":0,"player_choice":"Memory 1","damage_taken":0,"max_hp_gain":0,"max_hp_loss":0,"event_name":"SensoryStone","floor":39,"gold_loss":0},{"damage_healed":0,"gold_gain":0,"player_choice":"Fight","damage_taken":0,"max_hp_gain":0,"max_hp_loss":0,"event_name":"MindBloom","floor":44,"gold_loss":0},{"damage_healed":0,"gold_gain":0,"player_choice":"Paid Gold","damage_taken":0,"relics_obtained":["Dream Catcher"],"max_hp_gain":0,"max_hp_loss":0,"event_name":"WeMeetAgain","floor":48,"gold_loss":100}],"is_beta":false,"boss_relics":[{"not_picked":["Philosopher\u0027s Stone","Nuclear Battery"],"picked":"Pandora\u0027s Box"},{"not_picked":["Coffee Dripper","Runic Pyramid","Snecko Eye"]}],"items_purged_floors":[],"is_endless":false,"potions_floor_spawned":[1,3,13,18,20,27,29,30,37,42,44,45],"killed_by":"Shield and Spear","ascension_level":0}}