{"host":"Jitters","time":1613892026,"event":{"mods":["BaseMod","Colored Powertips","Curses Come First","Downfall","Minty Spire (QoL Compilation)","Relic Stats","Reliquary","Shop Mod","Spicy Shops","StSLib"],"gold_per_floor":[99,112,2,2,14,49,117,130,146,146,177,192,192,206,219,318,318,318,333,352,352,369,389,389,407,420,420,220,233,250,200,211,310,310,310,322,372,391,491,510,537,548,564,613,613,613,613],"floor_reached":45,"language":"ENG","playtime":2561,"items_purged":[],"score":512,"play_id":"4f2b60a7-bb74-41be-9d72-6f46e9a0e9ed","local_time":"20210221022026","is_ascension_mode":false,"campfire_choices":[{"data":"champ:Taunt","floor":1.0,"key":"SMITH"},{"data":"champ:ArenaPreparation","floor":10.0,"key":"SMITH"},{"data":"champ:SwordThrow","floor":13.0,"key":"SMITH"},{"floor":18,"key":"RECALL"},{"data":"champ:CalledShot","floor":28,"key":"SMITH"},{"data":"champ:TripleStrike","floor":35,"key":"SMITH"}],"circlet_count":0,"master_deck":["champ:Strike","champ:Strike","champ:Strike","champ:Strike","champ:Defend","champ:Defend","champ:Defend","champ:Defend","champ:Execute","champ:Taunt+1","champ:Encircle","champ:FlashCut","champ:ArenaPreparation+1","champ:Haymaker","champ:FanOfKnives","champ:SwordThrow+1","champ:DefensiveShout","champ:UltimateStance","champ:EnGarde","champ:CalledShot+1","champ:BringItOn","champ:Improvising","champ:Backstep+1","champ:RecklessLeap","champ:PerfectedStrike","champ:ShieldSlam","champ:FalseCounter","champ:StanceDance+1","champ:PreemptiveStrike","champ:GutPunch","champ:TripleStrike+1","champ:CalledShot+1","champ:Taunt","champ:PreciseThrust","champ:Lariat","champ:VampiricStrike","Flash of Steel","Writhe","champ:TripleStrike","Parasite","champ:FanOfKnives","champ:AdrenalArmor+1","champ:HeartStrike+1"],"relics":["champ:ChampionCrown","reliquary:HotPoker","hexamod:Sixitude","reliquary:RedPaperclip","Pear","downfall:HeartBlessingBlue","downfall:HeartBlessingRed","Runic Dome","FossilizedHelix","downfall:GremlinSack","Juzu Bracelet","Regal Pillow"],"acts_visited":["Exordium","TheCity","TheBeyond"],"potions_floor_usage":[16,16,22,23,25,30,33,33,39,43,45],"damage_taken":[{"damage":14.0,"enemies":"Cultist","floor":2.0,"turns":3.0},{"damage":10.0,"enemies":"downfall:FleeingMerchant","floor":3.0,"turns":4.0},{"damage":15.0,"enemies":"Jaw Worm","floor":5.0,"turns":2.0},{"damage":33.0,"enemies":"Gremlin Nob","floor":6.0,"turns":4.0},{"damage":15.0,"enemies":"Small Slimes","floor":8.0,"turns":2.0},{"damage":25.0,"enemies":"Red Slaver","floor":9.0,"turns":1.0},{"damage":38.0,"enemies":"3 Sentries","floor":11.0,"turns":3.0},{"damage":57.0,"enemies":"Exordium Thugs","floor":12.0,"turns":5.0},{"damage":40.0,"enemies":"Gremlin Gang","floor":14.0,"turns":4.0},{"damage":10.0,"enemies":"Blue Slaver","floor":15.0,"turns":2.0},{"damage":20,"enemies":"WA_ARCHETYPE_RETAIN","floor":16,"turns":4},{"damage":42,"enemies":"Shell Parasite","floor":19,"turns":4},{"damage":18,"enemies":"Snake Plant","floor":20,"turns":2},{"damage":49,"enemies":"Shelled Parasite and Fungi","floor":22,"turns":3},{"damage":10,"enemies":"Snecko","floor":23,"turns":3},{"damage":27,"enemies":"Centurion and Healer","floor":25,"turns":4},{"damage":74,"enemies":"Cultist and Chosen","floor":26,"turns":6},{"damage":30,"enemies":"Shelled Parasite and Fungi","floor":29,"turns":2},{"damage":56,"enemies":"3 Cultists","floor":30,"turns":4},{"damage":9,"enemies":"Centurion and Healer","floor":32,"turns":5},{"damage":101,"enemies":"IC_MUSHROOM_ARCHETYPE","floor":33,"turns":6},{"damage":10,"enemies":"Orb Walker","floor":36,"turns":2},{"damage":26,"enemies":"Orb Walker","floor":37,"turns":5},{"damage":35,"enemies":"3 Darklings","floor":38,"turns":3},{"damage":28,"enemies":"3 Darklings","floor":39,"turns":4},{"damage":49,"enemies":"Writhing Mass","floor":40,"turns":4},{"damage":62,"enemies":"Maw","floor":42,"turns":6},{"damage":67,"enemies":"3 Darklings","floor":43,"turns":4},{"damage":65,"enemies":"Giant Head","floor":45,"turns":5}],"seed_played":"-8789106938797605478","potions_obtained":[{"floor":0.0,"key":"SmokeBomb"},{"floor":0.0,"key":"AttackPotion"},{"floor":0.0,"key":"CultistPotion"},{"floor":5.0,"key":"DistilledChaos"},{"floor":12.0,"key":"hexamod:SoulburnPotion"},{"floor":15.0,"key":"SteroidPotion"},{"floor":16,"key":"LiquidMemories"},{"floor":22,"key":"AttackPotion"},{"floor":23,"key":"FairyPotion"},{"floor":26,"key":"SteroidPotion"},{"floor":29,"key":"sneckomod:MuddlingPotion"},{"floor":32,"key":"hexamod:SoulburnPotion"},{"floor":37,"key":"BlessingOfTheForge"},{"floor":42,"key":"Ancient Potion"},{"floor":43,"key":"BlessingOfTheForge"}],"is_trial":false,"path_per_floor":["R","M","$","?","M","E","T","M","M","R","E","M","R","M","M","B",null,"R","M","M","?","M","M","T","M","M","T","R","M","M","?","M","B",null,"R","M","?","M","?","M","T","M","M","T","E"],"character_chosen":"THE_CHAMP","items_purchased":["champ:ArenaPreparation","champ:FightingForDummies"],"campfire_rested":0,"item_purchase_floors":[3,3],"current_hp_per_floor":[90,86,86,86,86,83,83,83,83,83,80,68,68,38,38,23,90,90,63,50,50,50,50,50,43,47,57,67,67,61,99,90,54,110,110,110,89,94,81,77,77,70,38,38,0,0,0],"gold":613,"neow_bonus":"THREE_SMALL_POTIONS","is_daily":false,"chose_seed":false,"campfire_upgraded":5,"win_rate":0.0,"timestamp":1613892026,"path_taken":["R","M","?","?","M","E","T","M","M","R","E","M","R","M","M","BOSS","R","M","M","?","?","M","T","M","M","?","R","M","?","?","M","BOSS","R","M","?","M","?","?","T","M","M","?","E"],"items_purchased_type":["Card","Relic"],"build_version":"2020-11-17","purchased_purges":0,"victory":false,"max_hp_per_floor":[90,90,90,90,90,90,90,90,90,90,90,90,90,90,90,90,90,90,90,90,90,90,90,90,90,90,100,110,110,110,110,110,110,110,110,110,110,110,110,110,110,110,110,110,110,110,110],"relic_stats":{"Regal Pillow":0,"counters":[29,106],"Juzu Bracelet":0,"obtain_stats":[{"Regal Pillow":44,"Pear":27,"downfall:HeartBlessingRed":28,"hexamod:Sixitude":11,"champ:ChampionCrown":0,"Juzu Bracelet":41,"Runic Dome":34,"reliquary:HotPoker":7,"reliquary:RedPaperclip":17,"downfall:GremlinSack":39,"downfall:HeartBlessingBlue":28,"champ:FightingForDummies":3,"FossilizedHelix":37,"reliquary:SharkskinSheath":6},{"Regal Pillow":28,"Pear":17,"downfall:HeartBlessingRed":17,"hexamod:Sixitude":7,"champ:ChampionCrown":0,"Juzu Bracelet":26,"Runic Dome":21,"reliquary:HotPoker":4,"reliquary:RedPaperclip":11,"downfall:GremlinSack":25,"downfall:HeartBlessingBlue":17,"champ:FightingForDummies":2,"FossilizedHelix":23,"reliquary:SharkskinSheath":4},{"Regal Pillow":101,"Pear":56,"downfall:HeartBlessingRed":56,"hexamod:Sixitude":19,"champ:ChampionCrown":0,"Juzu Bracelet":91,"Runic Dome":73,"reliquary:HotPoker":13,"reliquary:RedPaperclip":34,"downfall:GremlinSack":87,"downfall:HeartBlessingBlue":56,"champ:FightingForDummies":7,"FossilizedHelix":80,"reliquary:SharkskinSheath":13}]},"card_choices":[{"not_picked":["champ:BladeFlurry","champ:BringItOn"],"picked":"champ:Encircle","floor":2.0},{"not_picked":["champ:EnGarde","champ:GutPunch"],"picked":"champ:FlashCut","floor":3.0},{"not_picked":["champ:BringItOn","champ:BerserkersShout"],"picked":"champ:Haymaker","floor":5.0},{"not_picked":["champ:RapidStrikes","champ:IronFortress"],"picked":"champ:FanOfKnives","floor":6.0},{"not_picked":["champ:GladiatorStyle","champ:StanceDance"],"picked":"champ:SwordThrow","floor":8.0},{"not_picked":["champ:Backstep","champ:ShieldWall"],"picked":"champ:DefensiveShout","floor":9.0},{"not_picked":["champ:ShieldSlam","champ:Circumvent"],"picked":"champ:UltimateStance","floor":11.0},{"not_picked":["champ:BringItOn","champ:FlashCut"],"picked":"champ:EnGarde","floor":12.0},{"not_picked":["champ:StanceDance","champ:ShieldSlam"],"picked":"champ:CalledShot","floor":14.0},{"not_picked":["champ:Endure","champ:FanOfKnives"],"picked":"champ:BringItOn","floor":15.0},{"not_picked":["champ:LastStand","champ:GladiatorForm"],"picked":"champ:Improvising","floor":16},{"not_picked":["champ:BerserkersShout","champ:BladeFlurry"],"picked":"champ:Backstep+1","floor":19},{"not_picked":["champ:FlashCut","champ:Circumvent+1"],"picked":"champ:RecklessLeap","floor":20},{"not_picked":["champ:EnragedBash","champ:FocusedDefense"],"picked":"champ:PerfectedStrike","floor":22},{"not_picked":["champ:Encircle","champ:RisingSlash+1","champ:CrookedStrike"],"picked":"SKIP","floor":23},{"not_picked":["champ:FanOfKnives","champ:EnGarde"],"picked":"champ:ShieldSlam","floor":25},{"not_picked":["champ:DeathBlow+1","champ:IronFortress"],"picked":"champ:FalseCounter","floor":26},{"not_picked":["champ:FocusedBerserking","champ:FanOfKnives"],"picked":"champ:StanceDance+1","floor":29},{"not_picked":["champ:BringItOn","champ:PerfectedStrike"],"picked":"champ:PreemptiveStrike","floor":30},{"not_picked":["champ:CrownThrow","champ:BerserkersShout"],"picked":"champ:GutPunch","floor":32},{"not_picked":["champ:ShieldThrow","champ:UltimateStance"],"picked":"champ:TripleStrike","floor":33},{"not_picked":["champ:AdrenalArmor+1","champ:Circumvent"],"picked":"champ:CalledShot+1","floor":36},{"not_picked":["champ:Circumvent+1","champ:BringItOn+1","champ:FancyFootwork+1"],"picked":"SKIP","floor":38},{"not_picked":["champ:SkillfulDodge","champ:PerfectedStrike"],"picked":"champ:TripleStrike","floor":39},{"not_picked":["champ:CrookedStrike","champ:FancyFootwork+1"],"picked":"champ:FanOfKnives","floor":40},{"not_picked":["champ:TornadoPunch+1","champ:DefensiveShout"],"picked":"champ:AdrenalArmor+1","floor":42},{"not_picked":["champ:FanOfKnives+1","champ:BringItOn"],"picked":"champ:HeartStrike+1","floor":43}],"player_experience":227672,"relics_obtained":[{"floor":6.0,"key":"reliquary:SharkskinSheath"},{"floor":7.0,"key":"reliquary:HotPoker"},{"floor":11.0,"key":"hexamod:Sixitude"},{"floor":27,"key":"Pear"},{"floor":37,"key":"FossilizedHelix"},{"floor":39,"key":"downfall:GremlinSack"},{"floor":41,"key":"Juzu Bracelet"},{"floor":44,"key":"Regal Pillow"}],"event_choices":[],"is_beta":true,"boss_relics":[{"not_picked":["reliquary:Craggleroot","Astrolabe"],"picked":"reliquary:RedPaperclip"},{"not_picked":["Runic Pyramid","Black Star"],"picked":"Runic Dome"}],"items_purged_floors":[],"is_endless":false,"potions_floor_spawned":[5,6,9,12,15,16,22,23,26,29,32,37,42,43],"killed_by":"Giant Head","ascension_level":0}}