{"host":"v86vpwf004p2esb7","time":1613894055,"event":{"mods":["AchievementEnabler","BaseMod","BetterRewards","Colored Powertips","Minty Spire (QoL Compilation)","Quick Restart","StSLib","Transform Curses"],"gold_per_floor":[115,127,144,144,144,175,175,205,205,205,218,248,265,279,279,377,427,443,56,56,73,91,116,116,151,151,179,220,243,278,306,306,411,411,442,442,470,470,529,529,4,38,38,66,105,152,203,235,235,235,235,235,23,59,59],"floor_reached":56,"language":"ENG","playtime":2416,"items_purged":[],"score":2015,"play_id":"a12600d3-3877-4e7b-b490-41350b7a59e8","local_time":"20210220235415","is_ascension_mode":true,"campfire_choices":[{"floor":7,"key":"RECALL"},{"data":"Accuracy","floor":10,"key":"SMITH"},{"data":"Survivor","floor":15,"key":"SMITH"},{"data":"After Image","floor":24,"key":"SMITH"},{"data":"Finisher","floor":32,"key":"SMITH"},{"data":"Poisoned Stab","floor":40,"key":"SMITH"},{"floor":49,"key":"REST"},{"floor":52,"key":"REST"}],"circlet_count":0,"master_deck":["Strike_G","Strike_G","Strike_G","Strike_G","Defend_G","Defend_G","Defend_G","Defend_G+1","Defend_G","Survivor+1","Neutralize","Blade Dance+1","Accuracy+1","Blade Dance+1","Cloak And Dagger+1","Dodge and Roll+1","Bouncing Flask+1","Escape Plan+1","Blade Dance+1","Endless Agony","Cloak And Dagger+1","Bouncing Flask+1","Escape Plan+1","Die Die Die","Prepared+1","Poisoned Stab+1","Catalyst+1","Apotheosis+1","Burst+1","After Image+1","Escape Plan+1","Finisher+1","Envenom+1","Poisoned Stab+1","Adrenaline+1","PiercingWail+1","Wraith Form v2+1","Accuracy+1","Dodge and Roll+1","Deadly Poison+1","Catalyst+1","Bane+1","Envenom+1","PiercingWail+1","After Image+1","Poisoned Stab+1","Bullet Time+1","Storm of Steel+1","Catalyst+1","Infinite Blades+1","Accuracy+1"],"relics":["Ring of the Snake","Toxic Egg 2","DollysMirror","HandDrill","PreservedInsect","Gremlin Horn","Ninja Scroll","Kunai","Tiny House","Omamori","Nloth\u0027s Gift","StrikeDummy","CeramicFish","Frozen Egg 2","Pear","Akabeko","Calling Bell","Nunchaku","InkBottle","Prayer Wheel","Mango","Pantograph","Pen Nib","The Specimen","Bag of Preparation","TungstenRod","Ancient Tea Set","HornCleat"],"acts_visited":["Exordium","TheCity","TheBeyond","TheEnding"],"potions_floor_usage":[25,33,33,50,50,50,55,55,55],"damage_taken":[{"damage":0.0,"enemies":"Cultist","floor":1.0,"turns":2.0},{"damage":0.0,"enemies":"2 Louse","floor":2.0,"turns":1.0},{"damage":0.0,"enemies":"Jaw Worm","floor":3.0,"turns":3.0},{"damage":0.0,"enemies":"Lagavulin","floor":6.0,"turns":3.0},{"damage":0,"enemies":"3 Sentries","floor":8,"turns":4},{"damage":0,"enemies":"Blue Slaver","floor":11,"turns":1},{"damage":0,"enemies":"Lagavulin","floor":12,"turns":2},{"damage":0,"enemies":"Gremlin Gang","floor":13,"turns":1},{"damage":0,"enemies":"3 Louse","floor":14,"turns":1},{"damage":0,"enemies":"Slime Boss","floor":16,"turns":8},{"damage":0,"enemies":"3 Byrds","floor":18,"turns":1},{"damage":0,"enemies":"Spheric Guardian","floor":21,"turns":3},{"damage":4,"enemies":"Centurion and Healer","floor":22,"turns":2},{"damage":0,"enemies":"Gremlin Leader","floor":23,"turns":2},{"damage":0,"enemies":"Slavers","floor":25,"turns":4},{"damage":0,"enemies":"Snecko","floor":27,"turns":4},{"damage":7,"enemies":"Book of Stabbing","floor":28,"turns":3},{"damage":0,"enemies":"Sentry and Sphere","floor":29,"turns":1},{"damage":0,"enemies":"Gremlin Leader","floor":30,"turns":3},{"damage":2,"enemies":"Chosen and Byrds","floor":31,"turns":2},{"damage":38,"enemies":"Collector","floor":33,"turns":9},{"damage":0,"enemies":"3 Darklings","floor":35,"turns":3},{"damage":0,"enemies":"Orb Walker","floor":37,"turns":4},{"damage":7,"enemies":"Mind Bloom Boss Battle","floor":39,"turns":5},{"damage":0,"enemies":"Maw","floor":42,"turns":6},{"damage":0,"enemies":"Sphere and 2 Shapes","floor":44,"turns":3},{"damage":9,"enemies":"Giant Head","floor":45,"turns":5},{"damage":0,"enemies":"2 Orb Walkers","floor":46,"turns":6},{"damage":6,"enemies":"4 Shapes","floor":48,"turns":4},{"damage":81,"enemies":"Time Eater","floor":50,"turns":8},{"damage":33,"enemies":"Shield and Spear","floor":54,"turns":4},{"damage":73,"enemies":"The Heart","floor":55,"turns":6}],"seed_played":"-9072002698178919041","potions_obtained":[{"floor":3.0,"key":"SpeedPotion"},{"floor":12,"key":"BlessingOfTheForge"},{"floor":14,"key":"Energy Potion"},{"floor":28,"key":"FearPotion"},{"floor":31,"key":"DistilledChaos"},{"floor":33,"key":"Poison Potion"},{"floor":35,"key":"Weak Potion"},{"floor":54,"key":"Poison Potion"}],"is_trial":false,"path_per_floor":["M","M","M","?","T","E","R","E","T","R","M","E","M","M","R","B",null,"M","$","?","M","M","E","R","E","T","M","E","M","E","M","R","B",null,"M","?","M","?","?","R","$","M","T","M","E","?","T","M","R","B",null,"R","$","E","B",null],"character_chosen":"THE_SILENT","items_purchased":["Toxic Egg 2","Blade Dance+1","Accuracy","DollysMirror","Cloak And Dagger+1","HandDrill","PreservedInsect","Omamori","Catalyst+1","Apotheosis+1","Envenom+1","Pantograph","Pen Nib","DuplicationPotion","LiquidBronze","Infinite Blades+1"],"campfire_rested":2,"item_purchase_floors":[0,0,0,0,0,0,0,19,19,19,41,41,41,53,53,53],"current_hp_per_floor":[31,31,31,54,54,54,54,54,54,54,54,54,54,54,54,54,71,71,71,71,71,67,67,67,67,67,67,70,70,70,68,68,30,71,71,71,71,71,78,78,78,78,78,78,69,69,69,63,92,18,79,99,99,66,18],"gold":59,"neow_bonus":"","is_daily":false,"chose_seed":false,"campfire_upgraded":5,"win_rate":0.0,"timestamp":1613894055,"path_taken":["M","M","?","?","?","E","R","E","T","R","M","E","M","M","R","BOSS","M","$","?","M","M","E","R","E","T","M","E","?","E","M","R","BOSS","M","?","M","?","?","R","$","M","T","M","E","?","?","M","R","BOSS","R","$","E","BOSS"],"items_purchased_type":["Relic","Card","Card","Relic","Card","Relic","Relic","Relic","Card","Card","Card","Relic","Relic","Potion","Potion","Card"],"build_version":"2020-12-22","purchased_purges":0,"victory":true,"max_hp_per_floor":[70,70,70,70,70,70,70,70,70,70,70,70,70,70,70,70,75,75,75,75,75,75,75,75,75,75,75,85,85,85,85,85,85,85,85,85,85,85,99,99,99,99,99,99,99,99,99,99,99,99,99,99,99,99,99],"card_choices":[{"not_picked":["Dagger Throw","Deadly Poison+1"],"picked":"Dodge and Roll+1","floor":1.0},{"not_picked":["Flechettes","PiercingWail+1"],"picked":"Bouncing Flask+1","floor":2.0},{"not_picked":["Acrobatics+1","Quick Slash"],"picked":"Escape Plan+1","floor":3.0},{"not_picked":["Storm of Steel+1","Riddle With Holes"],"picked":"Blade Dance+1","floor":6},{"not_picked":["Sucker Punch","Dagger Spray"],"picked":"Endless Agony","floor":8},{"not_picked":["Riddle With Holes","Prepared+1"],"picked":"Cloak And Dagger+1","floor":11},{"not_picked":["Riddle With Holes","PiercingWail+1","Tactician+1"],"picked":"SKIP","floor":12},{"not_picked":["Quick Slash","Flechettes"],"picked":"Bouncing Flask+1","floor":13},{"not_picked":["Skewer","Dagger Spray"],"picked":"Escape Plan+1","floor":14},{"not_picked":["A Thousand Cuts","Malaise+1"],"picked":"Die Die Die","floor":16},{"not_picked":["Skewer","Well Laid Plans"],"picked":"Prepared+1","floor":17},{"not_picked":["Skewer+1","Expertise+1"],"picked":"Poisoned Stab+1","floor":18},{"not_picked":["Masterful Stab","Skewer+1"],"picked":"Burst+1","floor":21},{"not_picked":["Tactician+1","Flying Knee+1","Deadly Poison+1"],"picked":"SKIP","floor":22},{"not_picked":["Blade Dance+1","Bane"],"picked":"After Image","floor":23},{"not_picked":["Underhanded Strike","Quick Slash"],"picked":"Escape Plan+1","floor":25},{"not_picked":["Flying Knee","Doppelganger+1"],"picked":"Finisher","floor":27},{"not_picked":["Malaise+1","Caltrops+1"],"picked":"Envenom+1","floor":28},{"not_picked":["Calculated Gamble+1","Prepared+1"],"picked":"Poisoned Stab","floor":29},{"not_picked":["Setup+1","Flechettes"],"picked":"Adrenaline+1","floor":30},{"not_picked":["Sucker Punch+1","Calculated Gamble+1"],"picked":"PiercingWail+1","floor":31},{"not_picked":["Tools of the Trade+1","Storm of Steel+1"],"picked":"Wraith Form v2+1","floor":33},{"not_picked":["Caltrops+1","Phantasmal Killer+1"],"picked":"Accuracy+1","floor":35},{"not_picked":["Dagger Throw","Predator"],"picked":"Dodge and Roll+1","floor":35},{"not_picked":["Dagger Throw","Flying Knee"],"picked":"Deadly Poison+1","floor":37},{"not_picked":["Riddle With Holes","Grand Finale"],"picked":"Catalyst+1","floor":37},{"not_picked":["Dagger Throw","Deflect+1"],"picked":"Bane+1","floor":39},{"not_picked":["Sucker Punch","Backflip+1"],"picked":"PiercingWail+1","floor":42},{"not_picked":["Backflip+1","Underhanded Strike"],"picked":"After Image+1","floor":42},{"not_picked":["Reflex+1","Quick Slash"],"picked":"Poisoned Stab+1","floor":44},{"not_picked":["Underhanded Strike","Doppelganger+1","Slice+1"],"picked":"SKIP","floor":44},{"not_picked":["Setup+1","Quick Slash+1"],"picked":"Bullet Time+1","floor":45},{"not_picked":["Deflect+1","Expertise+1"],"picked":"Storm of Steel+1","floor":48},{"not_picked":["Prepared+1","Skewer+1"],"picked":"Catalyst+1","floor":48},{"not_picked":["Heel Hook","Infinite Blades+1"],"picked":"Accuracy+1","floor":54}],"player_experience":182901,"relics_obtained":[{"floor":6,"key":"Gremlin Horn"},{"floor":8,"key":"Bag of Marbles"},{"floor":9,"key":"Ninja Scroll"},{"floor":12,"key":"Kunai"},{"floor":23,"key":"StrikeDummy"},{"floor":25,"key":"CeramicFish"},{"floor":26,"key":"Frozen Egg 2"},{"floor":28,"key":"Pear"},{"floor":30,"key":"Akabeko"},{"floor":34,"key":"Nunchaku"},{"floor":34,"key":"InkBottle"},{"floor":34,"key":"Prayer Wheel"},{"floor":39,"key":"Mango"},{"floor":43,"key":"The Specimen"},{"floor":45,"key":"Bag of Preparation"},{"floor":46,"key":"TungstenRod"},{"floor":47,"key":"Ancient Tea Set"},{"floor":54,"key":"HornCleat"}],"event_choices":[{"damage_healed":23.0,"max_hp_gain":0.0,"max_hp_loss":0.0,"gold_gain":0.0,"event_name":"Big Fish","player_choice":"Banana","floor":4.0,"gold_loss":0.0,"damage_taken":0.0},{"damage_healed":0,"gold_gain":0,"player_choice":"Traded Relic","damage_taken":0,"relics_obtained":["Nloth\u0027s Gift"],"max_hp_gain":0,"max_hp_loss":0,"event_name":"N\u0027loth","floor":20,"relics_lost":["Bag of Marbles"],"gold_loss":0},{"cards_removed":["Strike_G"],"damage_healed":0,"gold_gain":0,"player_choice":"Removed Attack","damage_taken":0,"max_hp_gain":0,"max_hp_loss":0,"event_name":"Falling","floor":36,"gold_loss":0},{"damage_healed":0,"gold_gain":0,"player_choice":"Ignored","damage_taken":0,"max_hp_gain":0,"max_hp_loss":0,"event_name":"Tomb of Lord Red Mask","floor":38,"gold_loss":0},{"damage_healed":0,"gold_gain":0,"player_choice":"Fight","damage_taken":0,"max_hp_gain":0,"max_hp_loss":0,"event_name":"MindBloom","floor":39,"gold_loss":0},{"damage_healed":0,"gold_gain":0,"player_choice":"Fight","damage_taken":0,"max_hp_gain":0,"max_hp_loss":0,"event_name":"Mysterious Sphere","floor":46,"gold_loss":0}],"is_beta":false,"boss_relics":[{"not_picked":["Pandora\u0027s Box","Empty Cage"],"picked":"Tiny House"},{"not_picked":["Busted Crown","Philosopher\u0027s Stone"],"picked":"Calling Bell"}],"items_purged_floors":[],"is_endless":false,"potions_floor_spawned":[3,12,14,18,21,23,28,31,33,35,42,45,46,48,54],"ascension_level":6}}