{"host":"pf9sh7nh6rpu9sau","time":1613926369,"event":{"mods":["2.2 Compatiblity","BaseMod","BetterRewards","Clockwork Mod","Downfall","Hermit","Minty Spire (QoL Compilation)","Permanent Neow","Quick Restart","Somnambulant","StSLib","The Clintock","The Disciple","The Hierophant","The Runesmith"],"gold_per_floor":[110,121,46,64,64,64,80,80,103,103,103,117,142,161,161,259,259,278,298,310,410,1,1,17,17,17,17,28,28,60,60,60,60],"floor_reached":31,"language":"ENG","playtime":2042,"items_purged":["bronze:Strike","bronze:Strike"],"score":257,"play_id":"cbb6041d-e7a4-4d9d-a2af-f74f1834de15","local_time":"20210221115249","is_ascension_mode":false,"campfire_choices":[{"floor":6,"key":"REST"},{"data":"bronze:MaxOutput","floor":8,"key":"SMITH"},{"data":"bronze:Mutator","floor":10,"key":"SMITH"},{"floor":15,"key":"REST"},{"floor":23,"key":"REST"},{"floor":27,"key":"REST"}],"circlet_count":0,"master_deck":["bronze:Strike","bronze:Strike","bronze:Defend","bronze:Defend","bronze:Defend","bronze:Defend","bronze:Replicate+1","bronze:Goto","bronze:Mutator+1","bronze:MaxOutput+1","bronze:OilSpill+1","bronze:OilSpill","bronze:Allocate","bronze:BronzeOrb","bronze:Refactor","bronze:ShipIt","bronze:Turbo","bronze:BuggyMess","bronze:DecaBeam","bronze:WildBeam","Shame","bronze:Iterate+1"],"relics":["bronze:BronzeCore","bronze:SilverBullet","bronze:ElectromagneticCoil","Sling","Happy Flower","Toy Ornithopter","Bottled Tornado","Bird Faced Urn"],"acts_visited":["Exordium","TheCity"],"potions_floor_usage":[12,13,13,21,21,30],"damage_taken":[{"damage":7,"enemies":"Small Slimes","floor":1,"turns":4},{"damage":5,"enemies":"Cultist","floor":2,"turns":4},{"damage":7,"enemies":"Jaw Worm","floor":4,"turns":5},{"damage":7,"enemies":"Blue Slaver","floor":7,"turns":3},{"damage":0,"enemies":"Gremlin Gang","floor":12,"turns":1},{"damage":14,"enemies":"Lagavulin","floor":13,"turns":6},{"damage":5,"enemies":"Looter","floor":14,"turns":3},{"damage":22,"enemies":"The Guardian","floor":16,"turns":10},{"damage":5,"enemies":"3 Byrds","floor":18,"turns":4},{"damage":5,"enemies":"Shell Parasite","floor":19,"turns":4},{"damage":36,"enemies":"Snecko","floor":20,"turns":6},{"damage":12,"enemies":"Snecko","floor":21,"turns":4},{"damage":10,"enemies":"Centurion and Healer","floor":24,"turns":7},{"damage":16,"enemies":"Cultist and Chosen","floor":28,"turns":5},{"damage":15,"enemies":"Book of Stabbing","floor":30,"turns":4},{"damage":15,"enemies":"Snake Plant","floor":31,"turns":1}],"seed_played":"5350896296250344926","potions_obtained":[{"floor":1,"key":"AttackPotion"},{"floor":2,"key":"Strength Potion"},{"floor":7,"key":"GamblersBrew"},{"floor":11,"key":"EssenceOfSteel"},{"floor":16,"key":"CultistPotion"},{"floor":19,"key":"bronze:FreeFunctionsPotion"},{"floor":28,"key":"Dexterity Potion"},{"floor":30,"key":"FearPotion"}],"is_trial":false,"path_per_floor":["M","M","$","M","?","R","M","R","T","R","?","M","E","M","R","B",null,"M","M","M","?","$","R","M","?","T","R","M","$","E","M"],"character_chosen":"THE_AUTOMATON","items_purchased":["Sling","Happy Flower"],"campfire_rested":4,"item_purchase_floors":[22,22],"current_hp_per_floor":[56,51,51,44,31,49,42,42,42,42,42,42,28,23,41,19,63,58,53,17,5,5,23,13,13,13,31,15,15,5,0,0,0],"gold":60,"neow_bonus":"THREE_RARE_CARDS","is_daily":false,"chose_seed":false,"campfire_upgraded":2,"win_rate":0.0,"timestamp":1613926369,"path_taken":["M","M","$","M","?","R","M","R","T","R","?","M","E","?","R","BOSS","M","M","M","?","$","R","M","?","T","R","M","?","E","M"],"items_purchased_type":["Relic","Relic"],"build_version":"2020-12-22","purchased_purges":2,"victory":false,"max_hp_per_floor":[63,63,63,63,63,63,63,63,63,63,63,63,63,63,63,63,63,63,63,63,63,63,63,63,63,63,63,63,63,63,63,63,63],"card_choices":[{"not_picked":["bronze:Library","bronze:Verify"],"picked":"bronze:Mutator","floor":0},{"not_picked":["bronze:Safeguard","bronze:Overload"],"picked":"bronze:MaxOutput","floor":1},{"not_picked":["bronze:ClassDefault","bronze:DelayedSlice","bronze:ChildClass"],"picked":"SKIP","floor":2},{"not_picked":["bronze:DelayedSlice","bronze:NullPointer"],"picked":"bronze:OilSpill","floor":4},{"not_picked":["bronze:Separator","bronze:Backtrace"],"picked":"bronze:OilSpill","floor":7},{"not_picked":["bronze:WhirlingStrike","bronze:Repair"],"picked":"bronze:Allocate","floor":12},{"not_picked":["bronze:ShipIt","bronze:Separator"],"picked":"bronze:BronzeOrb","floor":13},{"not_picked":["bronze:Branch","bronze:Optimize"],"picked":"bronze:Refactor","floor":14},{"not_picked":["bronze:Assembly","bronze:InfiniteLoop"],"picked":"bronze:ShipIt","floor":16},{"not_picked":["bronze:CutThrough+1","bronze:Terminator"],"picked":"bronze:Turbo","floor":18},{"not_picked":["bronze:WhirlingStrike","bronze:BronzeArmor+1","bronze:NullPointer"],"picked":"SKIP","floor":19},{"not_picked":["bronze:WhirlingStrike+1","bronze:DigitalCarnage+1"],"picked":"bronze:BuggyMess","floor":20},{"not_picked":[],"picked":"bronze:DecaBeam","floor":21},{"not_picked":["bronze:Turbo+1","bronze:DelayedSlice+1"],"picked":"bronze:WildBeam","floor":21},{"not_picked":["bronze:Flail","bronze:Overload","bronze:Frontload"],"picked":"SKIP","floor":24},{"not_picked":["bronze:CutThrough","bronze:Turbo"],"picked":"bronze:Iterate+1","floor":28},{"not_picked":["bronze:ChosenStrike","bronze:Constructor","bronze:CloningBeam"],"picked":"SKIP","floor":30}],"player_experience":726261,"relics_obtained":[{"floor":13,"key":"bronze:SilverBullet"},{"floor":26,"key":"Bottled Tornado"},{"floor":30,"key":"Bird Faced Urn"}],"event_choices":[{"damage_healed":0,"gold_gain":0,"player_choice":"Entered Light","damage_taken":13,"max_hp_gain":0,"max_hp_loss":0,"event_name":"Shining Light","floor":5,"gold_loss":0,"cards_upgraded":["bronze:Replicate","bronze:OilSpill"]},{"damage_healed":0,"gold_gain":0,"player_choice":"Got Potions","damage_taken":0,"max_hp_gain":0,"max_hp_loss":0,"event_name":"Lab","floor":11,"gold_loss":0},{"damage_healed":0,"gold_gain":0,"player_choice":"Stole Relic","damage_taken":0,"relics_obtained":["Toy Ornithopter"],"max_hp_gain":0,"max_hp_loss":0,"event_name":"Addict","floor":25,"gold_loss":0,"cards_obtained":["Shame"]}],"is_beta":false,"boss_relics":[{"not_picked":["Astrolabe","SacredBark"],"picked":"bronze:ElectromagneticCoil"}],"items_purged_floors":[3,22],"is_endless":false,"potions_floor_spawned":[1,2,7,16,19,28,30],"killed_by":"Snake Plant","ascension_level":0}}