{"host":"ur8591ivwt16uwtw","time":1613866956,"event":{"mods":["BaseMod","Hubris","Minty Spire (QoL Compilation)","Rare Cards Sparkle","Replay The Spire","StSLib","The Bug Knight","The Cursed","The Disciple","The Hierophant","The Runesmith"],"gold_per_floor":[113,129,149,160,173,173,199,199,245,255,255,272,46,46,46,143,243,243,243],"floor_reached":18,"language":"ENG","playtime":2099,"items_purged":["Strike_Br"],"score":164,"play_id":"be5583c9-f5cf-468f-92be-070c70cb53ea","local_time":"20210221012236","is_ascension_mode":false,"campfire_choices":[{"data":"LockedWhetstone","floor":6,"key":"SMITH"},{"data":"DaylightSavings","floor":8,"key":"SMITH"},{"data":"SecondHand","floor":11,"key":"SMITH"},{"data":"Analog","floor":15,"key":"SMITH"}],"circlet_count":0,"master_deck":["Strike_Br","Strike_Br","Strike_Br","Defend_Br","Defend_Br","Defend_Br","Defend_Br","SecondHand+1","PatternShift","HandsUpB","WatchCommand","LockedWhetstone+1","HandsUpB","Allegro","DaylightSavings+6","LockedBlood","Analog+1","Flay"],"relics":["Chronometer","HornCleat","hubris:SlimyHat","Chemical X","Replay:Wanted Poster"],"acts_visited":["Exordium","TheCity"],"potions_floor_usage":[7,16,18],"damage_taken":[{"damage":7,"enemies":"Cultist","floor":1,"turns":6},{"damage":2,"enemies":"Small Slimes","floor":2,"turns":6},{"damage":0,"enemies":"2 Louse","floor":3,"turns":4},{"damage":1,"enemies":"Exordium Wildlife","floor":4,"turns":4},{"damage":2,"enemies":"2 Fungi Beasts","floor":5,"turns":5},{"damage":17,"enemies":"Gremlin Nob","floor":7,"turns":10},{"damage":8,"enemies":"Lots of Slimes","floor":10,"turns":7},{"damage":3,"enemies":"Blue Slaver","floor":12,"turns":5},{"damage":30,"enemies":"The Guardian","floor":16,"turns":22},{"damage":64,"enemies":"3 Byrds","floor":18,"turns":8}],"seed_played":"-8132572399130444834","potions_obtained":[{"floor":3,"key":"PowerPotion"},{"floor":4,"key":"PowerPotion"},{"floor":12,"key":"Block Potion"}],"is_trial":false,"path_per_floor":["M","M","M","M","M","R","E","R","T","M","R","M","$","?","R","B",null,"M"],"character_chosen":"CHRONO_CLASS","items_purchased":["Chemical X"],"campfire_rested":0,"item_purchase_floors":[13],"current_hp_per_floor":[64,62,62,61,59,59,42,42,42,34,34,35,35,28,28,4,71,12,12],"gold":243,"neow_bonus":"TEN_PERCENT_HP_BONUS","is_daily":false,"chose_seed":false,"campfire_upgraded":4,"win_rate":0.0,"timestamp":1613866956,"path_taken":["M","M","M","M","M","R","E","R","T","M","R","M","?","?","R","BOSS","M"],"items_purchased_type":["Relic"],"build_version":"2020-12-22","purchased_purges":1,"victory":false,"max_hp_per_floor":[71,71,71,71,71,71,71,71,71,71,71,71,71,71,71,71,71,71,71],"card_choices":[{"not_picked":["LockedBlood","LockedScales"],"picked":"HandsUpB","floor":1},{"not_picked":["Echoward","BlueShift"],"picked":"WatchCommand","floor":2},{"not_picked":["LockedBlood","ExoVibe"],"picked":"LockedWhetstone","floor":3},{"not_picked":["WakeUpCall","LockedAstrolabe"],"picked":"HandsUpB","floor":4},{"not_picked":["AlternateTimeline","LockedScales"],"picked":"Tempo","floor":5},{"not_picked":["ExoVibe","WakeUpCall"],"picked":"DaylightSavings","floor":7},{"not_picked":["WatchCommand","TickedOff"],"picked":"LockedBlood","floor":10},{"not_picked":["PrimeTime","LockedBlood"],"picked":"Analog","floor":12},{"not_picked":["RageCommand","OracleForm"],"picked":"Flay","floor":16}],"player_experience":2377432,"relics_obtained":[{"floor":7,"key":"HornCleat"},{"floor":9,"key":"hubris:SlimyHat"}],"event_choices":[{"damage_healed":0,"gold_gain":0,"player_choice":"Damaged","damage_taken":7,"max_hp_gain":0,"max_hp_loss":0,"event_name":"Wheel of Change","floor":14,"gold_loss":0}],"is_beta":false,"boss_relics":[{"not_picked":["hubris:HollowSoul","hubris:BlackHole"],"picked":"Replay:Wanted Poster"}],"items_purged_floors":[13],"is_endless":false,"potions_floor_spawned":[3,4,12],"killed_by":"3 Byrds","ascension_level":0}}