{"host":"10hinapzqlh39548","time":1613915096,"event":{"mods":["BaseMod","Colored Powertips","Minty Spire (QoL Compilation)","MostiFishMod","Reliquary","Replay The Spire","StSLib","The Bladedancer"],"gold_per_floor":[109,109,120,120,133,146,157,157,157,157,185,198,198,209,209,317,317,338,338,357,379,394,396,396],"floor_reached":23,"language":"ENG","playtime":2404,"items_purged":["blademaster:Strike","blademaster:Strike"],"score":197,"play_id":"6262a1a7-a69f-4ee2-8f30-53c70617f911","local_time":"20210221144456","is_ascension_mode":false,"campfire_choices":[{"floor":8.0,"key":"REST"},{"data":"blademaster:AspectOfLightning","floor":13.0,"key":"SMITH"},{"data":"blademaster:DaggerAndCloak","floor":15.0,"key":"SMITH"}],"circlet_count":0,"master_deck":["blademaster:Strike","blademaster:Strike","blademaster:Defend","blademaster:Defend","blademaster:Defend","blademaster:Defend","blademaster:RagingBlow","blademaster:HighVoltage","blademaster:ChargingUp","blademaster:Meditate","blademaster:Havoc+1","blademaster:Quickstep","blademaster:ChargingUp","blademaster:DaggerAndCloak+1","MostiFishMod:KingOfFree","blademaster:DaggerAndCloak","blademaster:AspectOfLightning+1","blademaster:DaggerAndCloak","blademaster:CloudOfSteel","blademaster:ChargingUp","blademaster:Flurry","blademaster:Meditate+1"],"relics":["blademaster:DancersAmulet","DaveBox","DiscerningMonocle","Lantern","SynthV:TestCard","Potion Belt","ChiLing","Chi","Ling","Replay:Bottled Eggs","reliquary:Boomerang","BargainBundle","Replay:Accelerometer","reliquary:SharkskinSheath","Sozu"],"acts_visited":["Exordium","TheCity"],"potions_floor_usage":[],"damage_taken":[{"damage":2.0,"enemies":"2 Louse","floor":1.0,"turns":5.0},{"damage":21.0,"enemies":"Jaw Worm","floor":3.0,"turns":6.0},{"damage":2.0,"enemies":"Small Slimes","floor":5.0,"turns":1.0},{"damage":11.0,"enemies":"Blue Slaver","floor":6.0,"turns":3.0},{"damage":9.0,"enemies":"3 Louse","floor":7.0,"turns":2.0},{"damage":24.0,"enemies":"Gremlin Nob","floor":11.0,"turns":5.0},{"damage":9.0,"enemies":"Red Slaver","floor":12.0,"turns":2.0},{"damage":2.0,"enemies":"Looter","floor":14.0,"turns":2.0},{"damage":20.0,"enemies":"Slime Boss","floor":16.0,"turns":6.0},{"damage":33,"enemies":"Spheric Guardian","floor":18,"turns":8},{"damage":3,"enemies":"Chosen","floor":20,"turns":4},{"damage":24,"enemies":"Snake Plant","floor":21,"turns":4},{"damage":7,"enemies":"Cultist and Chosen","floor":22,"turns":4},{"damage":54,"enemies":"Gremlin Leader","floor":23,"turns":7}],"seed_played":"9084367634244852245","potions_obtained":[{"floor":1.0,"key":"Doom Potion"},{"floor":7.0,"key":"PowerPotion"},{"floor":14.0,"key":"Strength Potion"},{"floor":16.0,"key":"CultistPotion"}],"is_trial":false,"path_per_floor":["M","?","M","$","M","M","M","R","T","$","E","M","R","M","R","B",null,"M","?","M","M","M","E"],"character_chosen":"THE_BLADEMASTER","items_purchased":["Potion Belt","ChiLing","blademaster:Havoc","blademaster:Quickstep","Replay:Bottled Eggs","reliquary:Boomerang","BargainBundle","Replay:Accelerometer","MostiFishMod:KingOfFree","blademaster:DaggerAndCloak","CultistPotion","Swift Potion","Adrenaline Potion"],"campfire_rested":1,"item_purchase_floors":[4,4,4,4,4,10,10,10,10,10,10,10,10],"current_hp_per_floor":[73,73,52,52,50,45,36,58,58,58,43,39,39,38,38,25,75,48,48,47,31,31,0,0],"gold":396,"neow_bonus":"RANDOM_COMMON_RELIC","is_daily":false,"chose_seed":false,"campfire_upgraded":2,"win_rate":0.0,"timestamp":1613915096,"path_taken":["M","?","M","$","M","M","M","R","T","$","E","M","R","M","R","BOSS","M","?","M","M","M","E"],"items_purchased_type":["Relic","Relic","Card","Card","Relic","Relic","Relic","Relic","Card","Card","Potion","Potion","Potion"],"build_version":"2020-12-22","purchased_purges":2,"victory":false,"max_hp_per_floor":[75,75,75,75,75,75,75,75,75,75,75,75,75,75,75,75,75,75,75,75,75,75,75,75],"card_choices":[{"not_picked":["blademaster:AwakeningDefend","blademaster:Slice"],"picked":"blademaster:ChargingUp","floor":1.0},{"not_picked":["blademaster:Sharpen","blademaster:BladeMastery","blademaster:SlyStabs","blademaster:Safeguard"],"picked":"blademaster:Meditate","floor":3.0},{"not_picked":["blademaster:CombatPrep","blademaster:AirSlash","blademaster:KiBarrier","blademaster:EyeOfTheStorm","blademaster:LeechingStrike"],"picked":"SKIP","floor":5.0},{"not_picked":["blademaster:Quickstep","blademaster:Frontflip","blademaster:Vortex","blademaster:Stability"],"picked":"blademaster:ChargingUp","floor":6.0},{"not_picked":["blademaster:EnchantedCuirass","blademaster:AwakeningStrike","blademaster:IcyWind","blademaster:Gust"],"picked":"blademaster:DaggerAndCloak","floor":7.0},{"not_picked":["blademaster:Gust","blademaster:StanceMastery","blademaster:AspectOfWind","blademaster:AwakeningStrike","blademaster:CullingStrike"],"picked":"SKIP","floor":11.0},{"not_picked":["blademaster:Sunder","blademaster:SlyStabs","blademaster:Frontflip","blademaster:Flurry"],"picked":"blademaster:AspectOfLightning","floor":12.0},{"not_picked":["blademaster:AspectOfLightning","blademaster:Vortex","blademaster:Flurry","blademaster:Reversal"],"picked":"blademaster:DaggerAndCloak","floor":14.0},{"not_picked":["blademaster:Flash","blademaster:Empower","blademaster:StanceMastery","blademaster:UnrelentingWind"],"picked":"blademaster:CloudOfSteel","floor":16.0},{"not_picked":["blademaster:AspectOfLightning","blademaster:Slice+1","blademaster:BladeCross","blademaster:Thrust"],"picked":"blademaster:ChargingUp","floor":18},{"not_picked":["blademaster:DancingEdge+1","blademaster:Rupture","blademaster:DragonStrike","blademaster:Gust+1"],"picked":"blademaster:Flurry","floor":20},{"not_picked":["blademaster:AirSlash","blademaster:Sunder","blademaster:FuriousStrike+1","blademaster:CloudOfSteel","blademaster:Discharge"],"picked":"SKIP","floor":21},{"not_picked":["blademaster:SlyStabs","blademaster:Stability+1","blademaster:FuriousStrike+1","blademaster:DaggerAndCloak"],"picked":"blademaster:Meditate+1","floor":22}],"player_experience":1198255,"relics_obtained":[{"floor":1.0,"key":"SynthV:TestCard"},{"floor":11.0,"key":"reliquary:SharkskinSheath"},{"floor":11.0,"key":"blademaster:BleedingLaceratePerk"}],"event_choices":[{"damage_healed":0,"gold_gain":0,"player_choice":"Ignored","damage_taken":0,"max_hp_gain":0,"max_hp_loss":0,"event_name":"Vampires","floor":19,"gold_loss":0}],"is_beta":false,"boss_relics":[{"not_picked":["reliquary:KinkedSpring","RhineSuit"],"picked":"Sozu"}],"items_purged_floors":[4,10],"is_endless":false,"potions_floor_spawned":[1,7,14,16,18],"killed_by":"Gremlin Leader","ascension_level":0}}