{"host":"2se5dq1do2gp0x9k","time":1613939516,"event":{"mods":["AchievementEnabler","BaseMod","Block Reminder","Colored Map","Colored Powertips","Minty Spire (QoL Compilation)","Relic Stats","StSLib","SuperFastMode"],"gold_per_floor":[114,126,146,146,165,193,193,225,225,225,225,236,252,277,277,353,353,365,384,49,65,65,65,65,65],"floor_reached":24,"language":"ENG","playtime":867,"items_purged":["Strike_P"],"score":462,"play_id":"8c6b9591-72a4-4225-b5d5-b474c12e36d3","local_time":"20210221123156","is_ascension_mode":true,"campfire_choices":[{"data":"Eruption","floor":7,"key":"SMITH"},{"data":"Adaptation","floor":10,"key":"SMITH"},{"data":"TalkToTheHand","floor":15,"key":"SMITH"},{"data":"JustLucky","floor":23,"key":"SMITH"}],"circlet_count":0,"master_deck":["AscendersBane","Strike_P","Strike_P","Strike_P","Defend_P+1","Defend_P","Defend_P","Defend_P","Eruption+1","Vigilance+1","SandsOfTime","FearNoEvil","Conclude+1","TalkToTheHand+1","Adaptation+1","FlurryOfBlows+1","LessonLearned","DeceiveReality","Blasphemy","FlurryOfBlows+1","JustLucky+1","Wireheading"],"relics":["PureWater","NeowsBlessing","Happy Flower","Dead Branch","Singing Bowl","FaceOfCleric","Letter Opener","Runic Pyramid","ClockworkSouvenir"],"acts_visited":["Exordium","TheCity"],"potions_floor_usage":[14,16,24,24],"damage_taken":[{"damage":0,"enemies":"Cultist","floor":1,"turns":1},{"damage":0,"enemies":"Small Slimes","floor":2,"turns":1},{"damage":0,"enemies":"Jaw Worm","floor":3,"turns":1},{"damage":0,"enemies":"Lots of Slimes","floor":5,"turns":1},{"damage":31,"enemies":"Gremlin Nob","floor":6,"turns":4},{"damage":0,"enemies":"Lagavulin","floor":8,"turns":4},{"damage":1,"enemies":"Blue Slaver","floor":12,"turns":3},{"damage":0,"enemies":"Exordium Thugs","floor":13,"turns":2},{"damage":20,"enemies":"3 Sentries","floor":14,"turns":4},{"damage":8,"enemies":"Hexaghost","floor":16,"turns":12},{"damage":0,"enemies":"Chosen","floor":18,"turns":3},{"damage":15,"enemies":"3 Byrds","floor":19,"turns":5},{"damage":6,"enemies":"Cultist and Chosen","floor":21,"turns":4},{"damage":100021,"enemies":"Gremlin Leader","floor":24,"turns":5}],"seed_played":"2052820458365348430","potions_obtained":[{"floor":1,"key":"Weak Potion"},{"floor":3,"key":"Swift Potion"},{"floor":14,"key":"Energy Potion"},{"floor":16,"key":"Explosive Potion"}],"is_trial":false,"path_per_floor":["M","M","M","?","M","E","R","E","T","R","?","M","M","E","R","B",null,"M","M","$","M","?","R","E"],"character_chosen":"WATCHER","items_purchased":["JustLucky","ClockworkSouvenir","Wireheading"],"campfire_rested":0,"item_purchase_floors":[20,20,20],"current_hp_per_floor":[61,61,61,61,61,30,30,30,30,30,30,30,31,12,12,5,55,58,44,44,41,41,41,0,0],"gold":65,"neow_bonus":"THREE_ENEMY_KILL","is_daily":false,"chose_seed":false,"campfire_upgraded":4,"win_rate":0.0,"timestamp":1613939516,"path_taken":["M","M","?","?","?","E","R","E","T","R","?","M","?","E","R","BOSS","M","M","$","M","?","R","E"],"items_purchased_type":["Card","Relic","Card"],"build_version":"2020-12-22","purchased_purges":1,"victory":false,"max_hp_per_floor":[68,68,68,68,68,68,68,68,68,68,68,69,70,71,71,72,72,75,76,76,79,79,79,79,79],"relic_stats":{"Happy Flower":[14],"Singing Bowl":4,"FaceOfCleric":7,"counters":[14,49],"Dead Branch":[29],"Letter Opener":[30],"obtain_stats":[{"NeowsBlessing":0,"Happy Flower":6,"Singing Bowl":9,"FaceOfCleric":11,"Dead Branch":8,"Letter Opener":14,"PureWater":0,"Runic Pyramid":17,"ClockworkSouvenir":20},{"NeowsBlessing":0,"Happy Flower":5,"Singing Bowl":6,"FaceOfCleric":6,"Dead Branch":6,"Letter Opener":9,"PureWater":0,"Runic Pyramid":10,"ClockworkSouvenir":12},{"NeowsBlessing":0,"Happy Flower":8,"Singing Bowl":12,"FaceOfCleric":12,"Dead Branch":12,"Letter Opener":21,"PureWater":0,"Runic Pyramid":33,"ClockworkSouvenir":41}]},"card_choices":[{"not_picked":["Weave","Evaluate"],"picked":"SandsOfTime","floor":1},{"not_picked":["EmptyMind","PathToVictory"],"picked":"FearNoEvil","floor":2},{"not_picked":["JustLucky","WreathOfFlame"],"picked":"Conclude","floor":3},{"not_picked":["Swivel","EmptyMind","SashWhip"],"picked":"SKIP","floor":5},{"not_picked":["Collect","EmptyFist"],"picked":"TalkToTheHand","floor":6},{"not_picked":["JustLucky","EmptyFist"],"picked":"Adaptation","floor":8},{"not_picked":["CutThroughFate","FlyingSleeves"],"picked":"FlurryOfBlows","floor":12},{"not_picked":["PathToVictory","Perseverance"],"picked":"LessonLearned","floor":13},{"not_picked":["FollowUp","BowlingBash"],"picked":"DeceiveReality","floor":14},{"not_picked":["DeusExMachina","Judgement"],"picked":"Blasphemy","floor":16},{"not_picked":["ThirdEye","PathToVictory","Weave"],"picked":"Singing Bowl","floor":18},{"not_picked":["Swivel","Study"],"picked":"FlurryOfBlows","floor":19},{"not_picked":["Worship","Prostrate","Meditate"],"picked":"Singing Bowl","floor":21}],"player_experience":4104103,"relics_obtained":[{"floor":6,"key":"Happy Flower"},{"floor":8,"key":"Dead Branch"},{"floor":9,"key":"Singing Bowl"},{"floor":14,"key":"Letter Opener"}],"event_choices":[{"damage_healed":0,"gold_gain":0,"player_choice":"Upgraded","damage_taken":0,"max_hp_gain":0,"max_hp_loss":0,"event_name":"Upgrade Shrine","floor":4,"gold_loss":0,"cards_upgraded":["Conclude"]},{"damage_healed":0,"gold_gain":0,"player_choice":"Trade","damage_taken":0,"relics_obtained":["FaceOfCleric"],"max_hp_gain":0,"max_hp_loss":0,"event_name":"FaceTrader","floor":11,"gold_loss":0},{"damage_healed":0,"gold_gain":0,"player_choice":"Upgraded","damage_taken":0,"max_hp_gain":0,"max_hp_loss":0,"event_name":"Upgrade Shrine","floor":22,"gold_loss":0,"cards_upgraded":["FlurryOfBlows"]}],"is_beta":false,"boss_relics":[{"not_picked":["Coffee Dripper","VioletLotus"],"picked":"Runic Pyramid"}],"items_purged_floors":[20],"is_endless":false,"potions_floor_spawned":[1,3,8,14,16,19],"killed_by":"Gremlin Leader","ascension_level":18}}