{"host":"p48otulg9rbkrcsk","time":1613893768,"event":{"mods":["BaseMod","Colored Map","Minty Spire (QoL Compilation)","Quick Restart","StSLib","The Administrix","The Animator","[功能]功能增强和修复MOD"],"gold_per_floor":[128,145,120,220,220,245,245,262,336,352,342,342,359,349,349,451,451,376,389,488,504,494,494,494,494,494],"floor_reached":25,"language":"ZHS","playtime":1338,"items_purged":["animator:Defend","animator:Strike","animator:Strike","animator:Defend","animator:Defend","animator:Caster","animator:Strike","animator:Strike_Elsword","animator:HighElfArcher","animator:Defend_Elsword","animator:Hibiki"],"score":299,"play_id":"64885ca5-2c43-418f-9d88-f731b7535971","local_time":"20210221154928","is_ascension_mode":true,"campfire_choices":[{"floor":7.0,"key":"RECALL"},{"data":"animator:Hibiki","floor":15.0,"key":"SMITH"},{"data":"animator:Kira","floor":23.0,"key":"SMITH"}],"circlet_count":0,"master_deck":["animator:Chung","animator:Raven","animator:SakuraMatou","animator:Chung","animator:Laby","animator:Vesta","animator:Kuribayashi","animator:GazelDwargon","animator:Shion","animator:Hibiki+1","animator:SwordMaiden","animator:Kira+1","Writhe"],"relics":["animator:LivingPicture","animator:TheMissingPiece","Potion Belt","Strange Spoon","MealTicket","Bottled Flame","Singing Bowl","Sundial","TheAbacus","HornCleat","Sling","Gremlin Horn","Art of War","Toolbox","Pear","Paper Frog","Busted Crown","Dead Branch","Happy Flower","Brimstone","Regal Pillow"],"acts_visited":["Exordium","TheCity"],"potions_floor_usage":[25],"damage_taken":[{"damage":1.0,"enemies":"Small Slimes","floor":1.0,"turns":4.0},{"damage":3.0,"enemies":"Cultist","floor":2.0,"turns":5.0},{"damage":36.0,"enemies":"3 Sentries","floor":6.0,"turns":12.0},{"damage":5.0,"enemies":"2 Louse","floor":8.0,"turns":3.0},{"damage":25.0,"enemies":"Gremlin Gang","floor":10.0,"turns":5.0},{"damage":3.0,"enemies":"Looter","floor":13.0,"turns":4.0},{"damage":0.0,"enemies":"The Guardian","floor":16.0,"turns":8.0},{"damage":27.0,"enemies":"2 Thieves","floor":18.0,"turns":5.0},{"damage":8.0,"enemies":"Chosen","floor":19.0,"turns":5.0},{"damage":12.0,"enemies":"Shelled Parasite and Fungi","floor":21.0,"turns":6.0},{"damage":13,"enemies":"Gremlin Leader","floor":25,"turns":2}],"seed_played":"8281021061066165963","potions_obtained":[{"floor":1.0,"key":"SpeedPotion"},{"floor":2.0,"key":"Strength Potion"},{"floor":2.0,"key":"PowerPotion"},{"floor":6.0,"key":"DuplicationPotion"},{"floor":8.0,"key":"animator:FalseLifePotion"},{"floor":16.0,"key":"FearPotion"},{"floor":19.0,"key":"Dexterity Potion"},{"floor":19.0,"key":"Dexterity Potion"}],"is_trial":false,"path_per_floor":["M","M","$","?","$","E","R","M","T","M","$","?","M","$","R","B",null,"M","M","?","M","$","R","?","E"],"character_chosen":"THE_ANIMATOR","items_purchased":["Strange Spoon","MealTicket","Bottled Flame","animator:Hibiki","Singing Bowl","Sundial","TheAbacus","animator:Laby","animator:Caster","Sling","Gremlin Horn","Art of War","animator:Kuribayashi","Toolbox","Pear","Paper Frog","animator:Shion","animator:Hibiki","Dead Branch","Happy Flower","Brimstone","animator:Kira"],"campfire_rested":0,"item_purchase_floors":[3,3,3,3,5,5,5,5,5,11,11,11,11,14,14,14,14,14,22,22,22,22],"current_hp_per_floor":[65,62,62,62,66,30,30,27,27,2,17,17,14,39,39,39,78,53,47,47,37,52,52,52,39,39],"gold":494,"neow_bonus":"RANDOM_COMMON_RELIC","is_daily":false,"chose_seed":false,"campfire_upgraded":2,"win_rate":0.0,"timestamp":1613893768,"path_taken":["M","M","$","?","$","E","R","M","T","?","$","?","M","$","R","BOSS","M","?","?","M","$","R","?","E"],"items_purchased_type":["Relic","Relic","Relic","Card","Relic","Relic","Relic","Card","Card","Relic","Relic","Relic","Card","Relic","Relic","Relic","Card","Card","Relic","Relic","Relic","Card"],"build_version":"2020-12-22","purchased_purges":11,"victory":false,"max_hp_per_floor":[66,66,66,66,66,66,66,68,68,68,68,68,68,78,78,78,78,80,82,82,84,84,84,84,84,84],"card_choices":[{"not_picked":["animator:ElricAlphonse","animator:SilverFang"],"picked":"animator:SakuraMatou","floor":1.0},{"not_picked":["animator:Assassin","animator:Alexander"],"picked":"animator:Chung","floor":2.0},{"not_picked":["animator:TukaLunaMarceau","animator:YaoHaDucy"],"picked":"animator:SakuraMatou","floor":6.0},{"not_picked":["animator:Rider","animator:Alexander","animator:ShinjiMatou"],"picked":"Singing Bowl","floor":8.0},{"not_picked":["animator:DwarfShaman","animator:Spearman"],"picked":"animator:Vesta","floor":10.0},{"not_picked":["animator:Rider","animator:Tatsumaki"],"picked":"animator:GazelDwargon","floor":13.0},{"not_picked":["animator:Saitama","animator:Shizu"],"picked":"animator:SwordMaiden","floor":16.0},{"not_picked":["animator:MumenRider"],"picked":"Singing Bowl","floor":18.0},{"not_picked":["animator:Raven"],"picked":"Singing Bowl","floor":19.0},{"not_picked":["animator:LizardPriest"],"picked":"Singing Bowl","floor":21.0}],"player_experience":201907,"relics_obtained":[{"floor":6.0,"key":"HornCleat"}],"event_choices":[{"damage_healed":0.0,"max_hp_gain":0.0,"max_hp_loss":0.0,"gold_gain":100.0,"event_name":"Golden Shrine","player_choice":"Pray","floor":4.0,"gold_loss":0.0,"damage_taken":0.0},{"damage_healed":0.0,"max_hp_gain":0.0,"max_hp_loss":0.0,"gold_gain":0.0,"cards_transformed":["animator:SakuraMatou"],"event_name":"Transmorgrifier","player_choice":"Transformed","floor":12.0,"gold_loss":0.0,"damage_taken":0.0,"cards_obtained":["animator:HighElfArcher"]},{"damage_healed":0.0,"max_hp_gain":0.0,"max_hp_loss":0.0,"gold_gain":99.0,"event_name":"Nest","player_choice":"Stole From Cult","floor":20.0,"gold_loss":0.0,"damage_taken":0.0},{"damage_healed":0.0,"max_hp_gain":0.0,"max_hp_loss":0.0,"gold_gain":0.0,"event_name":"The Mausoleum","player_choice":"Opened","floor":24.0,"gold_loss":0.0,"damage_taken":0.0,"relics_obtained":["Regal Pillow"],"cards_obtained":["Writhe"]}],"is_beta":false,"boss_relics":[{"not_picked":["Mark of Pain","Calling Bell"],"picked":"Busted Crown"}],"items_purged_floors":[3,3,3,3,3,11,11,14,14,22,22],"is_endless":false,"potions_floor_spawned":[1,2,2,6,8,8,13,16,19,19,21],"killed_by":"Gremlin Leader","ascension_level":2}}