{"host":"q6l9o5ad25lrm2yj","time":1613907238,"event":{"mods":["BaseMod","BetterRewards","Colored Powertips","Downfall","Lobotomy","Minty Spire (QoL Compilation)","Replay The Spire","StSLib","[IsaacMod]ÒÔÈö¼âËþ"],"gold_per_floor":[110,27,43,43,60,78,153,216,316,335,353,370,385,385,385,385,385,484,484,504,518,529,539,589,274,321,567,652,652,552,270,170,186,186,286,286,300,311,323,339,324,324,347,347,365,365,378,398,363,383,383,383],"floor_reached":53,"language":"ZHS","playtime":4899,"items_purged":[],"score":659,"play_id":"684a9921-af84-470a-b6b2-19d5221a41f8","local_time":"20210221193358","is_ascension_mode":false,"campfire_choices":[{"data":"DoctorFetus","floor":17.0,"key":"SMITH"},{"floor":30.0,"key":"RECALL"},{"data":"bronze:GetLatest","floor":32.0,"key":"SMITH"},{"data":"bronze:Terminator","floor":34,"key":"SMITH"},{"data":"bronze:GetLatest","floor":42,"key":"SMITH"},{"floor":46,"key":"REST"},{"floor":51,"key":"REST"}],"circlet_count":0,"master_deck":["bronze:Strike","bronze:Strike","bronze:Strike","bronze:Defend","bronze:Defend","bronze:Defend","bronze:Defend","bronze:Replicate","bronze:Goto","DoctorFetus+1","bronze:FineTuning","bronze:Repair","bronze:Library","bronze:FineTuning","bronze:Turbo","bronze:WhirlingStrike","bronze:Optimize","bronze:DelayedGuard","bronze:Boost","bronze:Repair","bronze:BronzeArmor","bronze:TinkerersToolbox","bronze:BronzeOrb","bronze:NullPointer","bronze:Frontload","bronze:Terminator+1","bronze:Safeguard","bronze:GetLatest+1","bronze:FineTuning","bronze:GetLatest+1","bronze:CloningBeam","bronze:Mutator","bronze:OilSpill","bronze:HyperBeam","bronze:DigitalCarnage","bronze:CutThrough","bronze:DelayedGuard+1","bronze:Shield","bronze:WildBeam+1","downfall:Aged","bronze:OilSpill","bronze:ChosenStrike+1","bronze:Separator","bronze:Constructor+1"],"relics":["bronze:BronzeCore","HushsDoor","Leech","SharpPlug","Toy Ornithopter","expansioncontent:StudyCardRelic","Bottled Lightning","Vajra","Replay:Bottled Snecko","Replay:Wax Seal","bronze:BottledCode","downfall:HeartBlessingBlue","downfall:HeartBlessingRed","Ring of Chaos","Slimebound:StickyStick","ReplayTheSpireMod:CursedCoin","Lantern","UnicornStump","ReplayFunnel"],"acts_visited":["Exordium","TheCity","TheBeyond"],"potions_floor_usage":[35,35,52,52,52],"damage_taken":[{"damage":10.0,"enemies":"Cultist","floor":1.0,"turns":4.0},{"damage":5.0,"enemies":"downfall:FleeingMerchant","floor":2.0,"turns":4.0},{"damage":3.0,"enemies":"Small Slimes","floor":3.0,"turns":4.0},{"damage":11.0,"enemies":"Jaw Worm","floor":5.0,"turns":2.0},{"damage":0.0,"enemies":"Large Slime","floor":6.0,"turns":5.0},{"damage":42.0,"enemies":"Lagavulin Event","floor":8.0,"turns":6.0},{"damage":11.0,"enemies":"downfall:LooterAlt","floor":10.0,"turns":3.0},{"damage":0.0,"enemies":"Red Slaver","floor":11.0,"turns":4.0},{"damage":0.0,"enemies":"Large Slime","floor":12.0,"turns":4.0},{"damage":23.0,"enemies":"3 Louse","floor":13.0,"turns":3.0},{"damage":21.0,"enemies":"IC_STATUS_ARCHETYPE","floor":18.0,"turns":8.0},{"damage":14.0,"enemies":"downfall:LooterAlt2","floor":20.0,"turns":6.0},{"damage":25.0,"enemies":"3 Byrds","floor":21.0,"turns":3.0},{"damage":31.0,"enemies":"Snake Plant","floor":22.0,"turns":7.0},{"damage":3.0,"enemies":"Centurion and Healer","floor":23.0,"turns":6.0},{"damage":34.0,"enemies":"Hiden Room Battle","floor":24.0,"turns":8.0},{"damage":3.0,"enemies":"downfall:FleeingMerchant","floor":25.0,"turns":4.0},{"damage":15.0,"enemies":"downfall:FleeingMerchant","floor":27.0,"turns":4.0},{"damage":6.0,"enemies":"Snecko","floor":31.0,"turns":6.0},{"damage":15,"enemies":"Snake Plant","floor":33,"turns":5},{"damage":41,"enemies":"SI_MIRROR_ARCHETYPE","floor":35,"turns":12},{"damage":7,"enemies":"3 Shapes","floor":37,"turns":2},{"damage":0,"enemies":"Orb Walker","floor":38,"turns":3},{"damage":3,"enemies":"4 Shapes","floor":39,"turns":3},{"damage":16,"enemies":"Spire Growth","floor":40,"turns":6},{"damage":9,"enemies":"downfall:FleeingMerchant","floor":41,"turns":4},{"damage":31,"enemies":"Jaw Worm Horde","floor":45,"turns":4},{"damage":16,"enemies":"Maw","floor":47,"turns":5},{"damage":0,"enemies":"Sphere and 2 Shapes","floor":48,"turns":1},{"damage":0,"enemies":"downfall:FleeingMerchant","floor":49,"turns":2},{"damage":20,"enemies":"Transient","floor":50,"turns":5},{"damage":38,"enemies":"WA_ARCHETYPE_DIVINITY","floor":52,"turns":8}],"seed_played":"7457380610426761148","potions_obtained":[{"floor":3.0,"key":"Weak Potion"},{"floor":5.0,"key":"Swift Potion"},{"floor":8.0,"key":"SteroidPotion"},{"floor":12.0,"key":"Adrenaline Potion"},{"floor":13.0,"key":"Slimebound:ThreeZeroPotion"},{"floor":24.0,"key":"BlessingOfTheForge"},{"floor":31.0,"key":"SpeedPotion"},{"floor":38,"key":"Reflective Coating"},{"floor":39,"key":"SpeedPotion"}],"is_trial":false,"path_per_floor":["M","$","M","?","M","M","T","?","?","M","M","M","M","PTL","PTL","?","R","B",null,"M","M","M","M","?","$","T","$","?","?","R","M","R","M","R","B",null,"M","M","M","M","$","R","T","?","M","R","M","M","$","M","R","B",null],"character_chosen":"THE_AUTOMATON","items_purchased":["bronze:Library","Replay:Bottled Snecko","bronze:FineTuning","bronze:CloningBeam","bronze:HyperBeam","Slimebound:StickyStick","ReplayTheSpireMod:CursedCoin","UnicornStump","ReplayFunnel"],"campfire_rested":2,"item_purchase_floors":[2,25,25,27,36,41,41,49,49],"current_hp_per_floor":[67,66,73,73,70,77,77,45,45,48,61,76,67,67,67,55,55,55,77,76,63,57,76,49,55,55,68,54,54,64,73,73,72,72,51,73,71,73,73,69,66,66,66,66,43,64,58,65,73,56,73,38],"gold":383,"neow_bonus":"TEN_PERCENT_HP_BONUS","is_daily":false,"chose_seed":false,"campfire_upgraded":4,"win_rate":0.0,"timestamp":1613907238,"path_taken":["M","?","M","?","?","M","T","?","?","M","M","M","M","PTL","PTL","?","R","BOSS","M","M","M","?","?","$","T","?","?","?","R","M","R","?","R","BOSS","M","M","M","M","$","R","T","?","M","R","M","M","$","?","R","BOSS"],"items_purchased_type":["Card","Relic","Card","Card","Card","Relic","Relic","Relic","Relic"],"build_version":"2020-12-22","purchased_purges":0,"victory":true,"max_hp_per_floor":[77,77,77,77,77,77,77,77,77,77,77,77,77,77,77,77,77,77,77,77,77,77,77,77,77,77,77,77,67,77,77,77,77,77,77,73,73,73,73,73,73,73,73,73,73,73,73,73,73,73,73,73],"card_choices":[{"not_picked":[],"picked":"DoctorFetus","floor":0.0},{"not_picked":["bronze:ChosenStrike","bronze:InfiniteBeams"],"picked":"bronze:FineTuning","floor":1.0},{"not_picked":["bronze:CutThrough","bronze:BugBarrage"],"picked":"bronze:Repair","floor":2.0},{"not_picked":["bronze:Return","bronze:WildBeam"],"picked":"bronze:FineTuning","floor":3.0},{"not_picked":["bronze:InfiniteBeams","bronze:BugBarrage"],"picked":"bronze:Turbo","floor":5.0},{"not_picked":["bronze:FineTuning","bronze:CleanCode"],"picked":"bronze:WhirlingStrike","floor":6.0},{"not_picked":["bronze:BronzeArmor","bronze:Frontload"],"picked":"bronze:Optimize","floor":8.0},{"not_picked":["bronze:WildBeam","bronze:Deprecate"],"picked":"bronze:DelayedGuard","floor":9.0},{"not_picked":["bronze:BugBarrage","bronze:Break"],"picked":"bronze:Boost","floor":10.0},{"not_picked":["bronze:WildBeam","bronze:CutThrough"],"picked":"Bomb","floor":11.0},{"not_picked":["bronze:Turbo","bronze:WhirlingStrike"],"picked":"bronze:Repair","floor":12.0},{"not_picked":["bronze:MaxOutput","bronze:WhirlingStrike"],"picked":"bronze:BronzeArmor","floor":13.0},{"not_picked":["bronze:CleanCode","bronze:Hardcode"],"picked":"bronze:TinkerersToolbox","floor":18.0},{"not_picked":["bronze:Return","bronze:Repulsor"],"picked":"bronze:BronzeOrb","floor":20.0},{"not_picked":["bronze:Deprecate","bronze:Turbo"],"picked":"bronze:NullPointer","floor":21.0},{"not_picked":["bronze:Overheat","bronze:BronzeOrb+1"],"picked":"bronze:Frontload","floor":22.0},{"not_picked":["bronze:Optimize","bronze:WhirlingStrike+1"],"picked":"bronze:Terminator","floor":23.0},{"not_picked":["bronze:DelayedSlice","bronze:WildBeam+1"],"picked":"bronze:Safeguard","floor":24.0},{"not_picked":["bronze:BugBarrage","bronze:Deprecate"],"picked":"bronze:GetLatest","floor":25.0},{"not_picked":["bronze:Frontload","bronze:BitShift"],"picked":"bronze:GetLatest","floor":27.0},{"not_picked":["bronze:DelayedGuard+1","bronze:InfiniteBeams"],"picked":"bronze:Mutator","floor":31.0},{"not_picked":["bronze:BugBarrage","bronze:Branch"],"picked":"bronze:OilSpill","floor":33},{"not_picked":["bronze:ChosenStrike+1","bronze:Fortify+1"],"picked":"bronze:DigitalCarnage","floor":37},{"not_picked":["bronze:Shield","bronze:BugBarrage"],"picked":"bronze:CutThrough","floor":38},{"not_picked":["bronze:Mutator","bronze:Repulsor"],"picked":"bronze:DelayedGuard+1","floor":39},{"not_picked":["bronze:GetLatest","bronze:WhirlingStrike"],"picked":"bronze:Shield","floor":40},{"not_picked":["bronze:Terminator","bronze:CutThrough"],"picked":"bronze:WildBeam+1","floor":41},{"not_picked":["bronze:Turbo","bronze:Boost+1"],"picked":"bronze:OilSpill","floor":45},{"not_picked":["bronze:Repair","bronze:Refactor+1"],"picked":"bronze:ChosenStrike+1","floor":47},{"not_picked":["bronze:ClassDefault+1","bronze:BugBarrage+1"],"picked":"bronze:Separator","floor":48},{"not_picked":["bronze:MaxOutput","bronze:DelayedSlice"],"picked":"bronze:Constructor+1","floor":49},{"not_picked":["bronze:Deprecate+1","bronze:MaxOutput","bronze:BronzeArmor+1"],"picked":"SKIP","floor":50}],"player_experience":25957,"relics_obtained":[{"floor":24.0,"key":"Bottled Lightning"},{"floor":24.0,"key":"Vajra"},{"floor":26.0,"key":"Replay:Wax Seal"},{"floor":43,"key":"Lantern"}],"event_choices":[{"cards_removed":["bronze:Strike"],"damage_healed":0.0,"max_hp_gain":0.0,"max_hp_loss":0.0,"gold_gain":0.0,"event_name":"Bonfire Elementals","player_choice":"Offered Basic","floor":4.0,"gold_loss":0.0,"damage_taken":0.0},{"damage_healed":0.0,"max_hp_gain":0.0,"max_hp_loss":0.0,"gold_gain":0.0,"event_name":"Scrap Ooze","player_choice":"Success","floor":16.0,"gold_loss":0.0,"damage_taken":12.0,"relics_obtained":["Toy Ornithopter"]},{"damage_healed":0.0,"max_hp_gain":0.0,"max_hp_loss":0.0,"gold_gain":0.0,"event_name":"HidenRoomEvent","player_choice":"Fight","floor":24.0,"gold_loss":0.0,"damage_taken":0.0},{"damage_healed":0,"gold_gain":0,"player_choice":"Ignored","damage_taken":0,"max_hp_gain":0,"max_hp_loss":0,"event_name":"NoteForYourself","floor":44,"gold_loss":0}],"is_beta":false,"boss_relics":[{"not_picked":["Cursed Key","bronze:PlatinumCore"],"picked":"expansioncontent:StudyCardRelic"},{"not_picked":[]},{"not_picked":["Replay:Drink Me","Painkiller Herb"],"picked":"Ring of Chaos"},{"not_picked":[]}],"items_purged_floors":[],"is_endless":false,"potions_floor_spawned":[3,5,8,12,13,23,24,31,33,38,39,45,47],"ascension_level":0}}