{"host":"f7915vm1ahl7kex1","time":1613884863,"event":{"mods":["BaseMod","Colored Map","Downfall","Minty Spire (QoL Compilation)","Quick Restart","StSLib"],"gold_per_floor":[99,115,130,150,150,175,175,175,203,303,303,316,216,126,145,246,246,246,262,279,297,347,408,481,531,557,577,55,55,74,144,164,260,260,60,74,126,176,26,39,39,89,115,133,146,174,174,204,214,214,214,242,92,92,92,92,92,92],"floor_reached":56,"language":"ENG","playtime":2889,"items_purged":["downfall:Malfunctioning","downfall:Bewildered","bronze:Strike","bronze:Strike"],"score":1092,"play_id":"ec91c217-701c-48f5-a0f2-e7a1388db4e1","local_time":"20210220232103","is_ascension_mode":true,"campfire_choices":[{"data":"bronze:Separator","floor":1,"key":"SMITH"},{"floor":8,"key":"RECALL"},{"data":"bronze:Optimize","floor":11,"key":"SMITH"},{"data":"bronze:Goto","floor":13,"key":"SMITH"},{"data":"bronze:Terminator","floor":18,"key":"SMITH"},{"floor":29,"key":"REST"},{"data":"bronze:ChosenStrike","floor":35,"key":"SMITH"},{"data":"bronze:Boost","floor":47,"key":"SMITH"},{"data":"bronze:Repulsor","floor":54,"key":"SMITH"}],"circlet_count":0,"master_deck":["bronze:Defend","bronze:Defend","bronze:Defend+1","bronze:Defend+1","bronze:Replicate","bronze:Goto+1","bronze:Separator+1","bronze:Optimize+1","bronze:Branch+1","bronze:Format+1","bronze:ChosenStrike+1","bronze:Shell+1","bronze:Terminator+1","bronze:Virus","bronze:WhirlingStrike","bronze:Constructor+1","bronze:GetLatest+1","bronze:Boost+1","bronze:Repulsor+1"],"relics":["bronze:BronzeCore","InkBottle","Prayer Wheel","Lantern","downfall:CloakOfManyFaces","CultistMask","FaceOfCleric","NlothsMask","GremlinMask","SsserpentHead","downfall:HeartBlessingRed","SlaversCollar","Matryoshka","Anchor","White Beast Statue","Sling","Runic Pyramid","downfall:HeartBlessingGreen","downfall:HeartBlessingBlue","Strawberry","Happy Flower","Nunchaku","Pear","Omamori","Regal Pillow","Eternal Feather","Bird Faced Urn","War Paint","HandDrill"],"acts_visited":["Exordium","TheCity","TheBeyond","TheEnding"],"potions_floor_usage":[4,26,30,32,56,56],"damage_taken":[{"damage":0,"enemies":"2 Louse","floor":2,"turns":2},{"damage":0,"enemies":"Cultist","floor":3,"turns":3},{"damage":5,"enemies":"Small Slimes","floor":4,"turns":3},{"damage":10,"enemies":"Lagavulin","floor":6,"turns":6},{"damage":2,"enemies":"3 Sentries","floor":9,"turns":6},{"damage":4,"enemies":"downfall:FaceTrader","floor":10,"turns":7},{"damage":7,"enemies":"Gremlin Gang","floor":12,"turns":5},{"damage":0,"enemies":"downfall:FleeingMerchant","floor":14,"turns":4},{"damage":2,"enemies":"Lots of Slimes","floor":15,"turns":3},{"damage":2,"enemies":"IC_STATUS_ARCHETYPE","floor":16,"turns":6},{"damage":4,"enemies":"Shell Parasite","floor":19,"turns":4},{"damage":0,"enemies":"Chosen","floor":20,"turns":3},{"damage":0,"enemies":"3 Cultists","floor":21,"turns":5},{"damage":3,"enemies":"Centurion and Healer","floor":23,"turns":5},{"damage":48,"enemies":"Slavers","floor":26,"turns":4},{"damage":19,"enemies":"Snake Plant","floor":27,"turns":5},{"damage":0,"enemies":"downfall:FleeingMerchant","floor":28,"turns":4},{"damage":0,"enemies":"Shelled Parasite and Fungi","floor":30,"turns":2},{"damage":0,"enemies":"Centurion and Healer","floor":31,"turns":3},{"damage":0,"enemies":"Sentry and Sphere","floor":32,"turns":3},{"damage":0,"enemies":"WA_ARCHETYPE_CALM","floor":33,"turns":4},{"damage":0,"enemies":"3 Shapes","floor":36,"turns":3},{"damage":0,"enemies":"downfall:FleeingMerchant","floor":37,"turns":3},{"damage":7,"enemies":"3 Darklings","floor":40,"turns":3},{"damage":0,"enemies":"Giant Head","floor":43,"turns":4},{"damage":0,"enemies":"Sphere and 2 Shapes","floor":44,"turns":3},{"damage":32,"enemies":"Writhing Mass","floor":45,"turns":5},{"damage":0,"enemies":"Reptomancer","floor":46,"turns":3},{"damage":0,"enemies":"Nemesis","floor":48,"turns":3},{"damage":13,"enemies":"3 Darklings","floor":49,"turns":3},{"damage":3,"enemies":"SI_POISON_ARCHETYPE","floor":50,"turns":5},{"damage":2,"enemies":"downfall:CharBossMerchant","floor":52,"turns":5},{"damage":15,"enemies":"downfall:NeowBoss","floor":55,"turns":9},{"damage":115,"enemies":"downfall:NeowBossFinal","floor":56,"turns":9}],"seed_played":"-2409040496589210078","potions_obtained":[{"floor":2,"key":"Explosive Potion"},{"floor":9,"key":"BlessingOfTheForge"},{"floor":10,"key":"Ancient Potion"},{"floor":15,"key":"PowerPotion"},{"floor":16,"key":"Energy Potion"},{"floor":26,"key":"Strength Potion"},{"floor":30,"key":"Ancient Potion"},{"floor":31,"key":"DistilledChaos"},{"floor":32,"key":"Strength Potion"},{"floor":48,"key":"LiquidMemories"},{"floor":52,"key":"Energy Potion"}],"is_trial":false,"path_per_floor":["R","M","M","M","?","E","T","R","E","?","R","M","R","$","M","B",null,"R","M","M","M","?","M","T","?","E","M","$","R","M","M","M","B",null,"R","M","$","T","$","M","T","?","E","M","M","E","R","E","M","B",null,"E","$","R","B","B"],"character_chosen":"THE_AUTOMATON","items_purchased":["White Beast Statue","Sling","Strawberry","HandDrill"],"campfire_rested":1,"item_purchase_floors":[28,28,37,53],"current_hp_per_floor":[70,70,70,65,65,55,55,55,53,49,49,43,43,44,43,42,74,74,71,72,73,73,71,71,71,24,6,7,31,32,33,34,35,85,95,96,104,104,104,98,108,108,109,110,79,80,89,90,78,78,122,121,121,123,111,0,0,0],"gold":92,"neow_bonus":"THREE_CARDS","is_daily":false,"chose_seed":false,"campfire_upgraded":7,"win_rate":0.0,"timestamp":1613884863,"path_taken":["R","M","M","M","?","E","T","R","E","?","R","M","R","$","M","BOSS","R","M","M","M","?","?","T","?","E","M","$","R","M","?","M","BOSS","R","M","$","?","$","M","T","?","E","M","M","E","R","E","M","BOSS","E","$","R","BOSS","BOSS"],"items_purchased_type":["Relic","Relic","Relic","Relic"],"build_version":"2020-12-22","purchased_purges":4,"victory":false,"max_hp_per_floor":[70,70,70,70,70,70,70,70,70,70,70,71,71,72,73,74,74,74,75,76,77,77,78,78,78,79,80,81,81,82,83,84,85,85,95,96,104,104,104,105,115,115,116,117,118,119,119,120,121,122,122,123,123,123,124,124,124,124],"card_choices":[{"not_picked":["bronze:Repair","bronze:Overload"],"picked":"bronze:Separator","floor":0},{"not_picked":["bronze:Shell","bronze:BronzeOrb","bronze:Shield"],"picked":"SKIP","floor":2},{"not_picked":["bronze:Shield","bronze:BugBarrage"],"picked":"bronze:Optimize","floor":3},{"not_picked":["bronze:Optimize","bronze:BugBarrage"],"picked":"bronze:Branch","floor":4},{"not_picked":["bronze:CleanCode","bronze:Separator"],"picked":"bronze:Format","floor":6},{"not_picked":["bronze:WildBeam","bronze:Optimize","bronze:Frontload"],"picked":"SKIP","floor":9},{"not_picked":["bronze:Backtrace","bronze:BuggyMess"],"picked":"bronze:ChosenStrike","floor":10},{"not_picked":["bronze:BuggyMess","bronze:Return","bronze:Shield"],"picked":"SKIP","floor":12},{"not_picked":["bronze:ChildClass","bronze:Repair","bronze:Deprecate"],"picked":"SKIP","floor":12},{"not_picked":["bronze:Iterate","bronze:ItsAFeature","bronze:DelayedGuard"],"picked":"SKIP","floor":14},{"not_picked":["bronze:DelayedGuard","bronze:Allocate"],"picked":"bronze:Shell","floor":15},{"not_picked":["bronze:CutThrough","bronze:Constructor"],"picked":"bronze:Terminator","floor":15},{"not_picked":["bronze:ThunderWave","bronze:HyperBeam"],"picked":"bronze:Virus","floor":16},{"not_picked":["bronze:OilSpill","bronze:DelayedGuard"],"picked":"bronze:WhirlingStrike","floor":19},{"not_picked":["bronze:OilSpill","bronze:FineTuning","bronze:Separator+1"],"picked":"SKIP","floor":19},{"not_picked":["bronze:Branch","bronze:DelayedGuard","bronze:Shell+1"],"picked":"SKIP","floor":20},{"not_picked":["bronze:FindAndReplace","bronze:DelayedSlice+1","bronze:Frontload+1"],"picked":"SKIP","floor":20},{"not_picked":["bronze:Shield","bronze:Overload+1","bronze:BitShift"],"picked":"SKIP","floor":21},{"not_picked":["bronze:Optimize","bronze:CutThrough+1","bronze:Flail"],"picked":"SKIP","floor":21},{"not_picked":["bronze:InfiniteBeams","bronze:BitShift"],"picked":"bronze:Constructor+1","floor":23},{"not_picked":["bronze:WhirlingStrike","bronze:Frontload"],"picked":"bronze:GetLatest+1","floor":23},{"not_picked":["bronze:Frontload","bronze:DelayedGuard","bronze:ForLoop"],"picked":"SKIP","floor":26},{"not_picked":["bronze:Shield","bronze:BugBarrage","bronze:CloningBeam"],"picked":"SKIP","floor":27},{"not_picked":["bronze:Format","bronze:CutThrough","bronze:Turbo"],"picked":"SKIP","floor":27},{"not_picked":["bronze:OilSpill+1","bronze:BugBarrage","bronze:BitShift"],"picked":"SKIP","floor":28},{"not_picked":["bronze:DelayedSlice","bronze:DelayedGuard","bronze:Constructor"],"picked":"SKIP","floor":30},{"not_picked":["bronze:Flail+1","bronze:DelayedGuard+1","bronze:BugBarrage"],"picked":"SKIP","floor":30},{"not_picked":["bronze:MaxOutput+1","bronze:Optimize+1","bronze:BitShift+1"],"picked":"SKIP","floor":31},{"not_picked":["bronze:Separator","bronze:Verify","bronze:Constructor"],"picked":"SKIP","floor":31},{"not_picked":["bronze:Iterate+1","bronze:BugBarrage","bronze:DelayedSlice+1"],"picked":"SKIP","floor":32},{"not_picked":["bronze:BugBarrage","bronze:FineTuning","bronze:Deprecate"],"picked":"SKIP","floor":32},{"not_picked":["bronze:Frontload","bronze:Branch+1","bronze:Deprecate+1"],"picked":"SKIP","floor":36},{"not_picked":["bronze:Overheat","bronze:Deprecate","bronze:Branch+1"],"picked":"SKIP","floor":36},{"not_picked":["bronze:Philosophize+1","bronze:Iterate+1","bronze:ShipIt"],"picked":"SKIP","floor":37},{"not_picked":["bronze:Deprecate","bronze:Constructor"],"picked":"bronze:Boost","floor":40},{"not_picked":["bronze:Allocate","bronze:Deprecate+1","bronze:Invalidate"],"picked":"SKIP","floor":40},{"not_picked":["bronze:WhirlingStrike","bronze:Backtrace","bronze:WildBeam"],"picked":"SKIP","floor":43},{"not_picked":["bronze:Overload","bronze:Return","bronze:Deprecate"],"picked":"SKIP","floor":44},{"not_picked":["bronze:InfiniteBeams","bronze:NullPointer+1","bronze:Hardcode"],"picked":"SKIP","floor":44},{"not_picked":["bronze:BitShift","bronze:FollowUp","bronze:Philosophize"],"picked":"SKIP","floor":45},{"not_picked":["bronze:DelayedGuard+1","bronze:Optimize+1","bronze:OilSpill+1"],"picked":"SKIP","floor":45},{"not_picked":["bronze:Shield","bronze:Backtrace+1","bronze:Optimize+1"],"picked":"SKIP","floor":46},{"not_picked":["bronze:BuggyMess","bronze:Return+1","bronze:FollowUp"],"picked":"SKIP","floor":48},{"not_picked":["bronze:Deprecate+1","bronze:Separator","bronze:Frontload+1"],"picked":"SKIP","floor":49},{"not_picked":["bronze:ChildClass+1","bronze:FineTuning+1","bronze:BronzeArmor+1"],"picked":"SKIP","floor":49},{"not_picked":["bronze:Constructor+1","bronze:Terminator+1"],"picked":"bronze:Repulsor","floor":52}],"player_experience":1213381,"relics_obtained":[{"floor":6,"key":"InkBottle"},{"floor":7,"key":"Prayer Wheel"},{"floor":9,"key":"Lantern"},{"floor":10,"key":"downfall:CloakOfManyFaces"},{"floor":26,"key":"Anchor"},{"floor":38,"key":"Happy Flower"},{"floor":38,"key":"Nunchaku"},{"floor":41,"key":"Pear"},{"floor":42,"key":"Omamori"},{"floor":43,"key":"Regal Pillow"},{"floor":46,"key":"Eternal Feather"},{"floor":48,"key":"Bird Faced Urn"},{"floor":52,"key":"War Paint"}],"event_choices":[],"is_beta":false,"boss_relics":[{"not_picked":["SacredBark","Snecko Eye"],"picked":"SlaversCollar"},{"not_picked":["Velvet Choker","Runic Dome"],"picked":"Runic Pyramid"}],"items_purged_floors":[14,28,37,39],"is_endless":false,"potions_floor_spawned":[2,9,10,15,16,20,26,27,30,31,32,33,36,37,40,43,44,45,46,48,49,52],"killed_by":"downfall:NeowBossFinal","ascension_level":1}}