{"host":"7yyoe0ei0fseceei","time":1613901792,"event":{"mods":["BaseMod","Colored Map","Highlight Path","Minty Spire (QoL Compilation)","Quick Restart"],"gold_per_floor":[118,118,118,43,54,80,100,100,100,100,150,161,161,171,171,242,242,242,76,76,76,76,76,76,76,76,76,76,76,76,76,76,76,76,76,76,76,76,76,76,19,19,19,19,19,19,19,19,19,19],"floor_reached":51,"language":"ENG","playtime":2210,"items_purged":["Defend_P"],"score":1456,"play_id":"719a35aa-a175-4c3c-aeda-fc5b2ce32980","local_time":"20210221110312","is_ascension_mode":true,"campfire_choices":[{"floor":8,"key":"REST"},{"data":"Eruption","floor":13,"key":"SMITH"},{"floor":15,"key":"REST"},{"data":"BattleHymn","floor":23,"key":"SMITH"},{"data":"Omniscience","floor":25,"key":"SMITH"},{"floor":32,"key":"REST"},{"floor":40,"key":"REST"},{"data":"Wish","floor":42,"key":"SMITH"},{"data":"Vault","floor":45,"key":"SMITH"},{"floor":49,"key":"REST"}],"circlet_count":0,"master_deck":["AscendersBane","Strike_P","Strike_P","Strike_P","Defend_P","Defend_P","Eruption+1","Vigilance+1","FlurryOfBlows","Crescendo","Wallop+1","Tantrum","FearNoEvil","Wish+1","Omniscience+1","InnerPeace","Conclude","ReachHeaven","BattleHymn+1","Swivel","Adaptation","BowlingBash+1","Vault+1","WreathOfFlame","Madness","Madness","LikeWater+1","Vengeance","ClearTheMind","ClearTheMind","Blind"],"relics":["PureWater","NeowsBlessing","Ginger","CloakClasp","Letter Opener","Ectoplasm","Regal Pillow","Red Mask","Damaru","Smiling Mask","Strawberry","Gambling Chip","HornCleat","Philosopher\u0027s Stone","Centennial Puzzle","Ornamental Fan"],"acts_visited":["Exordium","TheCity","TheBeyond"],"potions_floor_usage":[21,21,24,30,30,33,44,50,50],"damage_taken":[{"damage":0,"enemies":"2 Louse","floor":1,"turns":1},{"damage":0,"enemies":"Jaw Worm","floor":5,"turns":1},{"damage":0,"enemies":"3 Sentries","floor":6,"turns":2},{"damage":0,"enemies":"Cultist","floor":7,"turns":2},{"damage":0,"enemies":"2 Fungi Beasts","floor":12,"turns":2},{"damage":0,"enemies":"Large Slime","floor":14,"turns":2},{"damage":12,"enemies":"The Guardian","floor":16,"turns":11},{"damage":0,"enemies":"3 Byrds","floor":18,"turns":5},{"damage":0,"enemies":"Chosen","floor":20,"turns":2},{"damage":0,"enemies":"Masked Bandits","floor":21,"turns":2},{"damage":7,"enemies":"Centurion and Healer","floor":22,"turns":4},{"damage":9,"enemies":"Slavers","floor":24,"turns":3},{"damage":13,"enemies":"Book of Stabbing","floor":27,"turns":5},{"damage":14,"enemies":"Shelled Parasite and Fungi","floor":28,"turns":6},{"damage":3,"enemies":"3 Cultists","floor":29,"turns":3},{"damage":5,"enemies":"Colosseum Slavers","floor":30,"turns":2},{"damage":5,"enemies":"Colosseum Nobs","floor":30,"turns":3},{"damage":0,"enemies":"Champ","floor":33,"turns":5},{"damage":0,"enemies":"3 Darklings","floor":35,"turns":3},{"damage":0,"enemies":"Orb Walker","floor":38,"turns":3},{"damage":10,"enemies":"Writhing Mass","floor":39,"turns":5},{"damage":26,"enemies":"Spire Growth","floor":44,"turns":4},{"damage":16,"enemies":"Nemesis","floor":46,"turns":10},{"damage":19,"enemies":"Maw","floor":48,"turns":4},{"damage":41,"enemies":"Awakened One","floor":50,"turns":14}],"seed_played":"-4454151295495968461","potions_obtained":[{"floor":6,"key":"Dexterity Potion"},{"floor":7,"key":"Strength Potion"},{"floor":12,"key":"DistilledChaos"},{"floor":22,"key":"Swift Potion"},{"floor":28,"key":"SkillPotion"},{"floor":29,"key":"SteroidPotion"},{"floor":30,"key":"Strength Potion"},{"floor":39,"key":"Fire Potion"},{"floor":44,"key":"BottledMiracle"}],"is_trial":false,"path_per_floor":["M","?","?","$","M","E","M","R","T","?","?","M","R","M","R","B",null,"M","$","M","?","M","R","E","R","T","E","M","M","?","$","R","B",null,"M","?","?","M","M","R","$","R","T","M","R","E","?","M","R","B",null],"character_chosen":"WATCHER","items_purchased":["Regal Pillow","SkillPotion"],"campfire_rested":5,"item_purchase_floors":[19,41],"current_hp_per_floor":[61,54,19,19,19,19,19,39,39,19,19,19,19,19,39,27,58,58,58,58,58,51,51,42,42,42,36,22,19,9,9,46,46,68,68,68,54,54,44,75,75,75,75,49,49,33,33,14,51,10],"gold":19,"neow_bonus":"THREE_ENEMY_KILL","is_daily":false,"chose_seed":false,"campfire_upgraded":5,"win_rate":0.0,"timestamp":1613901792,"path_taken":["M","?","?","?","?","E","M","R","T","?","?","M","R","M","R","BOSS","M","$","?","?","M","R","E","R","T","E","M","M","?","$","R","BOSS","M","?","?","M","M","R","$","R","T","M","R","E","?","M","R","BOSS"],"items_purchased_type":["Relic","Potion"],"build_version":"2020-12-22","purchased_purges":1,"victory":true,"max_hp_per_floor":[68,68,68,68,68,68,68,68,68,68,68,68,68,68,68,68,68,68,68,68,68,68,68,68,68,68,75,75,75,75,75,75,75,75,75,75,75,75,75,75,75,75,75,75,75,75,75,75,75,75],"card_choices":[{"not_picked":["ClearTheMind","EmptyBody"],"picked":"FlurryOfBlows","floor":1},{"not_picked":["ReachHeaven","Meditate"],"picked":"Crescendo","floor":5},{"not_picked":["Crescendo","FlyingSleeves"],"picked":"Wallop","floor":6},{"not_picked":["JustLucky","Adaptation"],"picked":"Tantrum","floor":7},{"not_picked":["Halt","Wireheading"],"picked":"FearNoEvil","floor":12},{"not_picked":["Tantrum","BowlingBash"],"picked":"Wish","floor":14},{"not_picked":["Establishment","Alpha"],"picked":"Omniscience","floor":16},{"not_picked":["Fasting2","SashWhip"],"picked":"InnerPeace","floor":18},{"not_picked":["Prostrate","BowlingBash"],"picked":"Conclude","floor":20},{"not_picked":["Prostrate+1","Protect"],"picked":"ReachHeaven","floor":21},{"not_picked":["FlyingSleeves","ClearTheMind"],"picked":"BattleHymn","floor":22},{"not_picked":["PathToVictory","Nirvana"],"picked":"Swivel","floor":24},{"not_picked":["Worship","ReachHeaven"],"picked":"Adaptation","floor":27},{"not_picked":["EmptyFist+1","MentalFortress","EmptyBody+1"],"picked":"SKIP","floor":28},{"not_picked":["Wireheading","Consecrate","PathToVictory"],"picked":"SKIP","floor":29},{"not_picked":["Weave","JustLucky"],"picked":"BowlingBash+1","floor":30},{"not_picked":["Scrawl","Judgement"],"picked":"Vault","floor":33},{"not_picked":["ThirdEye","Wireheading"],"picked":"WreathOfFlame","floor":35},{"not_picked":["FlurryOfBlows+1","DeceiveReality"],"picked":"LikeWater+1","floor":38},{"not_picked":["SashWhip+1","DeceiveReality"],"picked":"Vengeance","floor":39},{"not_picked":["CarveReality","FollowUp+1"],"picked":"ClearTheMind","floor":44},{"not_picked":["Evaluate","CrushJoints"],"picked":"ClearTheMind","floor":46},{"not_picked":["Mind Blast","Jack Of All Trades"],"picked":"Blind","floor":47},{"not_picked":["WreathOfFlame","Evaluate+1","PathToVictory"],"picked":"SKIP","floor":48}],"player_experience":961101,"relics_obtained":[{"floor":6,"key":"CloakClasp"},{"floor":9,"key":"Letter Opener"},{"floor":21,"key":"Red Mask"},{"floor":24,"key":"Damaru"},{"floor":26,"key":"Smiling Mask"},{"floor":27,"key":"Strawberry"},{"floor":30,"key":"Gambling Chip"},{"floor":30,"key":"HornCleat"},{"floor":43,"key":"Centennial Puzzle"},{"floor":46,"key":"Ornamental Fan"}],"event_choices":[{"cards_removed":["Defend_P"],"damage_healed":0,"gold_gain":0,"player_choice":"Card Removal","damage_taken":7,"max_hp_gain":0,"max_hp_loss":0,"event_name":"Golden Wing","floor":2,"gold_loss":0},{"damage_healed":0,"gold_gain":0,"player_choice":"Success","damage_taken":35,"relics_obtained":["Ginger"],"max_hp_gain":0,"max_hp_loss":0,"event_name":"Scrap Ooze","floor":3,"gold_loss":0},{"damage_healed":0,"gold_gain":0,"player_choice":"Entered Light","damage_taken":20,"max_hp_gain":0,"max_hp_loss":0,"event_name":"Shining Light","floor":10,"gold_loss":0,"cards_upgraded":["Wallop","Vigilance"]},{"damage_healed":0,"gold_gain":50,"player_choice":"Pray","damage_taken":0,"max_hp_gain":0,"max_hp_loss":0,"event_name":"Golden Shrine","floor":11,"gold_loss":0},{"damage_healed":0,"gold_gain":0,"player_choice":"Fought Bandits","damage_taken":0,"max_hp_gain":0,"max_hp_loss":0,"event_name":"Masked Bandits","floor":21,"gold_loss":0},{"damage_healed":0,"gold_gain":0,"player_choice":"Fight","damage_taken":0,"max_hp_gain":0,"max_hp_loss":0,"event_name":"Colosseum","floor":30,"gold_loss":0},{"damage_healed":0,"gold_gain":0,"player_choice":"Fought Nobs","damage_taken":0,"max_hp_gain":0,"max_hp_loss":0,"event_name":"Colosseum","floor":30,"gold_loss":0},{"cards_removed":["Strike_P"],"damage_healed":0,"gold_gain":0,"player_choice":"Removed Attack","damage_taken":0,"max_hp_gain":0,"max_hp_loss":0,"event_name":"Falling","floor":36,"gold_loss":0},{"damage_healed":0,"gold_gain":0,"player_choice":"Embrace Madness","damage_taken":14,"max_hp_gain":0,"max_hp_loss":0,"event_name":"Winding Halls","floor":37,"gold_loss":0,"cards_obtained":["Madness","Madness"]},{"damage_healed":0,"gold_gain":0,"player_choice":"Memory 1","damage_taken":0,"max_hp_gain":0,"max_hp_loss":0,"event_name":"SensoryStone","floor":47,"gold_loss":0}],"is_beta":false,"boss_relics":[{"not_picked":["Black Star","SlaversCollar"],"picked":"Ectoplasm"},{"not_picked":["Busted Crown","Sozu"],"picked":"Philosopher\u0027s Stone"}],"items_purged_floors":[4],"is_endless":false,"potions_floor_spawned":[6,7,12,14,20,22,28,29,30,30,39,44],"ascension_level":18}}