{"host":"js2su9tbbk4rmjfl","time":1613932444,"event":{"mods":["AchievementEnabler","BaseMod","Block Reminder","Colored Map","Colored Powertips","Highlight Path","Minty Spire (QoL Compilation)","Relic Stats"],"gold_per_floor":[116,41,52,52,70,70,81,111,134,134,147,181,139,9,9,9,9],"floor_reached":16,"language":"ENG","playtime":758,"items_purged":["Strike_R"],"score":215,"play_id":"e1fe8dbe-191a-475d-9217-f5d97af93e1e","local_time":"20210221193404","is_ascension_mode":true,"campfire_choices":[{"data":"Rage","floor":6,"key":"SMITH"},{"floor":10,"key":"REST"},{"floor":15,"key":"REST"}],"circlet_count":0,"master_deck":["AscendersBane","Strike_R+1","Strike_R","Strike_R+1","Defend_R","Defend_R","Defend_R","Bash","Wild Strike","Flame Barrier","Rage+1","Flame Barrier","Evolve"],"relics":["Burning Blood","Toy Ornithopter","Bronze Scales","Whetstone","Juzu Bracelet"],"acts_visited":["Exordium"],"potions_floor_usage":[8,12,12,16],"damage_taken":[{"damage":2,"enemies":"Small Slimes","floor":1,"turns":4},{"damage":14,"enemies":"2 Louse","floor":3,"turns":3},{"damage":10,"enemies":"Cultist","floor":5,"turns":6},{"damage":22,"enemies":"Large Slime","floor":7,"turns":7},{"damage":38,"enemies":"Lagavulin","floor":8,"turns":10},{"damage":17,"enemies":"Exordium Thugs","floor":11,"turns":5},{"damage":30,"enemies":"Gremlin Nob","floor":12,"turns":5},{"damage":44,"enemies":"Hexaghost","floor":16,"turns":9}],"seed_played":"-2266983487616191848","potions_obtained":[{"floor":7,"key":"SpeedPotion"},{"floor":8,"key":"Block Potion"},{"floor":11,"key":"Block Potion"}],"is_trial":false,"path_per_floor":["M","?","M","?","M","R","M","E","T","R","M","E","?","$","R","B"],"character_chosen":"IRONCLAD","items_purchased":["BlessingOfTheForge"],"campfire_rested":2,"item_purchase_floors":[14],"current_hp_per_floor":[72,72,64,64,60,60,44,17,17,39,28,14,14,14,36,0,0],"gold":9,"neow_bonus":"RANDOM_COMMON_RELIC","is_daily":false,"chose_seed":false,"campfire_upgraded":1,"win_rate":0.0,"timestamp":1613932444,"path_taken":["M","?","M","?","M","R","M","E","T","R","M","E","?","$","R","BOSS"],"items_purchased_type":["Potion"],"build_version":"2020-12-22","purchased_purges":1,"victory":false,"max_hp_per_floor":[75,75,75,75,75,75,75,75,75,75,75,75,75,75,75,75,75],"relic_stats":{"counters":[8,49],"Bronze Scales":[75],"Juzu Bracelet":0,"Whetstone":["Strike_R","Strike_R"],"obtain_stats":[{"Bronze Scales":8,"Juzu Bracelet":12,"Whetstone":9,"Burning Blood":0,"Toy Ornithopter":0},{"Bronze Scales":5,"Juzu Bracelet":7,"Whetstone":5,"Burning Blood":0,"Toy Ornithopter":0},{"Bronze Scales":30,"Juzu Bracelet":40,"Whetstone":30,"Burning Blood":0,"Toy Ornithopter":0}],"Burning Blood":42,"Toy Ornithopter":20},"card_choices":[{"not_picked":["Thunderclap","Fire Breathing"],"picked":"Wild Strike","floor":1},{"not_picked":["Blood for Blood","Thunderclap"],"picked":"Flame Barrier","floor":3},{"not_picked":["Wild Strike","Anger"],"picked":"Rage","floor":5},{"not_picked":["Headbutt","Body Slam"],"picked":"Flame Barrier","floor":7},{"not_picked":["Twin Strike","Pummel"],"picked":"Evolve","floor":8},{"not_picked":["Perfected Strike","Armaments","Dual Wield"],"picked":"SKIP","floor":11},{"not_picked":["True Grit","Sword Boomerang","Havoc"],"picked":"SKIP","floor":12}],"player_experience":892104,"relics_obtained":[{"floor":8,"key":"Bronze Scales"},{"floor":9,"key":"Whetstone"},{"floor":12,"key":"Juzu Bracelet"}],"event_choices":[{"cards_removed":["Strike_R"],"damage_healed":0,"gold_gain":0,"player_choice":"Card Removal","damage_taken":0,"max_hp_gain":0,"max_hp_loss":0,"event_name":"The Cleric","floor":2,"gold_loss":75},{"cards_removed":["Defend_R"],"damage_healed":0,"gold_gain":0,"player_choice":"Forget","damage_taken":0,"max_hp_gain":0,"max_hp_loss":0,"event_name":"Living Wall","floor":4,"gold_loss":0},{"damage_healed":0,"gold_gain":0,"player_choice":"Left Gold","damage_taken":0,"max_hp_gain":0,"max_hp_loss":0,"event_name":"World of Goop","floor":13,"gold_loss":42}],"is_beta":false,"boss_relics":[],"items_purged_floors":[14],"is_endless":false,"potions_floor_spawned":[7,8,11],"killed_by":"Hexaghost","ascension_level":19}}