{"host":"ooy9sn8qgs7oliwr","time":1613909536,"event":{"mods":["100% Spire Juice","ATMod(°¢èªMod)","Act Like it!","BaseMod","BetterRewards","Bossed Relics","CapriCore","Friendly Minions","Kiyohime£¨Çå¼§£©","Minty Spire (QoL Compilation)","Pale of the Ancients","Reliquary","Replay The Spire","RumiaBox-Â¶Ã×æ«µÄÉñÃØºÐ×Ó","StSLib","The Immortal","The Jungle","Yakumo Yukari mod","¡¾ÒÅÎï¿¨ÅÆ¡¿REMEMod"],"gold_per_floor":[119,15,290,20,20,39,64,64,91,91,91],"floor_reached":10,"language":"ZHS","playtime":399,"items_purged":[],"score":66,"play_id":"7c4ee451-4539-49ab-8467-50a71db98738","local_time":"20210221201216","is_ascension_mode":false,"campfire_choices":[],"circlet_count":0,"master_deck":["Moonworks:Strike","Moonworks:Strike","Moonworks:Strike","Moonworks:Strike","Moonworks:Defend","Moonworks:Defend","Moonworks:Defend","Moonworks:Defend","Moonworks:Ambush","Moonworks:LongDistanceShot","Moonworks:WeAreWaruda","Moonworks:CloudOfSeagulls","Regret","Regret","Moonworks:FullSpeedAlicianrone","Moonworks:Bloodlust","Delirium"],"relics":["Moonworks:BrokenBomb","Moonworks:Homemark","AT_ATBox","REME_ComplimentaryCards","reliquary:FingerTrap","reliquary:Aerogel","reliquary:TridentHead","ReplayTheSpireMod:Ring of Collecting","Ring of Panic","reliquary:SilkGlove"],"acts_visited":["Exordium"],"potions_floor_usage":[10],"damage_taken":[{"damage":1.0,"enemies":"2 Louse","floor":1.0,"turns":2.0},{"damage":12.0,"enemies":"Cultist","floor":2.0,"turns":5.0},{"damage":12.0,"enemies":"Small Slimes","floor":6.0,"turns":4.0},{"damage":28.0,"enemies":"Gremlin Nob","floor":7.0,"turns":4.0},{"damage":27,"enemies":"3 Sentries","floor":10,"turns":4}],"seed_played":"-5743367282428429828","potions_obtained":[{"floor":7.0,"key":"Explosive Potion"}],"is_trial":false,"path_per_floor":["M","M","?","$","?","M","E","?","T","E"],"character_chosen":"THE_STARBREAKER","items_purchased":["reliquary:FingerTrap"],"campfire_rested":0,"item_purchase_floors":[4],"current_hp_per_floor":[59,47,47,47,47,35,7,7,7,0,0],"gold":91,"neow_bonus":"ONE_RANDOM_RARE_CARD","is_daily":false,"chose_seed":false,"campfire_upgraded":0,"win_rate":0.0,"timestamp":1613909536,"path_taken":["M","M","?","?","?","M","E","?","T","E"],"items_purchased_type":["Relic"],"build_version":"2020-12-22","purchased_purges":0,"victory":false,"max_hp_per_floor":[60,60,60,60,60,60,60,60,60,60,60],"card_choices":[{"not_picked":["Moonworks:ImOnFire","Moonworks:TacticalRetreat"],"picked":"Moonworks:CloudOfSeagulls","floor":1.0},{"not_picked":["Moonworks:NicePresent","Moonworks:Assault","Moonworks:BigMagnum"],"picked":"SKIP","floor":2.0},{"not_picked":["Moonworks:TreasureThief","Moonworks:LulusLuckyEgg"],"picked":"Moonworks:FullSpeedAlicianrone","floor":6.0},{"not_picked":["Moonworks:ImOnFire","Moonworks:CloudOfSeagulls"],"picked":"Moonworks:Bloodlust","floor":7.0}],"player_experience":48194,"relics_obtained":[{"floor":7.0,"key":"reliquary:TridentHead"},{"floor":8.0,"key":"ReplayTheSpireMod:Ring of Collecting"},{"floor":8.0,"key":"Ring of Panic"},{"floor":9.0,"key":"reliquary:SilkGlove"}],"event_choices":[{"damage_healed":0.0,"max_hp_gain":0.0,"max_hp_loss":0.0,"gold_gain":275.0,"event_name":"Golden Shrine","player_choice":"Desecrate","floor":3.0,"gold_loss":0.0,"damage_taken":0.0,"cards_obtained":["Regret"]},{"damage_healed":0.0,"max_hp_gain":0.0,"max_hp_loss":0.0,"gold_gain":0.0,"event_name":"Big Fish","player_choice":"Box","floor":5.0,"gold_loss":0.0,"damage_taken":0.0,"relics_obtained":["reliquary:Aerogel"],"cards_obtained":["Regret"]}],"is_beta":false,"boss_relics":[],"items_purged_floors":[],"is_endless":false,"potions_floor_spawned":[7],"killed_by":"3 Sentries","ascension_level":0}}