{"host":"vjx32eilbdx7ga3d","time":1613908230,"event":{"mods":["A Penny For Your Troubles","Aspiration","BaseMod","Beaked The Cultist","Bestiary","Better Altar","Better Third Choice","BetterRewards","Bossed Relics","Colored Map","Conspire","Defuse TimeMaze Blight","Energized Spire","Fox Events","GifTheSpireLib","Halation","HexUI Lib","Hubris","Infinite Spire","Jedi Mod","Minty Spire (QoL Compilation)","Permanent Neow","Relic Sorter","Relic Stats","Reliquary","Replay The Spire","Spikes Relics","StSLib","Stuff the Spire","SuperFastMode","TheWitcher","Trackpad","Wandering Minibosses","[IsaacMod]????"],"gold_per_floor":[129,144,162,250,271,322,336,343,343],"floor_reached":8,"language":"ENG","playtime":315,"items_purged":["Defend_B","Strike_B"],"score":61,"play_id":"08875e5d-a8ff-472e-ae5f-8771efbadc5a","local_time":"20210221135030","is_ascension_mode":true,"campfire_choices":[],"circlet_count":0,"master_deck":["Strike_B","Strike_B","Strike_B","Defend_B","Defend_B","Zap","Dualcast","SuicideKing","Streamline","Coolheaded","Buffer","Fan","Auto Shields"],"relics":["Cracked Core","HushsDoor","SalivaCoin","PokeGo"],"acts_visited":["Exordium"],"potions_floor_usage":[5],"damage_taken":[{"damage":11,"enemies":"infinitespire:Voidling","floor":1,"turns":4},{"damage":0,"enemies":"conspire:RoseBush","floor":2,"turns":2},{"damage":1,"enemies":"Cultist","floor":3,"turns":3},{"damage":16,"enemies":"Large Slime","floor":5,"turns":5},{"damage":34,"enemies":"Gremlin Nob","floor":6,"turns":6},{"damage":2,"enemies":"Replay:BlueRogue","floor":8,"turns":1}],"seed_played":"8625618311827724095","potions_obtained":[{"floor":2,"key":"conspire:TimeTravelPotion"}],"is_trial":false,"path_per_floor":["M","M","M","?","M","E","$","E"],"character_chosen":"DEFECT","items_purchased":[],"campfire_rested":0,"item_purchase_floors":[],"current_hp_per_floor":[64,64,63,48,48,14,2,0,0],"gold":343,"neow_bonus":"REMOVE_CARD","is_daily":false,"chose_seed":false,"campfire_upgraded":0,"win_rate":0.0,"timestamp":1613908230,"path_taken":["M","?","M","?","?","E","?","E"],"items_purchased_type":[],"build_version":"2020-12-22","purchased_purges":2,"victory":false,"max_hp_per_floor":[75,75,75,75,75,75,75,75,75],"relic_stats":{"counters":[6,21],"obtain_stats":[{"KeepersGift":0,"PokeGo":6,"SalivaCoin":0,"Cracked Core":0,"HushsDoor":0},{"KeepersGift":0,"PokeGo":5,"SalivaCoin":0,"Cracked Core":0,"HushsDoor":0},{"KeepersGift":0,"PokeGo":20,"SalivaCoin":0,"Cracked Core":0,"HushsDoor":0}]},"card_choices":[{"not_picked":[],"picked":"SuicideKing","floor":0},{"not_picked":["Capacitor","Barrage"],"picked":"Streamline","floor":1},{"not_picked":["BasicCrystalCard","Compile Driver"],"picked":"Coolheaded","floor":2},{"not_picked":["StuffTheSpire:Plugnplay","Steam"],"picked":"Buffer","floor":3},{"not_picked":["jedi:BurstFrost","Barrage"],"picked":"Fan","floor":5},{"not_picked":["jedi:hex","Steam Power"],"picked":"Auto Shields","floor":6}],"player_experience":457342,"relics_obtained":[{"floor":6,"key":"PokeGo"}],"event_choices":[],"is_beta":false,"boss_relics":[],"items_purged_floors":[7,7],"is_endless":false,"potions_floor_spawned":[2],"killed_by":"Replay:BlueRogue","ascension_level":1}}