{"host":"kmq7aw60w430zvtx","time":1613934664,"event":{"mods":["BaseMod","Downfall","GifTheSpireLib","Hermit","Hubris","Infinite Spire","Minty Spire (QoL Compilation)","Reliquary","Replay The Spire","Spire Arcade","StSLib","The Construct","The Cursed","The Hierophant","The Jungle","The Necromancer","The Runesmith"],"gold_per_floor":[114,132,307,307,330,330,42,42,42,69,82,82,99,129,129,231,231,267,267,267,285,296,296,326,326,502,540,568,584,684,703,703,807,807,823,823,838,838,856,856,887,904,928,958,1058,1072,550,550,850,951,1001,1001],"floor_reached":51,"language":"ENG","playtime":3539,"items_purged":["hubris:Despair"],"score":843,"play_id":"75823b69-6b9a-46aa-86f7-f8f0fbf425e6","local_time":"20210221201104","is_ascension_mode":true,"campfire_choices":[{"floor":6.0,"key":"RECALL"},{"data":"Death_March_Dance","floor":8.0,"key":"SMITH"},{"data":"Summon_Undead","floor":12.0,"key":"SMITH"},{"floor":15.0,"key":"REST"},{"data":"Summon_Vampire_Lady","floor":23.0,"key":"SMITH"},{"data":"Summon_Undead_Army","floor":25.0,"key":"SMITH"},{"floor":32.0,"key":"REST"},{"data":"Summon_Vampire_Lady","floor":40.0,"key":"SMITH"},{"data":"Pot Of Greed+1","floor":49,"key":"PURGE"}],"circlet_count":0,"master_deck":["Strike_W+1","Strike_W+1","Strike_W+1","Strike_W+1","Defend_W+1","Defend_W+1","Defend_W+1","Defend_W+1","Negative_Energy_Arrows+1","Bone_Wall+1","Scare+1","Death_March_Dance+1","Finger_Of_Death+1","Summon_Undead+1","Summon_Undead_Army+1","Uncharnel+1","Summon_Vampire_Lady+1","hermit:Snapshot+1","Cloudkill+1","Jack Of All Trades+1","hubris:Fate+1","Whirlwind_of_Bones+1","Deep Breath+1","Pot Of Greed+1","Bone_Armor+1","Shade_Step+1","Bone_Bullets+1","Acid_Javelin+1","Negative_Energy_Javelin+1","Consume_Illness+1","Shade_Step+1","Summon_Vampire_Lady+1","Pandemic+1","Corrupt+1","Negative_Energy_Javelin+1","Siphon_Strength+1","Pot Of Greed+1","Spectral_Walk+1","Summon_Undead+1","hubris:Rewind+1","Vampiric_Strike+1","Bone_Armory+1","Summon_Undead_Army+1","Metamorphosis+1","Impatience+1","Summon_Vampire_Lady+1","Life_Drain+1"],"relics":["Vampire_Amulet","reliquary:RosewoodLute","hubris:GlazedTorus","hubris:CrystalStatue","Grinning Jar","hubris:AstralHammer","ReplayTheSpireMod:SealedPack","Lantern","hubris:MobiusCoin","ReplayTheSpireMod:TigerMarble","Happy Flower","reliquary:Craggleroot","Gremlin Horn","Pantograph","Orichalcum","infinitespire:Broken Mirror","hubris:Potato","reliquary:PartyBalloon","Mark of the Bloom","BranchBurnRelic","Tiny House"],"acts_visited":["Exordium","theJungle:Jungle","TheBeyond","Exordium"],"potions_floor_usage":[50],"damage_taken":[{"damage":0.0,"enemies":"Small Slimes","floor":1.0,"turns":3.0},{"damage":0.0,"enemies":"2 Louse","floor":2.0,"turns":3.0},{"damage":13.0,"enemies":"Gremlin Nob","floor":10.0,"turns":4.0},{"damage":0.0,"enemies":"Jaw Worm","floor":11.0,"turns":3.0},{"damage":2.0,"enemies":"Blue Slaver","floor":13.0,"turns":3.0},{"damage":24.0,"enemies":"3 Sentries","floor":14.0,"turns":6.0},{"damage":20.0,"enemies":"Hexaghost","floor":16.0,"turns":9.0},{"damage":17.0,"enemies":"theJungle:5_Spyders","floor":18.0,"turns":5.0},{"damage":30.0,"enemies":"Shell Parasite","floor":21.0,"turns":6.0},{"damage":7.0,"enemies":"theJungle:Snecko_Cultist_And_Trap","floor":22.0,"turns":5.0},{"damage":14.0,"enemies":"theJungle:MamaSnecko","floor":24.0,"turns":6.0},{"damage":0.0,"enemies":"theJungle:2_Snecko_Cultists","floor":27.0,"turns":2.0},{"damage":14.0,"enemies":"theJungle:Cassacara","floor":28.0,"turns":6.0},{"damage":29.0,"enemies":"theJungle:Lyon","floor":29.0,"turns":4.0},{"damage":34.0,"enemies":"theJungle:2_Flameangoes","floor":31.0,"turns":5.0},{"damage":20.0,"enemies":"theJungle:FunGuy","floor":33.0,"turns":9.0},{"damage":11.0,"enemies":"3 Shapes","floor":35.0,"turns":4.0},{"damage":12.0,"enemies":"Orb Walker","floor":37.0,"turns":4.0},{"damage":28.0,"enemies":"Spire Growth","floor":39.0,"turns":4.0},{"damage":34.0,"enemies":"Reptomancer","floor":41.0,"turns":6.0},{"damage":66.0,"enemies":"Writhing Mass","floor":42.0,"turns":5.0},{"damage":2.0,"enemies":"Nemesis","floor":44.0,"turns":5.0},{"damage":25.0,"enemies":"infinitespire:Three Voidlings","floor":45.0,"turns":4.0},{"damage":17.0,"enemies":"Nightmare_Alpha","floor":45.0,"turns":8.0},{"damage":22,"enemies":"3 Darklings","floor":46,"turns":5},{"damage":60,"enemies":"Time Eater","floor":50,"turns":9}],"seed_played":"-6977884451556917588","potions_obtained":[{"floor":10.0,"key":"Strength Potion"},{"floor":16.0,"key":"Block Potion"},{"floor":21.0,"key":"Ancient Potion"},{"floor":28.0,"key":"BlessingOfTheForge"},{"floor":31.0,"key":"Strength Potion"},{"floor":35.0,"key":"ColorlessPotion"},{"floor":41.0,"key":"DistilledChaos"},{"floor":51,"key":"GamblersBrew"}],"is_trial":false,"path_per_floor":["M","M","?","?","T","R","$","R","T","E","M","R","M","E","R","B",null,"M","?","AVR","M","M","R","E","R","T","M","E","M","?","M","R","B",null,"M","AVR","M","?","M","R","E","M","T","E","?","M","$","?","R","B",null],"character_chosen":"NECROMANCER","items_purchased":["hubris:GlazedTorus","Summon_Undead_Army","AttackPotion","Dexterity Potion","Metamorphosis","Impatience"],"campfire_rested":2,"item_purchase_floors":[7,47,47,47,47,47],"current_hp_per_floor":[75,75,75,75,75,75,75,75,75,64,66,66,66,48,70,64,75,75,75,75,47,53,53,74,74,74,75,75,48,48,21,43,46,75,75,75,75,75,61,61,75,30,30,51,75,71,71,71,71,11,11,11],"gold":1001,"neow_bonus":"RANDOM_COMMON_RELIC","is_daily":false,"chose_seed":false,"campfire_upgraded":5,"win_rate":0.0,"timestamp":1613934664,"path_taken":["M","M","?","?","?","R","$","R","T","E","M","R","M","E","R","BOSS","M","?","AVR","M","M","R","E","R","T","M","E","?","?","?","R","BOSS","M","AVR","M","?","?","R","E","M","T","E","?","M","$","?","R","BOSS"],"items_purchased_type":["Relic","Card","Potion","Potion","Card","Card"],"build_version":"2020-12-22","purchased_purges":1,"victory":false,"max_hp_per_floor":[75,75,75,75,75,75,75,75,75,75,75,75,75,75,75,75,75,75,75,75,75,75,75,75,75,75,75,75,75,75,75,75,75,75,75,75,75,75,75,75,75,75,75,75,75,75,75,75,75,75,80,80],"card_choices":[{"not_picked":["Consume_Illness","Bones_to_Steel"],"picked":"Scare","floor":1.0},{"not_picked":["Negative_Energy_Burst","Death_Coil"],"picked":"Death_March_Dance","floor":2.0},{"not_picked":["Blood_Curse","Negative_Energy_Bomb"],"picked":"Finger_Of_Death","floor":10.0},{"not_picked":["Life_Tap","Death_Knell"],"picked":"Summon_Undead","floor":11.0},{"not_picked":["Shackles_Of_Pain","Flesh_Made_Foul"],"picked":"Summon_Undead_Army","floor":13.0},{"not_picked":["Negative_Energy_Javelin","Negative_Energy_Mist"],"picked":"Uncharnel","floor":14.0},{"not_picked":["Blood_Wake","Negative_Energy_Bomb"],"picked":"Summon_Vampire_Lady","floor":16.0},{"not_picked":["construct:AttackMode","bronze:Replicate"],"picked":"hermit:Snapshot","floor":17.0},{"not_picked":["Detonate_Bones","Negative_Energy_Bomb"],"picked":"Cloudkill","floor":17.0},{"not_picked":["Flash of Steel","Trip"],"picked":"Jack Of All Trades","floor":17.0},{"not_picked":["Replay:Fractal Strike","hubris:InfiniteBlow"],"picked":"hubris:Fate","floor":17.0},{"not_picked":["Spectral_Armor","Blood_for_Blood"],"picked":"Whirlwind_of_Bones+1","floor":18.0},{"not_picked":["Plague_Bolt","Blood_Shield"],"picked":"Bone_Armor+1","floor":21.0},{"not_picked":["Negative_Energy_Shield","Chill_Blood+1"],"picked":"Shade_Step","floor":22.0},{"not_picked":["Shackles_Of_Pain","Spectral_Walk"],"picked":"Bone_Bullets","floor":24.0},{"not_picked":["Bone_Armor","Shackles_Of_Pain+1"],"picked":"Acid_Javelin+1","floor":27.0},{"not_picked":["Reap_The_Weak","Bones_to_Steel"],"picked":"Negative_Energy_Javelin","floor":28.0},{"not_picked":["Negative_Energy_Mist","Negative_Energy_Shield"],"picked":"Consume_Illness","floor":29.0},{"not_picked":["Thousand_Bone_Knives+1","Negative_Energy_Javelin"],"picked":"Shade_Step+1","floor":31.0},{"not_picked":["Negative_Energy_Bomb","Cloudkill"],"picked":"Summon_Vampire_Lady","floor":33.0},{"not_picked":["Negative_Energy_Shield","Bone_Bullets"],"picked":"Pandemic+1","floor":35.0},{"not_picked":["Finger_Of_Death+1","Blood_Whip+1"],"picked":"Corrupt","floor":37.0},{"not_picked":["Spectral_Walk","Shackles_Of_Pain"],"picked":"Negative_Energy_Javelin","floor":39.0},{"not_picked":["Bone_Spikes+1","Flesh_Made_Foul"],"picked":"Siphon_Strength+1","floor":41.0},{"not_picked":["Bone_Shift","Toxic_Smoke_Screen"],"picked":"Spectral_Walk+1","floor":42.0},{"not_picked":["Blood_Is_Power+1","Epidemic"],"picked":"Summon_Undead","floor":44.0},{"not_picked":["infinitespire:Fortify","infinitespire:Collect"],"picked":"hubris:Rewind","floor":45},{"not_picked":["Death_March_Dance+1","Negative_Energy_Sphere+1"],"picked":"Vampiric_Strike+1","floor":45},{"not_picked":["Deaths_Shadow+1","Chill_Blood+1"],"picked":"Bone_Armory+1","floor":46},{"not_picked":["Detonate_Bones","Cloudkill"],"picked":"Summon_Vampire_Lady","floor":50},{"not_picked":["Blood_Curse","Epidemic"],"picked":"Life_Drain+1","floor":51}],"player_experience":400142,"relics_obtained":[{"floor":9.0,"key":"hubris:CrystalStatue"},{"floor":10.0,"key":"Grinning Jar"},{"floor":14.0,"key":"hubris:AstralHammer"},{"floor":24.0,"key":"hubris:MobiusCoin"},{"floor":26.0,"key":"ReplayTheSpireMod:TigerMarble"},{"floor":28.0,"key":"Happy Flower"},{"floor":41.0,"key":"Pantograph"},{"floor":43.0,"key":"Orichalcum"},{"floor":44.0,"key":"infinitespire:Broken Mirror"},{"floor":45,"key":"hubris:Potato"}],"event_choices":[{"damage_healed":0.0,"max_hp_gain":0.0,"max_hp_loss":0.0,"gold_gain":175.0,"event_name":"Liars Game","player_choice":"AGREE","floor":3.0,"gold_loss":0.0,"damage_taken":0.0,"cards_obtained":["Doubt"]},{"cards_removed":["Doubt"],"damage_healed":0.0,"max_hp_gain":0.0,"max_hp_loss":0.0,"gold_gain":0.0,"event_name":"Living Wall","player_choice":"Forget","floor":4.0,"gold_loss":0.0,"damage_taken":0.0},{"damage_healed":0.0,"max_hp_gain":0.0,"max_hp_loss":0.0,"gold_gain":0.0,"cards_transformed":["Pot Of Greed"],"event_name":"Transmorgrifier","player_choice":"Transformed","floor":19.0,"gold_loss":0.0,"damage_taken":0.0,"cards_obtained":["Deep Breath"]},{"damage_healed":0.0,"max_hp_gain":0.0,"max_hp_loss":0.0,"gold_gain":100.0,"event_name":"Golden Shrine","player_choice":"Pray","floor":30.0,"gold_loss":0.0,"damage_taken":0.0},{"damage_healed":0.0,"max_hp_gain":0.0,"max_hp_loss":0.0,"gold_gain":0.0,"event_name":"WeMeetAgain","player_choice":"Gave Potion","floor":38.0,"gold_loss":0.0,"damage_taken":0.0,"relics_obtained":["Gremlin Horn"]},{"damage_healed":0,"gold_gain":0,"player_choice":"Gave Potion","damage_taken":0,"relics_obtained":["reliquary:PartyBalloon"],"max_hp_gain":0,"max_hp_loss":0,"event_name":"WeMeetAgain","floor":45,"gold_loss":0},{"damage_healed":0,"gold_gain":0,"player_choice":"Upgrade","damage_taken":0,"relics_obtained":["Mark of the Bloom"],"max_hp_gain":0,"max_hp_loss":0,"event_name":"MindBloom","floor":48,"gold_loss":0,"cards_upgraded":["Strike_W","Strike_W","Strike_W","Strike_W","Defend_W","Defend_W","Defend_W","Defend_W","Negative_Energy_Arrows","Bone_Wall","Scare","Pot Of Greed","Finger_Of_Death","Uncharnel","hermit:Snapshot","Cloudkill","Jack Of All Trades","hubris:Fate","Deep Breath","Pot Of Greed","Shade_Step","Bone_Bullets","Negative_Energy_Javelin","Consume_Illness","Corrupt","Negative_Energy_Javelin","Pot Of Greed","Summon_Undead","hubris:Rewind","Summon_Undead_Army","Metamorphosis","Impatience"]}],"is_beta":false,"boss_relics":[{"not_picked":["hubris:HollowSoul","Abe\u0027s Treasure"],"picked":"ReplayTheSpireMod:SealedPack"},{"not_picked":["Pandora\u0027s Box","construct:WeddingRing"],"picked":"reliquary:Craggleroot"},{"not_picked":["Runic Pyramid","Philosopher\u0027s Stone"],"picked":"Tiny House"}],"items_purged_floors":[47],"is_endless":true,"potions_floor_spawned":[10,16,21,28,31,33,35,37,41,45],"ascension_level":1}}