{"host":"ymw71f7rc9ndansy","time":1613869987,"event":{"mods":["100% Spire Juice","ATMod(阿瑾Mod)","Act Like it!","Aspiration","BaseMod","DeckTracker","Energized Spire","Gensokyo","Hubris","Koishi","Library of Ruina","Library of Ruina Extra","Minty Spire (QoL Compilation)","MostiFishMod","Relic Filter Mod","Reliquary","Remove Card Discount Mod","Replay The Spire","RumiaBox-露米娅的神秘盒子","StSLib","TestMod","The Blackbeard","【功能Mod】精心准备","【遗物卡牌】REMEMod"],"gold_per_floor":[178,254,254,363,439,79,169,169],"floor_reached":7,"language":"ZHS","playtime":1427,"items_purged":[],"score":43,"play_id":"f6de181f-3d6e-4689-9e4d-3021430869f3","local_time":"20210221091307","is_ascension_mode":false,"campfire_choices":[{"data":"Moonworks:Encore","floor":6,"key":"SMITH"}],"circlet_count":0,"master_deck":["Moonworks:Strike","Moonworks:Strike","Moonworks:Strike","Moonworks:Strike","Moonworks:Defend","Moonworks:Defend","Moonworks:Defend","Moonworks:Defend","Moonworks:Ambush","Moonworks:LongDistanceShot","AT_FamilyPortrait","Wish+1","Moonworks:ImOnFire","Moonworks:NicePresent","Moonworks:Encore+1"],"relics":["Moonworks:Homemark","testmod-TestBox","DaveBox","REME_ComplimentaryCards","AT_ATBox","PageOfWizard","Membership Card","testmod-Déjàvu","SynthV:TestCard"],"acts_visited":["Exordium"],"potions_floor_usage":[7,7],"damage_taken":[{"damage":2,"enemies":"Gensokyo:Gryphon","floor":1,"turns":3},{"damage":12,"enemies":"Gensokyo:3_Fairies","floor":2,"turns":3},{"damage":9,"enemies":"Gensokyo:2_Kodama","floor":4,"turns":6},{"damage":16,"enemies":"Gensokyo:2_Rabbits","floor":5,"turns":4},{"damage":10,"enemies":"Gensokyo:Cirno","floor":7,"turns":6}],"seed_played":"-1061057709544340944","potions_obtained":[{"floor":4,"key":"FearPotion"},{"floor":5,"key":"SpeedPotion"}],"is_trial":false,"path_per_floor":["M","M","?","M","M","R","E"],"character_chosen":"THE_STARBREAKER","items_purchased":[],"campfire_rested":0,"item_purchase_floors":[],"current_hp_per_floor":[58,46,52,43,27,27,17,17],"gold":169,"neow_bonus":"UPGRADE_CARD","is_daily":false,"chose_seed":false,"campfire_upgraded":1,"win_rate":0.0,"timestamp":1613869987,"path_taken":["M","M","?","?","?","R","E"],"items_purchased_type":[],"build_version":"2020-12-22","purchased_purges":0,"victory":false,"max_hp_per_floor":[60,60,60,60,60,60,60,60],"card_choices":[{"not_picked":["Moonworks:Assault","Moonworks:SakisCookie"],"picked":"Moonworks:ImOnFire","floor":1},{"not_picked":["Moonworks:BigMagnum","Moonworks:SakisCookie","Moonworks:DeployBits","Moonworks:EvilSpyWorkPreparation"],"picked":"Moonworks:NicePresent","floor":2},{"not_picked":["Moonworks:WindyEnchantment","Moonworks:ImOnFire","Moonworks:ForcedRevival","Moonworks:BigMagnum"],"picked":"Moonworks:Encore","floor":4},{"not_picked":["Moonworks:TreasureThief","Moonworks:EvilSpyWorkPreparation","Moonworks:SakisCookie","Moonworks:AwakeningOfTalent","Moonworks:IntelligenceOfficer"],"picked":"SKIP","floor":5}],"player_experience":1105152,"relics_obtained":[{"floor":1,"key":"SynthV:TestCard"}],"event_choices":[],"is_beta":false,"boss_relics":[],"items_purged_floors":[],"is_endless":false,"potions_floor_spawned":[4,5],"killed_by":"Gensokyo:Cirno","ascension_level":0}}