{"host":"vxy6xn7iqo09pby3","time":1613935383,"event":{"mods":["2.2 Compatiblity","AchievementEnabler","Act Like it!","Aspiration","BaseMod","Beaked The Cultist","Better Note","BetterRewards","Block Reminder","Challenge The Spire","Colored Map","Colored Powertips","Conspire","Downfall","Gremlin Mod","Halation","Hallownest","Hermit","Highlight Path","Hubris","Infinite Spire","Jorbs\u0027s Wanderer Trilogy","Mimic Mod","Minty Spire (QoL Compilation)","Permanent Neow","Quick Restart","Random Character Button","Relic Sorter","Relic Stats","Replay The Spire","Shop Mod","Spicy Shops","StSLib","The Animator","The Construct","The Cursed","The Disciple","The Jungle","The Mystic","The Necromancer","The Runesmith","Trackpad","everything is the same but u backflip on backflip"],"gold_per_floor":[116,116,116,116,172,172,14,24,62,62,76,76,76,103,103,207,207,222,272,292,45,45,79,79,113,113,129,129,129,129],"floor_reached":29,"language":"ENG","playtime":889,"items_purged":[],"score":270,"play_id":"e4252bb3-130b-4c25-b0d2-edf68afa59e9","local_time":"20210221132303","is_ascension_mode":true,"campfire_choices":[{"data":"Hidden Blade","floor":6,"key":"SMITH"},{"data":"Glass Knife","floor":10,"key":"SMITH"},{"data":"Terror","floor":12,"key":"SMITH"},{"data":"Sucker Punch","floor":15,"key":"SMITH"},{"data":"A Thousand Cuts","floor":24,"key":"SMITH"},{"floor":28,"key":"REST"}],"circlet_count":0,"master_deck":["Strike_G","Strike_G","Strike_G","Strike_G","Strike_G","Defend_G","Defend_G","Defend_G","Defend_G","Defend_G","Survivor","Neutralize+1","Backflip","Hidden Blade+1","Glass Knife+1","Sucker Punch+1","Terror+1","Injury","A Thousand Cuts+1","Replay:Fractal Strike+1","Envenom"],"relics":["ReplayTheSpireMod:DimensionalGlitch","hubris:Towel","halation:EternalFortune","trackpad:SappingStone","trackpad:AdjectivePendant","ReplayTheSpireMod:TigerMarble","Molten Egg 2","halation:TwoAmDonut","hubris:Backtick","Shuriken","Toxic Egg 2","Bottled Lightning","Pen Nib","Golden Egg"],"acts_visited":["Exordium","TheCity"],"potions_floor_usage":[25,25,27],"damage_taken":[{"damage":0,"enemies":"2 Louse","floor":1,"turns":5},{"damage":0,"enemies":"Jaw Worm","floor":8,"turns":3},{"damage":14,"enemies":"Small Slimes","floor":9,"turns":5},{"damage":0,"enemies":"Small Slimes","floor":11,"turns":1},{"damage":4,"enemies":"3 Sentries","floor":14,"turns":5},{"damage":6,"enemies":"Slime Boss","floor":16,"turns":9},{"damage":12,"enemies":"Shell Parasite","floor":18,"turns":3},{"damage":14,"enemies":"3 Byrds","floor":20,"turns":5},{"damage":35,"enemies":"Gremlin Leader","floor":23,"turns":4},{"damage":33,"enemies":"Nightmare","floor":25,"turns":6},{"damage":0,"enemies":"Snecko","floor":27,"turns":2},{"damage":24,"enemies":"Slavers","floor":29,"turns":2}],"seed_played":"1535608539172879575","potions_obtained":[{"floor":5,"key":"DistilledChaos"},{"floor":11,"key":"Swift Potion"},{"floor":16,"key":"CunningPotion"},{"floor":23,"key":"Reflective Coating"}],"is_trial":false,"path_per_floor":["M","?","?","?","?","R","$","M","MIM","R","M","R","?","E","R","B",null,"M","?","M","$","?","E","R","NM","T","M","R","E"],"character_chosen":"THE_SILENT","items_purchased":["Glass Knife","Toxic Egg 2"],"campfire_rested":1,"item_purchase_floors":[7,21],"current_hp_per_floor":[70,70,70,73,44,44,44,44,30,30,30,30,30,26,26,20,73,61,61,47,47,71,36,36,3,3,3,24,0,0],"gold":129,"neow_bonus":"BOSS_RELIC","is_daily":false,"chose_seed":false,"campfire_upgraded":5,"win_rate":0.0,"timestamp":1613935383,"path_taken":["M","?","?","?","?","R","?","?","MIM","R","M","R","?","E","R","BOSS","M","?","M","?","?","E","R","NM","T","M","R","E"],"items_purchased_type":["Card","Relic"],"build_version":"2020-12-22","purchased_purges":0,"victory":false,"max_hp_per_floor":[70,70,70,73,73,73,73,73,73,73,73,73,73,73,73,73,73,73,73,73,73,73,73,73,73,73,73,73,73,73],"relic_stats":{"counters":[12,50],"Shuriken":[13],"Pen Nib":[1],"obtain_stats":[{"Golden Egg":26,"trackpad:SappingStone":5,"Pen Nib":25,"hubris:Towel":2,"hubris:Backtick":17,"Shuriken":17,"halation:EternalFortune":4,"Molten Egg 2":13,"ReplayTheSpireMod:TigerMarble":9,"trackpad:AdjectivePendant":9,"halation:TwoAmDonut":14,"Bottled Lightning":23,"Toxic Egg 2":21,"ReplayTheSpireMod:DimensionalGlitch":0,"Ring of the Snake":0},{"Golden Egg":10,"trackpad:SappingStone":1,"Pen Nib":10,"hubris:Towel":1,"hubris:Backtick":6,"Shuriken":6,"halation:EternalFortune":1,"Molten Egg 2":4,"ReplayTheSpireMod:TigerMarble":3,"trackpad:AdjectivePendant":3,"halation:TwoAmDonut":5,"Bottled Lightning":9,"Toxic Egg 2":8,"ReplayTheSpireMod:DimensionalGlitch":0,"Ring of the Snake":0},{"Golden Egg":46,"trackpad:SappingStone":5,"Pen Nib":46,"hubris:Towel":5,"hubris:Backtick":28,"Shuriken":28,"halation:EternalFortune":5,"Molten Egg 2":14,"ReplayTheSpireMod:TigerMarble":13,"trackpad:AdjectivePendant":13,"halation:TwoAmDonut":19,"Bottled Lightning":40,"Toxic Egg 2":36,"ReplayTheSpireMod:DimensionalGlitch":0,"Ring of the Snake":0}]},"card_choices":[{"not_picked":["Deflect","PiercingWail"],"picked":"Backflip","floor":1},{"not_picked":["Underhanded Strike","hubris:Counter"],"picked":"Hidden Blade","floor":5},{"not_picked":["Distraction","Hidden Blade"],"picked":"Sucker Punch","floor":8},{"not_picked":["PiercingWail","Escape Plan"],"picked":"Terror","floor":9},{"not_picked":["ReplayTheSpireMod:Speed Training","Doppelganger","Outmaneuver"],"picked":"SKIP","floor":11},{"not_picked":["Bane+1","Deadly Poison","hubris:SlightOfHand"],"picked":"SKIP","floor":14},{"not_picked":["Burst","After Image"],"picked":"A Thousand Cuts","floor":16},{"not_picked":["Outmaneuver","Skewer+1","Terror"],"picked":"SKIP","floor":18},{"not_picked":["Outmaneuver+1","ReplayTheSpireMod:Scrap Shanks","Quick Slash+1"],"picked":"SKIP","floor":20},{"not_picked":["hubris:Counter+1","Backflip+1","Deadly Poison+1"],"picked":"SKIP","floor":23},{"not_picked":["ReplayTheSpireMod:??????????????????????","infinitespire:NeuralNetwork"],"picked":"Replay:Fractal Strike","floor":25},{"not_picked":["Sucker Punch+1","Outmaneuver+1"],"picked":"Envenom","floor":25},{"not_picked":["Outmaneuver+1","Deflect+1","Dodge and Roll+1"],"picked":"SKIP","floor":27}],"player_experience":121429,"relics_obtained":[{"floor":5,"key":"trackpad:SappingStone"},{"floor":9,"key":"trackpad:AdjectivePendant"},{"floor":9,"key":"ReplayTheSpireMod:TigerMarble"},{"floor":14,"key":"halation:TwoAmDonut"},{"floor":23,"key":"Bottled Lightning"},{"floor":25,"key":"Pen Nib"},{"floor":26,"key":"Golden Egg"}],"event_choices":[{"damage_healed":0,"gold_gain":0,"player_choice":"Grow","damage_taken":0,"max_hp_gain":0,"max_hp_loss":0,"event_name":"Living Wall","floor":3,"gold_loss":0,"cards_upgraded":["Neutralize"]},{"damage_healed":0,"gold_gain":100,"player_choice":"Bet on Murderer","damage_taken":0,"max_hp_gain":0,"max_hp_loss":0,"event_name":"The Joust","floor":19,"gold_loss":50},{"damage_healed":24,"gold_gain":0,"player_choice":"Heal","damage_taken":0,"max_hp_gain":0,"max_hp_loss":0,"event_name":"The Library","floor":22,"gold_loss":0}],"is_beta":false,"boss_relics":[{"not_picked":["trackpad:Coffee","Replay:Ancient Bell"],"picked":"hubris:Backtick"}],"items_purged_floors":[],"is_endless":false,"potions_floor_spawned":[11,16,18,23],"killed_by":"Slavers","ascension_level":1}}