{"host":"p0hktren06injwdf","time":1613877521,"event":{"mods":["AchievementEnabler","BaseMod","Colored Map","DeckTracker","Minty Spire (QoL Compilation)","Permanent Neow","StSLib","SuperFastMode"],"gold_per_floor":[116,127,177,195,209,244,244,257,257,257,274,274,307,318,318,396,396,412,412,432,445,82,82,117,117,117,132,143,159,159,188,188,260,260,272,43,0,11,31,31,57,57,138,163,163,173,199,218,218,218,218],"floor_reached":50,"language":"KOR","playtime":1093,"items_purged":["Strike_G"],"score":1187,"play_id":"9af69620-5381-4dc2-8aee-34fb90547047","local_time":"20210221121841","is_ascension_mode":true,"campfire_choices":[{"data":"Blade Dance","floor":7.0,"key":"SMITH"},{"data":"Neutralize","floor":10.0,"key":"SMITH"},{"data":"Blade Dance","floor":12.0,"key":"SMITH"},{"data":"Prepared","floor":15.0,"key":"SMITH"},{"floor":23.0,"key":"REST"},{"data":"Envenom","floor":25.0,"key":"SMITH"},{"floor":30.0,"key":"REST"},{"floor":32.0,"key":"REST"},{"data":"Accuracy","floor":40.0,"key":"SMITH"},{"data":"Cloak And Dagger","floor":45,"key":"SMITH"},{"floor":49,"key":"RECALL"}],"circlet_count":0,"master_deck":["AscendersBane","Strike_G","Strike_G","Strike_G","Strike_G","Defend_G","Defend_G","Defend_G","Defend_G","Defend_G","Survivor","Neutralize+1","Finisher","Blade Dance+1","Heel Hook","Deadly Poison","Blade Dance+1","Backstab","Prepared+1","Dagger Throw","Endless Agony","Envenom+1","Cloak And Dagger+1","Dodge and Roll","Accuracy+1","Leg Sweep","Decay","Acrobatics+1","Terror+1","Blade Dance","Adrenaline","Cloak And Dagger","Backflip","Crippling Poison","Doubt","Adrenaline","PiercingWail","Malaise"],"relics":["WristBlade","Smiling Mask","Mercury Hourglass","InkBottle","Cursed Key","Ornamental Fan","Bag of Preparation","Turnip","Question Card","HoveringKite","Oddly Smooth Stone","Red Mask","Paper Crane","Ice Cream","Darkstone Periapt"],"acts_visited":["Exordium","TheCity","TheBeyond"],"potions_floor_usage":[50,50],"damage_taken":[{"damage":3.0,"enemies":"Small Slimes","floor":1.0,"turns":4.0},{"damage":6.0,"enemies":"Cultist","floor":2.0,"turns":5.0},{"damage":0.0,"enemies":"Jaw Worm","floor":4.0,"turns":1.0},{"damage":3.0,"enemies":"Blue Slaver","floor":5.0,"turns":3.0},{"damage":22.0,"enemies":"Lagavulin","floor":6.0,"turns":4.0},{"damage":3.0,"enemies":"3 Louse","floor":8.0,"turns":2.0},{"damage":0.0,"enemies":"Exordium Wildlife","floor":11.0,"turns":1.0},{"damage":10.0,"enemies":"3 Sentries","floor":13.0,"turns":4.0},{"damage":0.0,"enemies":"Looter","floor":14.0,"turns":1.0},{"damage":13.0,"enemies":"The Guardian","floor":16.0,"turns":8.0},{"damage":2.0,"enemies":"3 Byrds","floor":18.0,"turns":4.0},{"damage":0.0,"enemies":"2 Thieves","floor":20.0,"turns":2.0},{"damage":22.0,"enemies":"Snake Plant","floor":21.0,"turns":3.0},{"damage":7.0,"enemies":"Gremlin Leader","floor":24.0,"turns":5.0},{"damage":7.0,"enemies":"Centurion and Healer","floor":27.0,"turns":4.0},{"damage":20.0,"enemies":"Shelled Parasite and Fungi","floor":28.0,"turns":4.0},{"damage":0.0,"enemies":"Cultist and Chosen","floor":29.0,"turns":3.0},{"damage":5.0,"enemies":"Book of Stabbing","floor":31.0,"turns":3.0},{"damage":26.0,"enemies":"Automaton","floor":33.0,"turns":7.0},{"damage":11.0,"enemies":"3 Shapes","floor":35.0,"turns":5.0},{"damage":0.0,"enemies":"Orb Walker","floor":38.0,"turns":1.0},{"damage":0.0,"enemies":"Jaw Worm Horde","floor":39.0,"turns":4.0},{"damage":14,"enemies":"Nemesis","floor":41,"turns":5},{"damage":0,"enemies":"Mind Bloom Boss Battle","floor":44,"turns":7},{"damage":0,"enemies":"Transient","floor":46,"turns":6},{"damage":0,"enemies":"Giant Head","floor":47,"turns":2},{"damage":5,"enemies":"4 Shapes","floor":48,"turns":5},{"damage":25,"enemies":"Time Eater","floor":50,"turns":6}],"seed_played":"-595949036097902589","potions_obtained":[{"floor":1.0,"key":"Regen Potion"},{"floor":2.0,"key":"PowerPotion"},{"floor":11.0,"key":"Weak Potion"},{"floor":18.0,"key":"EssenceOfSteel"},{"floor":21.0,"key":"Poison Potion"},{"floor":29.0,"key":"Fire Potion"},{"floor":31.0,"key":"FearPotion"},{"floor":38.0,"key":"CunningPotion"}],"is_trial":false,"path_per_floor":["M","M","?","M","M","E","R","M","T","R","M","R","E","M","R","B",null,"M","?","M","M","$","R","E","R","T","M","M","M","R","E","R","B",null,"M","$","?","M","M","R","E","?","T","?","R","M","E","M","R","B"],"character_chosen":"THE_SILENT","items_purchased":["Accuracy","Ornamental Fan","Oddly Smooth Stone","Backflip"],"campfire_rested":3,"item_purchase_floors":[22,22,36,36],"current_hp_per_floor":[56,50,50,50,47,37,37,34,34,34,34,34,24,24,24,11,52,50,44,44,22,22,41,34,34,34,27,7,7,26,21,40,14,53,42,42,42,42,42,42,28,28,28,28,28,28,28,23,23,0,0],"gold":218,"neow_bonus":"BOSS_RELIC","is_daily":false,"chose_seed":false,"campfire_upgraded":7,"win_rate":0.0,"timestamp":1613877521,"path_taken":["M","M","?","?","M","E","R","M","T","R","?","R","E","M","R","BOSS","M","?","M","M","$","R","E","R","T","M","M","?","R","E","R","BOSS","M","?","?","M","M","R","E","?","T","?","R","M","E","M","R","BOSS"],"items_purchased_type":["Card","Relic","Relic","Card"],"build_version":"2020-12-22","purchased_purges":1,"victory":false,"max_hp_per_floor":[66,66,66,66,66,66,66,66,66,66,66,66,66,66,66,66,66,66,66,66,66,66,66,66,66,66,66,66,66,66,66,66,66,66,66,66,66,66,66,66,66,63,63,63,63,63,63,63,63,63,63],"card_choices":[{"not_picked":["Calculated Gamble","Quick Slash"],"picked":"Finisher","floor":1.0},{"not_picked":["Predator","Riddle With Holes"],"picked":"Blade Dance","floor":2.0},{"not_picked":["Catalyst","Bane"],"picked":"Heel Hook","floor":4.0},{"not_picked":["Crippling Poison","Calculated Gamble"],"picked":"Deadly Poison","floor":5.0},{"not_picked":["Dagger Throw","Eviscerate"],"picked":"Blade Dance","floor":6.0},{"not_picked":["Heel Hook","Bane"],"picked":"Backstab","floor":8.0},{"not_picked":["Wraith Form v2","Underhanded Strike"],"picked":"Prepared","floor":11.0},{"not_picked":["Choke","Tactician"],"picked":"Dagger Throw","floor":13.0},{"not_picked":["Prepared","Outmaneuver"],"picked":"Endless Agony","floor":14.0},{"not_picked":["Tools of the Trade","Phantasmal Killer"],"picked":"Envenom","floor":16.0},{"not_picked":["Backflip","Dagger Spray"],"picked":"Cloak And Dagger","floor":18.0},{"not_picked":["Reflex","Setup+1","Deadly Poison+1"],"picked":"SKIP","floor":20.0},{"not_picked":["Slice","Deadly Poison"],"picked":"Dodge and Roll","floor":21.0},{"not_picked":["Distraction","Well Laid Plans"],"picked":"Leg Sweep","floor":24.0},{"not_picked":["Poisoned Stab","Dodge and Roll"],"picked":"Acrobatics+1","floor":27.0},{"not_picked":["Underhanded Strike","Slice","Eviscerate"],"picked":"SKIP","floor":28.0},{"not_picked":["Outmaneuver","Storm of Steel"],"picked":"Terror+1","floor":29.0},{"not_picked":["Expertise","Deadly Poison"],"picked":"Blade Dance","floor":31.0},{"not_picked":["Die Die Die","Phantasmal Killer","Venomology"],"picked":"Adrenaline","floor":33.0},{"not_picked":["Outmaneuver","Concentrate","Deflect"],"picked":"Cloak And Dagger","floor":35.0},{"not_picked":["Distraction","Bane","Finisher","Slice"],"picked":"SKIP","floor":38.0},{"not_picked":["Cloak And Dagger","Underhanded Strike+1","Poisoned Stab","Backstab"],"picked":"SKIP","floor":39.0},{"not_picked":["Predator","Terror+1","Dash"],"picked":"Crippling Poison","floor":41},{"not_picked":["Masterful Stab","Deadly Poison","Prepared"],"picked":"Adrenaline","floor":46},{"not_picked":["Cloak And Dagger","Deflect","Bouncing Flask"],"picked":"PiercingWail","floor":47},{"not_picked":["Dodge and Roll+1","Dagger Spray+1","Underhanded Strike"],"picked":"Malaise","floor":48}],"player_experience":1096022,"relics_obtained":[{"floor":6.0,"key":"Smiling Mask"},{"floor":9.0,"key":"Mercury Hourglass"},{"floor":13.0,"key":"InkBottle"},{"floor":24.0,"key":"Bag of Preparation"},{"floor":26.0,"key":"Turnip"},{"floor":31.0,"key":"Question Card"},{"floor":41,"key":"Paper Crane"},{"floor":44,"key":"Ice Cream"},{"floor":47,"key":"Darkstone Periapt"}],"event_choices":[{"damage_healed":0.0,"max_hp_gain":0.0,"max_hp_loss":0.0,"gold_gain":50.0,"event_name":"Golden Shrine","player_choice":"Pray","floor":3.0,"gold_loss":0.0,"damage_taken":0.0},{"damage_healed":0.0,"max_hp_gain":0.0,"max_hp_loss":0.0,"gold_gain":0.0,"event_name":"Knowing Skull","player_choice":"","floor":19.0,"potions_obtained":[],"gold_loss":0.0,"damage_taken":6.0,"cards_obtained":[]},{"damage_healed":0.0,"max_hp_gain":0.0,"max_hp_loss":0.0,"gold_gain":0.0,"event_name":"Tomb of Lord Red Mask","player_choice":"Paid","floor":37.0,"gold_loss":43.0,"damage_taken":0.0,"relics_obtained":["Red Mask"]},{"damage_healed":0,"gold_gain":0,"player_choice":"Max HP","damage_taken":0,"max_hp_gain":0,"max_hp_loss":3,"event_name":"Winding Halls","floor":42,"gold_loss":0},{"damage_healed":0,"gold_gain":0,"player_choice":"Fight","damage_taken":0,"max_hp_gain":0,"max_hp_loss":0,"event_name":"MindBloom","floor":44,"gold_loss":0}],"is_beta":false,"boss_relics":[{"not_picked":["SlaversCollar","Ectoplasm"],"picked":"Cursed Key"},{"not_picked":["Velvet Choker","Snecko Eye"],"picked":"HoveringKite"}],"items_purged_floors":[22],"is_endless":false,"potions_floor_spawned":[1,2,11,18,21,29,31,38,39,44,46],"killed_by":"Time Eater","ascension_level":20}}