{"host":"htqwg582tjjtn9p7","time":1613933110,"event":{"mods":["2.2 Compatiblity","AchievementEnabler","Act Like it!","Aspiration","BaseMod","Better Third Choice","Colored Map","Conspire","Curses Come First","Displayed Cursed Tome","Energized Spire","Force Act Four","Fox Events","GifTheSpireLib","Hermit","Highlight Path","JesterMod","Mad Scientist","Minty Spire (QoL Compilation)","Pale of the Ancients","Permanent Neow","Random Character Button","Relic Stats","Reliquary","Replay The Spire","Robot Space Explorer","Ruina","Somnambulant","Spicy Shops","Spikes Relics","StSLib","Stuff the Spire","The Blue Laboratory","The Bug Knight","The Forsaken","The Gatherer","The Judge","The Jungle","The Marked","The Runesmith","The Servant 0.9.4","Uncapped"],"gold_per_floor":[109,109,109,120,138,138,157,184,184,184,184],"floor_reached":10,"language":"ENG","playtime":347,"items_purged":[],"score":119,"play_id":"b9b8ed35-8203-4e0d-b15b-ecabf95d155e","local_time":"20210221194510","is_ascension_mode":true,"campfire_choices":[{"data":"Poisoned Stab","floor":6,"key":"SMITH"}],"circlet_count":0,"master_deck":["AscendersBane","Strike_G","Strike_G","Strike_G","Strike_G","Defend_G","Defend_G","Defend_G","Defend_G","Defend_G","Survivor","Neutralize","Slice","Dagger Throw","Poisoned Stab+1","Poisoned Stab","Blade Dance"],"relics":["Ring of the Snake","MealTicket","Question Card"],"acts_visited":["Exordium"],"potions_floor_usage":[8],"damage_taken":[{"damage":0,"enemies":"Small Slimes","floor":1,"turns":3},{"damage":0,"enemies":"conspire:RoseBush","floor":4,"turns":5},{"damage":0,"enemies":"Cultist","floor":5,"turns":4},{"damage":0,"enemies":"Exordium Wildlife","floor":7,"turns":4},{"damage":22,"enemies":"3 Sentries","floor":8,"turns":7},{"damage":31,"enemies":"HollowMod:MossKnight","floor":10,"turns":9}],"seed_played":"4211906585714468181","potions_obtained":[{"floor":4,"key":"blueLaboratory:CorrosionFlask"},{"floor":5,"key":"Explosive Potion"}],"is_trial":false,"path_per_floor":["M","?","?","M","M","R","M","E","T","E"],"character_chosen":"THE_SILENT","items_purchased":[],"campfire_rested":0,"item_purchase_floors":[],"current_hp_per_floor":[56,56,56,56,56,56,56,34,34,3,3],"gold":184,"neow_bonus":"TWENTY_PERCENT_HP_BONUS","is_daily":false,"chose_seed":false,"campfire_upgraded":1,"win_rate":0.0,"timestamp":1613933110,"path_taken":["M","?","?","?","M","R","M","E","T","E"],"items_purchased_type":[],"build_version":"2020-12-22","purchased_purges":0,"victory":false,"max_hp_per_floor":[78,78,78,78,78,78,78,78,78,78,78],"relic_stats":{"counters":[6,32],"MealTicket":0,"Question Card":0,"obtain_stats":[{"MealTicket":8,"Question Card":9,"Ring of the Snake":0},{"MealTicket":5,"Question Card":5,"Ring of the Snake":0},{"MealTicket":23,"Question Card":23,"Ring of the Snake":0}],"Ring of the Snake":[12]},"card_choices":[{"not_picked":["Quick Slash","PiercingWail"],"picked":"Slice","floor":1},{"not_picked":["Deflect","Backflip"],"picked":"Dagger Throw","floor":4},{"not_picked":["PiercingWail","Prepared"],"picked":"Poisoned Stab","floor":5},{"not_picked":["Flying Knee","StuffTheSpire:Incursion"],"picked":"Poisoned Stab","floor":7},{"not_picked":["Dagger Spray","All Out Attack"],"picked":"Blade Dance","floor":8}],"player_experience":2064018,"relics_obtained":[{"floor":8,"key":"MealTicket"},{"floor":9,"key":"Question Card"}],"event_choices":[{"damage_healed":0,"gold_gain":0,"player_choice":"Ignored","damage_taken":0,"max_hp_gain":0,"max_hp_loss":0,"event_name":"Golden Wing","floor":2,"gold_loss":0},{"cards_removed":["Strike_G"],"damage_healed":0,"gold_gain":0,"player_choice":"Purged","damage_taken":0,"max_hp_gain":0,"max_hp_loss":0,"event_name":"Purifier","floor":3,"gold_loss":0}],"is_beta":false,"boss_relics":[],"items_purged_floors":[],"is_endless":false,"potions_floor_spawned":[4,5],"killed_by":"HollowMod:MossKnight","ascension_level":15}}