{"host":"4a6fro0of1ie0h2w","time":1613917257,"event":{"mods":["Aspiration","BaseMod","CCEM2","Colored Map","Conspire","Downfall","GifTheSpireLib","Halation","Highlight Path","Hubris","Infinite Spire","Marisa????????","Minty Spire (QoL Compilation)","Permanent Neow","Replay The Spire","StSLib","Stuff the Spire","The Servant 0.9.4"],"gold_per_floor":[99,109,123,139,139,153,153,180,44,44,44,44,44],"floor_reached":11,"language":"ENG","playtime":474,"items_purged":["champ:Strike"],"score":84,"play_id":"735fbd8b-620a-4518-9872-c97c5c32d7d9","local_time":"20210221162057","is_ascension_mode":true,"campfire_choices":[{"data":"champ:MurderStrike","floor":1,"key":"SMITH"},{"data":"champ:RapidStrikes","floor":10,"key":"SMITH"}],"circlet_count":0,"master_deck":["champ:Strike","champ:Strike","champ:Strike","champ:Defend","champ:Defend","champ:Defend","champ:Defend","champ:Execute","champ:Taunt","champ:MurderStrike+1","champ:ShieldSigil","champ:ArenaPreparation","champ:FancyFootwork","champ:RapidStrikes+1","champ:FlashCut","champ:Duel","champ:EnGarde"],"relics":["champ:ChampionCrown","halation:PromiseList","ReplayFunnel"],"acts_visited":["Exordium"],"potions_floor_usage":[6],"damage_taken":[{"damage":17,"enemies":"conspire:RoseBush","floor":2,"turns":4},{"damage":23,"enemies":"Jaw Worm","floor":3,"turns":5},{"damage":10,"enemies":"infinitespire:Voidling","floor":4,"turns":3},{"damage":18,"enemies":"conspire:2 RoseBushes","floor":6,"turns":5},{"damage":64,"enemies":"Replay:BlueRogue","floor":8,"turns":7},{"damage":5,"enemies":"downfall:FleeingMerchant","floor":9,"turns":4},{"damage":31,"enemies":"Gremlin Nob","floor":11,"turns":2}],"seed_played":"-6305450564989829078","potions_obtained":[{"floor":2,"key":"LifebloodPotion"},{"floor":6,"key":"DuplicationPotion"},{"floor":8,"key":"BlessingOfTheForge"}],"is_trial":false,"path_per_floor":["R","M","M","M","?","M","T","E","$","R","E"],"character_chosen":"THE_CHAMP","items_purchased":["champ:EnGarde"],"campfire_rested":0,"item_purchase_floors":[9],"current_hp_per_floor":[63,56,43,38,38,35,35,25,20,20,0,0,0],"gold":44,"neow_bonus":"THREE_RARE_CARDS","is_daily":false,"chose_seed":false,"campfire_upgraded":2,"win_rate":0.0,"timestamp":1613917257,"path_taken":["R","M","M","M","?","M","T","E","$","R","E"],"items_purchased_type":["Card"],"build_version":"2020-12-22","purchased_purges":1,"victory":false,"max_hp_per_floor":[90,90,90,90,90,90,90,90,90,90,90,90,90],"card_choices":[{"not_picked":["champ:HeavySlash","champ:LastStand"],"picked":"champ:MurderStrike","floor":0},{"not_picked":["champ:SkillfulDodge","champ:GladiatorStyle"],"picked":"champ:ShieldSigil","floor":2},{"not_picked":["champ:BringItOn","champ:FancyFootwork"],"picked":"champ:ArenaPreparation","floor":3},{"not_picked":["champ:Backstep","champ:GutPunch"],"picked":"champ:FancyFootwork","floor":4},{"not_picked":["champ:ArenaPreparation","champ:FlashCut"],"picked":"champ:RapidStrikes","floor":6},{"not_picked":["champ:DeathBlow","champ:EndlessRage"],"picked":"champ:FlashCut","floor":8},{"not_picked":["champ:Shatter","champ:FocusedBerserking"],"picked":"champ:Duel","floor":9}],"player_experience":240908,"relics_obtained":[{"floor":7,"key":"halation:PromiseList"},{"floor":8,"key":"ReplayFunnel"}],"event_choices":[],"is_beta":false,"boss_relics":[],"items_purged_floors":[9],"is_endless":false,"potions_floor_spawned":[2,6,8],"killed_by":"Gremlin Nob","ascension_level":3}}