{"host":"cr9rpoy6dx9riis3","time":1613938353,"event":{"mods":["AchievementEnabler","BaseMod","Better Altar","Better Note","Better Sensory Stone","Better Skull","Better Third Choice","Better-Laid Plans","BetterRewards","Block Reminder","Curses Come First","Displayed Cursed Tome","Emptier Cage","Marked Mod","Minty Spire (QoL Compilation)","Permanent Neow","Relic Sorter","StSLib","The Blue Laboratory","Transform Curses"],"gold_per_floor":[117,135,85,104,104,104,130,130,153,170,18,32,50,50,50,50,50],"floor_reached":16,"language":"ENG","playtime":663,"items_purged":["Defend_G"],"score":190,"play_id":"dfd9eb17-beed-4f94-96fd-df4dafb8e53e","local_time":"20210221211233","is_ascension_mode":true,"campfire_choices":[{"data":"Sucker Punch","floor":6,"key":"SMITH"},{"floor":8,"key":"REST"},{"floor":15,"key":"REST"}],"circlet_count":0,"master_deck":["Strike_G","Strike_G","Strike_G","Strike_G","Defend_G+1","Defend_G","Defend_G+1","Defend_G","Survivor","Neutralize","Heel Hook","Sucker Punch+1","Crippling Poison","Backflip","Crippling Poison","Noxious Fumes","Bane","Backflip"],"relics":["Ring of the Snake","Dream Catcher"],"acts_visited":["Exordium"],"potions_floor_usage":[7,7,12,13],"damage_taken":[{"damage":1,"enemies":"Jaw Worm","floor":1,"turns":3},{"damage":13,"enemies":"Small Slimes","floor":2,"turns":4},{"damage":0,"enemies":"Cultist","floor":4,"turns":4},{"damage":32,"enemies":"Lagavulin","floor":7,"turns":10},{"damage":6,"enemies":"Gremlin Gang","floor":10,"turns":5},{"damage":0,"enemies":"Exordium Thugs","floor":12,"turns":4},{"damage":0,"enemies":"3 Louse","floor":13,"turns":3},{"damage":43,"enemies":"Slime Boss","floor":16,"turns":10}],"seed_played":"-1626965035812612775","potions_obtained":[{"floor":2,"key":"ColorlessPotion"},{"floor":7,"key":"blueLaboratory:HummingbirdPotion"},{"floor":10,"key":"ColorlessPotion"}],"is_trial":false,"path_per_floor":["M","M","?","M","?","R","E","R","T","M","$","M","M","$","R","B"],"character_chosen":"THE_SILENT","items_purchased":["Heel Hook","blueLaboratory:Moonshine","Crippling Poison","Noxious Fumes","Bane"],"campfire_rested":2,"item_purchase_floors":[0,0,11,11,11],"current_hp_per_floor":[65,52,52,52,38,38,6,27,27,21,21,21,21,21,42,0,0],"gold":50,"neow_bonus":"","is_daily":false,"chose_seed":false,"campfire_upgraded":1,"win_rate":0.0,"timestamp":1613938353,"path_taken":["M","M","?","M","?","R","E","R","T","M","$","M","M","?","R","BOSS"],"items_purchased_type":["Card","Potion","Card","Card","Card"],"build_version":"2020-12-22","purchased_purges":1,"victory":false,"max_hp_per_floor":[70,70,70,70,70,70,70,70,70,70,70,70,70,70,70,70,70],"card_choices":[{"not_picked":["Backflip","Dagger Throw"],"picked":"Sucker Punch","floor":1},{"not_picked":["Acrobatics","Bane"],"picked":"Crippling Poison","floor":2},{"not_picked":["Dagger Spray","Cloak And Dagger","Dash"],"picked":"SKIP","floor":4},{"not_picked":["Dagger Spray","Caltrops","Concentrate"],"picked":"SKIP","floor":7},{"not_picked":["Poisoned Stab","Underhanded Strike"],"picked":"Backflip","floor":8},{"not_picked":["Backstab","Blade Dance","Flying Knee"],"picked":"SKIP","floor":10},{"not_picked":["Dodge and Roll","Deadly Poison","Quick Slash"],"picked":"SKIP","floor":12},{"not_picked":["Riddle With Holes","Choke","Bouncing Flask"],"picked":"SKIP","floor":13},{"not_picked":["Acrobatics","Deadly Poison"],"picked":"Backflip","floor":15}],"player_experience":771241,"relics_obtained":[{"floor":7,"key":"Dream Catcher"}],"event_choices":[{"cards_removed":["Strike_G"],"damage_healed":0,"gold_gain":0,"player_choice":"Card Removal","damage_taken":0,"max_hp_gain":0,"max_hp_loss":0,"event_name":"The Cleric","floor":3,"gold_loss":50},{"damage_healed":52,"gold_gain":0,"player_choice":"Upgrade","damage_taken":14,"max_hp_gain":0,"max_hp_loss":70,"event_name":"betterThird:BetterShining","floor":5,"gold_loss":0,"cards_upgraded":["Defend_G","Defend_G"]}],"is_beta":false,"boss_relics":[],"items_purged_floors":[0],"is_endless":false,"potions_floor_spawned":[2,7,10],"killed_by":"Slime Boss","ascension_level":5}}