{"host":"7cp3z5w0tcrrm8ys","time":1613873541,"event":{"mods":["AchievementEnabler","BaseMod","DeckTracker","Minty Spire (QoL Compilation)","StSLib","SuperFastMode"],"gold_per_floor":[116,128,139,139,50,50,85,85,85,10,24,24,34,49,49,49,49],"floor_reached":16,"language":"KOR","playtime":361,"items_purged":[],"score":204,"play_id":"944e7e47-b912-40cf-9153-74aee16493d1","local_time":"20210221111221","is_ascension_mode":true,"campfire_choices":[{"data":"Infernal Blade","floor":6,"key":"SMITH"},{"data":"Shockwave","floor":8,"key":"SMITH"},{"data":"Dark Embrace","floor":15,"key":"SMITH"}],"circlet_count":0,"master_deck":["AscendersBane","Strike_R","Strike_R","Strike_R","Strike_R","Defend_R","Defend_R","Defend_R","Defend_R","Bash","Anger","Shockwave+1","Pommel Strike","Infernal Blade+1","Sever Soul","Power Through","Dark Embrace+1"],"relics":["Burning Blood","Mercury Hourglass","Darkstone Periapt"],"acts_visited":[],"potions_floor_usage":[7,7,16],"damage_taken":[{"damage":19,"enemies":"Jaw Worm","floor":1,"turns":4},{"damage":0,"enemies":"Cultist","floor":2,"turns":3},{"damage":4,"enemies":"2 Louse","floor":3,"turns":4},{"damage":5,"enemies":"3 Sentries","floor":7,"turns":2},{"damage":1,"enemies":"2 Fungi Beasts","floor":11,"turns":3},{"damage":1,"enemies":"Red Slaver","floor":13,"turns":4},{"damage":3,"enemies":"Lots of Slimes","floor":14,"turns":3},{"damage":77,"enemies":"Hexaghost","floor":16,"turns":9}],"seed_played":"1108632303894777037","potions_obtained":[{"floor":1,"key":"AttackPotion"},{"floor":2,"key":"EssenceOfSteel"},{"floor":4,"key":"SteroidPotion"},{"floor":13,"key":"Swift Potion"}],"is_trial":false,"path_per_floor":["M","M","M","?","$","R","E","R","T","?","M","$","M","M","R","B"],"character_chosen":"IRONCLAD","items_purchased":["Infernal Blade"],"campfire_rested":0,"item_purchase_floors":[5],"current_hp_per_floor":[55,61,63,63,63,63,64,64,64,64,69,69,74,75,75,0,0],"gold":49,"neow_bonus":"THREE_CARDS","is_daily":false,"chose_seed":false,"campfire_upgraded":3,"win_rate":0.0,"timestamp":1613873541,"path_taken":["M","M","M","?","?","R","E","R","T","?","M","$","M","M","R","BOSS"],"items_purchased_type":["Card"],"build_version":"2020-12-22","purchased_purges":0,"victory":false,"max_hp_per_floor":[75,75,75,75,75,75,75,75,75,75,75,75,75,75,75,75,75],"card_choices":[{"not_picked":["Whirlwind","Clash"],"picked":"Anger","floor":0},{"not_picked":["Rampage","Body Slam"],"picked":"Shockwave","floor":1},{"not_picked":["Clash","Heavy Blade","Burning Pact"],"picked":"SKIP","floor":2},{"not_picked":["Whirlwind","Feel No Pain"],"picked":"Pommel Strike","floor":3},{"not_picked":["Barricade","Twin Strike"],"picked":"Sever Soul","floor":7},{"not_picked":["Cleave","Thunderclap"],"picked":"Power Through","floor":11},{"not_picked":["Whirlwind","Clothesline","Iron Wave"],"picked":"SKIP","floor":13},{"not_picked":["True Grit","Corruption"],"picked":"Dark Embrace","floor":14}],"player_experience":831579,"relics_obtained":[{"floor":7,"key":"Mercury Hourglass"},{"floor":9,"key":"Darkstone Periapt"}],"event_choices":[{"damage_healed":0,"gold_gain":0,"player_choice":"Got Potions","damage_taken":0,"max_hp_gain":0,"max_hp_loss":0,"event_name":"Lab","floor":4,"gold_loss":0},{"cards_removed":["Strike_R"],"damage_healed":0,"gold_gain":0,"player_choice":"Card Removal","damage_taken":0,"max_hp_gain":0,"max_hp_loss":0,"event_name":"The Cleric","floor":10,"gold_loss":75}],"is_beta":false,"boss_relics":[],"items_purged_floors":[],"is_endless":false,"potions_floor_spawned":[1,2,13],"killed_by":"Hexaghost","ascension_level":20}}