{"host":"lly094a91h6n5nv5","time":1613884693,"event":{"mods":["AchievementEnabler","BaseMod","Block Reminder","Colored Map","Minty Spire (QoL Compilation)","Permanent Neow"],"gold_per_floor":[213,225,34,48,64,64,64,82,106,133,159,171,183,229,241,328,340,368,391,420,443,469,481,481],"floor_reached":23,"language":"ENG","playtime":1671,"items_purged":[],"score":381,"play_id":"56402892-fc02-4cad-bf2f-79b646468741","local_time":"20210220231813","is_ascension_mode":true,"campfire_choices":[{"data":"Apotheosis","floor":6,"key":"SMITH"},{"floor":15,"key":"REST"}],"circlet_count":0,"master_deck":["AscendersBane","Strike_G","Strike_G","Strike_G","Strike_G","Strike_G","Defend_G","Defend_G","Defend_G","Defend_G","Survivor","Neutralize","Venomology+1","Apotheosis+1","Backflip","Deadly Poison","Well Laid Plans","Bullet Time","Corpse Explosion","Catalyst","Calculated Gamble"],"relics":["Ring of the Snake","MawBank","Oddly Smooth Stone","Cursed Key"],"acts_visited":["Exordium","TheCity"],"potions_floor_usage":[5,8,10,10,11,14,14,16,18,19,20,21,22,23,23,23],"damage_taken":[{"damage":1,"enemies":"Jaw Worm","floor":1,"turns":5},{"damage":0,"enemies":"2 Louse","floor":2,"turns":5},{"damage":0,"enemies":"Cultist","floor":4,"turns":4},{"damage":0,"enemies":"Exordium Wildlife","floor":5,"turns":3},{"damage":0,"enemies":"3 Louse","floor":8,"turns":5},{"damage":20,"enemies":"Gremlin Gang","floor":10,"turns":7},{"damage":3,"enemies":"Looter","floor":11,"turns":4},{"damage":7,"enemies":"Gremlin Nob","floor":14,"turns":4},{"damage":9,"enemies":"The Guardian","floor":16,"turns":10},{"damage":18,"enemies":"3 Byrds","floor":18,"turns":3},{"damage":0,"enemies":"Chosen","floor":19,"turns":6},{"damage":24,"enemies":"Shelled Parasite and Fungi","floor":20,"turns":7},{"damage":0,"enemies":"Snecko","floor":21,"turns":5},{"damage":5,"enemies":"Centurion and Healer","floor":22,"turns":5},{"damage":16,"enemies":"Slavers","floor":23,"turns":2}],"seed_played":"-9159102298418498752","potions_obtained":[{"floor":1,"key":"Swift Potion"},{"floor":14,"key":"FearPotion"},{"floor":21,"key":"Dexterity Potion"}],"is_trial":false,"path_per_floor":["M","M","$","M","M","R","?","M","T","M","M","?","?","E","R","B",null,"M","M","M","M","M","E"],"character_chosen":"THE_SILENT","items_purchased":["Apotheosis"],"campfire_rested":1,"item_purchase_floors":[3],"current_hp_per_floor":[58,58,58,58,58,58,51,51,51,31,28,28,28,21,40,31,57,39,39,15,15,10,0,0],"gold":481,"neow_bonus":"HUNDRED_GOLD","is_daily":false,"chose_seed":false,"campfire_upgraded":1,"win_rate":0.0,"timestamp":1613884693,"path_taken":["M","M","$","M","M","R","?","M","T","M","M","?","?","E","R","BOSS","M","M","M","M","M","E"],"items_purchased_type":["Card"],"build_version":"2020-12-22","purchased_purges":0,"victory":false,"max_hp_per_floor":[66,66,66,66,66,66,66,66,66,66,66,66,66,66,66,66,66,66,66,66,66,66,66,66],"card_choices":[{"not_picked":["Bane","Quick Slash","Deflect"],"picked":"SKIP","floor":1},{"not_picked":["Dodge and Roll","Quick Slash"],"picked":"Venomology","floor":2},{"not_picked":["Outmaneuver","Acrobatics"],"picked":"Backflip","floor":4},{"not_picked":["Deflect","Sucker Punch"],"picked":"Deadly Poison","floor":5},{"not_picked":["Cloak And Dagger","Dodge and Roll"],"picked":"Well Laid Plans","floor":8},{"not_picked":["Blade Dance","Endless Agony","Cloak And Dagger"],"picked":"SKIP","floor":10},{"not_picked":["Cloak And Dagger","Infinite Blades","Distraction"],"picked":"SKIP","floor":11},{"not_picked":["Flechettes","Skewer"],"picked":"Bullet Time","floor":14},{"not_picked":["Tools of the Trade","Envenom"],"picked":"Corpse Explosion","floor":16},{"not_picked":["Dodge and Roll","Slice+1","Prepared+1"],"picked":"SKIP","floor":18},{"not_picked":["Poisoned Stab","Doppelganger"],"picked":"Catalyst","floor":19},{"not_picked":["Choke","Sucker Punch"],"picked":"Calculated Gamble","floor":20},{"not_picked":["Flying Knee","Poisoned Stab","Dodge and Roll"],"picked":"SKIP","floor":21},{"not_picked":["Eviscerate","Prepared","Cloak And Dagger"],"picked":"SKIP","floor":22}],"player_experience":273859,"relics_obtained":[{"floor":9,"key":"MawBank"},{"floor":14,"key":"Oddly Smooth Stone"}],"event_choices":[{"cards_removed":["Defend_G"],"damage_healed":0,"gold_gain":0,"player_choice":"Card Removal","damage_taken":7,"max_hp_gain":0,"max_hp_loss":0,"event_name":"Golden Wing","floor":7,"gold_loss":0},{"damage_healed":0,"gold_gain":0,"player_choice":"Ignored","damage_taken":0,"max_hp_gain":0,"max_hp_loss":0,"event_name":"Liars Game","floor":12,"gold_loss":0},{"damage_healed":0,"gold_gain":0,"player_choice":"Forge","damage_taken":0,"max_hp_gain":0,"max_hp_loss":0,"event_name":"Accursed Blacksmith","floor":13,"gold_loss":0,"cards_upgraded":["Venomology"]}],"is_beta":false,"boss_relics":[{"not_picked":["WristBlade","HoveringKite"],"picked":"Cursed Key"}],"items_purged_floors":[],"is_endless":false,"potions_floor_spawned":[1,8,11,14,16,20,21],"killed_by":"Slavers","ascension_level":14}}