{"host":"i9o3eksapkmftcbs","time":1613939003,"event":{"mods":["2.2 Compatiblity","AchievementEnabler","Act Like it!","Arknights","Bard","BaseMod","BetterRewards","Colored Map","Colored Powertips","Conspire","Duelist Mod","Halation","Hubris","Infinite Spire","Lobotomy","Minty Spire (QoL Compilation)","Rare Cards Sparkle","Reliquary","Robot Space Explorer","StSLib","The Blackbeard","The Clintock","The Disciple","The Dragon Tamer","The Mystic","Transform Curses"],"gold_per_floor":[364,2,17,37,37,67,67,78,78,78,48,65,65,65,65,162,162,180,180,230,247,247,247,281,281,281],"floor_reached":25,"language":"ENG","playtime":2354,"items_purged":["theDuelist:VampireCurse"],"score":269,"play_id":"aee9d5ee-ecda-4075-994d-c01dfda1b821","local_time":"20210221142323","is_ascension_mode":false,"campfire_choices":[{"floor":13.0,"key":"REST"},{"floor":15.0,"key":"RECALL"},{"floor":23.0,"key":"REST"}],"circlet_count":0,"master_deck":["conspire:GhostlyStrike","conspire:GhostlyStrike","conspire:GhostlyStrike","conspire:GhostlyStrike","conspire:GhostlyDefend","conspire:GhostlyDefend","conspire:GhostlyDefend","conspire:GhostlyDefend","mysticmod:ArcaneDodge","mysticmod:ShockingGrasp","mysticmod:TomeOfSpells","mysticmod:Dedication","mysticmod:Sideswipe","mysticmod:TomeOfSpells","mysticmod:FiveFootStep","mysticmod:HunkerDown","mysticmod:StyleChange","mysticmod:PureInstinct","mysticmod:EbbAndFlow","mysticmod:GeminiForm","mysticmod:Feint+1","mysticmod:TomeOfSpells+1","mysticmod:Alacrity+1"],"relics":["RobotSpaceExplorer:RoboCore","hubris:FoxTail","infinitespire:Cubic Diamond","hubris:TinFlute","reliquary:ExpiredCoupon","hubris:TenFootPole","hubris:Backtick","Dead Branch","Nilry\u0027s Codex","Molten Egg 2"],"acts_visited":["Exordium","TheCity"],"potions_floor_usage":[],"damage_taken":[{"damage":0.0,"enemies":"Small Slimes","floor":1.0,"turns":3.0},{"damage":0.0,"enemies":"2 Louse","floor":3.0,"turns":2.0},{"damage":0.0,"enemies":"Cultist","floor":4.0,"turns":3.0},{"damage":33.0,"enemies":"3 Sentries","floor":6.0,"turns":15.0},{"damage":8.0,"enemies":"Exordium Thugs","floor":8.0,"turns":6.0},{"damage":0.0,"enemies":"Large Slime","floor":12.0,"turns":6.0},{"damage":26.0,"enemies":"Hexaghost","floor":16.0,"turns":8.0},{"damage":18.0,"enemies":"Shell Parasite","floor":18.0,"turns":5.0},{"damage":13.0,"enemies":"Chosen","floor":21.0,"turns":6.0},{"damage":48.0,"enemies":"Nightmare","floor":24.0,"turns":13.0},{"damage":17,"enemies":"Snake Plant","floor":25,"turns":2}],"seed_played":"2933026369663319373","potions_obtained":[{"floor":1.0,"key":"LiquidMemories"},{"floor":4.0,"key":"Block Potion"},{"floor":6.0,"key":"BlessingOfTheForge"},{"floor":8.0,"key":"LiquidMemories"},{"floor":11.0,"key":"conspire:TimeTravelPotion"},{"floor":11.0,"key":"CultistPotion"},{"floor":12.0,"key":"EssenceOfSteel"},{"floor":18.0,"key":"EssenceOfSteel"}],"is_trial":false,"path_per_floor":["M","$","M","M","?","E","?","M","T","T","?","M","R","?","R","B",null,"M","?","?","M","?","R","NM","M"],"character_chosen":"MYSTIC_CLASS","items_purchased":["hubris:FoxTail","mysticmod:Dedication","mysticmod:Sideswipe","mysticmod:TomeOfSpells"],"campfire_rested":2,"item_purchase_floors":[2,2,2,2],"current_hp_per_floor":[77,77,77,77,77,44,44,36,36,36,36,36,59,59,59,48,77,59,52,52,39,39,62,14,0,0],"gold":281,"neow_bonus":"TWO_FIFTY_GOLD","is_daily":false,"chose_seed":false,"campfire_upgraded":0,"win_rate":0.0,"timestamp":1613939003,"path_taken":["M","$","M","M","?","E","?","?","T","?","?","?","R","?","R","BOSS","M","?","?","?","?","R","NM","M"],"items_purchased_type":["Relic","Card","Card","Card"],"build_version":"2020-12-22","purchased_purges":1,"victory":false,"max_hp_per_floor":[77,77,77,77,77,77,77,77,77,77,77,77,77,77,77,77,77,77,77,77,77,77,77,77,77,77],"card_choices":[{"not_picked":["mysticmod:ChargedParry","mysticmod:Sideswipe"],"picked":"mysticmod:TomeOfSpells","floor":1.0},{"not_picked":["mysticmod:DiviningBlow","mysticmod:MirrorStrike"],"picked":"mysticmod:FiveFootStep","floor":3.0},{"not_picked":["mysticmod:PowerAttack","mysticmod:PowerSlash"],"picked":"mysticmod:HunkerDown","floor":4.0},{"not_picked":["mysticmod:DiviningBlow","mysticmod:EnergizedRift"],"picked":"mysticmod:StyleChange","floor":6.0},{"not_picked":["mysticmod:BladedDash","mysticmod:PowerSlash"],"picked":"mysticmod:PureInstinct","floor":8.0},{"not_picked":["mysticmod:TomeOfSpells","mysticmod:BulkUp"],"picked":"mysticmod:EbbAndFlow","floor":12.0},{"not_picked":["mysticmod:Spellstrike","mysticmod:ObscuringMist"],"picked":"mysticmod:GeminiForm","floor":16.0},{"not_picked":["mysticmod:BulkUp","mysticmod:DiviningBlow+1"],"picked":"mysticmod:Feint+1","floor":18.0},{"not_picked":["mysticmod:PowerSlash+1","mysticmod:EnergizedRift+1"],"picked":"mysticmod:TomeOfSpells+1","floor":21.0},{"not_picked":["mysticmod:PowerSlash+1","mysticmod:Snowball+1"],"picked":"mysticmod:Alacrity+1","floor":24.0}],"player_experience":466407,"relics_obtained":[{"floor":6.0,"key":"hubris:TinFlute"},{"floor":9.0,"key":"hubris:TenFootPole"},{"floor":19.0,"key":"Nilry\u0027s Codex"},{"floor":24.0,"key":"Molten Egg 2"}],"event_choices":[{"damage_healed":0.0,"max_hp_gain":0.0,"max_hp_loss":0.0,"gold_gain":0.0,"event_name":"WeMeetAgain","player_choice":"Gave Potion","floor":7.0,"gold_loss":0.0,"damage_taken":0.0,"relics_obtained":["reliquary:ExpiredCoupon"]},{"damage_healed":0.0,"max_hp_gain":0.0,"max_hp_loss":0.0,"gold_gain":0.0,"event_name":"The Woman in Blue","player_choice":"Bought 2 Potions","floor":11.0,"gold_loss":0.0,"damage_taken":0.0},{"damage_healed":0.0,"max_hp_gain":0.0,"max_hp_loss":0.0,"gold_gain":0.0,"event_name":"conspire:LoneGhost","player_choice":"Agree","floor":14.0,"gold_loss":0.0,"damage_taken":0.0},{"damage_healed":0.0,"max_hp_gain":0.0,"max_hp_loss":0.0,"gold_gain":0.0,"event_name":"Cursed Tome","player_choice":"Obtained Book","floor":19.0,"gold_loss":0.0,"damage_taken":16.0},{"damage_healed":0.0,"max_hp_gain":0.0,"max_hp_loss":0.0,"gold_gain":100.0,"event_name":"The Joust","player_choice":"Bet on Murderer","floor":20.0,"gold_loss":50.0,"damage_taken":0.0}],"is_beta":false,"boss_relics":[{"not_picked":["reliquary:RedCape","halation:PinkAlligatorPlush"],"picked":"hubris:Backtick"}],"items_purged_floors":[2],"is_endless":true,"potions_floor_spawned":[1,4,6,8,12,18],"killed_by":"Snake Plant","ascension_level":0}}