{"host":"tnuwi4l1p9i8nc6x","time":1613883339,"event":{"mods":["Act Like it!","BaseMod","BetterRewards","Colored Map","Colored Powertips","Downfall","Friendly Minions","Hermit","Hubris","Infinite Spire","Jorbs\u0027s Wanderer Trilogy","Marisa????????","Minty Spire (QoL Compilation)","Permanent Neow","Remilia??????","Replay The Spire","Shop Mod","StSLib","The Bug Knight","The Construct","The Cursed","The Disciple","The Hierophant","The Jungle","The Necromancer","The Runesmith","The Senshi","The Servant 0.9.4"],"gold_per_floor":[112,112,37,37,50,50,85,102,129,164,180,190,190,209,209,305,305,323,323,354,354,100,134,134,134,203,215,249,266,266,181,181,281,281,291,304,243,243,243,243,263,279,304,304,334,334,350,370,370,370],"floor_reached":51,"language":"ENG","playtime":5248,"items_purged":[],"score":925,"play_id":"4bfcd11a-ba29-402b-9f36-d7790caeeec7","local_time":"20210220235539","is_ascension_mode":false,"campfire_choices":[{"data":"Summon_Undead_Army","floor":6,"key":"SMITH"},{"data":"Summon_Undead_Army","floor":13,"key":"SMITH"},{"data":"Death_March_Dance","floor":24,"key":"SMITH"},{"data":"Bone_Shift","floor":30,"key":"SMITH"},{"data":"Iron Wave","floor":40,"key":"SMITH"},{"data":"Detonate_Bones","floor":49,"key":"SMITH"}],"circlet_count":0,"master_deck":["Strike_W+1","Strike_W+1","Strike_W+1","Strike_W+1","Defend_W+1","Defend_W+1","Defend_W+1","Defend_W+1","Bone_Wall","Death_March_Dance+1","Summon_Undead_Army+1","Toxic_Smoke_Screen","Flesh_Made_Foul","Summon_Undead_Army+1","Shade_Step+1","Spectral_Armor","Skeleton_Dragon","Scare","Bone_Shift+1","Summon_Lich","Bone_Shift+1","Bone_Armor+1","Summon_Undead_Army+1","Bone_Armory+1","Death_Coil+1","Detonate_Bones+1","Finger_Of_Death+1","Toxic_Smoke_Screen+1","hubris:Insight","Iron Wave+1","infinitespire:Oblivion","Bone_Armor+1","Corrupt+1","Necrotic_Claws","Life_Tap+1"],"relics":["Anchor","Turnip","Runesmith:AutoHammer","hubris:64BitClover","Coffee Dripper","hubris:BottledHeart","Red Mask","Replay:Ringing Soul","FaceOfCleric","Singing Bowl","Blue Doll","Blue Candle","MerchantsRug","ReplayTheSpireMod:EnergyBall","Replay:Rubber Ducky","hubris:Towel","HollowMod:LifeEnderRelic","Mango"],"acts_visited":["Exordium","TheCity","TheBeyond"],"potions_floor_usage":[7,16,16,23,23,36,41,42,50,50],"damage_taken":[{"damage":0,"enemies":"Small Slimes","floor":1,"turns":4},{"damage":2,"enemies":"2 Louse","floor":5,"turns":4},{"damage":5,"enemies":"Gremlin Nob","floor":7,"turns":3},{"damage":4,"enemies":"Cultist","floor":8,"turns":4},{"damage":2,"enemies":"HollowMod:MossKnight","floor":10,"turns":9},{"damage":13,"enemies":"Exordium Thugs","floor":11,"turns":4},{"damage":9,"enemies":"Large Slime","floor":12,"turns":6},{"damage":6,"enemies":"2 Fungi Beasts","floor":14,"turns":3},{"damage":24,"enemies":"Slime Boss","floor":16,"turns":7},{"damage":4,"enemies":"Chosen","floor":18,"turns":3},{"damage":0,"enemies":"Masked Bandits","floor":20,"turns":4},{"damage":0,"enemies":"Replay:Snechameleon","floor":23,"turns":5},{"damage":0,"enemies":"3 Byrds","floor":27,"turns":3},{"damage":0,"enemies":"HollowMod:Nosk","floor":28,"turns":6},{"damage":0,"enemies":"Snecko","floor":29,"turns":4},{"damage":0,"enemies":"hubris:MusketHawk","floor":33,"turns":9},{"damage":0,"enemies":"3 Darklings","floor":35,"turns":5},{"damage":0,"enemies":"Orb Walker","floor":36,"turns":3},{"damage":0,"enemies":"Spire Growth","floor":41,"turns":5},{"damage":0,"enemies":"3 Darklings","floor":42,"turns":6},{"damage":0,"enemies":"Nemesis","floor":45,"turns":6},{"damage":0,"enemies":"Maw","floor":47,"turns":8},{"damage":0,"enemies":"Spire Growth","floor":48,"turns":6},{"damage":0,"enemies":"Awakened One","floor":50,"turns":11}],"seed_played":"7166448415105856256","potions_obtained":[{"floor":1,"key":"DistilledChaos"},{"floor":11,"key":"ColorlessPotion"},{"floor":12,"key":"SteroidPotion"},{"floor":14,"key":"BlessingOfTheForge"},{"floor":18,"key":"Dexterity Potion"},{"floor":27,"key":"Guardian:BlockOnCardUsePotion"},{"floor":29,"key":"Ancient Potion"},{"floor":33,"key":"hexamod:SoulburnPotion"},{"floor":36,"key":"construct:ShiftPotion"},{"floor":42,"key":"LiquidMemories"},{"floor":47,"key":"Dexterity Potion"}],"is_trial":false,"path_per_floor":["M","?","$","?","M","R","E","M","T","E","M","M","R","M","R_BF","B",null,"M","?","?","?","$","E","R","?","T","M","E","M","R","?","R_BF","B",null,"M","M","$","?","AVR","R","M","M","T","?","E","?","M","M","R_BF","B",null],"character_chosen":"NECROMANCER","items_purchased":["Summon_Undead_Army","Summon_Lich","Lee\u0027s Waffle","Bone_Shift+1","MerchantsRug","hubris:Insight","Energy Potion"],"campfire_rested":0,"item_purchase_floors":[3,22,22,22,37,37,37],"current_hp_per_floor":[75,75,75,75,75,75,72,70,70,74,64,59,59,57,75,59,75,73,1,1,1,1,1,1,1,1,1,1,1,1,1,1,1,1,1,1,1,1,1,1,1,1,1,1,1,1,1,1,1,1],"gold":370,"neow_bonus":"RANDOM_COLORLESS","is_daily":false,"chose_seed":false,"campfire_upgraded":6,"win_rate":0.0,"timestamp":1613883339,"path_taken":["M","?","$","?","M","R","E","M","T","E","?","M","R","M","R_BF","BOSS","M","?","?","?","$","E","R","?","T","?","E","M","R","?","R_BF","BOSS","M","M","$","?","AVR","R","M","?","T","?","E","?","?","M","R_BF","BOSS"],"items_purchased_type":["Card","Card","Relic","Card","Relic","Card","Potion"],"build_version":"2020-12-22","purchased_purges":0,"victory":true,"max_hp_per_floor":[75,75,75,75,75,75,75,75,75,75,75,75,75,75,75,75,75,75,1,1,1,1,1,1,1,1,1,1,1,1,1,1,1,1,1,1,1,1,1,1,1,1,1,1,1,1,1,1,1,1],"card_choices":[{"not_picked":["Dark Shackles","Replay:Parry"],"picked":"ReplayTheSpireMod:Uncanny Aura","floor":0},{"not_picked":["Negative_Energy_Javelin","Blood_Whip"],"picked":"Death_March_Dance","floor":1},{"not_picked":["Bone_Spikes","Cloudkill"],"picked":"Toxic_Smoke_Screen","floor":5},{"not_picked":["Death_March_Dance","Strike_from_Beyond"],"picked":"Flesh_Made_Foul","floor":7},{"not_picked":["Chill_Blood","Bone_Armor"],"picked":"Blood_Curse","floor":8},{"not_picked":["Consume_Illness","Bones_to_Steel"],"picked":"Blood_Whip","floor":10},{"not_picked":["Bones_to_Steel","Bone_Spikes"],"picked":"Summon_Undead_Army","floor":11},{"not_picked":["Bones_to_Steel","Negative_Energy_Mist"],"picked":"Shade_Step","floor":12},{"not_picked":["Deaths_Shadow","Toxic_Smoke_Screen"],"picked":"Spectral_Armor","floor":14},{"not_picked":["Grasp_Heart","Negative_Energy_Bomb"],"picked":"Skeleton_Dragon","floor":16},{"not_picked":["Negative_Energy_Javelin","Stop_Heart+1"],"picked":"Scare","floor":18},{"not_picked":["Consume_Illness","Death_March_Dance+1"],"picked":"Bone_Shift","floor":20},{"not_picked":["Blood_for_Blood","Thousand_Bone_Knives+1"],"picked":"Bone_Armor+1","floor":23},{"not_picked":["Blood_Shield","Negative_Energy_Mist"],"picked":"Summon_Undead_Army+1","floor":27},{"not_picked":["Bone_Bullets+1","Blood_Magic"],"picked":"Bone_Armory+1","floor":28},{"not_picked":["Consume_Illness+1","Life_Drain+1"],"picked":"Death_Coil+1","floor":29},{"not_picked":["Skeleton_Dragon","Blood_Magic"],"picked":"Detonate_Bones","floor":33},{"not_picked":["Blood_Shield","Epidemic+1"],"picked":"Finger_Of_Death+1","floor":35},{"not_picked":["Blood_Curse","Blood_Shield+1"],"picked":"Toxic_Smoke_Screen+1","floor":36},{"not_picked":["Necrotic_Claws","Negative_Energy_Mist"],"picked":"Bone_Armor+1","floor":41},{"not_picked":["Scare+1","Consume_Illness"],"picked":"Corrupt+1","floor":42},{"not_picked":["Life_Drain+1","Shackles_Of_Pain+1","Bones_to_Steel"],"picked":"Singing Bowl","floor":45},{"not_picked":["Exploit","Bone_Armor"],"picked":"Life_Tap+1","floor":47},{"not_picked":["Shackles_Of_Pain+1","Corrupt","Chill_Blood"],"picked":"Singing Bowl","floor":48}],"player_experience":673805,"relics_obtained":[{"floor":2,"key":"Anchor"},{"floor":7,"key":"Turnip"},{"floor":9,"key":"Runesmith:AutoHammer"},{"floor":10,"key":"hubris:64BitClover"},{"floor":20,"key":"Red Mask"},{"floor":23,"key":"Replay:Ringing Soul"},{"floor":26,"key":"Singing Bowl"},{"floor":28,"key":"Regal Pillow"},{"floor":29,"key":"Blue Doll"},{"floor":43,"key":"Replay:Rubber Ducky"},{"floor":45,"key":"HollowMod:LifeEnderRelic"},{"floor":48,"key":"Mango"}],"event_choices":[{"cards_removed":["ReplayTheSpireMod:Uncanny Aura"],"damage_healed":0,"gold_gain":0,"player_choice":"Offered Uncommon","damage_taken":0,"max_hp_gain":0,"max_hp_loss":0,"event_name":"Bonfire Elementals","floor":4,"gold_loss":0},{"damage_healed":0,"gold_gain":0,"player_choice":"Fought Bandits","damage_taken":0,"max_hp_gain":0,"max_hp_loss":0,"event_name":"Masked Bandits","floor":20,"gold_loss":0},{"damage_healed":0,"gold_gain":0,"player_choice":"Simplicity","damage_taken":0,"max_hp_gain":0,"max_hp_loss":0,"event_name":"Back to Basics","floor":21,"gold_loss":0,"cards_upgraded":["Strike_W","Strike_W","Strike_W","Strike_W","Defend_W","Defend_W","Defend_W","Defend_W"]},{"damage_healed":0,"gold_gain":0,"player_choice":"Trade","damage_taken":0,"relics_obtained":["FaceOfCleric"],"max_hp_gain":0,"max_hp_loss":0,"event_name":"FaceTrader","floor":25,"gold_loss":0},{"damage_healed":0,"gold_gain":0,"player_choice":"Obtained Relic","damage_taken":0,"relics_obtained":["Blue Candle"],"max_hp_gain":0,"max_hp_loss":0,"event_name":"Addict","floor":31,"gold_loss":85},{"cards_removed":["Blood_Curse"],"damage_healed":0,"gold_gain":0,"player_choice":"Took Card","damage_taken":0,"max_hp_gain":0,"max_hp_loss":0,"event_name":"NoteForYourself","floor":38,"gold_loss":0,"cards_obtained":["Iron Wave"]},{"damage_healed":0,"gold_gain":0,"player_choice":"1 cards matched","damage_taken":0,"max_hp_gain":0,"max_hp_loss":0,"event_name":"Match and Keep!","floor":46,"gold_loss":0,"cards_obtained":["Necrotic_Claws"]}],"is_beta":false,"boss_relics":[{"not_picked":["Fusion Hammer","Runic Pyramid"],"picked":"Coffee Dripper"},{"not_picked":["ReplayTheSpireMod:DimensionalGlitch","bronze:MakeshiftBattery"],"picked":"Empty Cage"}],"items_purged_floors":[],"is_endless":false,"potions_floor_spawned":[1,11,12,14,18,27,29,33,36,42,47],"ascension_level":0}}