{"host":"9oqmaaz8siap8kj6","time":1613921919,"event":{"mods":["BaseMod","Hermit","Marisa????????","Minty Spire (QoL Compilation)","Replay The Spire","StSLib","The Cursed"],"gold_per_floor":[109,109,120,140,158,192,203,220,220,220,220],"floor_reached":10,"language":"ENG","playtime":1276,"items_purged":[],"score":72,"play_id":"555b7d05-dc17-44eb-937b-4d350fc5f5f4","local_time":"20210221163839","is_ascension_mode":false,"campfire_choices":[],"circlet_count":0,"master_deck":["hermit:Strike_Hermit","hermit:Strike_Hermit","hermit:Strike_Hermit","hermit:Strike_Hermit","hermit:Defend_Hermit","hermit:Defend_Hermit","hermit:Defend_Hermit","hermit:Defend_Hermit","hermit:Snapshot","hermit:Covet","hermit:BigShot","hermit:HoleUp","hermit:BodyArmor","hermit:Dive","hermit:Reprieve","hermit:Vantage","hermit:PistolWhip"],"relics":["hermit:Momento","NeowsBlessing","ReplayTheSpireMod:Lightbulb","Meat on the Bone"],"acts_visited":["Exordium"],"potions_floor_usage":[6],"damage_taken":[{"damage":0,"enemies":"Jaw Worm","floor":1,"turns":1},{"damage":0,"enemies":"Cultist","floor":3,"turns":1},{"damage":0,"enemies":"Small Slimes","floor":4,"turns":2},{"damage":2,"enemies":"3 Louse","floor":5,"turns":5},{"damage":23,"enemies":"3 Sentries","floor":6,"turns":9},{"damage":1,"enemies":"Blue Slaver","floor":7,"turns":5},{"damage":4,"enemies":"Exordium Wildlife","floor":8,"turns":9},{"damage":80,"enemies":"Gremlin Nob","floor":10,"turns":5}],"seed_played":"-3753627749589651969","potions_obtained":[{"floor":2,"key":"Elixir"},{"floor":2,"key":"PowerPotion"},{"floor":2,"key":"SpeedPotion"},{"floor":6,"key":"Cursed Concoction"}],"is_trial":false,"path_per_floor":["M","?","M","M","M","E","M","M","T","E"],"character_chosen":"HERMIT","items_purchased":[],"campfire_rested":0,"item_purchase_floors":[],"current_hp_per_floor":[75,75,75,75,73,50,49,45,45,0,0],"gold":220,"neow_bonus":"THREE_ENEMY_KILL","is_daily":false,"chose_seed":false,"campfire_upgraded":0,"win_rate":0.0,"timestamp":1613921919,"path_taken":["M","?","M","M","?","E","M","?","T","E"],"items_purchased_type":[],"build_version":"2020-12-22","purchased_purges":0,"victory":false,"max_hp_per_floor":[75,75,75,75,75,75,75,75,75,75,75],"card_choices":[{"not_picked":["hermit:Roulette","hermit:Glare"],"picked":"hermit:BigShot","floor":1},{"not_picked":["hermit:HighCaliber","hermit:BodyArmor"],"picked":"hermit:HoleUp","floor":3},{"not_picked":["hermit:Coalescence","hermit:Horror"],"picked":"hermit:BodyArmor","floor":4},{"not_picked":["hermit:LowProfile","hermit:Snipe"],"picked":"hermit:Dive","floor":5},{"not_picked":["hermit:Showdown","hermit:Misfire"],"picked":"hermit:Reprieve","floor":6},{"not_picked":["hermit:Manifest","hermit:ItchyTrigger"],"picked":"hermit:Vantage","floor":7},{"not_picked":["hermit:Feint","hermit:Vantage"],"picked":"hermit:PistolWhip","floor":8}],"player_experience":220138,"relics_obtained":[{"floor":6,"key":"ReplayTheSpireMod:Lightbulb"},{"floor":9,"key":"Meat on the Bone"}],"event_choices":[{"damage_healed":0,"gold_gain":0,"player_choice":"Got Potions","damage_taken":0,"max_hp_gain":0,"max_hp_loss":0,"event_name":"Lab","floor":2,"gold_loss":0}],"is_beta":false,"boss_relics":[],"items_purged_floors":[],"is_endless":false,"potions_floor_spawned":[3,6,7,8],"killed_by":"Gremlin Nob","ascension_level":0}}