{"host":"08t08ld674si40tv","time":1613876031,"event":{"mods":["AchievementEnabler","BaseMod","Colored Map","Minty Spire (QoL Compilation)","StSLib","SuperFastMode"],"gold_per_floor":[117,132,151,76,76,101,1,1,28,28,46,46,46,65,65,65,65],"floor_reached":16,"language":"KOR","playtime":313,"items_purged":["Injury","Strike_G"],"score":200,"play_id":"c7075479-9452-4fea-91cf-b064da346d30","local_time":"20210221115351","is_ascension_mode":true,"campfire_choices":[{"floor":8,"key":"REST"},{"data":"Bouncing Flask","floor":13,"key":"SMITH"},{"floor":15,"key":"REST"}],"circlet_count":0,"master_deck":["AscendersBane","Strike_G","Strike_G","Strike_G","Defend_G","Defend_G","Defend_G","Defend_G","Defend_G","Survivor","Neutralize","Reflex","Footwork","Bouncing Flask+1","Deadly Poison","Finisher"],"relics":["Ring of the Snake","Girya","Boot","Anchor","Happy Flower"],"acts_visited":["Exordium"],"potions_floor_usage":[6,6],"damage_taken":[{"damage":12,"enemies":"Jaw Worm","floor":1,"turns":6},{"damage":6,"enemies":"2 Louse","floor":2,"turns":3},{"damage":0,"enemies":"Small Slimes","floor":3,"turns":5},{"damage":36,"enemies":"3 Sentries","floor":6,"turns":13},{"damage":1,"enemies":"Blue Slaver","floor":11,"turns":4},{"damage":5,"enemies":"Exordium Thugs","floor":14,"turns":4},{"damage":21,"enemies":"Slime Boss","floor":16,"turns":6}],"seed_played":"-6810019389119333568","potions_obtained":[{"floor":1,"key":"Block Potion"},{"floor":3,"key":"Energy Potion"},{"floor":6,"key":"GamblersBrew"},{"floor":14,"key":"Explosive Potion"}],"is_trial":false,"path_per_floor":["M","M","M","$","?","E","$","R","T","?","M","?","R","M","R","B"],"character_chosen":"THE_SILENT","items_purchased":[],"campfire_rested":2,"item_purchase_floors":[],"current_hp_per_floor":[47,41,41,41,41,5,5,24,24,13,12,12,12,7,26,5,5],"gold":65,"neow_bonus":"ONE_RARE_RELIC","is_daily":false,"chose_seed":false,"campfire_upgraded":1,"win_rate":0.0,"timestamp":1613876031,"path_taken":["M","M","M","$","?","E","$","R","T","?","M","?","R","M","R","BOSS"],"items_purchased_type":[],"build_version":"2020-12-22","purchased_purges":2,"victory":false,"max_hp_per_floor":[66,66,66,66,66,66,66,66,66,66,66,66,66,66,66,66,66],"card_choices":[{"not_picked":["Prepared","Quick Slash"],"picked":"Reflex","floor":1},{"not_picked":["Deflect","Well Laid Plans"],"picked":"Footwork","floor":2},{"not_picked":["Flechettes","Blur"],"picked":"Bouncing Flask","floor":3},{"not_picked":["Sucker Punch","Dodge and Roll"],"picked":"Deadly Poison","floor":6},{"not_picked":["Outmaneuver","Deadly Poison","Caltrops"],"picked":"SKIP","floor":11},{"not_picked":["PiercingWail","Slice","Cloak And Dagger"],"picked":"SKIP","floor":14}],"player_experience":312456,"relics_obtained":[{"floor":6,"key":"Boot"},{"floor":9,"key":"Anchor"}],"event_choices":[{"damage_healed":0,"gold_gain":0,"player_choice":"Ignored","damage_taken":0,"max_hp_gain":0,"max_hp_loss":0,"event_name":"Liars Game","floor":5,"gold_loss":0},{"damage_healed":0,"gold_gain":0,"player_choice":"Success","damage_taken":11,"relics_obtained":["Happy Flower"],"max_hp_gain":0,"max_hp_loss":0,"event_name":"Scrap Ooze","floor":10,"gold_loss":0},{"damage_healed":0,"gold_gain":0,"cards_transformed":["Strike_G"],"player_choice":"Change","damage_taken":0,"max_hp_gain":0,"max_hp_loss":0,"event_name":"Living Wall","floor":12,"gold_loss":0,"cards_obtained":["Finisher"]}],"is_beta":false,"boss_relics":[],"items_purged_floors":[4,7],"is_endless":false,"potions_floor_spawned":[1,3,6,14],"killed_by":"Slime Boss","ascension_level":20}}