{"host":"gobyjzz6xbwq9f9i","time":1613900446,"event":{"mods":["AchievementEnabler","BaseMod","Bestiary","Colored Map","Minty Spire (QoL Compilation)","Relic Stats","ojb\u0027s Info Mod"],"gold_per_floor":[18,36,36,186,29,60,60,73,150,168,168,194,194,229,229,318,318,368,381,381,296,316,316,357,371,395,395,395,433,108,108,108,234,234,252,127,172,218,269,269,602,602,902,912,943,943,974,999,999,999,999,999,137,168,168],"floor_reached":56,"language":"ENG","playtime":3240,"items_purged":["Doubt","Defend_P","Defend_P","Strike_P"],"score":2341,"play_id":"55913acc-dc3f-412f-8b1f-a69e9e04ce24","local_time":"20210221014046","is_ascension_mode":true,"campfire_choices":[{"data":"Apotheosis","floor":7,"key":"SMITH"},{"data":"SashWhip","floor":11,"key":"SMITH"},{"floor":15,"key":"REST"},{"data":"WaveOfTheHand","floor":23,"key":"SMITH"},{"data":"Consecrate","floor":27,"key":"SMITH"},{"floor":32,"key":"REST"},{"floor":42,"key":"REST"},{"floor":46,"key":"REST"},{"floor":49,"key":"RECALL"},{"floor":52,"key":"REST"}],"circlet_count":0,"master_deck":["AscendersBane","Strike_P","Strike_P","Strike_P","Defend_P","Defend_P+1","Eruption","Vigilance","Apotheosis+1","Consecrate+1","SashWhip+1","EmptyFist","Meditate","JustLucky","WheelKick+1","WindmillStrike+1","CutThroughFate+1","CrushJoints+1","Wish+1","Halt+1","BowlingBash+1","RitualDagger+1","WaveOfTheHand+1","JustLucky+1","TalkToTheHand+1","TalkToTheHand+1","Study","Finesse","FollowUp+1","FlurryOfBlows+1","Ragnarok+1","CutThroughFate+1","FlurryOfBlows+1","Scrawl","Weave+1","Wallop+1","Halt","MentalFortress","InnerPeace+1","Fasting2","Tantrum+1","Secret Technique"],"relics":["PureWater","Dream Catcher","Molten Egg 2","Vajra","Regal Pillow","Runic Pyramid","War Paint","Kunai","Happy Flower","Fusion Hammer","Old Coin","Nunchaku","Darkstone Periapt","Lizard Tail","Pen Nib","InkBottle"],"acts_visited":["TheCity","TheBeyond","TheEnding"],"potions_floor_usage":[12,24,37,44,47,47,53,55,55],"damage_taken":[{"damage":0,"enemies":"2 Louse","floor":1,"turns":3},{"damage":2,"enemies":"Small Slimes","floor":2,"turns":3},{"damage":4,"enemies":"Lagavulin","floor":6,"turns":6},{"damage":0,"enemies":"Jaw Worm","floor":8,"turns":2},{"damage":4,"enemies":"2 Fungi Beasts","floor":10,"turns":3},{"damage":3,"enemies":"3 Sentries","floor":12,"turns":6},{"damage":4,"enemies":"Lagavulin","floor":14,"turns":6},{"damage":0,"enemies":"Slime Boss","floor":16,"turns":3},{"damage":0,"enemies":"Spheric Guardian","floor":18,"turns":3},{"damage":2,"enemies":"2 Thieves","floor":19,"turns":3},{"damage":1,"enemies":"Cultist and Chosen","floor":22,"turns":6},{"damage":13,"enemies":"Gremlin Leader","floor":24,"turns":4},{"damage":2,"enemies":"Snake Plant","floor":25,"turns":3},{"damage":11,"enemies":"Book of Stabbing","floor":29,"turns":3},{"damage":8,"enemies":"Colosseum Slavers","floor":31,"turns":3},{"damage":26,"enemies":"Collector","floor":33,"turns":10},{"damage":1,"enemies":"Orb Walker","floor":35,"turns":4},{"damage":31,"enemies":"3 Shapes","floor":37,"turns":5},{"damage":0,"enemies":"Transient","floor":38,"turns":6},{"damage":0,"enemies":"Spire Growth","floor":39,"turns":3},{"damage":31,"enemies":"4 Shapes","floor":44,"turns":7},{"damage":0,"enemies":"Giant Head","floor":45,"turns":4},{"damage":0,"enemies":"Reptomancer","floor":47,"turns":2},{"damage":0,"enemies":"Mind Bloom Boss Battle","floor":48,"turns":3},{"damage":78,"enemies":"Time Eater","floor":50,"turns":7},{"damage":19,"enemies":"Shield and Spear","floor":54,"turns":4},{"damage":36,"enemies":"The Heart","floor":55,"turns":7}],"seed_played":"2176368503970181974","potions_obtained":[{"floor":2,"key":"Block Potion"},{"floor":6,"key":"Explosive Potion"},{"floor":22,"key":"Swift Potion"},{"floor":25,"key":"EntropicBrew"},{"floor":45,"key":"LiquidMemories"}],"is_trial":false,"path_per_floor":["M","M","?","?","$","E","R","M","T","M","R","E","?","E","R","B",null,"M","M","?","?","M","R","E","M","T","R","?","E","$","?","R","B",null,"M","$","M","M","M","?","?","R","T","M","E","R","E","?","R","B",null,"R","$","E","B",null],"character_chosen":"WATCHER","items_purchased":["Fire Potion","EmptyFist","Study","Finesse","FollowUp+1","Fasting2","Tantrum+1","Strength Potion","Secret Technique","Fruit Juice","AttackPotion","Pen Nib"],"campfire_rested":5,"item_purchase_floors":[5,5,30,30,30,53,53,53,53,53,53,53],"current_hp_per_floor":[61,59,59,59,59,55,55,55,55,51,51,48,25,21,56,56,65,65,63,57,57,56,56,43,41,41,41,41,30,30,22,57,31,59,58,58,27,27,27,27,27,62,62,31,31,66,66,66,66,28,58,68,73,54,18],"gold":168,"neow_bonus":"RANDOM_COLORLESS_2","is_daily":false,"chose_seed":false,"campfire_upgraded":4,"win_rate":0.0,"timestamp":1613900446,"path_taken":["M","M","?","?","$","E","R","M","T","M","R","E","?","E","R","BOSS","M","M","?","?","M","R","E","M","T","R","?","E","$","?","R","BOSS","M","$","M","M","M","?","?","R","T","M","E","R","E","?","R","BOSS","R","$","E","BOSS"],"items_purchased_type":["Potion","Card","Card","Card","Card","Card","Card","Potion","Card","Potion","Potion","Relic"],"build_version":"2020-12-22","purchased_purges":4,"victory":true,"max_hp_per_floor":[68,68,68,68,68,68,68,68,68,68,68,68,68,68,68,68,68,68,68,68,68,68,68,68,68,68,68,68,68,68,68,68,68,68,68,68,68,68,68,68,68,68,68,68,68,68,68,68,68,68,68,68,73,73,73],"relic_stats":{"Darkstone Periapt":0,"Dream Catcher":5,"Regal Pillow":60,"Nunchaku":[8],"Lizard Tail":34,"Happy Flower":[21],"counters":[27,119],"Pen Nib":[5],"Kunai":[53],"War Paint":["Defend_P","Wish"],"obtain_stats":[{"Darkstone Periapt":47,"Regal Pillow":14,"Happy Flower":29,"Golden Idol":13,"Vajra":12,"Pen Nib":53,"War Paint":21,"Old Coin":43,"Dream Catcher":6,"Nunchaku":45,"Lizard Tail":48,"Molten Egg 2":9,"Fusion Hammer":34,"Kunai":24,"PureWater":0,"InkBottle":54,"Runic Pyramid":17},{"Darkstone Periapt":23,"Regal Pillow":7,"Happy Flower":14,"Golden Idol":6,"Vajra":6,"Pen Nib":25,"War Paint":10,"Old Coin":20,"Dream Catcher":3,"Nunchaku":22,"Lizard Tail":24,"Molten Egg 2":4,"Fusion Hammer":16,"Kunai":12,"PureWater":0,"InkBottle":26,"Runic Pyramid":8},{"Darkstone Periapt":98,"Regal Pillow":29,"Happy Flower":54,"Golden Idol":23,"Vajra":23,"Pen Nib":108,"War Paint":38,"Old Coin":85,"Dream Catcher":12,"Nunchaku":96,"Lizard Tail":101,"Molten Egg 2":14,"Fusion Hammer":67,"Kunai":48,"PureWater":0,"InkBottle":112,"Runic Pyramid":32}],"InkBottle":[4]},"card_choices":[{"not_picked":["Chrysalis","Transmutation"],"picked":"Apotheosis","floor":0},{"not_picked":["Vengeance","Crescendo"],"picked":"Consecrate","floor":1},{"not_picked":["PathToVictory","EmptyMind"],"picked":"SashWhip","floor":2},{"not_picked":["Pray","SashWhip"],"picked":"Meditate","floor":6},{"not_picked":["ClearTheMind","Prostrate"],"picked":"JustLucky","floor":8},{"not_picked":["Perseverance","ClearTheMind"],"picked":"WheelKick+1","floor":10},{"not_picked":["WheelKick+1","Indignation"],"picked":"WindmillStrike+1","floor":12},{"not_picked":["Vengeance","Pray"],"picked":"CutThroughFate+1","floor":14},{"not_picked":["Worship","JustLucky+1"],"picked":"CrushJoints+1","floor":15},{"not_picked":["SpiritShield","ConjureBlade"],"picked":"Wish","floor":16},{"not_picked":["ClearTheMind","BowlingBash+1"],"picked":"Halt+1","floor":18},{"not_picked":["ClearTheMind","Crescendo"],"picked":"BowlingBash+1","floor":19},{"not_picked":["FollowUp+1","Consecrate+1"],"picked":"WaveOfTheHand","floor":22},{"not_picked":["WaveOfTheHand","Perseverance+1","Protect"],"picked":"SKIP","floor":24},{"not_picked":["PathToVictory","Perseverance"],"picked":"JustLucky+1","floor":25},{"not_picked":["LessonLearned+1","ClearTheMind"],"picked":"TalkToTheHand+1","floor":29},{"not_picked":["EmptyMind","SashWhip+1"],"picked":"FlurryOfBlows+1","floor":32},{"not_picked":["Scrawl","Judgement"],"picked":"Ragnarok+1","floor":33},{"not_picked":["EmptyFist+1","Study"],"picked":"CutThroughFate+1","floor":35},{"not_picked":["WaveOfTheHand","CrushJoints+1","Halt"],"picked":"SKIP","floor":37},{"not_picked":["MentalFortress","EmptyFist+1"],"picked":"FlurryOfBlows+1","floor":38},{"not_picked":["Crescendo","PathToVictory"],"picked":"Scrawl","floor":39},{"not_picked":["Protect","FollowUp+1"],"picked":"Weave+1","floor":42},{"not_picked":["WreathOfFlame","EmptyBody"],"picked":"Wallop+1","floor":44},{"not_picked":["SandsOfTime+1","BowlingBash+1","Consecrate+1"],"picked":"SKIP","floor":45},{"not_picked":["InnerPeace","FlyingSleeves+1"],"picked":"Halt","floor":46},{"not_picked":["Pray","MasterReality","PathToVictory"],"picked":"SKIP","floor":47},{"not_picked":["JustLucky+1","CrushJoints+1"],"picked":"MentalFortress","floor":48},{"not_picked":["Vengeance","FlurryOfBlows+1"],"picked":"InnerPeace+1","floor":52},{"not_picked":["LikeWater","PathToVictory","FlurryOfBlows+1"],"picked":"SKIP","floor":54}],"player_experience":1373294,"relics_obtained":[{"floor":6,"key":"Dream Catcher"},{"floor":9,"key":"Molten Egg 2"},{"floor":12,"key":"Vajra"},{"floor":14,"key":"Regal Pillow"},{"floor":24,"key":"Kunai"},{"floor":29,"key":"Happy Flower"},{"floor":43,"key":"Old Coin"},{"floor":45,"key":"Nunchaku"},{"floor":47,"key":"Darkstone Periapt"},{"floor":48,"key":"Lizard Tail"},{"floor":54,"key":"InkBottle"}],"event_choices":[{"damage_healed":0,"gold_gain":0,"player_choice":"Leave","damage_taken":0,"max_hp_gain":0,"max_hp_loss":0,"event_name":"The Cleric","floor":3,"gold_loss":0},{"damage_healed":0,"gold_gain":150,"player_choice":"AGREE","damage_taken":0,"max_hp_gain":0,"max_hp_loss":0,"event_name":"Liars Game","floor":4,"gold_loss":0,"cards_obtained":["Doubt"]},{"damage_healed":0,"gold_gain":0,"player_choice":"Take Damage","damage_taken":23,"relics_obtained":["Golden Idol"],"max_hp_gain":0,"max_hp_loss":0,"event_name":"Golden Idol","floor":13,"gold_loss":0},{"damage_healed":0,"gold_gain":0,"player_choice":"Joined the Cult","damage_taken":6,"max_hp_gain":0,"max_hp_loss":0,"event_name":"Nest","floor":20,"gold_loss":0,"cards_obtained":["RitualDagger"]},{"damage_healed":0,"gold_gain":0,"player_choice":"Obtained Relic","damage_taken":0,"relics_obtained":["War Paint"],"max_hp_gain":0,"max_hp_loss":0,"event_name":"Addict","floor":21,"gold_loss":85},{"damage_healed":0,"gold_gain":0,"player_choice":"Read","damage_taken":0,"max_hp_gain":0,"max_hp_loss":0,"event_name":"The Library","floor":28,"gold_loss":0,"cards_obtained":["TalkToTheHand"]},{"damage_healed":0,"gold_gain":0,"player_choice":"Fight","damage_taken":0,"max_hp_gain":0,"max_hp_loss":0,"event_name":"Colosseum","floor":31,"gold_loss":0},{"damage_healed":0,"gold_gain":0,"player_choice":"Fled From Nobs","damage_taken":0,"max_hp_gain":0,"max_hp_loss":0,"event_name":"Colosseum","floor":31,"gold_loss":0},{"damage_healed":0,"gold_gain":0,"player_choice":"Ignored","damage_taken":0,"max_hp_gain":0,"max_hp_loss":0,"event_name":"Tomb of Lord Red Mask","floor":40,"gold_loss":0},{"damage_healed":0,"gold_gain":333,"player_choice":"Gave Idol","damage_taken":0,"max_hp_gain":0,"max_hp_loss":0,"event_name":"The Moai Head","floor":41,"relics_lost":["Golden Idol"],"gold_loss":0},{"damage_healed":0,"gold_gain":0,"player_choice":"Fight","damage_taken":0,"max_hp_gain":0,"max_hp_loss":0,"event_name":"MindBloom","floor":48,"gold_loss":0}],"is_beta":false,"boss_relics":[{"not_picked":["SacredBark","Cursed Key"],"picked":"Runic Pyramid"},{"not_picked":["VioletLotus","HolyWater"],"picked":"Fusion Hammer"}],"items_purged_floors":[5,30,36,53],"is_endless":false,"potions_floor_spawned":[2,6,10,22,25,29,33,35,37,45],"ascension_level":18}}