{"host":"8jwrv7sn1174lfer","time":1613903536,"event":{"mods":["BaseMod","Colored Map","Colored Powertips","Highlight Path","Minty Spire (QoL Compilation)","StSLib"],"gold_per_floor":[119,119,200,215,226,257,207,207,207,224,224,249,17,28,28,124,124,140,159,159,179,196,226,16,16,62,89,89,122,122,4,4,107,107,121,141,153,166,166,166,181,206,506,506,517,517,232,247,247,247],"floor_reached":51,"language":"ENG","playtime":3689,"items_purged":["Strike_G","Strike_G","Writhe"],"score":996,"play_id":"e9e66e05-333c-420c-ba5b-e84ae8a80d84","local_time":"20210221053216","is_ascension_mode":true,"campfire_choices":[{"data":"Neutralize","floor":8,"key":"SMITH"},{"data":"Dagger Spray","floor":11,"key":"SMITH"},{"data":"Leg Sweep","floor":15,"key":"SMITH"},{"data":"Caltrops","floor":25,"key":"SMITH"},{"data":"Malaise","floor":28,"key":"SMITH"},{"data":"Footwork","floor":30,"key":"SMITH"},{"data":"Noxious Fumes","floor":32,"key":"SMITH"},{"data":"Phantasmal Killer","floor":40,"key":"SMITH"},{"data":"Terror","floor":44,"key":"SMITH"},{"floor":49,"key":"REST"}],"circlet_count":0,"master_deck":["Strike_G","Strike_G","Defend_G","Defend_G","Defend_G","Defend_G","Defend_G","Survivor","Neutralize+1","Backstab+1","Dagger Spray+1","Bane+1","Blade Dance","Footwork+1","Leg Sweep+1","Malaise+1","Backflip","Cloak And Dagger","Skewer+1","Caltrops+1","Terror+1","Poisoned Stab","Quick Slash+1","Dodge and Roll","Noxious Fumes+1","Phantasmal Killer+1","Bouncing Flask+1","Well Laid Plans+1","Blur+1","Predator","Catalyst+1"],"relics":["Ring of the Snake","Pen Nib","White Beast Statue","Blood Vial","Smiling Mask","Darkstone Periapt","TwistedFunnel","Philosopher\u0027s Stone","Centennial Puzzle","Whetstone","Red Mask","Question Card","SacredBark","HornCleat","Old Coin","Membership Card","Vajra"],"acts_visited":["Exordium","TheCity","TheBeyond"],"potions_floor_usage":[6,6,16,18,19,21,22,23,29,29,33,38,41,50,50,50],"damage_taken":[{"damage":3,"enemies":"Jaw Worm","floor":1,"turns":6},{"damage":0,"enemies":"2 Louse","floor":4,"turns":2},{"damage":0,"enemies":"Small Slimes","floor":5,"turns":1},{"damage":5,"enemies":"Gremlin Nob","floor":6,"turns":4},{"damage":0,"enemies":"Looter","floor":10,"turns":1},{"damage":14,"enemies":"Lagavulin","floor":12,"turns":6},{"damage":0,"enemies":"Exordium Wildlife","floor":14,"turns":1},{"damage":38,"enemies":"The Guardian","floor":16,"turns":20},{"damage":0,"enemies":"3 Byrds","floor":18,"turns":3},{"damage":0,"enemies":"2 Thieves","floor":19,"turns":4},{"damage":0,"enemies":"3 Cultists","floor":21,"turns":5},{"damage":4,"enemies":"Snake Plant","floor":22,"turns":6},{"damage":16,"enemies":"Slavers","floor":23,"turns":7},{"damage":2,"enemies":"Masked Bandits","floor":27,"turns":3},{"damage":4,"enemies":"Book of Stabbing","floor":29,"turns":3},{"damage":25,"enemies":"Automaton","floor":33,"turns":9},{"damage":12,"enemies":"3 Darklings","floor":35,"turns":3},{"damage":0,"enemies":"Orb Walker","floor":36,"turns":4},{"damage":6,"enemies":"Sphere and 2 Shapes","floor":37,"turns":5},{"damage":0,"enemies":"4 Shapes","floor":38,"turns":3},{"damage":8,"enemies":"Spire Growth","floor":41,"turns":3},{"damage":28,"enemies":"Giant Head","floor":42,"turns":8},{"damage":27,"enemies":"Transient","floor":45,"turns":5},{"damage":0,"enemies":"4 Shapes","floor":48,"turns":4},{"damage":27,"enemies":"Time Eater","floor":50,"turns":10}],"seed_played":"-85322555056776575","potions_obtained":[{"floor":4,"key":"Poison Potion"},{"floor":5,"key":"SpeedPotion"},{"floor":6,"key":"EssenceOfSteel"},{"floor":10,"key":"Weak Potion"},{"floor":12,"key":"Strength Potion"},{"floor":14,"key":"Swift Potion"},{"floor":16,"key":"Block Potion"},{"floor":18,"key":"Regen Potion"},{"floor":19,"key":"Ancient Potion"},{"floor":21,"key":"Explosive Potion"},{"floor":22,"key":"Fruit Juice"},{"floor":23,"key":"AttackPotion"},{"floor":27,"key":"Regen Potion"},{"floor":29,"key":"AttackPotion"},{"floor":33,"key":"Strength Potion"},{"floor":35,"key":"AttackPotion"},{"floor":36,"key":"SteroidPotion"},{"floor":38,"key":"BlessingOfTheForge"},{"floor":41,"key":"SteroidPotion"}],"is_trial":false,"path_per_floor":["M","?","T","M","M","E","?","R","T","M","R","E","$","M","R","B",null,"M","M","?","M","M","E","$","R","T","?","R","E","R","$","R","B",null,"M","M","M","M","?","R","M","E","T","R","M","?","$","M","R","B",null],"character_chosen":"THE_SILENT","items_purchased":["Footwork","TwistedFunnel","Caltrops","Terror","Poisoned Stab","Noxious Fumes","Membership Card","Vajra","Predator"],"campfire_rested":1,"item_purchase_floors":[13,13,24,24,24,31,47,47,47],"current_hp_per_floor":[67,67,67,67,67,62,62,62,62,64,64,52,52,54,54,18,57,59,61,48,64,67,53,53,53,53,53,53,60,60,60,60,37,69,59,61,57,59,59,59,53,27,27,27,2,28,28,30,55,30],"gold":247,"neow_bonus":"RANDOM_COMMON_RELIC","is_daily":false,"chose_seed":false,"campfire_upgraded":9,"win_rate":0.0,"timestamp":1613903536,"path_taken":["M","?","?","M","M","E","?","R","T","M","R","E","$","M","R","BOSS","M","M","?","M","M","E","$","R","T","?","R","E","R","?","R","BOSS","M","M","?","M","?","R","M","E","T","R","M","?","$","M","R","BOSS"],"items_purchased_type":["Card","Relic","Card","Card","Card","Card","Relic","Relic","Card"],"build_version":"2020-12-22","purchased_purges":3,"victory":true,"max_hp_per_floor":[70,70,70,70,70,70,70,70,70,70,70,70,70,70,70,70,70,70,70,75,75,80,80,80,80,80,80,80,80,80,80,80,80,80,80,80,80,80,80,80,80,80,80,80,80,86,86,86,86,86],"card_choices":[{"not_picked":["Bane","Dodge and Roll"],"picked":"Backstab","floor":1},{"not_picked":["Deadly Poison","Bane"],"picked":"Dagger Spray","floor":4},{"not_picked":["Reflex","Slice"],"picked":"Bane","floor":5},{"not_picked":["Bane","Outmaneuver"],"picked":"Blade Dance","floor":6},{"not_picked":["Concentrate","Endless Agony","Dodge and Roll"],"picked":"SKIP","floor":10},{"not_picked":["Concentrate","Endless Agony","Dodge and Roll"],"picked":"SKIP","floor":10},{"not_picked":["Backflip","Infinite Blades","Backstab"],"picked":"SKIP","floor":12},{"not_picked":["Blade Dance","Wraith Form v2"],"picked":"Leg Sweep","floor":14},{"not_picked":["Doppelganger","Venomology"],"picked":"Malaise","floor":16},{"not_picked":["Eviscerate+1","Acrobatics"],"picked":"Backflip","floor":18},{"not_picked":["Prepared+1","Sucker Punch"],"picked":"Cloak And Dagger","floor":19},{"not_picked":["Sucker Punch+1","Night Terror","Bane"],"picked":"SKIP","floor":21},{"not_picked":["Slice","Bane+1","Acrobatics"],"picked":"SKIP","floor":22},{"not_picked":["Deflect","Leg Sweep+1"],"picked":"Skewer+1","floor":23},{"not_picked":["Dagger Throw","Prepared"],"picked":"Quick Slash+1","floor":27},{"not_picked":["Blade Dance","Poisoned Stab"],"picked":"Dodge and Roll","floor":29},{"not_picked":["Die Die Die","Storm of Steel","Venomology"],"picked":"Phantasmal Killer","floor":33},{"not_picked":["Poisoned Stab","Deadly Poison","Outmaneuver+1"],"picked":"Bouncing Flask+1","floor":35},{"not_picked":["Acrobatics","Dagger Throw","Poisoned Stab","Dagger Spray+1"],"picked":"SKIP","floor":36},{"not_picked":["Prepared+1","Expertise+1","Flying Knee"],"picked":"Footwork","floor":37},{"not_picked":["Endless Agony+1","Choke+1","Outmaneuver"],"picked":"Well Laid Plans+1","floor":38},{"not_picked":["Deflect","Dagger Spray+1","Backflip+1"],"picked":"Blur+1","floor":41},{"not_picked":["Escape Plan","Dagger Throw+1","All Out Attack","Flying Knee"],"picked":"SKIP","floor":42},{"not_picked":["Blade Dance+1","Crippling Poison","Acrobatics","Concentrate+1"],"picked":"SKIP","floor":45},{"not_picked":["Die Die Die","Acrobatics","Caltrops+1"],"picked":"Catalyst+1","floor":48}],"player_experience":647120,"relics_obtained":[{"floor":3,"key":"White Beast Statue"},{"floor":6,"key":"Blood Vial"},{"floor":9,"key":"Smiling Mask"},{"floor":12,"key":"Darkstone Periapt"},{"floor":23,"key":"Centennial Puzzle"},{"floor":26,"key":"Whetstone"},{"floor":27,"key":"Red Mask"},{"floor":29,"key":"Question Card"},{"floor":42,"key":"HornCleat"},{"floor":43,"key":"Old Coin"}],"event_choices":[{"damage_healed":0,"gold_gain":0,"player_choice":"Ignored","damage_taken":0,"max_hp_gain":0,"max_hp_loss":0,"event_name":"Liars Game","floor":2,"gold_loss":0},{"cards_removed":["Strike_G"],"damage_healed":0,"gold_gain":0,"player_choice":"Card Removal","damage_taken":0,"max_hp_gain":0,"max_hp_loss":0,"event_name":"The Cleric","floor":7,"gold_loss":50},{"damage_healed":0,"gold_gain":0,"player_choice":"Shed Blood","damage_taken":18,"max_hp_gain":5,"max_hp_loss":0,"event_name":"Forgotten Altar","floor":20,"gold_loss":0},{"damage_healed":0,"gold_gain":0,"player_choice":"Fought Bandits","damage_taken":0,"max_hp_gain":0,"max_hp_loss":0,"event_name":"Masked Bandits","floor":27,"gold_loss":0},{"cards_removed":["Footwork"],"damage_healed":0,"gold_gain":0,"player_choice":"Removed Power","damage_taken":0,"max_hp_gain":0,"max_hp_loss":0,"event_name":"Falling","floor":39,"gold_loss":0},{"damage_healed":20,"gold_gain":0,"player_choice":"Writhe","damage_taken":0,"max_hp_gain":0,"max_hp_loss":0,"event_name":"Winding Halls","floor":46,"gold_loss":0,"cards_obtained":["Writhe"]}],"is_beta":false,"boss_relics":[{"not_picked":["Cursed Key","Tiny House"],"picked":"Philosopher\u0027s Stone"},{"not_picked":["Ring of the Serpent","Empty Cage"],"picked":"SacredBark"}],"items_purged_floors":[24,31,47],"is_endless":false,"potions_floor_spawned":[4,5,6,10,12,14,16,18,19,21,22,23,27,29,33,35,36,37,38,41,42,45,48],"ascension_level":5}}