{"host":"ddvck86s030ss9ck","time":1613941566,"event":{"mods":["Act Like it!","Aspiration","BaseMod","Challenge The Spire","Conspire","Energized Spire","Gensokyo","GifTheSpireLib","Halation","Hubris","Infinite Spire","Ironclad Rager","Koishi","Minty Spire (QoL Compilation)","Quick Restart","Replay The Spire","Slumbering Mod","Small Relic Pack","StSLib","Stuff the Spire","The Animator","The Jungle","The Poker Player","The Wild Card","TheBandit"],"gold_per_floor":[116,116,66,30,205,231,231,306,306,335,83,103,103,122,122,217,217,268,24,24,24,24,52,52,63,139,139,151,151,164,184,184,184,184],"floor_reached":33,"language":"ENG","playtime":1125,"items_purged":["Doubt","DeceiveReality"],"score":465,"play_id":"3534e5f2-00cc-419b-a900-d19627f0d19e","local_time":"20210221210606","is_ascension_mode":true,"campfire_choices":[{"data":"Study","floor":7.0,"key":"SMITH"},{"data":"Vault","floor":15.0,"key":"SMITH"},{"floor":24,"key":"REST"},{"floor":27,"key":"REST"},{"floor":32,"key":"REST"}],"circlet_count":0,"master_deck":["Vigilance","ForeignInfluence","Study+1","Vault+1","Prostrate","Tantrum","Brilliance","Sanctity","Establishment","Perseverance","Pray","SpiritShield","Study","PathToVictory","PathToVictory+1","PathToVictory","Worship","Prostrate","Pray","Replay:Anticipation+1","Prostrate"],"relics":["PureWater","NeowsBlessing","Happy Flower","InkBottle","Tiny Chest","PreservedInsect","Pandora\u0027s Box","Anchor","Prayer Wheel","Peace Pipe","StrikeDummy"],"acts_visited":[],"potions_floor_usage":[33,33],"damage_taken":[{"damage":0.0,"enemies":"Jaw Worm","floor":1.0,"turns":1.0},{"damage":0.0,"enemies":"Gremlin Nob","floor":6.0,"turns":1.0},{"damage":0.0,"enemies":"Lagavulin","floor":10.0,"turns":2.0},{"damage":0.0,"enemies":"Small Slimes","floor":12.0,"turns":2.0},{"damage":0.0,"enemies":"2 Louse","floor":14.0,"turns":2.0},{"damage":11.0,"enemies":"Hexaghost","floor":16.0,"turns":9.0},{"damage":20,"enemies":"2 Thieves","floor":18,"turns":5},{"damage":26,"enemies":"Slavers","floor":23,"turns":4},{"damage":15,"enemies":"Chosen","floor":25,"turns":7},{"damage":15,"enemies":"Shelled Parasite and Fungi","floor":28,"turns":5},{"damage":13,"enemies":"Cultist and Chosen","floor":30,"turns":6},{"damage":12,"enemies":"Chosen and Byrds","floor":31,"turns":6},{"damage":34,"enemies":"Automaton","floor":33,"turns":7}],"seed_played":"2845385221116510298","potions_obtained":[{"floor":1.0,"key":"ColorlessPotion"},{"floor":23,"key":"Explosive Potion"},{"floor":30,"key":"Milkshake"}],"is_trial":false,"path_per_floor":["M","?","?","$","?","E","R","?","T","E","$","M","?","M","R","B",null,"M","$","?","T","?","E","R","M","T","R","M","?","M","M","R","B"],"character_chosen":"WATCHER","items_purchased":["DeceiveReality","PreservedInsect","Prostrate","Anchor"],"campfire_rested":3,"item_purchase_floors":[4,11,11,19],"current_hp_per_floor":[65,65,65,65,65,65,65,54,54,54,54,54,54,54,54,43,65,45,45,45,45,45,19,40,25,25,46,31,31,18,6,27,0,0],"gold":184,"neow_bonus":"THREE_ENEMY_KILL","is_daily":false,"chose_seed":false,"campfire_upgraded":2,"win_rate":0.0,"timestamp":1613941566,"path_taken":["M","?","?","$","?","E","R","?","T","E","$","M","?","M","R","BOSS","M","?","?","?","?","E","R","M","T","R","M","?","M","M","R","BOSS"],"items_purchased_type":["Card","Relic","Card","Relic"],"build_version":"2020-12-22","purchased_purges":2,"victory":false,"max_hp_per_floor":[72,72,72,72,72,72,72,72,72,72,72,72,72,72,72,72,72,72,72,72,72,72,72,72,72,72,72,72,72,72,72,72,72,72],"card_choices":[{"not_picked":["LikeWater","SashWhip"],"picked":"ForeignInfluence","floor":1.0},{"not_picked":["FollowUp","EmptyBody"],"picked":"Study","floor":6.0},{"not_picked":["FlyingSleeves","SashWhip"],"picked":"Vault","floor":10.0},{"not_picked":["ThirdEye","Fasting2"],"picked":"Tantrum","floor":12.0},{"not_picked":["EmptyFist","SignatureMove","FollowUp"],"picked":"SKIP","floor":14.0},{"not_picked":["Establishment","Omniscience"],"picked":"Brilliance","floor":16.0},{"not_picked":["Vengeance+1","EmptyBody+1"],"picked":"Study","floor":18},{"not_picked":["FearNoEvil","Replay:ManipulateFuture"],"picked":"PathToVictory+1","floor":23},{"not_picked":["ForeignInfluence+1","EmptyFist"],"picked":"PathToVictory","floor":25},{"not_picked":["Weave","Crescendo+1"],"picked":"Worship","floor":25},{"not_picked":["BowlingBash+1","Evaluate"],"picked":"Prostrate","floor":28},{"not_picked":["EmptyBody+1","Replay:ManipulateFuture"],"picked":"Pray","floor":28},{"not_picked":["ForeignInfluence","CutThroughFate"],"picked":"Replay:Anticipation+1","floor":30},{"not_picked":["EmptyMind+1","Alpha","Crescendo"],"picked":"SKIP","floor":30},{"not_picked":["ThirdEye","Replay:AtTheReady"],"picked":"Prostrate","floor":31},{"not_picked":["ThirdEye","FlurryOfBlows","Crescendo+1"],"picked":"SKIP","floor":31}],"player_experience":960910,"relics_obtained":[{"floor":6.0,"key":"Happy Flower"},{"floor":9.0,"key":"InkBottle"},{"floor":10.0,"key":"Tiny Chest"},{"floor":21,"key":"Prayer Wheel"},{"floor":23,"key":"Peace Pipe"},{"floor":26,"key":"StrikeDummy"}],"event_choices":[{"cards_removed":["Strike_P"],"damage_healed":0.0,"max_hp_gain":0.0,"max_hp_loss":0.0,"gold_gain":0.0,"event_name":"Living Wall","player_choice":"Forget","floor":2.0,"gold_loss":0.0,"damage_taken":0.0},{"cards_removed":["Defend_P"],"damage_healed":0.0,"max_hp_gain":0.0,"max_hp_loss":0.0,"gold_gain":0.0,"event_name":"The Cleric","player_choice":"Card Removal","floor":3.0,"gold_loss":50.0,"damage_taken":0.0},{"damage_healed":0.0,"max_hp_gain":0.0,"max_hp_loss":0.0,"gold_gain":175.0,"event_name":"Liars Game","player_choice":"AGREE","floor":5.0,"gold_loss":0.0,"damage_taken":0.0,"cards_obtained":["Doubt"]},{"damage_healed":0.0,"max_hp_gain":0.0,"max_hp_loss":0.0,"gold_gain":75.0,"event_name":"World of Goop","player_choice":"Gather Gold","floor":8.0,"gold_loss":0.0,"damage_taken":11.0},{"cards_removed":["Strike_P"],"damage_healed":0.0,"max_hp_gain":0.0,"max_hp_loss":0.0,"gold_gain":0.0,"event_name":"Purifier","player_choice":"Purged","floor":13.0,"gold_loss":0.0,"damage_taken":0.0},{"damage_healed":0,"gold_gain":0,"player_choice":"Ignored","damage_taken":0,"max_hp_gain":0,"max_hp_loss":0,"event_name":"Vampires","floor":20,"gold_loss":0},{"damage_healed":0,"gold_gain":0,"player_choice":"Read","damage_taken":0,"max_hp_gain":0,"max_hp_loss":0,"event_name":"The Library","floor":22,"gold_loss":0,"cards_obtained":["PathToVictory"]},{"cards_removed":["Eruption"],"damage_healed":0,"gold_gain":0,"player_choice":"Elegance","damage_taken":0,"max_hp_gain":0,"max_hp_loss":0,"event_name":"Back to Basics","floor":29,"gold_loss":0}],"is_beta":false,"boss_relics":[{"not_picked":["VioletLotus","Runic Dome"],"picked":"Pandora\u0027s Box"}],"items_purged_floors":[11,19],"is_endless":false,"potions_floor_spawned":[1,23,30],"killed_by":"Automaton","ascension_level":9}}