{"host":"lv7etzzgwahaenh9","time":1613879511,"event":{"mods":["AchievementEnabler","BaseMod","Colored Map","Colored Powertips","Highlight Path","Minty Spire (QoL Compilation)","Permanent Neow","Quick Restart","Random Character Button","StSLib"],"gold_per_floor":[13,23,23,33,52,79,91,107,132,143,143,160,160,173,173,269,269,283,299,214,14,39,72,72,171,171,198,198,215,244,254,254,349,349,367,367,382,402,402,402],"floor_reached":39,"language":"ENG","playtime":2182,"items_purged":["Strike_P"],"score":757,"play_id":"d40a442d-4d58-4bd8-83f7-8ceb038caef6","local_time":"20210220195151","is_ascension_mode":true,"campfire_choices":[{"data":"LikeWater","floor":11.0,"key":"SMITH"},{"data":"Vault","floor":13.0,"key":"SMITH"},{"data":"The Bomb","floor":15.0,"key":"SMITH"},{"floor":24.0,"key":"REST"},{"floor":32.0,"key":"REST"}],"circlet_count":0,"master_deck":["Strike_P","Defend_P","Defend_P","Defend_P","Eruption","Vigilance","The Bomb+1","Crescendo","LikeWater+1","Protect","Wallop","LikeWater+1","SignatureMove","SashWhip","Vault+1","Alpha","Prostrate+1","WaveOfTheHand","Prostrate","DeusExMachina","WheelKick+1","EmptyFist+1","Sanctity+1"],"relics":["HolyWater","Bottled Lightning","Smiling Mask","Ornamental Fan","Bronze Scales","Red Mask","Lantern","FossilizedHelix","Blood Vial","Bag of Preparation","Orichalcum","Astrolabe"],"acts_visited":["Exordium","TheCity","TheBeyond"],"potions_floor_usage":[38,38,38],"damage_taken":[{"damage":1.0,"enemies":"Jaw Worm","floor":1.0,"turns":5.0},{"damage":0.0,"enemies":"2 Louse","floor":2.0,"turns":1.0},{"damage":1.0,"enemies":"Small Slimes","floor":4.0,"turns":3.0},{"damage":0.0,"enemies":"Blue Slaver","floor":5.0,"turns":6.0},{"damage":5.0,"enemies":"Lagavulin","floor":6.0,"turns":9.0},{"damage":0.0,"enemies":"2 Fungi Beasts","floor":7.0,"turns":4.0},{"damage":4.0,"enemies":"3 Louse","floor":8.0,"turns":4.0},{"damage":0.0,"enemies":"Looter","floor":10.0,"turns":3.0},{"damage":0.0,"enemies":"Exordium Thugs","floor":12.0,"turns":4.0},{"damage":0.0,"enemies":"Exordium Wildlife","floor":14.0,"turns":6.0},{"damage":9.0,"enemies":"Hexaghost","floor":16.0,"turns":13.0},{"damage":0.0,"enemies":"Spheric Guardian","floor":18.0,"turns":6.0},{"damage":0.0,"enemies":"Chosen","floor":19.0,"turns":6.0},{"damage":27.0,"enemies":"Masked Bandits","floor":22.0,"turns":5.0},{"damage":0.0,"enemies":"Gremlin Leader","floor":23.0,"turns":7.0},{"damage":21.0,"enemies":"Slavers","floor":27.0,"turns":4.0},{"damage":0.0,"enemies":"Snecko","floor":29.0,"turns":5.0},{"damage":10.0,"enemies":"Book of Stabbing","floor":30.0,"turns":5.0},{"damage":0.0,"enemies":"Centurion and Healer","floor":31.0,"turns":7.0},{"damage":0.0,"enemies":"Collector","floor":33.0,"turns":8.0},{"damage":0,"enemies":"3 Darklings","floor":35,"turns":5},{"damage":0,"enemies":"Orb Walker","floor":37,"turns":6},{"damage":63,"enemies":"Transient","floor":38,"turns":6},{"damage":11,"enemies":"Sphere and 2 Shapes","floor":39,"turns":4}],"seed_played":"2553100734125799466","potions_obtained":[{"floor":1.0,"key":"FearPotion"},{"floor":4.0,"key":"StancePotion"},{"floor":7.0,"key":"Energy Potion"},{"floor":10.0,"key":"Swift Potion"},{"floor":12.0,"key":"EntropicBrew"},{"floor":16.0,"key":"Explosive Potion"},{"floor":22.0,"key":"BlessingOfTheForge"},{"floor":27.0,"key":"BlessingOfTheForge"},{"floor":30.0,"key":"LiquidMemories"},{"floor":35,"key":"Swift Potion"}],"is_trial":false,"path_per_floor":["M","M","?","M","M","E","M","M","T","M","R","M","R","M","R","B",null,"M","M","?","$","?","E","R","?","T","E","T","M","E","M","R","B",null,"M","?","M","M","M"],"character_chosen":"WATCHER","items_purchased":["Bronze Scales"],"campfire_rested":2,"item_purchase_floors":[21],"current_hp_per_floor":[64,64,64,63,63,58,58,54,54,54,54,54,54,54,54,45,65,65,65,65,65,38,38,59,59,59,38,38,40,32,34,55,57,68,70,70,72,9,0,0],"gold":402,"neow_bonus":"RANDOM_COLORLESS_2","is_daily":false,"chose_seed":false,"campfire_upgraded":3,"win_rate":0.0,"timestamp":1613879511,"path_taken":["M","M","?","M","M","E","M","M","T","M","R","M","R","M","R","BOSS","M","M","?","$","?","E","R","?","T","E","?","M","E","M","R","BOSS","M","?","M","M","M"],"items_purchased_type":["Relic"],"build_version":"2020-12-22","purchased_purges":1,"victory":false,"max_hp_per_floor":[72,72,72,72,72,72,72,72,72,72,72,72,72,72,72,72,72,72,72,72,72,72,72,72,72,72,72,72,72,72,72,72,72,72,72,72,72,72,72,72],"card_choices":[{"not_picked":["Master of Strategy","Transmutation"],"picked":"The Bomb","floor":0.0},{"not_picked":["FearNoEvil","Protect"],"picked":"Crescendo","floor":1.0},{"not_picked":["Evaluate","Crescendo"],"picked":"LikeWater","floor":2.0},{"not_picked":["BattleHymn","SashWhip"],"picked":"Protect","floor":4.0},{"not_picked":["Sanctity","EmptyMind"],"picked":"Wallop","floor":5.0},{"not_picked":["CutThroughFate","ThirdEye"],"picked":"LikeWater","floor":6.0},{"not_picked":["Indignation","SashWhip"],"picked":"SignatureMove","floor":7.0},{"not_picked":["Adaptation","Indignation"],"picked":"SashWhip","floor":8.0},{"not_picked":["FlurryOfBlows","SashWhip","CutThroughFate"],"picked":"SKIP","floor":10.0},{"not_picked":["EmptyBody","Evaluate"],"picked":"Vault","floor":12.0},{"not_picked":["EmptyFist","EmptyMind","SashWhip"],"picked":"SKIP","floor":14.0},{"not_picked":["Establishment","Omniscience"],"picked":"Alpha","floor":16.0},{"not_picked":["Conclude","Fasting2"],"picked":"Prostrate+1","floor":18.0},{"not_picked":["Prostrate","Consecrate"],"picked":"WaveOfTheHand","floor":19.0},{"not_picked":["FlurryOfBlows+1","Tantrum+1"],"picked":"Prostrate","floor":23.0},{"not_picked":["BowlingBash","CutThroughFate","Nirvana+1"],"picked":"SKIP","floor":27.0},{"not_picked":["Collect","Halt","Pray"],"picked":"SKIP","floor":29.0},{"not_picked":["Crescendo","ClearTheMind","Halt+1"],"picked":"SKIP","floor":30.0},{"not_picked":["WreathOfFlame+1","Protect","Consecrate+1"],"picked":"SKIP","floor":31.0},{"not_picked":["Alpha","DevaForm"],"picked":"DeusExMachina","floor":33.0},{"not_picked":["Crescendo+1","Evaluate","EmptyFist"],"picked":"SKIP","floor":35},{"not_picked":["SashWhip","ClearTheMind+1"],"picked":"Sanctity+1","floor":37},{"not_picked":["SashWhip","Protect","EmptyFist"],"picked":"SKIP","floor":38}],"player_experience":486333,"relics_obtained":[{"floor":6.0,"key":"Bottled Lightning"},{"floor":9.0,"key":"Smiling Mask"},{"floor":22.0,"key":"Red Mask"},{"floor":23.0,"key":"Lantern"},{"floor":26.0,"key":"FossilizedHelix"},{"floor":27.0,"key":"Blood Vial"},{"floor":28.0,"key":"Bag of Preparation"},{"floor":30.0,"key":"Orichalcum"}],"event_choices":[{"damage_healed":0.0,"max_hp_gain":0.0,"max_hp_loss":0.0,"gold_gain":0.0,"event_name":"Living Wall","player_choice":"Grow","floor":3.0,"gold_loss":0.0,"damage_taken":0.0,"cards_upgraded":["LikeWater"]},{"damage_healed":0.0,"max_hp_gain":0.0,"max_hp_loss":0.0,"gold_gain":0.0,"event_name":"Addict","player_choice":"Obtained Relic","floor":20.0,"gold_loss":85.0,"damage_taken":0.0,"relics_obtained":["Ornamental Fan"]},{"damage_healed":0.0,"max_hp_gain":0.0,"max_hp_loss":0.0,"gold_gain":0.0,"event_name":"Masked Bandits","player_choice":"Fought Bandits","floor":22.0,"gold_loss":0.0,"damage_taken":0.0},{"damage_healed":0.0,"max_hp_gain":0.0,"max_hp_loss":0.0,"gold_gain":99.0,"event_name":"Nest","player_choice":"Stole From Cult","floor":25.0,"gold_loss":0.0,"damage_taken":0.0},{"cards_removed":["FearNoEvil"],"damage_healed":0,"gold_gain":0,"player_choice":"Removed Attack","damage_taken":0,"max_hp_gain":0,"max_hp_loss":0,"event_name":"Falling","floor":36,"gold_loss":0}],"is_beta":false,"boss_relics":[{"not_picked":["Black Star","Philosopher\u0027s Stone"],"picked":"HolyWater"},{"not_picked":["Runic Pyramid","SacredBark"],"picked":"Astrolabe"}],"items_purged_floors":[21],"is_endless":false,"potions_floor_spawned":[1,4,7,10,12,16,19,22,27,30,35],"killed_by":"Sphere and 2 Shapes","ascension_level":9}}