{"host":"tuvyjqp461ike1dm","time":1613941418,"event":{"mods":["BaseMod","Downfall","Duelist Mod","Minty Spire (QoL Compilation)","Replay The Spire","StSLib","Wandering Minibosses"],"gold_per_floor":[145,159,170,184,459,459,489,508,508,535,535,289,326,10,10,135,135,155,168,120,20,36,74,74,74,74],"floor_reached":25,"language":"ENG","playtime":1806,"items_purged":["theDuelist:Yami","Regret"],"score":308,"play_id":"070378e1-0e5a-40b2-a7c5-5eb02b485350","local_time":"20210221160338","is_ascension_mode":true,"campfire_choices":[{"data":"theDuelist:PotAvarice","floor":6,"key":"SMITH"},{"floor":11,"key":"RECALL"}],"circlet_count":0,"master_deck":["theDuelist:MysticalElf+1","theDuelist:Sparks+1","theDuelist:CastleWalls+1","theDuelist:PotAvarice+1","theDuelist:WhiteMagicalHat+1","theDuelist:InjectionFairy+1","theDuelist:CastleWalls+1","theDuelist:SangaThunder+1","theDuelist:DarkFactory+1","theDuelist:WhiteMagicalHat+1","theDuelist:SlotMachine+1","theDuelist:Sparks+1","theDuelist:DarkMagician","theDuelist:DarkSparks","theDuelist:MysticalElf","theDuelist:NeoMagic","theDuelist:NeoMagic","theDuelist:BlueDragonSummoner","theDuelist:Yami","theDuelist:IrisEarthMother+1","theDuelist:WhiteMagicalHat+1","theDuelist:InariFire+1","Shame"],"relics":["theDuelist:MillenniumPuzzle","theDuelist:CardPoolRelic","theDuelist:CardPoolBasicRelic","theDuelist:BoosterPackPoolRelic","theDuelist:CardPoolAddRelic","theDuelist:CardPoolMinusRelic","theDuelist:CardPoolSaveRelic","theDuelist:CardPoolOptionsRelic","NeowsBlessing","Happy Flower","Replay:Multitool","Toxic Egg 2","theDuelist:KaibaToken","Counterbalance","Philosopher\u0027s Stone","Blood Vial","Potion Belt"],"acts_visited":["Exordium","TheCity"],"potions_floor_usage":[22,23,23,25],"damage_taken":[{"damage":0,"enemies":"Cultist","floor":1,"turns":1},{"damage":0,"enemies":"Jaw Worm","floor":2,"turns":1},{"damage":0,"enemies":"2 Louse","floor":3,"turns":2},{"damage":5,"enemies":"2 Fungi Beasts","floor":4,"turns":4},{"damage":44,"enemies":"Gremlin Nob","floor":7,"turns":6},{"damage":0,"enemies":"Exordium Wildlife","floor":8,"turns":4},{"damage":13,"enemies":"3 Sentries","floor":10,"turns":9},{"damage":12,"enemies":"Replay:BlueRogue","floor":13,"turns":5},{"damage":8,"enemies":"Slime Boss","floor":16,"turns":13},{"damage":29,"enemies":"Chosen","floor":18,"turns":7},{"damage":0,"enemies":"Spheric Guardian","floor":19,"turns":1},{"damage":40,"enemies":"Cultist and Chosen","floor":20,"turns":8},{"damage":18,"enemies":"Snake Plant","floor":22,"turns":4},{"damage":0,"enemies":"Book of Stabbing","floor":23,"turns":6},{"damage":31,"enemies":"theDuelist:KaibaA2","floor":25,"turns":3}],"seed_played":"-2525663492956210845","potions_obtained":[{"floor":1,"key":"theDuelist:IcePotion"},{"floor":4,"key":"FearPotion"},{"floor":8,"key":"PowerPotion"},{"floor":16,"key":"theDuelist:WhiteBottle"},{"floor":20,"key":"ColorlessPotion"},{"floor":22,"key":"theDuelist:OrbBottle"}],"is_trial":false,"path_per_floor":["M","M","M","M","?","R","E","M","T","E","R","$","E","$","R","B",null,"M","M","M","$","M","E","?","E"],"character_chosen":"THE_DUELIST","items_purchased":["theDuelist:KaibaToken","theDuelist:SlotMachine+1","theDuelist:Yami"],"campfire_rested":0,"item_purchase_floors":[12,14,14],"current_hp_per_floor":[80,80,80,79,79,79,39,47,47,44,44,44,37,37,61,63,80,54,54,19,19,6,15,15,0,0],"gold":74,"neow_bonus":"THREE_ENEMY_KILL","is_daily":false,"chose_seed":false,"campfire_upgraded":1,"win_rate":0.0,"timestamp":1613941418,"path_taken":["M","?","M","?","?","R","E","M","T","E","R","$","E","$","R","BOSS","M","?","M","?","M","E","?","E"],"items_purchased_type":["Relic","Card","Card"],"build_version":"2020-12-22","purchased_purges":2,"victory":false,"max_hp_per_floor":[80,80,80,80,80,80,80,80,80,80,80,80,80,80,80,80,80,80,80,80,80,80,80,80,80,80],"card_choices":[{"not_picked":["theDuelist:BlizzardWarrior","theDuelist:NeoMagic","theDuelist:LordD","theDuelist:SkilledDarkMagician"],"picked":"theDuelist:BlueDragonSummoner","floor":1},{"not_picked":["theDuelist:OnslaughtFireKings","theDuelist:CharcoalInpachi","theDuelist:LordD","theDuelist:Mudballman"],"picked":"theDuelist:WhiteMagicalHat","floor":2},{"not_picked":["theDuelist:SpellShatteringArrow","theDuelist:NeoMagic","theDuelist:InjectionFairy","theDuelist:DarkMagician","theDuelist:SkilledDarkMagician"],"picked":"SKIP","floor":3},{"not_picked":["theDuelist:SpellShatteringArrow","theDuelist:NeoMagic","theDuelist:DarkMagician","theDuelist:SkilledDarkMagician"],"picked":"theDuelist:InjectionFairy","floor":3},{"not_picked":["theDuelist:GaiaMidNightSun","theDuelist:Kuriboh","theDuelist:EarthGiant","theDuelist:Terraforming"],"picked":"theDuelist:PotAvarice","floor":4},{"not_picked":["theDuelist:BlizzardWarrior","theDuelist:NeoMagic","theDuelist:InjectionFairy","theDuelist:GuardianAngel"],"picked":"theDuelist:SangaThunder","floor":7},{"not_picked":["theDuelist:WhiteHowling","theDuelist:MagiciansRod","theDuelist:MagiciansRobe","theDuelist:BadReaction"],"picked":"theDuelist:Yami","floor":8},{"not_picked":["theDuelist:Fissure","theDuelist:GemElephant+1","theDuelist:WingedKuriboh","theDuelist:Reload"],"picked":"theDuelist:DarkFactory+1","floor":10},{"not_picked":["theDuelist:BlizzardWarrior","theDuelist:Mudballman+1","theDuelist:SpellShatteringArrow","theDuelist:FlyingSaucer+1"],"picked":"theDuelist:WhiteMagicalHat+1","floor":13},{"not_picked":["theDuelist:ExodiaNecross","theDuelist:Wildfire","theDuelist:RainbowDarkDragon+1","theDuelist:QueenDragunDjinn+1"],"picked":"theDuelist:IrisEarthMother+1","floor":16},{"not_picked":["theDuelist:BlueDragonSummoner+1","theDuelist:SlotMachine+1","theDuelist:CharcoalInpachi+2"],"picked":"theDuelist:WhiteMagicalHat+1","floor":18},{"not_picked":["theDuelist:BlizzardWarrior","theDuelist:InjectionFairy","theDuelist:ExodiaRL+1","theDuelist:Mudballman+1","theDuelist:TimeWizard+1"],"picked":"SKIP","floor":19},{"not_picked":["theDuelist:DarkMagician","theDuelist:LordD+1","theDuelist:DarkMagicianGirl+1","theDuelist:BlizzardWarrior","theDuelist:SangaEarth"],"picked":"SKIP","floor":20},{"not_picked":["theDuelist:BlizzardWarrior+1","theDuelist:MysticalElf+1","theDuelist:ExodiaRL+1","theDuelist:CallAtlanteans+1","theDuelist:SkilledDarkMagician"],"picked":"SKIP","floor":22},{"not_picked":["theDuelist:WhiteHowling","theDuelist:MagiciansRobe","theDuelist:StatueAnguishPattern+1"],"picked":"theDuelist:InariFire+1","floor":23}],"player_experience":60190,"relics_obtained":[{"floor":7,"key":"Happy Flower"},{"floor":9,"key":"Replay:Multitool"},{"floor":10,"key":"Toxic Egg 2"},{"floor":13,"key":"Counterbalance"},{"floor":23,"key":"Blood Vial"}],"event_choices":[{"damage_healed":0,"gold_gain":275,"player_choice":"Desecrate","damage_taken":0,"max_hp_gain":0,"max_hp_loss":0,"event_name":"Golden Shrine","floor":5,"gold_loss":0,"cards_obtained":["Regret"]},{"damage_healed":0,"gold_gain":0,"player_choice":"Stole Relic","damage_taken":0,"relics_obtained":["Potion Belt"],"max_hp_gain":0,"max_hp_loss":0,"event_name":"Addict","floor":24,"gold_loss":0,"cards_obtained":["Shame"]}],"is_beta":false,"boss_relics":[{"not_picked":["Ring of Chaos","theDuelist:MillenniumKey"],"picked":"Philosopher\u0027s Stone"}],"items_purged_floors":[14,21],"is_endless":false,"potions_floor_spawned":[1,4,8,13,16,20,22],"killed_by":"theDuelist:KaibaA2","ascension_level":3}}