{"host":"lsq35p0sdkx2xifo","time":1613918880,"event":{"mods":["AchievementEnabler","BaseMod","Highlight Path","Minty Spire (QoL Compilation)","StSLib"],"gold_per_floor":[110,122,132,132,57,57,57,86,86,86,105,105,115,140,140,211,211,181,21,31,31,43,68,68,81,81,1,1,1,13,29,29,29,29],"floor_reached":33,"language":"ENG","playtime":1731,"items_purged":["Defend_G","Strike_G"],"score":499,"play_id":"081684d6-dc67-4da0-afc9-d9236e01ef68","local_time":"20210221064800","is_ascension_mode":true,"campfire_choices":[{"data":"Neutralize","floor":6,"key":"SMITH"},{"floor":10,"key":"REST"},{"data":"Cloak And Dagger","floor":12,"key":"SMITH"},{"data":"Phantasmal Killer","floor":15,"key":"SMITH"},{"floor":24,"key":"REST"},{"floor":29,"key":"REST"},{"floor":32,"key":"REST"}],"circlet_count":0,"master_deck":["AscendersBane","Strike_G","Defend_G","Defend_G","Defend_G","Defend_G","Survivor","Neutralize+1","Sucker Punch+1","Dagger Throw","Heel Hook","Blur","Cloak And Dagger+1","Backstab","Phantasmal Killer+1","After Image","Sucker Punch","Prepared","Blade Dance","Accuracy","Accuracy","Writhe","Heel Hook","Venomology+1"],"relics":["Ring of the Snake","Torii","CaptainsWheel","Question Card","Empty Cage","Lee\u0027s Waffle","HornCleat","The Courier","Toxic Egg 2"],"acts_visited":["Exordium","TheCity"],"potions_floor_usage":[11,14,30,30,31,33],"damage_taken":[{"damage":2,"enemies":"2 Louse","floor":1,"turns":3},{"damage":0,"enemies":"Small Slimes","floor":2,"turns":4},{"damage":0,"enemies":"Cultist","floor":3,"turns":3},{"damage":24,"enemies":"3 Sentries","floor":8,"turns":10},{"damage":0,"enemies":"2 Fungi Beasts","floor":11,"turns":4},{"damage":1,"enemies":"Large Slime","floor":13,"turns":6},{"damage":1,"enemies":"Lagavulin","floor":14,"turns":5},{"damage":61,"enemies":"Slime Boss","floor":16,"turns":16},{"damage":19,"enemies":"2 Thieves","floor":18,"turns":5},{"damage":1,"enemies":"Chosen","floor":20,"turns":5},{"damage":2,"enemies":"Centurion and Healer","floor":22,"turns":9},{"damage":74,"enemies":"Gremlin Leader","floor":23,"turns":12},{"damage":13,"enemies":"Snake Plant","floor":25,"turns":6},{"damage":15,"enemies":"Snecko","floor":30,"turns":5},{"damage":9,"enemies":"Centurion and Healer","floor":31,"turns":8},{"damage":36,"enemies":"Automaton","floor":33,"turns":6}],"seed_played":"-5592818184273133159","potions_obtained":[{"floor":1,"key":"FairyPotion"},{"floor":8,"key":"Weak Potion"},{"floor":13,"key":"PowerPotion"},{"floor":23,"key":"SpeedPotion"},{"floor":25,"key":"DistilledChaos"},{"floor":30,"key":"SpeedPotion"}],"is_trial":false,"path_per_floor":["M","M","M","?","$","R","?","E","T","R","M","R","M","E","R","B",null,"M","$","M","?","M","E","R","M","T","$","?","R","M","M","R","B"],"character_chosen":"THE_SILENT","items_purchased":["Lee\u0027s Waffle"],"campfire_rested":4,"item_purchase_floors":[19],"current_hp_per_floor":[63,63,63,56,56,56,56,32,32,53,53,53,52,51,51,11,57,38,79,78,78,76,2,25,12,12,12,12,35,20,11,34,0,0],"gold":29,"neow_bonus":"TEN_PERCENT_HP_BONUS","is_daily":false,"chose_seed":false,"campfire_upgraded":3,"win_rate":0.0,"timestamp":1613918880,"path_taken":["M","M","M","?","$","R","?","E","T","R","M","R","?","E","R","BOSS","M","$","M","?","M","E","R","M","T","$","?","R","M","M","R","BOSS"],"items_purchased_type":["Relic"],"build_version":"2020-12-22","purchased_purges":2,"victory":false,"max_hp_per_floor":[72,72,72,72,72,72,72,72,72,72,72,72,72,72,72,72,72,72,79,79,79,79,79,79,79,79,79,79,79,79,79,79,79,79],"card_choices":[{"not_picked":["Catalyst","Expertise"],"picked":"Sucker Punch","floor":1},{"not_picked":["Prepared","Slice"],"picked":"Dagger Throw","floor":2},{"not_picked":["Bane","Dagger Spray"],"picked":"Heel Hook","floor":3},{"not_picked":["PiercingWail","Bane"],"picked":"Blur","floor":8},{"not_picked":["Blade Dance","Slice"],"picked":"Cloak And Dagger","floor":11},{"not_picked":["Deflect","Outmaneuver"],"picked":"Backstab","floor":13},{"not_picked":["Bane","Underhanded Strike"],"picked":"Phantasmal Killer","floor":14},{"not_picked":["A Thousand Cuts","Malaise","Bullet Time"],"picked":"After Image","floor":16},{"not_picked":["Skewer","Terror","Outmaneuver"],"picked":"Sucker Punch","floor":18},{"not_picked":["Poisoned Stab","Quick Slash","Blade Dance"],"picked":"Prepared","floor":20},{"not_picked":["Calculated Gamble","PiercingWail","Acrobatics"],"picked":"Blade Dance","floor":22},{"not_picked":["Underhanded Strike","Grand Finale","Flying Knee"],"picked":"Accuracy","floor":23},{"not_picked":["Tactician+1","Well Laid Plans","Prepared"],"picked":"Accuracy","floor":25},{"not_picked":["Deflect+1","Skewer","Terror+1"],"picked":"Heel Hook","floor":30},{"not_picked":["Masterful Stab","PiercingWail+1","Dagger Spray"],"picked":"Venomology+1","floor":31}],"player_experience":1300060,"relics_obtained":[{"floor":8,"key":"Torii"},{"floor":9,"key":"CaptainsWheel"},{"floor":14,"key":"Question Card"},{"floor":23,"key":"HornCleat"},{"floor":26,"key":"The Courier"}],"event_choices":[{"cards_removed":["Strike_G"],"damage_healed":0,"gold_gain":0,"player_choice":"Card Removal","damage_taken":7,"max_hp_gain":0,"max_hp_loss":0,"event_name":"Golden Wing","floor":4,"gold_loss":0},{"damage_healed":0,"gold_gain":0,"player_choice":"Upgraded","damage_taken":0,"max_hp_gain":0,"max_hp_loss":0,"event_name":"Upgrade Shrine","floor":7,"gold_loss":0,"cards_upgraded":["Sucker Punch"]},{"damage_healed":0,"gold_gain":0,"player_choice":"Ignored","damage_taken":0,"max_hp_gain":0,"max_hp_loss":0,"event_name":"Ghosts","floor":21,"gold_loss":0},{"damage_healed":0,"gold_gain":0,"player_choice":"Opened","damage_taken":0,"relics_obtained":["Toxic Egg 2"],"max_hp_gain":0,"max_hp_loss":0,"event_name":"The Mausoleum","floor":28,"gold_loss":0,"cards_obtained":["Writhe"]}],"is_beta":false,"boss_relics":[{"not_picked":["WristBlade","Busted Crown"],"picked":"Empty Cage"}],"items_purged_floors":[5,27],"is_endless":false,"potions_floor_spawned":[1,8,13,23,25,30],"killed_by":"Automaton","ascension_level":16}}