{"host":"8dojo26n353y1ich","time":1613886810,"event":{"mods":["AchievementEnabler","BaseMod","Colored Powertips","Minty Spire (QoL Compilation)","Quick Restart","StSLib"],"gold_per_floor":[115,190,115,115,115,115,135,178,178,202,220,220,220,234,234,234,234],"floor_reached":16,"language":"ENG","playtime":379,"items_purged":["Strike_B"],"score":120,"play_id":"c00c072e-cec5-4723-b065-8648ba35e9e7","local_time":"20210220235330","is_ascension_mode":true,"campfire_choices":[{"floor":6,"key":"REST"},{"floor":13,"key":"REST"},{"data":"Zap","floor":15,"key":"SMITH"}],"circlet_count":0,"master_deck":["Strike_B","Strike_B","Strike_B","Defend_B","Defend_B","Defend_B","Zap+1","Dualcast","Static Discharge","Sunder","White Noise","Gash","Go for the Eyes","Cold Snap"],"relics":["Cracked Core","Golden Idol","Happy Flower","Lantern"],"acts_visited":["Exordium"],"potions_floor_usage":[11,11],"damage_taken":[{"damage":10,"enemies":"Small Slimes","floor":1,"turns":3},{"damage":0,"enemies":"2 Louse","floor":7,"turns":2},{"damage":30,"enemies":"Lagavulin","floor":8,"turns":7},{"damage":7,"enemies":"Jaw Worm","floor":10,"turns":3},{"damage":21,"enemies":"Exordium Thugs","floor":11,"turns":4},{"damage":14,"enemies":"Lots of Slimes","floor":14,"turns":2},{"damage":16,"enemies":"Slime Boss","floor":16,"turns":3}],"seed_played":"8265562928284189674","potions_obtained":[{"floor":8,"key":"Swift Potion"},{"floor":10,"key":"Weak Potion"}],"is_trial":false,"path_per_floor":["M","?","$","?","?","R","M","E","T","M","M","T","R","M","R","B"],"character_chosen":"DEFECT","items_purchased":[],"campfire_rested":2,"item_purchase_floors":[],"current_hp_per_floor":[65,54,54,59,39,63,63,33,33,26,5,5,29,15,15,0,0],"gold":234,"neow_bonus":"REMOVE_CARD","is_daily":false,"chose_seed":false,"campfire_upgraded":1,"win_rate":0.0,"timestamp":1613886810,"path_taken":["M","?","$","?","?","R","?","E","T","M","M","?","R","M","R","BOSS"],"items_purchased_type":[],"build_version":"2020-12-22","purchased_purges":1,"victory":false,"max_hp_per_floor":[75,75,75,80,80,80,80,80,80,80,80,80,80,80,80,80,80],"card_choices":[{"not_picked":["Barrage","Turbo"],"picked":"Static Discharge","floor":1},{"not_picked":["Skim","BootSequence"],"picked":"Sunder","floor":7},{"not_picked":["Turbo","Blizzard"],"picked":"White Noise","floor":8},{"not_picked":["Streamline","Aggregate"],"picked":"Gash","floor":10},{"not_picked":["Stack","Streamline"],"picked":"Go for the Eyes","floor":11},{"not_picked":["Fusion","Tempest"],"picked":"Cold Snap","floor":14}],"player_experience":210266,"relics_obtained":[{"floor":8,"key":"Happy Flower"},{"floor":12,"key":"Lantern"}],"event_choices":[{"damage_healed":0,"gold_gain":75,"player_choice":"Gather Gold","damage_taken":11,"max_hp_gain":0,"max_hp_loss":0,"event_name":"World of Goop","floor":2,"gold_loss":0},{"damage_healed":0,"gold_gain":0,"player_choice":"Donut","damage_taken":0,"max_hp_gain":5,"max_hp_loss":0,"event_name":"Big Fish","floor":4,"gold_loss":0},{"damage_healed":0,"gold_gain":0,"player_choice":"Take Damage","damage_taken":20,"relics_obtained":["Golden Idol"],"max_hp_gain":0,"max_hp_loss":0,"event_name":"Golden Idol","floor":5,"gold_loss":0}],"is_beta":false,"boss_relics":[],"items_purged_floors":[3],"is_endless":false,"potions_floor_spawned":[8,10],"killed_by":"Slime Boss","ascension_level":4}}