{"host":"CottonTail234","time":1613880096,"event":{"mods":["BaseMod","Colored Map","Minty Spire (QoL Compilation)","StSLib"],"gold_per_floor":[20,20,36,56,74,112,112,147,159,185,197,238,264,291,303,405,417,465,498,534,559,594,606,618,618],"floor_reached":24,"language":"ENG","playtime":1566,"items_purged":[],"score":520,"play_id":"9e219bc7-af73-443f-9021-8061d9b42df9","local_time":"20210220210136","is_ascension_mode":true,"campfire_choices":[{"floor":7,"key":"REST"},{"floor":15,"key":"REST"},{"data":"ForeignInfluence","floor":23,"key":"SMITH"}],"circlet_count":0,"master_deck":["AscendersBane","Strike_P","Strike_P","Strike_P","Strike_P","Defend_P","Defend_P","Defend_P","Defend_P","Eruption","Vigilance","Crescendo","Consecrate","Indignation","EmptyBody","ForeignInfluence+1","ForeignInfluence+1","ThirdEye","FlyingSleeves","ClearTheMind","Ragnarok","TalkToTheHand","ClearTheMind+1","CrushJoints+1","Protect"],"relics":["PureWater","FossilizedHelix","Golden Idol","Happy Flower","MawBank","Ornamental Fan","Odd Mushroom","Velvet Choker"],"acts_visited":["Exordium","TheCity"],"potions_floor_usage":[6,22],"damage_taken":[{"damage":0,"enemies":"2 Louse","floor":1,"turns":2},{"damage":0,"enemies":"Small Slimes","floor":3,"turns":4},{"damage":0,"enemies":"Cultist","floor":4,"turns":4},{"damage":0,"enemies":"Looter","floor":5,"turns":2},{"damage":28,"enemies":"3 Sentries","floor":6,"turns":8},{"damage":0,"enemies":"Gremlin Nob","floor":8,"turns":2},{"damage":6,"enemies":"2 Fungi Beasts","floor":10,"turns":3},{"damage":15,"enemies":"The Mushroom Lair","floor":12,"turns":3},{"damage":0,"enemies":"3 Louse","floor":13,"turns":2},{"damage":0,"enemies":"Blue Slaver","floor":14,"turns":4},{"damage":0,"enemies":"Slime Boss","floor":16,"turns":6},{"damage":0,"enemies":"Chosen","floor":18,"turns":4},{"damage":0,"enemies":"Shell Parasite","floor":19,"turns":3},{"damage":17,"enemies":"Snake Plant","floor":20,"turns":4},{"damage":9,"enemies":"Centurion and Healer","floor":21,"turns":3},{"damage":0,"enemies":"Shelled Parasite and Fungi","floor":22,"turns":3},{"damage":37,"enemies":"Gremlin Leader","floor":24,"turns":4}],"seed_played":"-4879914014573916123","potions_obtained":[{"floor":1,"key":"SpeedPotion"},{"floor":5,"key":"Block Potion"},{"floor":10,"key":"Ancient Potion"},{"floor":19,"key":"Explosive Potion"}],"is_trial":false,"path_per_floor":["M","?","M","M","M","E","R","E","T","M","?","?","M","M","R","B",null,"M","M","M","M","M","R","E"],"character_chosen":"WATCHER","items_purchased":[],"campfire_rested":2,"item_purchase_floors":[],"current_hp_per_floor":[61,38,38,38,38,10,30,30,30,24,24,9,9,9,29,29,58,58,58,41,32,32,32,0,0],"gold":618,"neow_bonus":"ONE_RARE_RELIC","is_daily":false,"chose_seed":false,"campfire_upgraded":1,"win_rate":0.0,"timestamp":1613880096,"path_taken":["M","?","M","M","M","E","R","E","T","M","?","?","M","M","R","BOSS","M","M","M","M","M","R","E"],"items_purchased_type":[],"build_version":"2020-12-18","purchased_purges":0,"victory":false,"max_hp_per_floor":[68,68,68,68,68,68,68,68,68,68,68,68,68,68,68,68,68,68,68,68,68,68,68,68,68],"card_choices":[{"not_picked":["SandsOfTime","PathToVictory"],"picked":"Crescendo","floor":1},{"not_picked":["Sanctity","CutThroughFate"],"picked":"Consecrate","floor":3},{"not_picked":["Halt","Collect"],"picked":"Indignation","floor":4},{"not_picked":["PathToVictory","MentalFortress"],"picked":"EmptyBody","floor":5},{"not_picked":["ReachHeaven","Vengeance"],"picked":"ForeignInfluence","floor":6},{"not_picked":["Consecrate","SandsOfTime"],"picked":"ForeignInfluence","floor":8},{"not_picked":["FollowUp","Protect"],"picked":"ThirdEye","floor":10},{"not_picked":["Evaluate","JustLucky"],"picked":"FlyingSleeves","floor":12},{"not_picked":["Pray","SandsOfTime","EmptyBody"],"picked":"SKIP","floor":13},{"not_picked":["Protect","CrushJoints"],"picked":"ClearTheMind","floor":14},{"not_picked":["DevaForm","Wish"],"picked":"Ragnarok","floor":16},{"not_picked":["Swivel","ClearTheMind"],"picked":"TalkToTheHand","floor":18},{"not_picked":["Halt","Consecrate","JustLucky"],"picked":"SKIP","floor":19},{"not_picked":["Judgement","BattleHymn"],"picked":"ClearTheMind+1","floor":20},{"not_picked":["JustLucky","Nirvana"],"picked":"CrushJoints+1","floor":21},{"not_picked":["FollowUp","Halt"],"picked":"Protect","floor":22}],"player_experience":2209688,"relics_obtained":[{"floor":6,"key":"Happy Flower"},{"floor":8,"key":"MawBank"},{"floor":9,"key":"Ornamental Fan"},{"floor":12,"key":"Odd Mushroom"}],"event_choices":[{"damage_healed":0,"gold_gain":0,"player_choice":"Take Damage","damage_taken":23,"relics_obtained":["Golden Idol"],"max_hp_gain":0,"max_hp_loss":0,"event_name":"Golden Idol","floor":2,"gold_loss":0},{"damage_healed":0,"gold_gain":0,"player_choice":"Grow","damage_taken":0,"max_hp_gain":0,"max_hp_loss":0,"event_name":"Living Wall","floor":11,"gold_loss":0,"cards_upgraded":["ForeignInfluence"]},{"damage_healed":0,"gold_gain":0,"player_choice":"Fought Mushrooms","damage_taken":0,"max_hp_gain":0,"max_hp_loss":0,"event_name":"Mushrooms","floor":12,"gold_loss":0}],"is_beta":true,"boss_relics":[{"not_picked":["Runic Pyramid","SacredBark"],"picked":"Velvet Choker"}],"items_purged_floors":[],"is_endless":false,"potions_floor_spawned":[1,5,10,12,16,18,19,21],"killed_by":"Gremlin Leader","ascension_level":16}}