{"host":"pqs17sqrgflf4eqa","time":1613887250,"event":{"mods":["AchievementEnabler","BaseMod","Bestiary","Better Altar","Better Match","Better Sensory Stone","Better Skull","Better Third Choice","Block Reminder","Bossed Relics","Colored Map","Colored Powertips","Curses Come First","Dark Map","DeckTracker","Defective Defect","Displayed Cursed Tome","Emptier Cage","Googly Eyes","Highlight Path","Minty Spire (QoL Compilation)","Permanent Neow","Poor People Problems","Quick Restart","Slay-I","StSLib","SuperFastMode","Synergy Search","Thieving Mod","Transform Curses","everything is the same but u backflip on backflip","slay the spire mod where everything is the same but ironclad has a cowboy hat"],"gold_per_floor":[365,20,39,58,73,73,102,119,119,119,133,133,133,149,149,149,149],"floor_reached":16,"language":"ENG","playtime":267,"items_purged":[],"score":129,"play_id":"b24e8960-4dea-46b1-8df7-d6f422190e53","local_time":"20210221010050","is_ascension_mode":false,"campfire_choices":[{"data":"Eruption","floor":6,"key":"SMITH"},{"floor":12,"key":"REST"},{"data":"WheelKick","floor":15,"key":"SMITH"}],"circlet_count":0,"master_deck":["Strike_P","Strike_P","Strike_P","Strike_P","Defend_P","Defend_P","Defend_P+1","Defend_P","Eruption+1","Vigilance","Injury","Tantrum","CutThroughFate","Conclude","ClearTheMind+1","Tantrum","MentalFortress+1","FollowUp","WheelKick+1"],"relics":["PureWater","Letter Opener","Ancient Tea Set","Boot"],"acts_visited":["Exordium"],"potions_floor_usage":[5,7,7,16],"damage_taken":[{"damage":1,"enemies":"Cultist","floor":1,"turns":3},{"damage":1,"enemies":"Jaw Worm","floor":3,"turns":3},{"damage":0,"enemies":"2 Louse","floor":4,"turns":2},{"damage":26,"enemies":"Exordium Thugs","floor":5,"turns":2},{"damage":0,"enemies":"Lagavulin","floor":7,"turns":2},{"damage":0,"enemies":"Large Slime","floor":8,"turns":4},{"damage":16,"enemies":"Exordium Wildlife","floor":11,"turns":3},{"damage":2,"enemies":"Blue Slaver","floor":14,"turns":2},{"damage":48,"enemies":"The Guardian","floor":16,"turns":9}],"seed_played":"604545976041245940","potions_obtained":[{"floor":3,"key":"Swift Potion"},{"floor":4,"key":"Weak Potion"},{"floor":5,"key":"DistilledChaos"}],"is_trial":false,"path_per_floor":["M","$","M","M","M","R","E","M","T","?","M","R","?","M","R","B"],"character_chosen":"WATCHER","items_purchased":["Letter Opener","CutThroughFate","Explosive Potion"],"campfire_rested":1,"item_purchase_floors":[2,2,2],"current_hp_per_floor":[71,71,70,70,44,44,44,44,44,30,14,35,35,33,33,0,0],"gold":149,"neow_bonus":"TWO_FIFTY_GOLD","is_daily":false,"chose_seed":true,"campfire_upgraded":2,"win_rate":0.0,"timestamp":1613887250,"path_taken":["M","$","M","M","M","R","E","M","T","?","M","R","?","M","R","BOSS"],"items_purchased_type":["Relic","Card","Potion"],"build_version":"2020-12-22","purchased_purges":0,"victory":false,"max_hp_per_floor":[72,72,72,72,72,72,72,72,72,72,72,72,72,72,72,72,72],"card_choices":[{"not_picked":["Halt","Protect"],"picked":"Tantrum","floor":1},{"not_picked":["Evaluate","JustLucky"],"picked":"Conclude","floor":3},{"not_picked":["PathToVictory","Crescendo"],"picked":"ClearTheMind","floor":4},{"not_picked":["FlurryOfBlows","SashWhip"],"picked":"Tantrum","floor":5},{"not_picked":["ThirdEye","Collect","Pray"],"picked":"SKIP","floor":7},{"not_picked":["JustLucky","Evaluate"],"picked":"MentalFortress","floor":8},{"not_picked":["FlyingSleeves","LessonLearned"],"picked":"FollowUp","floor":11},{"not_picked":["JustLucky","LikeWater"],"picked":"WheelKick","floor":14}],"player_experience":148233,"relics_obtained":[{"floor":7,"key":"Ancient Tea Set"},{"floor":9,"key":"Boot"}],"event_choices":[{"damage_healed":44,"gold_gain":0,"player_choice":"Upgrade","damage_taken":14,"max_hp_gain":0,"max_hp_loss":72,"event_name":"betterThird:BetterShining","floor":10,"gold_loss":0,"cards_upgraded":["Defend_P","ClearTheMind"]},{"damage_healed":0,"gold_gain":0,"player_choice":"Upgraded","damage_taken":0,"max_hp_gain":0,"max_hp_loss":0,"event_name":"Upgrade Shrine","floor":13,"gold_loss":0,"cards_upgraded":["MentalFortress"]}],"is_beta":false,"boss_relics":[],"items_purged_floors":[],"is_endless":false,"potions_floor_spawned":[3,4,5],"killed_by":"The Guardian","ascension_level":0}}