{"host":"rkc66x5lvwcew90n","time":1613938652,"event":{"mods":["BaseMod","Hermit","Koishi","Marisa????????","Minty Spire (QoL Compilation)","StSLib","SuperFastMode","The Servant 0.9.4"],"gold_per_floor":[113,113,113,113,77,104,124,124,124,155,155,29,49,72,72,175,175,190,190,208,219,219,250,250,265,292,308,308,308,325,325,325,423,423,443,455,124,134,180,180,215,215,215,231,245,276,130,144,144,144],"floor_reached":51,"language":"ENG","playtime":2952,"items_purged":["Strike_B","Strike_B+1"],"score":796,"play_id":"b0bbc850-9ebf-435d-9fbc-499bff11f805","local_time":"20210221121732","is_ascension_mode":true,"campfire_choices":[{"data":"Defragment","floor":8,"key":"SMITH"},{"floor":15,"key":"REST"},{"floor":24,"key":"REST"},{"data":"Loop","floor":28,"key":"SMITH"},{"data":"Loop","floor":32,"key":"SMITH"},{"floor":40,"key":"REST"},{"data":"Creative AI","floor":49,"key":"SMITH"}],"circlet_count":0,"master_deck":["Strike_B+1","Strike_B+1","Defend_B+1","Defend_B+1","Defend_B+1","Zap+1","Dualcast","Cold Snap","Defragment+1","Conserve Battery+1","Loop+1","Coolheaded+1","Glacier+1","Storm","Amplify+1","Darkness+1","Ball Lightning","Amplify+1","Conserve Battery+1","Redo+1","Seek+1","Loop+1","Cold Snap","Creative AI+1","Chill+1","Defragment","Chaos+1","Bandage Up+1","Capacitor","Heatsinks+1","Double Energy+1","Seek+1","Machine Learning"],"relics":["Cracked Core","Bag of Preparation","Toxic Egg 2","Blood Vial","Ancient Tea Set","Dream Catcher","Runic Dome","Matryoshka","Omamori","Anchor","Oddly Smooth Stone","Black Star","FossilizedHelix","Ornamental Fan","Strawberry","Toy Ornithopter","Bird Faced Urn","Mummified Hand","Boot","DollysMirror"],"acts_visited":["Exordium","TheCity","TheBeyond"],"potions_floor_usage":[10,50],"damage_taken":[{"damage":1,"enemies":"Cultist","floor":1,"turns":4},{"damage":20,"enemies":"3 Sentries","floor":6,"turns":8},{"damage":0,"enemies":"Small Slimes","floor":7,"turns":3},{"damage":14,"enemies":"Lagavulin","floor":10,"turns":5},{"damage":1,"enemies":"Jaw Worm","floor":13,"turns":3},{"damage":8,"enemies":"The Guardian","floor":16,"turns":12},{"damage":8,"enemies":"Chosen","floor":18,"turns":5},{"damage":0,"enemies":"3 Byrds","floor":20,"turns":4},{"damage":0,"enemies":"Centurion and Healer","floor":21,"turns":4},{"damage":43,"enemies":"Gremlin Leader","floor":23,"turns":10},{"damage":9,"enemies":"Snake Plant","floor":25,"turns":3},{"damage":0,"enemies":"Snecko","floor":27,"turns":5},{"damage":0,"enemies":"Shelled Parasite and Fungi","floor":30,"turns":3},{"damage":34,"enemies":"Champ","floor":33,"turns":9},{"damage":34,"enemies":"3 Darklings","floor":35,"turns":5},{"damage":0,"enemies":"Orb Walker","floor":36,"turns":4},{"damage":0,"enemies":"Jaw Worm Horde","floor":38,"turns":5},{"damage":22,"enemies":"2 Orb Walkers","floor":39,"turns":4},{"damage":9,"enemies":"Nemesis","floor":41,"turns":7},{"damage":10,"enemies":"Writhing Mass","floor":44,"turns":4},{"damage":0,"enemies":"Sphere and 2 Shapes","floor":45,"turns":4},{"damage":60,"enemies":"Reptomancer","floor":46,"turns":6},{"damage":0,"enemies":"Transient","floor":48,"turns":5},{"damage":35,"enemies":"Awakened One","floor":50,"turns":5}],"seed_played":"-7109364445039486541","potions_obtained":[{"floor":10,"key":"Fruit Juice"},{"floor":13,"key":"SmokeBomb"},{"floor":16,"key":"Weak Potion"},{"floor":20,"key":"SteroidPotion"},{"floor":25,"key":"FearPotion"},{"floor":27,"key":"FairyPotion"},{"floor":33,"key":"SkillPotion"},{"floor":36,"key":"DistilledChaos"}],"is_trial":false,"path_per_floor":["M","?","?","?","$","E","M","R","T","E","$","$","M","T","R","B",null,"M","?","M","M","T","E","R","M","T","M","R","?","M","?","R","B",null,"M","M","$","M","?","R","E","?","T","M","M","E","$","M","R","B",null],"character_chosen":"DEFECT","items_purchased":["Defragment","Coolheaded+1","Defragment","Chaos+1","Bandage Up+1","DollysMirror"],"campfire_rested":3,"item_purchase_floors":[5,12,37,37,37,47],"current_hp_per_floor":[74,67,67,67,67,47,47,47,47,40,40,40,41,41,65,59,80,72,72,74,76,76,35,59,52,52,54,54,54,56,61,61,29,80,46,48,48,56,36,60,66,66,66,86,87,55,55,87,87,87],"gold":144,"neow_bonus":"RANDOM_COMMON_RELIC","is_daily":false,"chose_seed":false,"campfire_upgraded":4,"win_rate":0.0,"timestamp":1613938652,"path_taken":["M","?","?","?","?","E","?","R","T","E","?","$","M","?","R","BOSS","M","?","M","M","?","E","R","?","T","M","R","?","M","?","R","BOSS","M","?","$","M","?","R","E","?","T","?","M","E","$","M","R","BOSS"],"items_purchased_type":["Card","Card","Card","Card","Card","Relic"],"build_version":"2020-12-22","purchased_purges":2,"victory":true,"max_hp_per_floor":[75,75,75,75,75,75,75,75,75,80,80,80,80,80,80,80,80,80,80,80,80,80,80,80,80,80,80,80,80,80,80,80,80,80,80,80,80,80,80,80,87,87,87,87,87,87,87,87,87,87],"card_choices":[{"not_picked":["FTL","Redo"],"picked":"Cold Snap","floor":1},{"not_picked":["Self Repair","Hologram+1"],"picked":"Conserve Battery+1","floor":6},{"not_picked":["Reinforced Body+1","Sweeping Beam"],"picked":"Beam Cell","floor":7},{"not_picked":["Storm","Compile Driver"],"picked":"Loop","floor":10},{"not_picked":["Turbo+1","Rebound"],"picked":"Glacier+1","floor":13},{"not_picked":["Sweeping Beam","Tempest+1"],"picked":"Storm","floor":15},{"not_picked":["All For One","Biased Cognition"],"picked":"Amplify+1","floor":16},{"not_picked":["Beam Cell+1","Leap+1"],"picked":"Darkness+1","floor":18},{"not_picked":["Turbo+1","Streamline+1"],"picked":"Ball Lightning","floor":20},{"not_picked":["Steam+1","Rip and Tear"],"picked":"Amplify+1","floor":21},{"not_picked":["Compile Driver","Glacier+1","Stack+1"],"picked":"SKIP","floor":23},{"not_picked":["Streamline","Compile Driver"],"picked":"Conserve Battery+1","floor":24},{"not_picked":["Leap+1","Cold Snap"],"picked":"Redo+1","floor":25},{"not_picked":["Barrage","Beam Cell"],"picked":"Seek+1","floor":27},{"not_picked":["Doom and Gloom","Gash"],"picked":"Cold Snap","floor":30},{"not_picked":["Hyperbeam","Core Surge"],"picked":"Creative AI","floor":33},{"not_picked":["Coolheaded+1","Melter"],"picked":"Chill+1","floor":35},{"not_picked":["Steam+1","Undo+1","Turbo+1"],"picked":"SKIP","floor":36},{"not_picked":["Beam Cell+1","Lockon+1"],"picked":"Capacitor","floor":38},{"not_picked":["Rip and Tear","Beam Cell+1"],"picked":"Heatsinks+1","floor":39},{"not_picked":["Multi-Cast+1","Rebound+1"],"picked":"Double Energy+1","floor":41},{"not_picked":["Coolheaded+1","Sweeping Beam+1","Doom and Gloom"],"picked":"SKIP","floor":44},{"not_picked":["FTL+1","Leap+1","Ball Lightning+1"],"picked":"SKIP","floor":45},{"not_picked":["Melter","Turbo+1","Conserve Battery+1"],"picked":"SKIP","floor":46},{"not_picked":["Go for the Eyes","Leap+1"],"picked":"Machine Learning","floor":48}],"player_experience":285595,"relics_obtained":[{"floor":6,"key":"Toxic Egg 2"},{"floor":9,"key":"Blood Vial"},{"floor":10,"key":"Ancient Tea Set"},{"floor":14,"key":"Dream Catcher"},{"floor":22,"key":"Matryoshka"},{"floor":23,"key":"Omamori"},{"floor":26,"key":"Anchor"},{"floor":26,"key":"Oddly Smooth Stone"},{"floor":39,"key":"FossilizedHelix"},{"floor":41,"key":"Ornamental Fan"},{"floor":41,"key":"Strawberry"},{"floor":43,"key":"Toy Ornithopter"},{"floor":43,"key":"Bird Faced Urn"},{"floor":46,"key":"Mummified Hand"},{"floor":46,"key":"Boot"}],"event_choices":[{"cards_removed":["Defend_B"],"damage_healed":0,"gold_gain":0,"player_choice":"Card Removal","damage_taken":7,"max_hp_gain":0,"max_hp_loss":0,"event_name":"Golden Wing","floor":2,"gold_loss":0},{"damage_healed":0,"gold_gain":0,"player_choice":"Grow","damage_taken":0,"max_hp_gain":0,"max_hp_loss":0,"event_name":"Living Wall","floor":3,"gold_loss":0,"cards_upgraded":["Zap"]},{"damage_healed":0,"gold_gain":0,"player_choice":"Ignored","damage_taken":0,"max_hp_gain":0,"max_hp_loss":0,"event_name":"Liars Game","floor":4,"gold_loss":0},{"damage_healed":0,"gold_gain":0,"player_choice":"Simplicity","damage_taken":0,"max_hp_gain":0,"max_hp_loss":0,"event_name":"Back to Basics","floor":19,"gold_loss":0,"cards_upgraded":["Strike_B","Strike_B","Strike_B","Defend_B","Defend_B","Defend_B"]},{"damage_healed":0,"gold_gain":0,"player_choice":"Read","damage_taken":0,"max_hp_gain":0,"max_hp_loss":0,"event_name":"The Library","floor":29,"gold_loss":0,"cards_obtained":["Loop"]},{"cards_removed":["Beam Cell"],"damage_healed":5,"gold_gain":0,"player_choice":"Offered Common","damage_taken":0,"max_hp_gain":0,"max_hp_loss":0,"event_name":"Bonfire Elementals","floor":31,"gold_loss":0},{"cards_removed":["Beam Cell"],"damage_healed":5,"gold_gain":0,"player_choice":"Offered Special","damage_taken":0,"max_hp_gain":0,"max_hp_loss":0,"event_name":"Bonfire Elementals","floor":31,"gold_loss":0},{"damage_healed":0,"gold_gain":0,"player_choice":"Fight","damage_taken":0,"max_hp_gain":0,"max_hp_loss":0,"event_name":"Mysterious Sphere","floor":39,"gold_loss":0},{"damage_healed":0,"gold_gain":0,"player_choice":"Bought 0 Potions","damage_taken":0,"max_hp_gain":0,"max_hp_loss":0,"event_name":"The Woman in Blue","floor":42,"gold_loss":0}],"is_beta":false,"boss_relics":[{"not_picked":["Coffee Dripper","Philosopher\u0027s Stone"],"picked":"Runic Dome"},{"not_picked":["Snecko Eye","Calling Bell"],"picked":"Black Star"}],"items_purged_floors":[12,37],"is_endless":false,"potions_floor_spawned":[10,13,16,20,25,27,33,36,39,41,46],"ascension_level":1}}