{"host":"5h6e4l6hpn0p5lap","time":1613943605,"event":{"mods":["AchievementEnabler","BaseMod","Better Altar","Better Match","Better Sensory Stone","Better Skull","Better Third Choice","Colored Map","Filter the Spire","Minty Spire (QoL Compilation)","StSLib"],"gold_per_floor":[118,137,137,137,189,201,253,302,314,394,437,449,461,87,87,186,186,204,240,279,289,44,44,44,44,44,64,100,100,100,100,100,197,197,211,271,271,271],"floor_reached":37,"language":"ENG","playtime":1612,"items_purged":["Strike_G","Strike_G"],"score":560,"play_id":"881b8e71-4928-49eb-8984-ca15a21cb16e","local_time":"20210221164005","is_ascension_mode":true,"campfire_choices":[{"data":"Dodge and Roll","floor":6,"key":"SMITH"},{"floor":12,"key":"REST"},{"data":"Well Laid Plans","floor":15,"key":"SMITH"},{"floor":23,"key":"REST"},{"data":"Glass Knife","floor":25,"key":"SMITH"},{"data":"Catalyst","floor":30,"key":"SMITH"},{"data":"Deadly Poison","floor":32,"key":"SMITH"}],"circlet_count":0,"master_deck":["AscendersBane","Strike_G","Strike_G","Defend_G","Defend_G","Defend_G","Survivor","Neutralize","Glass Knife+1","Predator","Dodge and Roll+1","HandOfGreed","Deadly Poison+1","Deflect","Well Laid Plans+1","Masterful Stab","Noxious Fumes+1","Malaise","Poisoned Stab","Corpse Explosion","Deflect+1","Dagger Spray+1","Caltrops+1","Outmaneuver+1","Catalyst+1","Night Terror","Crippling Poison"],"relics":["Ring of the Snake","MawBank","Frozen Egg 2","Eternal Feather","OrangePellets","Calling Bell","Toy Ornithopter","Blue Candle","Gambling Chip","Akabeko","HornCleat","Question Card","Snecko Eye"],"acts_visited":["Exordium","TheCity","TheBeyond"],"potions_floor_usage":[7,14,16,18,33,37],"damage_taken":[{"damage":0,"enemies":"Small Slimes","floor":1,"turns":4},{"damage":0,"enemies":"Jaw Worm","floor":2,"turns":3},{"damage":3,"enemies":"2 Louse","floor":5,"turns":2},{"damage":2,"enemies":"Gremlin Gang","floor":7,"turns":5},{"damage":13,"enemies":"Lots of Slimes","floor":8,"turns":5},{"damage":22,"enemies":"3 Sentries","floor":10,"turns":10},{"damage":7,"enemies":"Looter","floor":11,"turns":2},{"damage":8,"enemies":"The Guardian","floor":16,"turns":9},{"damage":24,"enemies":"Spheric Guardian","floor":18,"turns":4},{"damage":0,"enemies":"Chosen","floor":19,"turns":5},{"damage":24,"enemies":"Snecko","floor":20,"turns":7},{"damage":17,"enemies":"Snake Plant","floor":21,"turns":4},{"damage":7,"enemies":"Centurion and Healer","floor":27,"turns":5},{"damage":3,"enemies":"Snecko","floor":28,"turns":6},{"damage":68,"enemies":"Automaton","floor":33,"turns":10},{"damage":16,"enemies":"Orb Walker","floor":35,"turns":4},{"damage":10,"enemies":"3 Shapes","floor":36,"turns":3},{"damage":36,"enemies":"Spire Growth","floor":37,"turns":4}],"seed_played":"1726623325299459982","potions_obtained":[{"floor":2,"key":"SkillPotion"},{"floor":16,"key":"Poison Potion"},{"floor":20,"key":"AttackPotion"},{"floor":36,"key":"BlessingOfTheForge"}],"is_trial":false,"path_per_floor":["M","M","?","T","M","R","M","M","T","E","M","R","?","$","R","B",null,"M","M","M","M","$","R","?","R","T","M","M","?","R","?","R","B",null,"M","M","M"],"character_chosen":"THE_SILENT","items_purchased":["OrangePellets","Poisoned Stab","EntropicBrew","Akabeko"],"campfire_rested":2,"item_purchase_floors":[14,14,14,22],"current_hp_per_floor":[63,63,63,63,60,60,58,45,45,23,16,49,49,49,61,53,66,47,47,23,6,6,39,62,70,70,63,60,60,70,70,70,4,54,38,28,0,0],"gold":271,"neow_bonus":"TRANSFORM_CARD","is_daily":false,"chose_seed":false,"campfire_upgraded":5,"win_rate":0.0,"timestamp":1613943605,"path_taken":["M","M","?","?","M","R","M","M","T","E","M","R","?","$","R","BOSS","M","?","?","M","$","R","?","R","T","M","M","?","R","?","R","BOSS","M","?","M"],"items_purchased_type":["Relic","Card","Potion","Relic"],"build_version":"2020-12-22","purchased_purges":2,"victory":false,"max_hp_per_floor":[70,70,70,70,70,70,70,70,70,70,70,70,70,70,70,70,70,70,70,70,70,70,70,70,70,70,70,70,70,70,70,70,70,70,70,70,70,70],"card_choices":[{"not_picked":["Outmaneuver","Footwork"],"picked":"Predator","floor":1},{"not_picked":["Acrobatics","Crippling Poison"],"picked":"Dodge and Roll","floor":2},{"not_picked":["Enlightenment","Dramatic Entrance"],"picked":"HandOfGreed","floor":3},{"not_picked":["Dagger Spray","Setup"],"picked":"Deadly Poison","floor":5},{"not_picked":["Concentrate","Dagger Throw"],"picked":"Deflect","floor":7},{"not_picked":["Outmaneuver","Infinite Blades"],"picked":"Well Laid Plans","floor":8},{"not_picked":["PiercingWail","Sucker Punch"],"picked":"Masterful Stab","floor":10},{"not_picked":["Dodge and Roll","PiercingWail"],"picked":"Noxious Fumes+1","floor":11},{"not_picked":["Grand Finale","Storm of Steel"],"picked":"Corpse Explosion","floor":16},{"not_picked":["Backstab","Dodge and Roll+1"],"picked":"Deflect+1","floor":18},{"not_picked":["Slice+1","Crippling Poison"],"picked":"Dagger Spray+1","floor":19},{"not_picked":["Flying Knee+1","Acrobatics"],"picked":"Caltrops+1","floor":20},{"not_picked":["Slice","All Out Attack+1","Sucker Punch"],"picked":"SKIP","floor":21},{"not_picked":["Deflect","Slice"],"picked":"Outmaneuver+1","floor":27},{"not_picked":["Flechettes","Escape Plan"],"picked":"Catalyst","floor":28},{"not_picked":["Malaise","Bullet Time","Adrenaline"],"picked":"Night Terror","floor":33},{"not_picked":["Poisoned Stab+1","Sucker Punch","Slice","Cloak And Dagger+1"],"picked":"SKIP","floor":35},{"not_picked":["Quick Slash+1","Dagger Throw","Cloak And Dagger"],"picked":"Crippling Poison","floor":36}],"player_experience":1155987,"relics_obtained":[{"floor":4,"key":"MawBank"},{"floor":9,"key":"Frozen Egg 2"},{"floor":10,"key":"Eternal Feather"},{"floor":17,"key":"Toy Ornithopter"},{"floor":17,"key":"Blue Candle"},{"floor":17,"key":"Gambling Chip"},{"floor":26,"key":"HornCleat"}],"event_choices":[{"damage_healed":0,"gold_gain":1,"player_choice":"1","damage_taken":0,"max_hp_gain":0,"max_hp_loss":0,"event_name":"betterStone:BetterStone","floor":3,"gold_loss":0},{"damage_healed":0,"gold_gain":0,"cards_transformed":["Strike_G"],"player_choice":"Transformed","damage_taken":0,"max_hp_gain":0,"max_hp_loss":0,"event_name":"Transmorgrifier","floor":13,"gold_loss":0,"cards_obtained":["Malaise"]},{"damage_healed":23,"gold_gain":0,"player_choice":"Heal","damage_taken":0,"max_hp_gain":0,"max_hp_loss":0,"event_name":"The Library","floor":24,"gold_loss":0},{"damage_healed":0,"gold_gain":0,"player_choice":"Opened","damage_taken":0,"relics_obtained":["Question Card"],"max_hp_gain":0,"max_hp_loss":0,"event_name":"The Mausoleum","floor":29,"gold_loss":0},{"cards_removed":["Defend_G"],"damage_healed":0,"gold_gain":0,"player_choice":"Offered Basic","damage_taken":0,"max_hp_gain":0,"max_hp_loss":0,"event_name":"Bonfire Elementals","floor":31,"gold_loss":0}],"is_beta":false,"boss_relics":[{"not_picked":["WristBlade","Philosopher\u0027s Stone"],"picked":"Calling Bell"},{"not_picked":["Tiny House","Coffee Dripper"],"picked":"Snecko Eye"}],"items_purged_floors":[14,22],"is_endless":false,"potions_floor_spawned":[2,16,20,28,36],"killed_by":"Spire Growth","ascension_level":10}}