{"host":"2yqfi47fogfu1ic4","time":1613902976,"event":{"mods":["AchievementEnabler","BaseMod","Colored Map","Colored Powertips","Highlight Path","Minty Spire (QoL Compilation)","Permanent Neow","Relic Stats","StSLib"],"gold_per_floor":[115,115,125,145,70,104,114,114,138,157,157,187,198,26,26,102,102,116,41,41,61,61,61,61],"floor_reached":23,"language":"DEU","playtime":1854,"items_purged":["Regret"],"score":502,"play_id":"51dfc2e2-0992-4d83-81a8-71595b8dc20a","local_time":"20210221112256","is_ascension_mode":true,"campfire_choices":[{"data":"Phantasmal Killer","floor":8.0,"key":"SMITH"},{"data":"Eviscerate","floor":11.0,"key":"SMITH"},{"data":"Night Terror","floor":15.0,"key":"SMITH"}],"circlet_count":0,"master_deck":["AscendersBane","Strike_G","Strike_G","Strike_G","Strike_G","Strike_G","Defend_G+1","Defend_G","Defend_G","Defend_G","Defend_G","Survivor","Neutralize","Endless Agony","Backflip","Phantasmal Killer+1","Dagger Spray","Eviscerate+1","Night Terror+1","Backstab","Phantasmal Killer+1","After Image","CurseOfTheBell","Leg Sweep+1","Writhe","PiercingWail"],"relics":["Coffee Dripper","Happy Flower","Centennial Puzzle","MealTicket","White Beast Statue","DollysMirror","Calling Bell","Blood Vial","Mummified Hand","Lizard Tail","War Paint"],"acts_visited":["Exordium","TheCity"],"potions_floor_usage":[21,21,23],"damage_taken":[{"damage":0.0,"enemies":"Jaw Worm","floor":1.0,"turns":4.0},{"damage":4.0,"enemies":"2 Louse","floor":3.0,"turns":3.0},{"damage":6.0,"enemies":"Cultist","floor":4.0,"turns":5.0},{"damage":10.0,"enemies":"3 Sentries","floor":6.0,"turns":7.0},{"damage":0.0,"enemies":"Exordium Wildlife","floor":7.0,"turns":4.0},{"damage":6.0,"enemies":"Looter","floor":10.0,"turns":3.0},{"damage":14.0,"enemies":"Gremlin Nob","floor":12.0,"turns":3.0},{"damage":1.0,"enemies":"Exordium Thugs","floor":13.0,"turns":2.0},{"damage":0.0,"enemies":"Slime Boss","floor":16.0,"turns":3.0},{"damage":7.0,"enemies":"Spheric Guardian","floor":18.0,"turns":4.0},{"damage":3,"enemies":"Shell Parasite","floor":21,"turns":4},{"damage":119,"enemies":"Gremlin Leader","floor":23,"turns":11}],"seed_played":"-5399138454713037987","potions_obtained":[{"floor":3.0,"key":"Swift Potion"},{"floor":4.0,"key":"AttackPotion"},{"floor":7.0,"key":"Ancient Potion"},{"floor":12.0,"key":"ColorlessPotion"},{"floor":13.0,"key":"FearPotion"},{"floor":16.0,"key":"GamblersBrew"},{"floor":18.0,"key":"SteroidPotion"},{"floor":21,"key":"Dexterity Potion"}],"is_trial":false,"path_per_floor":["M","?","M","M","$","E","M","R","T","M","R","E","M","$","R","B",null,"M","$","?","M","?","E"],"character_chosen":"THE_SILENT","items_purchased":["DollysMirror","Leg Sweep"],"campfire_rested":0,"item_purchase_floors":[14,19],"current_hp_per_floor":[59,59,55,49,49,39,39,39,39,33,33,19,18,33,33,33,58,53,66,66,63,63,0,0],"gold":61,"neow_bonus":"BOSS_RELIC","is_daily":false,"chose_seed":false,"campfire_upgraded":3,"win_rate":0.0,"timestamp":1613902976,"path_taken":["M","?","M","M","$","E","M","R","T","M","R","E","M","$","R","BOSS","M","$","?","M","?","E"],"items_purchased_type":["Relic","Card"],"build_version":"2020-12-22","purchased_purges":1,"victory":false,"max_hp_per_floor":[66,66,66,66,66,66,66,66,66,66,66,66,66,66,66,66,66,66,66,66,66,66,66,66],"relic_stats":{"Blood Vial":4,"Centennial Puzzle":[19],"Lizard Tail":33,"Happy Flower":[16],"counters":[12,53],"Mummified Hand":[3],"MealTicket":28,"War Paint":["Leg Sweep","Defend_G"],"obtain_stats":[{"Calling Bell":17,"Blood Vial":17,"Centennial Puzzle":6,"Lizard Tail":17,"Happy Flower":2,"DollysMirror":14,"Mummified Hand":17,"MealTicket":9,"Coffee Dripper":0,"War Paint":20,"White Beast Statue":12,"Ring of the Snake":0},{"Calling Bell":9,"Blood Vial":9,"Centennial Puzzle":4,"Lizard Tail":9,"Happy Flower":1,"DollysMirror":8,"Mummified Hand":9,"MealTicket":5,"Coffee Dripper":0,"War Paint":10,"White Beast Statue":7,"Ring of the Snake":0},{"Calling Bell":34,"Blood Vial":34,"Centennial Puzzle":19,"Lizard Tail":34,"Happy Flower":4,"DollysMirror":31,"Mummified Hand":34,"MealTicket":23,"Coffee Dripper":0,"War Paint":38,"White Beast Statue":29,"Ring of the Snake":0}]},"card_choices":[{"not_picked":["Acrobatics","Setup"],"picked":"Endless Agony","floor":1.0},{"not_picked":["Prepared","Footwork"],"picked":"Backflip","floor":3.0},{"not_picked":["Blade Dance","Dagger Throw"],"picked":"Phantasmal Killer","floor":4.0},{"not_picked":["PiercingWail","Underhanded Strike"],"picked":"Dagger Spray","floor":6.0},{"not_picked":["Backflip","Cloak And Dagger"],"picked":"Eviscerate","floor":7.0},{"not_picked":["Predator","Underhanded Strike"],"picked":"Night Terror","floor":10.0},{"not_picked":["Sucker Punch","Expertise","Quick Slash"],"picked":"SKIP","floor":12.0},{"not_picked":["Underhanded Strike","Reflex"],"picked":"Backstab","floor":13.0},{"not_picked":["Venomology","Envenom"],"picked":"After Image","floor":16.0},{"not_picked":["Quick Slash","Deadly Poison","Flechettes"],"picked":"SKIP","floor":18.0},{"not_picked":["Slice","Prepared+1"],"picked":"PiercingWail","floor":21}],"player_experience":1934695,"relics_obtained":[{"floor":6.0,"key":"Centennial Puzzle"},{"floor":9.0,"key":"MealTicket"},{"floor":12.0,"key":"White Beast Statue"},{"floor":17.0,"key":"Blood Vial"},{"floor":17.0,"key":"Mummified Hand"},{"floor":17.0,"key":"Lizard Tail"}],"event_choices":[{"damage_healed":0.0,"max_hp_gain":0.0,"max_hp_loss":0.0,"gold_gain":0.0,"event_name":"Big Fish","player_choice":"Box","floor":2.0,"gold_loss":0.0,"damage_taken":0.0,"relics_obtained":["Happy Flower"],"cards_obtained":["Regret"]},{"damage_healed":0.0,"max_hp_gain":0.0,"max_hp_loss":0.0,"gold_gain":0.0,"event_name":"The Mausoleum","player_choice":"Opened","floor":20.0,"gold_loss":0.0,"damage_taken":0.0,"relics_obtained":["War Paint"],"cards_obtained":["Writhe"]}],"is_beta":false,"boss_relics":[{"not_picked":["Cursed Key","Black Star"],"picked":"Calling Bell"}],"items_purged_floors":[5],"is_endless":false,"potions_floor_spawned":[3,4,7,12,13,16,18,21],"killed_by":"Gremlin Leader","ascension_level":20}}