{"host":"swc5gdc7cm0k0g7l","time":1613934971,"event":{"mods":["AchievementEnabler","Act Like it!","Aspiration","BaseMod","BetterRewards","Colored Map","Colored Powertips","Downfall","Duelist Mod","Hermit","Highlight Path","Hubris","Infinite Spire","Jorbs\u0027s Wanderer Trilogy","Koishi","Minty Spire (QoL Compilation)","Quick Restart","Remilia??????","Shop Mod","StSLib","SuperFastMode","The Animator"],"gold_per_floor":[139,139,152,172,172,172,203,203,203,243,71,71,71,89,89,208,208,224,264,282,282,180,180,224,224,224,245,245,276,297,212,212,341,341,360,360,360,385,408,408,449,468,468,468,489,422,455,455,455,455],"floor_reached":51,"language":"ENG","playtime":2007,"items_purged":[],"score":1076,"play_id":"d546e01c-c152-4c8f-b7e7-e512757761de","local_time":"20210221141611","is_ascension_mode":true,"campfire_choices":[{"data":"theDuelist:OniGamiCombo","floor":6,"key":"SMITH"},{"data":"theDuelist:DecayedCommander","floor":12,"key":"SMITH"},{"data":"theDuelist:PyramidWonders","floor":15,"key":"SMITH"},{"floor":23,"key":"REST"},{"floor":25,"key":"REST"},{"floor":32,"key":"REST"},{"floor":40,"key":"REST"},{"floor":44,"key":"REST"},{"floor":49,"key":"REST"}],"circlet_count":0,"master_deck":["theDuelist:ZombieCorpse","theDuelist:ArchfiendZombieSkull","theDuelist:ClownZombie","theDuelist:ClownZombie","theDuelist:PatricianDarkness","theDuelist:ShallowGrave","theDuelist:SkullConductor","theDuelist:TutanMask","theDuelist:BoneMouse","theDuelist:OniGamiCombo+1","theDuelist:PyramidWonders+1","theDuelist:DesLacooda","theDuelist:DecayedCommander+1","theDuelist:BoneMouse","theDuelist:DecayedCommander","theDuelist:DespairFromDark+1","theDuelist:SouleatingOviraptor+1","theDuelist:PyramidWonders+1","theDuelist:ZombieWarrior","theDuelist:BattleFusion+1","theDuelist:MammothGraveyard","theDuelist:DecayedCommander","theDuelist:MonsterReborn","theDuelist:PyramidWonders+1","theDuelist:Skelesaurus","theDuelist:MayakashiReturn","theDuelist:WightLady+1"],"relics":["theDuelist:MillenniumPuzzle","theDuelist:CardPoolRelic","theDuelist:CardPoolBasicRelic","theDuelist:BoosterPackPoolRelic","theDuelist:CardPoolAddRelic","theDuelist:CardPoolMinusRelic","theDuelist:CardPoolSaveRelic","theDuelist:CardPoolOptionsRelic","NeowsBlessing","Golden Idol","Bottled Tornado","infinitespire:Golems Mask","MerchantsRug","Astrolabe","theDuelist:SummonAnchor","Strawberry","infinitespire:PuzzleCube","theDuelist:HauntedRelic","hubris:CrackedHourglass","Oddly Smooth Stone","Lizard Tail","Letter Opener","hubris:TinFlute"],"acts_visited":["Exordium","TheCity","TheBeyond"],"potions_floor_usage":[7,7,22,39,47,50],"damage_taken":[{"damage":0,"enemies":"Jaw Worm","floor":1,"turns":1},{"damage":0,"enemies":"Small Slimes","floor":3,"turns":2},{"damage":0,"enemies":"2 Louse","floor":4,"turns":1},{"damage":21,"enemies":"Lagavulin","floor":7,"turns":5},{"damage":23,"enemies":"3 Sentries","floor":10,"turns":7},{"damage":2,"enemies":"Large Slime","floor":14,"turns":5},{"damage":0,"enemies":"Slime Boss","floor":16,"turns":6},{"damage":30,"enemies":"3 Byrds","floor":18,"turns":4},{"damage":30,"enemies":"2 Thieves","floor":20,"turns":4},{"damage":0,"enemies":"theDuelist:KaibaA2","floor":24,"turns":4},{"damage":0,"enemies":"Snecko","floor":27,"turns":4},{"damage":16,"enemies":"Gremlin Leader","floor":29,"turns":4},{"damage":23,"enemies":"Centurion and Healer","floor":30,"turns":4},{"damage":58,"enemies":"Collector","floor":33,"turns":7},{"damage":5,"enemies":"3 Darklings","floor":35,"turns":3},{"damage":0,"enemies":"3 Shapes","floor":38,"turns":2},{"damage":22,"enemies":"Jaw Worm Horde","floor":39,"turns":2},{"damage":18,"enemies":"Giant Head","floor":41,"turns":5},{"damage":10,"enemies":"3 Darklings","floor":42,"turns":4},{"damage":8,"enemies":"Sphere and 2 Shapes","floor":45,"turns":3},{"damage":36,"enemies":"Reptomancer","floor":47,"turns":4},{"damage":70,"enemies":"Time Eater","floor":50,"turns":6}],"seed_played":"-2583198598559412402","potions_obtained":[{"floor":1,"key":"theDuelist:SealedPackC"},{"floor":7,"key":"Fruit Juice"},{"floor":10,"key":"theDuelist:FireBottle"},{"floor":16,"key":"theDuelist:ExtraOrbsBottle"},{"floor":18,"key":"Swift Potion"},{"floor":27,"key":"theDuelist:MagicalCauldron"},{"floor":33,"key":"theDuelist:VoidBottle"},{"floor":42,"key":"Dexterity Potion"},{"floor":45,"key":"theDuelist:TokenPotion"}],"is_trial":false,"path_per_floor":["M","?","M","M","?","R","E","?","T","E","$","R","?","M","R","B",null,"M","$","M","?","$","R","E","R","T","M","?","E","M","?","R","B",null,"M","AVR","?","M","M","R","E","M","T","R","M","$","E","?","R","B",null],"character_chosen":"THE_DUELIST","items_purchased":["MerchantsRug","theDuelist:DecayedCommander","Fruit Juice","theDuelist:MayakashiReturn"],"campfire_rested":6,"item_purchase_floors":[11,11,22,46],"current_hp_per_floor":[80,80,80,80,80,80,64,64,64,41,41,41,41,39,39,39,74,44,44,14,14,19,46,46,73,73,73,67,58,35,35,63,5,72,67,67,67,67,45,72,54,44,44,70,62,62,26,26,52,64],"gold":455,"neow_bonus":"THREE_ENEMY_KILL","is_daily":false,"chose_seed":false,"campfire_upgraded":3,"win_rate":0.0,"timestamp":1613934971,"path_taken":["M","?","M","M","?","R","E","?","T","E","?","R","?","M","R","BOSS","M","$","?","?","?","R","E","R","T","?","?","E","?","?","R","BOSS","M","AVR","?","?","?","R","E","M","T","R","M","$","E","?","R","BOSS"],"items_purchased_type":["Relic","Card","Potion","Card"],"build_version":"2020-12-22","purchased_purges":0,"victory":true,"max_hp_per_floor":[80,80,80,80,80,80,85,85,85,85,85,85,85,85,85,85,85,85,85,85,85,90,90,90,90,90,90,90,96,95,95,95,94,94,93,93,93,92,91,91,90,89,89,89,88,88,87,87,87,86],"card_choices":[{"not_picked":["theDuelist:Kasha","theDuelist:MoltenZombie","theDuelist:VendreadCore","theDuelist:ParallelWorldFusion"],"picked":"theDuelist:BoneMouse","floor":1},{"not_picked":["theDuelist:ZombiePowerStruggle","theDuelist:SoulAbsorbingBone","theDuelist:GhostrickScare","theDuelist:VendreadReunion"],"picked":"theDuelist:OniGamiCombo","floor":3},{"not_picked":["theDuelist:GhostrickStein","theDuelist:GhostrickMummy","theDuelist:GhostrickJiangshi","theDuelist:GhostrickJackfrost","theDuelist:GhostrickAlucard"],"picked":"SKIP","floor":4},{"not_picked":["theDuelist:RyuKokki","theDuelist:GhostrickBreak","theDuelist:OvertexQoatlus","theDuelist:YukiMusume"],"picked":"theDuelist:PyramidWonders","floor":7},{"not_picked":["theDuelist:NecroworldBanshee","theDuelist:Yasha","theDuelist:Hajun","theDuelist:VampireScarletScourge"],"picked":"theDuelist:DesLacooda","floor":10},{"not_picked":["theDuelist:WightLady","theDuelist:VendreadCore","theDuelist:GhostrickJiangshi","theDuelist:VampireRetainer"],"picked":"theDuelist:BoneMouse","floor":14},{"not_picked":["theDuelist:VendreadDaybreak","theDuelist:VampireGrace","theDuelist:UltraPolymerization","theDuelist:MonsterReborn"],"picked":"theDuelist:DecayedCommander","floor":16},{"not_picked":["theDuelist:PhantomGhost","theDuelist:MechMoleZombie","theDuelist:GhostrickYeti","theDuelist:AshBlossom","theDuelist:VampireGrimson+1"],"picked":"SKIP","floor":18},{"not_picked":["theDuelist:Relinkuriboh","theDuelist:ShiranuiSpectralsword+1","theDuelist:PMCaptor","theDuelist:GlowUpBloom","theDuelist:FossilDragon"],"picked":"SKIP","floor":20},{"not_picked":["theDuelist:OvertexQoatlus","theDuelist:Kasha+1","theDuelist:GhostReaper","theDuelist:VampireLady"],"picked":"theDuelist:ZombieWarrior","floor":24},{"not_picked":["theDuelist:Yasha+1","theDuelist:VampireSucker","theDuelist:AbsorbFusion","theDuelist:GhostBelle"],"picked":"theDuelist:BattleFusion+1","floor":27},{"not_picked":["theDuelist:GhostrickJackfrost","theDuelist:BoneMouse","theDuelist:GhostrickSpecter","theDuelist:Tsukahagi"],"picked":"theDuelist:MammothGraveyard","floor":29},{"not_picked":["theDuelist:VampireGrace","theDuelist:UltraPolymerization","theDuelist:Scapeghost","theDuelist:OverpoweringEye"],"picked":"theDuelist:DecayedCommander","floor":30},{"not_picked":["theDuelist:VendreadDaybreak","theDuelist:VampireGrace","theDuelist:SoulRelease","theDuelist:MayakashiWinter"],"picked":"theDuelist:MonsterReborn","floor":33},{"not_picked":["theDuelist:FusionWeapon","theDuelist:RelinquishedFusion","theDuelist:MayakashiReturn+1","theDuelist:DimensionFusion"],"picked":"theDuelist:PyramidWonders+1","floor":35},{"not_picked":["theDuelist:ZombieMaster","theDuelist:SoulRelease+1","theDuelist:RobbinZombie+1","theDuelist:MayakashiWinter+1","theDuelist:FusionGuard+1"],"picked":"SKIP","floor":38},{"not_picked":["theDuelist:GoblinZombie","theDuelist:Hajun","theDuelist:FossilSkullknight+1","theDuelist:Mezuki+1"],"picked":"theDuelist:Skelesaurus","floor":39},{"not_picked":["theDuelist:GhostReaper+1","theDuelist:MoltenZombie+1","theDuelist:MechMoleZombie","theDuelist:VampireBaby+1","theDuelist:VampireHunter+1"],"picked":"SKIP","floor":41},{"not_picked":["theDuelist:VampireVamp","theDuelist:VampireSucker","theDuelist:VampireLady","theDuelist:VampireGrimson","theDuelist:VampireDragon+1"],"picked":"SKIP","floor":42},{"not_picked":["theDuelist:Mispolymerization+1","theDuelist:GhostrickParade+1","theDuelist:AntiFusionDevice+1","theDuelist:GhostrickVanish","theDuelist:FusionGuard"],"picked":"SKIP","floor":45},{"not_picked":["theDuelist:VampireGrimson","theDuelist:VampireFamiliar+1","theDuelist:Kasha+1","theDuelist:FusionWeapon+1"],"picked":"theDuelist:WightLady+1","floor":47}],"player_experience":106842,"relics_obtained":[{"floor":7,"key":"ScarletDevilRocket"},{"floor":9,"key":"Bottled Tornado"},{"floor":10,"key":"infinitespire:Golems Mask"},{"floor":24,"key":"theDuelist:SummonAnchor"},{"floor":29,"key":"Strawberry"},{"floor":41,"key":"Lizard Tail"},{"floor":43,"key":"Letter Opener"},{"floor":47,"key":"hubris:TinFlute"}],"event_choices":[{"damage_healed":0,"gold_gain":0,"player_choice":"Leave","duelist":true,"damage_taken":0,"max_hp_gain":0,"max_hp_loss":0,"event_name":"Egyptian Village","floor":2,"gold_loss":0},{"damage_healed":0,"gold_gain":0,"player_choice":"Take Wound","damage_taken":0,"relics_obtained":["Golden Idol"],"max_hp_gain":0,"max_hp_loss":0,"event_name":"Golden Idol","floor":5,"gold_loss":0,"cards_obtained":["Injury"]},{"cards_removed":["Injury"],"damage_healed":0,"gold_gain":0,"player_choice":"Forget","damage_taken":0,"max_hp_gain":0,"max_hp_loss":0,"event_name":"Living Wall","floor":8,"gold_loss":0},{"damage_healed":0,"gold_gain":0,"player_choice":"Leave","duelist":true,"damage_taken":0,"max_hp_gain":0,"max_hp_loss":0,"event_name":"Relic Duplicator","floor":13,"gold_loss":0},{"damage_healed":0,"gold_gain":0,"player_choice":"Copied","damage_taken":0,"max_hp_gain":0,"max_hp_loss":0,"event_name":"Duplicator","floor":21,"gold_loss":0,"cards_obtained":["theDuelist:PyramidWonders"]},{"damage_healed":0,"gold_gain":0,"player_choice":"","damage_taken":6,"max_hp_gain":0,"max_hp_loss":0,"event_name":"Knowing Skull","floor":28,"potions_obtained":[],"gold_loss":0,"cards_obtained":[]},{"damage_healed":0,"gold_gain":0,"player_choice":"Obtained Relic","damage_taken":0,"relics_obtained":["infinitespire:PuzzleCube"],"max_hp_gain":0,"max_hp_loss":0,"event_name":"Addict","floor":31,"gold_loss":85},{"damage_healed":0,"gold_gain":0,"player_choice":"Leave","duelist":true,"damage_taken":0,"max_hp_gain":0,"max_hp_loss":0,"event_name":"Tomb of the Nameless","floor":37,"gold_loss":0},{"damage_healed":0,"gold_gain":0,"player_choice":"Leave","duelist":true,"damage_taken":0,"max_hp_gain":0,"max_hp_loss":0,"event_name":"Card Trader","floor":48,"gold_loss":0}],"is_beta":false,"boss_relics":[{"not_picked":["aspiration:SilentSkillbook","Velvet Choker"],"picked":"Astrolabe"},{"not_picked":["hubris:BlackHole","hubris:TerracottaHorce"],"picked":"theDuelist:HauntedRelic"}],"items_purged_floors":[],"is_endless":false,"potions_floor_spawned":[1,7,10,16,18,27,33,42,45],"ascension_level":5}}