{"host":"l4bxlkn39ih8kz7u","time":1613910727,"event":{"mods":["AchievementEnabler","Act Like it!","Ascension Unlocker","BaseMod","CapriCore","Custom Start","Gensokyo","GifTheSpireLib","HololiveMod","Lobotomy","LobotomyExtend","Minty Spire (QoL Compilation)","Quick Restart","Random Character Button","Ruina","Shop Mod","StSLib","SuperFastMode","The Alterego","Waifu the Spire"],"gold_per_floor":[112,132,132,32,32,32,47,47,47,58,58,77,77,77,77,173,173,190,190,190,206,225,225,25,25,79,79,79],"floor_reached":27,"language":"RUS","playtime":1240,"items_purged":[],"score":231,"play_id":"cf705b81-a77f-4b40-957f-b7fffc73d430","local_time":"20210221153207","is_ascension_mode":true,"campfire_choices":[{"floor":6,"key":"REST"},{"data":"alterego_mod:IndependentAction","floor":8,"key":"SMITH"},{"data":"alterego_mod:Punishment","floor":11,"key":"SMITH"},{"data":"alterego_mod:MaintainEyeContact","floor":13,"key":"SMITH"},{"data":"alterego_mod:BrynhildrsRune","floor":15,"key":"SMITH"},{"data":"alterego_mod:TrickOrTreatment","floor":23,"key":"SMITH"},{"data":"alterego_mod:Clap","floor":25,"key":"SMITH"}],"circlet_count":0,"master_deck":["alterego_mod:Strike","alterego_mod:Strike","alterego_mod:Strike","alterego_mod:Strike","alterego_mod:Defend","alterego_mod:Defend","alterego_mod:Defend","alterego_mod:BigMeatyClaws","alterego_mod:BrynhildrsRune+1","alterego_mod:Punishment+1","alterego_mod:IndependentAction+1","VoidDream","alterego_mod:Clap+1","LongBird","alterego_mod:MaintainEyeContact+1","alterego_mod:TrickOrTreatment+1","OldLady","MHz","alterego_mod:ChallengeComplete+1","Gensokyo:ScrapIron","Gensokyo:BlemishedSteel","Gensokyo:Shovel","Gensokyo:TarnishedGold"],"relics":["alterego_mod:MasochisticConstitution","CogitoBucket","LetterFromLob","Gensokyo:Mercy","White Beast Statue","Gensokyo:OccultBall","Bronze Scales","Philosopher\u0027s Stone","BackwardClock","Gensokyo:DayTheSeaSplit","Juzu Bracelet"],"acts_visited":["Gensokyo:Gensokyo","Gensokyo:Gensokyoer"],"potions_floor_usage":[22],"damage_taken":[{"damage":14,"enemies":"Gensokyo:2_Kodama","floor":1,"turns":10},{"damage":27,"enemies":"Gensokyo:Python","floor":2,"turns":5},{"damage":0,"enemies":"Gensokyo:Gryphon","floor":7,"turns":5},{"damage":13,"enemies":"Gensokyo:2_Rabbits","floor":10,"turns":4},{"damage":4,"enemies":"Gensokyo:VengefulSpirit","floor":12,"turns":3},{"damage":74,"enemies":"Gensokyo:Reimu","floor":16,"turns":14},{"damage":18,"enemies":"Gensokyo:2_Gloops","floor":18,"turns":3},{"damage":27,"enemies":"Gensokyo:CosmicMonolith","floor":21,"turns":6},{"damage":23,"enemies":"Gensokyo:Wraith","floor":22,"turns":4},{"damage":98,"enemies":"Gensokyo:Reisen","floor":27,"turns":9}],"seed_played":"-9035676888029691119","potions_obtained":[{"floor":1,"key":"SteroidPotion"},{"floor":2,"key":"Swift Potion"},{"floor":7,"key":"SkillPotion"},{"floor":21,"key":"FairyPotion"},{"floor":22,"key":"Fruit Juice"}],"is_trial":false,"path_per_floor":["M","M","?","?","?","R","M","R","T","M","R","M","R","COS","R","B",null,"M","?","?","M","M","R","COS","R","T","E"],"character_chosen":"The_Alterego","items_purchased":[],"campfire_rested":1,"item_purchase_floors":[],"current_hp_per_floor":[64,38,38,38,38,59,66,66,66,61,61,58,58,58,58,66,75,62,62,62,45,35,35,35,35,35,0,0],"gold":79,"neow_bonus":"","is_daily":false,"chose_seed":false,"campfire_upgraded":6,"win_rate":0.0,"timestamp":1613910727,"path_taken":["M","M","?","?","?","R","M","R","T","?","R","M","R","COS","R","BOSS","M","?","?","?","M","R","COS","R","T","E"],"items_purchased_type":[],"build_version":"2020-12-22","purchased_purges":0,"victory":false,"max_hp_per_floor":[71,72,72,72,72,72,72,72,72,73,73,74,74,74,74,75,75,76,76,76,77,83,83,83,83,83,83,83],"card_choices":[{"not_picked":["alterego_mod:BiFurious","alterego_mod:Jiggle"],"picked":"alterego_mod:Punishment","floor":1},{"not_picked":["Murderer","Yin","LaLuna"],"picked":"Singing Bowl","floor":1},{"not_picked":["BeautyBeast","Murderer"],"picked":"DespairKnight","floor":1},{"not_picked":["alterego_mod:Complex","alterego_mod:PerceptionDisorder"],"picked":"alterego_mod:IndependentAction","floor":2},{"not_picked":["UniverseFragment","SingingMachine","CherryBlossoms"],"picked":"Singing Bowl","floor":2},{"not_picked":["CherryBlossoms","BlackSwan"],"picked":"VoidDream","floor":2},{"not_picked":["alterego_mod:Maid","alterego_mod:Skirt"],"picked":"alterego_mod:Clap","floor":7},{"not_picked":["BigBadWolf","HappyTeddy","Murderer"],"picked":"Singing Bowl","floor":7},{"not_picked":["NakedNest","WallGazer","PunishingBird"],"picked":"Singing Bowl","floor":10},{"not_picked":["BeautyBeast","BigBadWolf"],"picked":"LongBird","floor":10},{"not_picked":["alterego_mod:1TonWallop","alterego_mod:HighServant","alterego_mod:Jiggle"],"picked":"SKIP","floor":10},{"not_picked":["alterego_mod:BustOut","alterego_mod:Complex"],"picked":"alterego_mod:MaintainEyeContact","floor":12},{"not_picked":["CherryBlossoms","QueenOfHatred","Variant"],"picked":"Singing Bowl","floor":12},{"not_picked":["alterego_mod:Alter","alterego_mod:Tantrum"],"picked":"alterego_mod:TrickOrTreatment","floor":16},{"not_picked":["PunishingBird","HeroicMonk","Laetitia"],"picked":"Singing Bowl","floor":16},{"not_picked":["BigBadWolf","Wellcheers"],"picked":"OldLady","floor":18},{"not_picked":["alterego_mod:Cushion","alterego_mod:Rip","alterego_mod:PerceptionDisorder"],"picked":"SKIP","floor":18},{"not_picked":["Wellcheers","Scarecrow"],"picked":"MHz","floor":21},{"not_picked":["alterego_mod:GoddessCore","alterego_mod:Mirror","alterego_mod:Rip+1"],"picked":"SKIP","floor":21},{"not_picked":["alterego_mod:BreastValley","alterego_mod:BoobPocket"],"picked":"alterego_mod:ChallengeComplete+1","floor":22},{"not_picked":["Mercenary","HappyTeddy","SnowQueen"],"picked":"Singing Bowl","floor":22}],"player_experience":287060,"relics_obtained":[{"floor":1,"key":"LetterFromLob"},{"floor":9,"key":"Bronze Scales"},{"floor":10,"key":"Gensokyo:OccultBall"},{"floor":16,"key":"Gensokyo:OccultBall"},{"floor":26,"key":"Juzu Bracelet"}],"event_choices":[],"is_beta":false,"boss_relics":[{"not_picked":["Busted Crown","Velvet Choker"],"picked":"Philosopher\u0027s Stone"}],"items_purged_floors":[],"is_endless":false,"potions_floor_spawned":[1,2,7,10,12,16,18,21,22],"killed_by":"Gensokyo:Reisen","ascension_level":3}}