{"host":"dxw0slwvk2p0izr3","time":1613926633,"event":{"mods":["BaseMod","Downfall","Minty Spire (QoL Compilation)","Replay The Spire","Shop Mod","StSLib"],"gold_per_floor":[99,99,24,24,24,24,24,24,55,86,123,135,179,191,218,230,230,230],"floor_reached":16,"language":"ZHS","playtime":507,"items_purged":["bronze:Defend"],"score":167,"play_id":"a8e6930f-7c8b-4d59-aeb2-e7bb7369a0f5","local_time":"20210222005713","is_ascension_mode":true,"campfire_choices":[{"data":"bronze:Replicate","floor":1.0,"key":"SMITH"},{"data":"bronze:ChosenStrike","floor":12.0,"key":"SMITH"}],"circlet_count":0,"master_deck":["bronze:Strike","bronze:Strike","bronze:Defend","bronze:Defend","bronze:Replicate+1","bronze:Goto","bronze:Overheat","bronze:ChosenStrike+1","bronze:WildBeam","bronze:Invalidate","bronze:CloningBeam","bronze:Branch","bronze:SpaghettiCode"],"relics":["bronze:BronzeCore","downfall:HeartsMalice","The Courier","bronze:CableSpool","MawBank","ReplayTheSpireMod:Lightbulb","ReplayTheSpireMod:TigerMarble"],"acts_visited":["Exordium"],"potions_floor_usage":[],"damage_taken":[{"damage":0.0,"enemies":"Small Slimes","floor":2.0,"turns":1.0},{"damage":0.0,"enemies":"downfall:FleeingMerchant","floor":3.0,"turns":1.0},{"damage":0.0,"enemies":"2 Louse","floor":5.0,"turns":1.0},{"damage":25.0,"enemies":"Lagavulin","floor":9.0,"turns":4.0},{"damage":12.0,"enemies":"Jaw Worm","floor":10.0,"turns":2.0},{"damage":20.0,"enemies":"3 Sentries","floor":11.0,"turns":6.0},{"damage":0.0,"enemies":"Gremlin Nob","floor":13.0,"turns":2.0},{"damage":1,"enemies":"3 Louse","floor":15,"turns":2},{"damage":59,"enemies":"DF_ARCHETYPE_STREAMLINE","floor":16,"turns":6}],"seed_played":"-3087698254031281264","potions_obtained":[{"floor":9.0,"key":"Dexterity Potion"},{"floor":10.0,"key":"Doom Potion"},{"floor":11.0,"key":"LifebloodPotion"},{"floor":15,"key":"FairyPotion"}],"is_trial":false,"path_per_floor":["R","M","$","?","M","?","T","T","E","M","E","R","E","?","M","B"],"character_chosen":"THE_AUTOMATON","items_purchased":[],"campfire_rested":0,"item_purchase_floors":[],"current_hp_per_floor":[70,70,70,70,70,70,70,70,45,33,13,13,13,13,12,0,0,0],"gold":230,"neow_bonus":"THREE_ENEMY_KILL","is_daily":false,"chose_seed":false,"campfire_upgraded":2,"win_rate":0.0,"timestamp":1613926633,"path_taken":["R","M","$","?","M","?","T","?","E","M","E","R","E","?","M","BOSS"],"items_purchased_type":[],"build_version":"2020-12-22","purchased_purges":1,"victory":false,"max_hp_per_floor":[70,70,70,70,70,70,70,70,70,70,70,70,70,70,70,70,70,70],"card_choices":[{"not_picked":["bronze:Iterate","bronze:Deprecate"],"picked":"bronze:Overheat","floor":2.0},{"not_picked":["bronze:Repair","bronze:ChildClass"],"picked":"bronze:ChosenStrike","floor":3.0},{"not_picked":["bronze:BitShift","bronze:WildBeam"],"picked":"bronze:Invalidate","floor":5.0},{"not_picked":["bronze:DarkDash","bronze:DelayedGuard"],"picked":"bronze:CloningBeam","floor":9.0},{"not_picked":["bronze:Iterate","bronze:DelayedSlice","bronze:Repair"],"picked":"SKIP","floor":10.0},{"not_picked":["bronze:Shell","bronze:Frontload","bronze:Shield"],"picked":"SKIP","floor":11.0},{"not_picked":["bronze:BitShift","bronze:DigitalCarnage"],"picked":"bronze:Branch","floor":13.0},{"not_picked":["bronze:BitShift","bronze:Repair"],"picked":"bronze:SpaghettiCode","floor":15}],"player_experience":126991,"relics_obtained":[{"floor":7.0,"key":"The Courier"},{"floor":8.0,"key":"bronze:CableSpool"},{"floor":9.0,"key":"MawBank"},{"floor":11.0,"key":"ReplayTheSpireMod:Lightbulb"},{"floor":13.0,"key":"ReplayTheSpireMod:TigerMarble"}],"event_choices":[{"cards_removed":["bronze:Defend"],"damage_healed":0.0,"max_hp_gain":0.0,"max_hp_loss":0.0,"gold_gain":0.0,"event_name":"The Cleric","player_choice":"Card Removal","floor":14.0,"gold_loss":0.0,"damage_taken":0.0}],"is_beta":false,"boss_relics":[],"items_purged_floors":[3],"is_endless":false,"potions_floor_spawned":[9,10,11,15],"killed_by":"DF_ARCHETYPE_STREAMLINE","ascension_level":4}}