{"host":"8ztb9kwpjc2zof9s","time":1613881575,"event":{"mods":["BaseMod","Block Reminder","Curses Come First","Minty Spire (QoL Compilation)","Relic Stats","StSLib"],"gold_per_floor":[119,99,32,52,52,85,85,85,85],"floor_reached":8,"language":"ENG","playtime":276,"items_purged":[],"score":89,"play_id":"2f5dd11f-353d-4728-a299-188f6c54c57f","local_time":"20210220202615","is_ascension_mode":true,"campfire_choices":[{"floor":7,"key":"REST"}],"circlet_count":0,"master_deck":["AscendersBane","Strike_G","Strike_G","Strike_G","Strike_G","Strike_G","Defend_G","Defend_G","Defend_G","Defend_G","Defend_G","Survivor","Neutralize","Blade Dance","Footwork","Prepared"],"relics":["Ring of the Snake","Girya","Happy Flower"],"acts_visited":["Exordium"],"potions_floor_usage":[6,6],"damage_taken":[{"damage":0,"enemies":"Jaw Worm","floor":1,"turns":5},{"damage":0,"enemies":"Cultist","floor":4,"turns":4},{"damage":33,"enemies":"3 Sentries","floor":6,"turns":14},{"damage":48,"enemies":"Gremlin Nob","floor":8,"turns":5}],"seed_played":"-5396692879029451311","potions_obtained":[{"floor":1,"key":"DistilledChaos"},{"floor":2,"key":"GhostInAJar"}],"is_trial":false,"path_per_floor":["M","?","$","M","$","E","R","E"],"character_chosen":"THE_SILENT","items_purchased":["Footwork"],"campfire_rested":1,"item_purchase_floors":[3],"current_hp_per_floor":[45,45,45,45,45,12,33,0,0],"gold":85,"neow_bonus":"ONE_RARE_RELIC","is_daily":false,"chose_seed":false,"campfire_upgraded":0,"win_rate":0.0,"timestamp":1613881575,"path_taken":["M","?","$","?","$","E","R","E"],"items_purchased_type":["Card"],"build_version":"2020-12-22","purchased_purges":0,"victory":false,"max_hp_per_floor":[70,70,70,70,70,70,70,70,70],"relic_stats":{"Happy Flower":[1],"counters":[4,28],"obtain_stats":[{"Girya":0,"Happy Flower":6,"Ring of the Snake":0},{"Girya":0,"Happy Flower":3,"Ring of the Snake":0},{"Girya":0,"Happy Flower":23,"Ring of the Snake":0}],"Ring of the Snake":[8]},"card_choices":[{"not_picked":["Cloak And Dagger","Acrobatics"],"picked":"Blade Dance","floor":1},{"not_picked":["Sucker Punch","Quick Slash","Acrobatics"],"picked":"SKIP","floor":4},{"not_picked":["Masterful Stab","Bullet Time"],"picked":"Prepared","floor":6}],"player_experience":363789,"relics_obtained":[{"floor":6,"key":"Happy Flower"}],"event_choices":[{"damage_healed":0,"gold_gain":0,"player_choice":"Bought 1 Potion","damage_taken":0,"max_hp_gain":0,"max_hp_loss":0,"event_name":"The Woman in Blue","floor":2,"gold_loss":0}],"is_beta":false,"boss_relics":[],"items_purged_floors":[],"is_endless":false,"potions_floor_spawned":[1],"killed_by":"Gremlin Nob","ascension_level":13}}