{"host":"v0dnu0zs4qo0v13s","time":1613880673,"event":{"mods":["BaseMod","Colored Map","Colored Powertips","Minty Spire (QoL Compilation)","Relic Stats","StSLib","SuperFastMode","everything is the same but u backflip on backflip"],"gold_per_floor":[111,111,126,126,126,126,144,144,198,198,198,231,231,245,245,317,317,337,184,184,184,184],"floor_reached":21,"language":"ENG","playtime":747,"items_purged":["Pain"],"score":350,"play_id":"c8b260a3-2811-4587-a102-70a1aa1ff86e","local_time":"20210220231113","is_ascension_mode":true,"campfire_choices":[{"data":"Wild Strike","floor":6.0,"key":"SMITH"},{"data":"Sever Soul","floor":8.0,"key":"SMITH"},{"data":"Sentinel","floor":11.0,"key":"SMITH"},{"data":"Searing Blow","floor":13.0,"key":"SMITH"},{"data":"Searing Blow+1","floor":15.0,"key":"SMITH"}],"circlet_count":0,"master_deck":["AscendersBane","Defend_R","Defend_R","Bash","Wild Strike+1","Juggernaut","Sentinel+1","Sever Soul+1","Searing Blow+2","Flex","Barricade","Intimidate+1","Offering+1","Body Slam+1","Second Wind","Decay"],"relics":["Empty Cage","WarpedTongs","Oddly Smooth Stone","Bag of Marbles","Astrolabe"],"acts_visited":["Exordium","TheCity"],"potions_floor_usage":[],"damage_taken":[{"damage":9.0,"enemies":"2 Louse","floor":1.0,"turns":3.0},{"damage":2.0,"enemies":"Jaw Worm","floor":3.0,"turns":3.0},{"damage":4.0,"enemies":"Cultist","floor":7.0,"turns":4.0},{"damage":2.0,"enemies":"Gremlin Nob","floor":12.0,"turns":2.0},{"damage":6.0,"enemies":"Blue Slaver","floor":14.0,"turns":3.0},{"damage":16.0,"enemies":"The Guardian","floor":16.0,"turns":11.0},{"damage":41.0,"enemies":"Spheric Guardian","floor":18.0,"turns":6.0},{"damage":16,"enemies":"3 Byrds","floor":21,"turns":3}],"seed_played":"-2249886597075525850","potions_obtained":[{"floor":7.0,"key":"LiquidMemories"},{"floor":12.0,"key":"Block Potion"}],"is_trial":false,"path_per_floor":["M","?","M","?","?","R","M","R","T","?","R","E","R","M","R","B",null,"M","$","?","M"],"character_chosen":"IRONCLAD","items_purchased":["LiquidMemories"],"campfire_rested":0,"item_purchase_floors":[19],"current_hp_per_floor":[59,59,57,62,62,62,58,58,58,51,51,49,49,43,43,27,67,26,26,26,10,10],"gold":184,"neow_bonus":"BOSS_RELIC","is_daily":false,"chose_seed":false,"campfire_upgraded":5,"win_rate":0.0,"timestamp":1613880673,"path_taken":["M","?","M","?","?","R","?","R","T","?","R","E","R","M","R","BOSS","M","$","?","M"],"items_purchased_type":["Potion"],"build_version":"2020-12-22","purchased_purges":1,"victory":false,"max_hp_per_floor":[75,75,75,80,80,80,80,80,80,80,80,80,80,80,80,80,80,80,80,80,80,80],"relic_stats":{"counters":[8,35],"Astrolabe":["Intimidate","Offering","Body Slam"],"obtain_stats":[{"Astrolabe":17,"Oddly Smooth Stone":9,"Bag of Marbles":12,"Empty Cage":0,"Burning Blood":0,"WarpedTongs":5},{"Astrolabe":6,"Oddly Smooth Stone":3,"Bag of Marbles":4,"Empty Cage":0,"Burning Blood":0,"WarpedTongs":2},{"Astrolabe":26,"Oddly Smooth Stone":10,"Bag of Marbles":12,"Empty Cage":0,"Burning Blood":0,"WarpedTongs":6}],"WarpedTongs":[24]},"card_choices":[{"not_picked":["Sentinel","Uppercut"],"picked":"Wild Strike","floor":1.0},{"not_picked":["Pommel Strike","Flex"],"picked":"Sentinel","floor":3.0},{"not_picked":["Flame Barrier","Bloodletting"],"picked":"Sever Soul","floor":7.0},{"not_picked":["Heavy Blade","Rage"],"picked":"Searing Blow","floor":12.0},{"not_picked":["Heavy Blade","Wild Strike"],"picked":"Flex","floor":14.0},{"not_picked":["Impervious","Reaper"],"picked":"Barricade","floor":16.0},{"not_picked":["Rupture","Warcry"],"picked":"Second Wind","floor":18.0}],"player_experience":765171,"relics_obtained":[{"floor":9.0,"key":"Oddly Smooth Stone"},{"floor":12.0,"key":"Bag of Marbles"}],"event_choices":[{"damage_healed":0.0,"max_hp_gain":0.0,"max_hp_loss":0.0,"gold_gain":0.0,"cards_transformed":["Strike_R"],"event_name":"Living Wall","player_choice":"Change","floor":2.0,"gold_loss":0.0,"damage_taken":0.0,"cards_obtained":["Juggernaut"]},{"damage_healed":0.0,"max_hp_gain":5.0,"max_hp_loss":0.0,"gold_gain":0.0,"event_name":"Big Fish","player_choice":"Donut","floor":4.0,"gold_loss":0.0,"damage_taken":0.0},{"damage_healed":0.0,"max_hp_gain":0.0,"max_hp_loss":0.0,"gold_gain":0.0,"event_name":"Accursed Blacksmith","player_choice":"Rummage","floor":5.0,"gold_loss":0.0,"damage_taken":0.0,"relics_obtained":["WarpedTongs"],"cards_obtained":["Pain"]},{"cards_removed":["Strike_R"],"damage_healed":0.0,"max_hp_gain":0.0,"max_hp_loss":0.0,"gold_gain":0.0,"event_name":"Golden Wing","player_choice":"Card Removal","floor":10.0,"gold_loss":0.0,"damage_taken":7.0},{"damage_healed":0.0,"max_hp_gain":0.0,"max_hp_loss":0.0,"gold_gain":0.0,"event_name":"Forgotten Altar","player_choice":"Smashed Altar","floor":20.0,"gold_loss":0.0,"damage_taken":0.0,"cards_obtained":["Decay"]}],"is_beta":false,"boss_relics":[{"not_picked":["Runic Cube","Black Star"],"picked":"Astrolabe"}],"items_purged_floors":[19],"is_endless":false,"potions_floor_spawned":[7,12],"killed_by":"3 Byrds","ascension_level":15}}