{"host":"to2s10i0cynxbiqz","time":1613904822,"event":{"mods":["BaseMod","Colored Powertips","Highlight Path","Minty Spire (QoL Compilation)","Quick Restart","StSLib","slay the spire mod where everything is the same but ironclad has a cowboy hat"],"gold_per_floor":[111,131,131,131,18,52,52,67,148,174,124,137,62,75,75,177,177,195,195,46,64,64,95,95,114,140,153,166,70,70,120,120,219,219,238,257,270,280,380,380,412,432,432,432,450,463,493,545,545,545,545],"floor_reached":50,"language":"ZHS","playtime":1999,"items_purged":["Strike_B"],"score":659,"play_id":"bf13a85d-297a-43a9-a218-e3db0c90203d","local_time":"20210221185342","is_ascension_mode":true,"campfire_choices":[{"data":"Tempest","floor":7.0,"key":"SMITH"},{"data":"Double Energy","floor":15.0,"key":"SMITH"},{"floor":30.0,"key":"REST"},{"data":"Turbo","floor":32.0,"key":"SMITH"},{"data":"Storm","floor":40,"key":"SMITH"},{"floor":44,"key":"REST"},{"floor":49,"key":"REST"}],"circlet_count":0,"master_deck":["Strike_B","Defend_B+1","Defend_B","Defend_B","Zap","Dualcast","Tempest+1","Leap+1","Defragment","Heatsinks","Self Repair","Double Energy+1","Machine Learning","Skim","Biased Cognition","White Noise","Storm","Turbo+1","Electrodynamics","Static Discharge+1","Storm+1","Static Discharge+1","Static Discharge","Shame","Double Energy+1","Force Field+1","Electrodynamics"],"relics":["Cracked Core","NeowsBlessing","War Paint","Anchor","InkBottle","Odd Mushroom","Black Star","PreservedInsect","Gambling Chip","Art of War","Cursed Key","Gremlin Horn","Question Card","Toxic Egg 2","Shuriken","Nunchaku","Ice Cream"],"acts_visited":["Exordium","TheCity","TheBeyond"],"potions_floor_usage":[42,46,47,48,48],"damage_taken":[{"damage":0.0,"enemies":"Jaw Worm","floor":1.0,"turns":1.0},{"damage":0.0,"enemies":"Small Slimes","floor":2.0,"turns":1.0},{"damage":0.0,"enemies":"Gremlin Nob","floor":6.0,"turns":1.0},{"damage":0.0,"enemies":"Cultist","floor":8.0,"turns":3.0},{"damage":10.0,"enemies":"The Mushroom Lair","floor":10.0,"turns":3.0},{"damage":2.0,"enemies":"Large Slime","floor":12.0,"turns":6.0},{"damage":0.0,"enemies":"Blue Slaver","floor":14.0,"turns":3.0},{"damage":0.0,"enemies":"Slime Boss","floor":16.0,"turns":12.0},{"damage":10.0,"enemies":"Chosen","floor":18.0,"turns":6.0},{"damage":23.0,"enemies":"3 Byrds","floor":21.0,"turns":4.0},{"damage":39.0,"enemies":"Slavers","floor":23.0,"turns":5.0},{"damage":18.0,"enemies":"Snecko","floor":25.0,"turns":4.0},{"damage":0.0,"enemies":"Sentry and Sphere","floor":27.0,"turns":3.0},{"damage":0.0,"enemies":"Snake Plant","floor":28.0,"turns":2.0},{"damage":32.0,"enemies":"Collector","floor":33.0,"turns":7.0},{"damage":28.0,"enemies":"3 Shapes","floor":35.0,"turns":3.0},{"damage":13.0,"enemies":"3 Darklings","floor":36.0,"turns":2.0},{"damage":12,"enemies":"Jaw Worm Horde","floor":37,"turns":2},{"damage":8,"enemies":"Writhing Mass","floor":38,"turns":3},{"damage":4,"enemies":"Nemesis","floor":41,"turns":3},{"damage":10,"enemies":"Sphere and 2 Shapes","floor":42,"turns":2},{"damage":0,"enemies":"4 Shapes","floor":45,"turns":1},{"damage":23,"enemies":"Transient","floor":46,"turns":5},{"damage":8,"enemies":"Reptomancer","floor":47,"turns":3},{"damage":15,"enemies":"2 Orb Walkers","floor":48,"turns":3},{"damage":42,"enemies":"Time Eater","floor":50,"turns":3}],"seed_played":"-6342508095186646952","potions_obtained":[{"floor":1.0,"key":"DistilledChaos"},{"floor":6.0,"key":"Regen Potion"},{"floor":12.0,"key":"LiquidMemories"},{"floor":16.0,"key":"FocusPotion"},{"floor":25.0,"key":"Fire Potion"},{"floor":27.0,"key":"CultistPotion"},{"floor":33.0,"key":"SkillPotion"},{"floor":37,"key":"EssenceOfDarkness"},{"floor":41,"key":"Explosive Potion"},{"floor":42,"key":"Weak Potion"},{"floor":46,"key":"Weak Potion"},{"floor":47,"key":"AttackPotion"}],"is_trial":false,"path_per_floor":["M","M","?","?","$","E","R","M","T","?","?","M","$","M","R","B",null,"M","?","$","M","?","E","?","M","T","M","M","$","R","?","R","B",null,"M","M","M","M","?","R","E","M","T","R","M","M","E","?","R","B"],"character_chosen":"DEFECT","items_purchased":["Defragment","Double Energy","PreservedInsect","Storm","Turbo"],"campfire_rested":3,"item_purchase_floors":[5,13,20,29,29],"current_hp_per_floor":[75,75,68,56,56,56,56,65,65,55,55,60,60,67,67,74,75,72,72,72,56,56,24,24,13,13,20,20,20,42,42,42,17,75,47,41,36,35,35,35,31,28,28,50,50,34,33,18,40,0,0],"gold":545,"neow_bonus":"THREE_ENEMY_KILL","is_daily":false,"chose_seed":false,"campfire_upgraded":4,"win_rate":0.0,"timestamp":1613904822,"path_taken":["M","M","?","?","?","E","R","?","T","?","?","M","$","M","R","BOSS","M","?","$","M","?","E","?","M","T","M","M","$","R","?","R","BOSS","M","M","M","M","?","R","E","M","T","R","?","M","E","?","R","BOSS"],"items_purchased_type":["Card","Card","Relic","Card","Card"],"build_version":"2020-12-22","purchased_purges":1,"victory":false,"max_hp_per_floor":[75,75,75,75,75,75,75,75,75,75,75,75,75,75,75,75,75,75,75,75,75,75,75,75,75,75,75,75,75,75,75,75,75,75,75,75,75,75,75,75,75,75,75,75,75,75,75,75,75,75,75],"card_choices":[{"not_picked":["Steam Power","Redo"],"picked":"Tempest","floor":1.0},{"not_picked":["Streamline","Gash"],"picked":"Leap","floor":2.0},{"not_picked":["Ball Lightning","Conserve Battery","Gash"],"picked":"SKIP","floor":6.0},{"not_picked":["Doom and Gloom","Melter"],"picked":"Heatsinks","floor":8.0},{"not_picked":["Gash","Double Energy"],"picked":"Self Repair","floor":10.0},{"not_picked":["Rebound","Coolheaded","Reinforced Body"],"picked":"SKIP","floor":12.0},{"not_picked":["Streamline","Stack","Scrape"],"picked":"SKIP","floor":14.0},{"not_picked":["Fission","Hyperbeam"],"picked":"Machine Learning","floor":16.0},{"not_picked":["Scrape","Beam Cell+1"],"picked":"Skim","floor":18.0},{"not_picked":["Go for the Eyes","Streamline","Compile Driver"],"picked":"SKIP","floor":21.0},{"not_picked":["Ball Lightning","Compile Driver"],"picked":"Biased Cognition","floor":23.0},{"not_picked":["Barrage","Go for the Eyes","Melter"],"picked":"SKIP","floor":25.0},{"not_picked":["Chaos","Darkness+1"],"picked":"White Noise","floor":27.0},{"not_picked":["Auto Shields","Sweeping Beam","Melter"],"picked":"SKIP","floor":28.0},{"not_picked":["Seek","Multi-Cast"],"picked":"Electrodynamics","floor":33.0},{"not_picked":["Coolheaded+1","Redo"],"picked":"Static Discharge+1","floor":35.0},{"not_picked":["Gash","Heatsinks"],"picked":"Storm","floor":36.0},{"not_picked":["Ball Lightning+1","Reinforced Body+1"],"picked":"Static Discharge+1","floor":37},{"not_picked":["Cold Snap+1","Double Energy","Redo+1"],"picked":"SKIP","floor":38},{"not_picked":["Compile Driver+1","Doom and Gloom+1","Steam+1"],"picked":"SKIP","floor":41},{"not_picked":["Conserve Battery+1","Ball Lightning","Beam Cell+1"],"picked":"Static Discharge","floor":42},{"not_picked":["Reboot+1","Hello World+1","Skim+1"],"picked":"Double Energy+1","floor":45},{"not_picked":["Steam Power+1","Beam Cell","Consume+1"],"picked":"Force Field+1","floor":46},{"not_picked":["Hyperbeam","Conserve Battery+1","Steam+1"],"picked":"Electrodynamics","floor":47}],"player_experience":169211,"relics_obtained":[{"floor":6.0,"key":"Anchor"},{"floor":9.0,"key":"InkBottle"},{"floor":10.0,"key":"Odd Mushroom"},{"floor":23.0,"key":"Gambling Chip"},{"floor":23.0,"key":"Art of War"},{"floor":41,"key":"Gremlin Horn"},{"floor":41,"key":"Question Card"},{"floor":43,"key":"Toxic Egg 2"},{"floor":47,"key":"Shuriken"},{"floor":47,"key":"Nunchaku"},{"floor":48,"key":"Ice Cream"}],"event_choices":[{"cards_removed":["Strike_B"],"damage_healed":0.0,"max_hp_gain":0.0,"max_hp_loss":0.0,"gold_gain":0.0,"event_name":"Golden Wing","player_choice":"Card Removal","floor":3.0,"gold_loss":0.0,"damage_taken":7.0},{"damage_healed":0.0,"max_hp_gain":0.0,"max_hp_loss":0.0,"gold_gain":0.0,"event_name":"Scrap Ooze","player_choice":"Success","floor":4.0,"gold_loss":0.0,"damage_taken":12.0,"relics_obtained":["War Paint"]},{"damage_healed":0.0,"max_hp_gain":0.0,"max_hp_loss":0.0,"gold_gain":0.0,"event_name":"Mushrooms","player_choice":"Fought Mushrooms","floor":10.0,"gold_loss":0.0,"damage_taken":0.0},{"cards_removed":["Defend_B"],"damage_healed":0.0,"max_hp_gain":0.0,"max_hp_loss":0.0,"gold_gain":0.0,"event_name":"The Cleric","player_choice":"Card Removal","floor":11.0,"gold_loss":50.0,"damage_taken":0.0},{"damage_healed":0.0,"max_hp_gain":0.0,"max_hp_loss":0.0,"gold_gain":0.0,"event_name":"Ghosts","player_choice":"Ignored","floor":19.0,"gold_loss":0.0,"damage_taken":0.0},{"cards_removed":["Strike_B"],"damage_healed":0.0,"max_hp_gain":0.0,"max_hp_loss":0.0,"gold_gain":0.0,"event_name":"Back to Basics","player_choice":"Elegance","floor":24.0,"gold_loss":0.0,"damage_taken":0.0},{"damage_healed":0.0,"max_hp_gain":0.0,"max_hp_loss":0.0,"gold_gain":100.0,"event_name":"The Joust","player_choice":"Bet on Murderer","floor":31.0,"gold_loss":50.0,"damage_taken":0.0},{"damage_healed":0,"gold_gain":100,"player_choice":"Pray","damage_taken":0,"max_hp_gain":0,"max_hp_loss":0,"event_name":"Golden Shrine","floor":39,"gold_loss":0},{"damage_healed":0,"gold_gain":0,"player_choice":"Fight","damage_taken":0,"max_hp_gain":0,"max_hp_loss":0,"event_name":"Mysterious Sphere","floor":48,"gold_loss":0}],"is_beta":false,"boss_relics":[{"not_picked":["Fusion Hammer","Sozu"],"picked":"Black Star"},{"not_picked":["Busted Crown","Philosopher\u0027s Stone"],"picked":"Cursed Key"}],"items_purged_floors":[5],"is_endless":false,"potions_floor_spawned":[1,6,12,16,25,27,33,37,41,42,46,47],"killed_by":"Time Eater","ascension_level":2}}