{"host":"9c5s71vpq5e0ob8c","time":1613940212,"event":{"mods":["BaseMod","DeckTracker","Minty Spire (QoL Compilation)","StSLib"],"gold_per_floor":[114,114,114,131,56,56,56,56,102,117,35,35,52,64,64,164,164,164,164],"floor_reached":18,"language":"ENG","playtime":466,"items_purged":["Strike_R"],"score":225,"play_id":"2b046042-9163-4f20-8c1b-6941f9f5ded9","local_time":"20210221154332","is_ascension_mode":true,"campfire_choices":[{"data":"True Grit","floor":6.0,"key":"SMITH"},{"data":"Body Slam","floor":8.0,"key":"SMITH"},{"data":"Shrug It Off","floor":12.0,"key":"SMITH"},{"data":"Inflame","floor":15.0,"key":"SMITH"}],"circlet_count":0,"master_deck":["AscendersBane","Strike_R","Strike_R","Strike_R","Strike_R","Defend_R","Defend_R","Defend_R","Defend_R","Body Slam+1","True Grit+1","Shrug It Off+1","Inflame+1","Demon Form"],"relics":["Burning Blood","NeowsBlessing","Blue Candle","Strawberry","FossilizedHelix","Black Star"],"acts_visited":["Exordium","TheCity"],"potions_floor_usage":[16,16],"damage_taken":[{"damage":0.0,"enemies":"Small Slimes","floor":1.0,"turns":1.0},{"damage":0.0,"enemies":"2 Louse","floor":4.0,"turns":1.0},{"damage":0.0,"enemies":"Cultist","floor":10.0,"turns":1.0},{"damage":0.0,"enemies":"3 Louse","floor":13.0,"turns":5.0},{"damage":0.0,"enemies":"Gremlin Gang","floor":14.0,"turns":3.0},{"damage":89,"enemies":"Hexaghost","floor":16,"turns":16},{"damage":0,"enemies":"2 Thieves","floor":18,"turns":1}],"seed_played":"6006408730244681282","potions_obtained":[{"floor":3.0,"key":"SneckoOil"},{"floor":3.0,"key":"BloodPotion"},{"floor":3.0,"key":"Explosive Potion"},{"floor":4.0,"key":"DuplicationPotion"},{"floor":16,"key":"Strength Potion"}],"is_trial":false,"path_per_floor":["M","?","?","M","$","R","?","R","T","M","?","R","M","M","R","B",null,"M"],"character_chosen":"IRONCLAD","items_purchased":[],"campfire_rested":0,"item_purchase_floors":[],"current_hp_per_floor":[78,78,78,80,80,80,80,80,87,87,87,87,87,87,87,21,71,71,71],"gold":164,"neow_bonus":"THREE_ENEMY_KILL","is_daily":false,"chose_seed":false,"campfire_upgraded":4,"win_rate":0.0,"timestamp":1613940212,"path_taken":["M","?","?","?","$","R","?","R","T","?","?","R","M","?","R","BOSS","M"],"items_purchased_type":[],"build_version":"2020-12-22","purchased_purges":1,"victory":false,"max_hp_per_floor":[80,80,80,80,80,80,80,80,87,87,87,87,87,87,87,87,87,87,87],"card_choices":[{"not_picked":["Warcry","Metallicize"],"picked":"Body Slam","floor":1.0},{"not_picked":["Inflame","Body Slam"],"picked":"True Grit","floor":4.0},{"not_picked":["Havoc","Body Slam"],"picked":"Shrug It Off","floor":10.0},{"not_picked":["Warcry","Rupture","Rage"],"picked":"SKIP","floor":13.0},{"not_picked":["Dark Embrace","Headbutt"],"picked":"Inflame","floor":14.0},{"not_picked":["Juggernaut","Brutality"],"picked":"Demon Form","floor":16}],"player_experience":354912,"relics_obtained":[{"floor":7.0,"key":"Blue Candle"},{"floor":9.0,"key":"Strawberry"}],"event_choices":[{"cards_removed":["Bash"],"damage_healed":0.0,"max_hp_gain":0.0,"max_hp_loss":0.0,"gold_gain":0.0,"event_name":"Living Wall","player_choice":"Forget","floor":2.0,"gold_loss":0.0,"damage_taken":0.0},{"damage_healed":0.0,"max_hp_gain":0.0,"max_hp_loss":0.0,"gold_gain":0.0,"event_name":"Lab","player_choice":"Got Potions","floor":3.0,"gold_loss":0.0,"damage_taken":0.0},{"damage_healed":0.0,"max_hp_gain":0.0,"max_hp_loss":0.0,"gold_gain":0.0,"event_name":"Wheel of Change","player_choice":"Relic","floor":7.0,"gold_loss":0.0,"damage_taken":0.0},{"damage_healed":0.0,"max_hp_gain":0.0,"max_hp_loss":0.0,"gold_gain":0.0,"event_name":"WeMeetAgain","player_choice":"Paid Gold","floor":11.0,"gold_loss":82.0,"damage_taken":0.0,"relics_obtained":["FossilizedHelix"]}],"is_beta":false,"boss_relics":[{"not_picked":["Snecko Eye","Runic Pyramid"],"picked":"Black Star"}],"items_purged_floors":[5],"is_endless":false,"potions_floor_spawned":[4,10,16],"killed_by":"2 Thieves","ascension_level":10}}