{"host":"pjjzz70vl4t83ifx","time":1613932161,"event":{"mods":["AchievementEnabler","BaseMod","Card Forge","Colored Map","Colored Powertips","Highlight Path","Infinite Spire","Minty Spire (QoL Compilation)","Permanent Neow","Practice Mode","Rare Cards Sparkle","Relic Stats","StSLib","Synergy Search"],"gold_per_floor":[115,125,125,138,138,88,99,99,99,99,99,113,113,45,45,145,145,163,163,176,176,176,176,187,187,187,220,236,268,268,286,286,385,385,397,449,449,449,460,460,493,510,559,573,596,89,89,106,106,106],"floor_reached":51,"language":"ENG","playtime":2313,"items_purged":["infinitespire:Pacifist","Writhe"],"score":1043,"play_id":"03a9e1e0-c850-40f8-a787-a17f69ac3ff5","local_time":"20210221102921","is_ascension_mode":true,"campfire_choices":[{"data":"infinitespire:Neurotoxin","floor":8.0,"key":"SMITH"},{"data":"Footwork","floor":13.0,"key":"SMITH"},{"data":"Noxious Fumes","floor":15.0,"key":"SMITH"},{"data":"Blur","floor":23.0,"key":"SMITH"},{"data":"Neutralize","floor":25.0,"key":"SMITH"},{"data":"Bullet Time","floor":30.0,"key":"SMITH"},{"data":"Backflip","floor":32.0,"key":"SMITH"},{"data":"Corpse Explosion","floor":40,"key":"SMITH"},{"data":"Apotheosis","floor":49,"key":"SMITH"}],"circlet_count":0,"master_deck":["Defend_G","Defend_G","Defend_G","Defend_G","Defend_G","Survivor","Neutralize+1","infinitespire:Neurotoxin+1","Footwork+1","Bane","Blur+1","Finesse","Backflip+1","Noxious Fumes+1","Envenom+1","Bane","Bite+1","Bite","Bite","Bite","Bite+1","Dodge and Roll+1","Bane+1","Bullet Time+1","Corpse Explosion+1","Escape Plan+1","Writhe","Well Laid Plans+1","Apotheosis+1","Infinite Blades","Bane","infinitespire:Fortify","infinitespire:Starlight"],"relics":["Ring of the Snake","Hammer of Thor","Seething Fire","Anvil of the Gods","Mummified Hand","Bag of Preparation","infinitespire:Beetle Shell","Coffee Dripper","Vajra","Whetstone","StrikeDummy","Cursed Key","WingedGreaves","Blue Candle","The Specimen","Toy Ornithopter","Smiling Mask","ClockworkSouvenir","Membership Card"],"acts_visited":["Exordium","TheCity","TheBeyond"],"potions_floor_usage":[42,50],"damage_taken":[{"damage":10.0,"enemies":"Cultist","floor":1.0,"turns":4.0},{"damage":1.0,"enemies":"2 Louse","floor":2.0,"turns":5.0},{"damage":2.0,"enemies":"Jaw Worm","floor":4.0,"turns":5.0},{"damage":7.0,"enemies":"3 Louse","floor":7.0,"turns":4.0},{"damage":0.0,"enemies":"Large Slime","floor":12.0,"turns":9.0},{"damage":23.0,"enemies":"Slime Boss","floor":16.0,"turns":8.0},{"damage":0.0,"enemies":"3 Byrds","floor":18.0,"turns":5.0},{"damage":2.0,"enemies":"Shell Parasite","floor":20.0,"turns":4.0},{"damage":1.0,"enemies":"3 Cultists","floor":24.0,"turns":5.0},{"damage":1.0,"enemies":"Slavers","floor":27.0,"turns":6.0},{"damage":19.0,"enemies":"Snecko","floor":28.0,"turns":4.0},{"damage":25.0,"enemies":"Gremlin Leader","floor":29.0,"turns":5.0},{"damage":18.0,"enemies":"Snake Plant","floor":31.0,"turns":4.0},{"damage":22.0,"enemies":"Automaton","floor":33.0,"turns":6.0},{"damage":0.0,"enemies":"Orb Walker","floor":35.0,"turns":2.0},{"damage":13.0,"enemies":"2 Orb Walkers","floor":36.0,"turns":3.0},{"damage":10.0,"enemies":"infinitespire:Three Voidlings","floor":38.0,"turns":4.0},{"damage":42.0,"enemies":"Nightmare_Alpha","floor":38.0,"turns":7.0},{"damage":1,"enemies":"3 Shapes","floor":39,"turns":4},{"damage":31,"enemies":"Nightmare","floor":41,"turns":5},{"damage":5,"enemies":"Writhing Mass","floor":42,"turns":4},{"damage":7,"enemies":"Transient","floor":44,"turns":5},{"damage":1,"enemies":"Spire Growth","floor":48,"turns":3},{"damage":22,"enemies":"Donu and Deca","floor":50,"turns":4}],"seed_played":"9107609498366736980","potions_obtained":[{"floor":2.0,"key":"BlessingOfTheForge"},{"floor":7.0,"key":"Explosive Potion"},{"floor":16.0,"key":"GhostInAJar"},{"floor":24.0,"key":"Fire Potion"},{"floor":28.0,"key":"GamblersBrew"},{"floor":33.0,"key":"SteroidPotion"},{"floor":36.0,"key":"CunningPotion"},{"floor":39,"key":"Ancient Potion"},{"floor":44,"key":"Swift Potion"}],"is_trial":false,"path_per_floor":["M","M","?","M","T","?","M","R","T","?","?","M","R","$","R","B",null,"M","?","M","?","?","R","M","R","T","E","M","E","R","M","R","B",null,"M","?","T","?","M","R","NM","M","T","M","T","$","AVR","M","R","B",null],"character_chosen":"THE_SILENT","items_purchased":["Noxious Fumes","Apotheosis","Infinite Blades","Bane","ClockworkSouvenir"],"campfire_rested":0,"item_purchase_floors":[14,46,46,46,46],"current_hp_per_floor":[53,52,52,50,50,50,43,43,43,43,43,43,43,43,43,20,58,58,45,43,43,43,43,52,52,52,52,39,26,26,20,20,14,43,50,42,42,21,28,28,14,19,19,29,29,29,29,41,41,42],"gold":106,"neow_bonus":"ONE_RANDOM_RARE_CARD","is_daily":false,"chose_seed":false,"campfire_upgraded":9,"win_rate":0.0,"timestamp":1613932161,"path_taken":["M","?","?","M","?","?","M","R","T","?","?","?","R","$","R","BOSS","M","?","M","?","?","R","M","R","T","E","M","E","R","M","R","BOSS","M","?","?","?","M","R","NM","?","T","?","?","$","AVR","M","R","BOSS"],"items_purchased_type":["Card","Card","Card","Card","Relic"],"build_version":"2020-12-22","purchased_purges":2,"victory":true,"max_hp_per_floor":[70,70,70,70,70,70,70,70,70,70,70,70,70,70,70,70,70,70,75,75,52,52,52,52,52,52,52,52,52,52,52,52,52,52,52,52,52,52,52,52,52,52,52,52,52,52,52,52,52,52],"relic_stats":{"counters":[24,115],"Mummified Hand":[63],"Blue Candle":[8],"Bag of Preparation":[40],"Whetstone":["Bite","Bite"],"Cursed Key":3,"Smiling Mask":25,"obtain_stats":[{"The Specimen":41,"Blue Candle":37,"Vajra":26,"Hammer of Thor":0,"infinitespire:Beetle Shell":10,"Bag of Preparation":9,"Seething Fire":0,"Whetstone":27,"Cursed Key":34,"Smiling Mask":45,"ClockworkSouvenir":46,"Anvil of the Gods":0,"Mummified Hand":5,"WingedGreaves":36,"Coffee Dripper":17,"Membership Card":47,"StrikeDummy":29,"Toy Ornithopter":43,"Ring of the Snake":0},{"The Specimen":20,"Blue Candle":16,"Vajra":9,"Hammer of Thor":0,"infinitespire:Beetle Shell":4,"Bag of Preparation":4,"Seething Fire":0,"Whetstone":10,"Cursed Key":14,"Smiling Mask":22,"ClockworkSouvenir":22,"Anvil of the Gods":0,"Mummified Hand":3,"WingedGreaves":16,"Coffee Dripper":6,"Membership Card":22,"StrikeDummy":12,"Toy Ornithopter":21,"Ring of the Snake":0},{"The Specimen":99,"Blue Candle":79,"Vajra":49,"Hammer of Thor":0,"infinitespire:Beetle Shell":18,"Bag of Preparation":18,"Seething Fire":0,"Whetstone":55,"Cursed Key":74,"Smiling Mask":108,"ClockworkSouvenir":108,"Anvil of the Gods":0,"Mummified Hand":14,"WingedGreaves":79,"Coffee Dripper":35,"Membership Card":108,"StrikeDummy":64,"Toy Ornithopter":103,"Ring of the Snake":0}],"Toy Ornithopter":0,"Ring of the Snake":[48]},"card_choices":[{"not_picked":["Outmaneuver","Dagger Spray"],"picked":"Footwork","floor":1.0},{"not_picked":["Predator","Deadly Poison"],"picked":"Bane","floor":2.0},{"not_picked":["Poisoned Stab","Eviscerate","Tactician"],"picked":"SKIP","floor":4.0},{"not_picked":["Slice","Deflect"],"picked":"Blur","floor":7.0},{"not_picked":["Expertise","Poisoned Stab"],"picked":"Backflip","floor":12.0},{"not_picked":["A Thousand Cuts","Night Terror"],"picked":"Envenom","floor":16.0},{"not_picked":["Sucker Punch+1","Riddle With Holes"],"picked":"Bane","floor":18.0},{"not_picked":["Deadly Poison+1","Slice+1","Blade Dance"],"picked":"SKIP","floor":20.0},{"not_picked":["Bane","Dagger Spray+1"],"picked":"Dodge and Roll+1","floor":24.0},{"not_picked":["Prepared","Backstab"],"picked":"Bane+1","floor":27.0},{"not_picked":["Prepared","Heel Hook"],"picked":"Bullet Time","floor":28.0},{"not_picked":["Reflex","Poisoned Stab","Tactician"],"picked":"SKIP","floor":29.0},{"not_picked":["Backstab","Distraction","Dagger Throw"],"picked":"SKIP","floor":31.0},{"not_picked":["Malaise","Die Die Die"],"picked":"Corpse Explosion","floor":33.0},{"not_picked":["Underhanded Strike+1","Outmaneuver","All Out Attack+1"],"picked":"SKIP","floor":35.0},{"not_picked":["Reflex+1","Blade Dance"],"picked":"Escape Plan+1","floor":36.0},{"not_picked":["Outmaneuver+1","Distraction","Heel Hook"],"picked":"SKIP","floor":39},{"not_picked":["Heel Hook","Setup"],"picked":"Well Laid Plans+1","floor":41},{"not_picked":["Sucker Punch","Outmaneuver+1","Heel Hook+1"],"picked":"SKIP","floor":42},{"not_picked":["Quick Slash","Dodge and Roll","Slice"],"picked":"SKIP","floor":44},{"not_picked":["Storm of Steel","Flechettes+1","Slice"],"picked":"SKIP","floor":48}],"player_experience":253690,"relics_obtained":[{"floor":5.0,"key":"Mummified Hand"},{"floor":9.0,"key":"Bag of Preparation"},{"floor":10.0,"key":"infinitespire:Beetle Shell"},{"floor":26.0,"key":"Vajra"},{"floor":27.0,"key":"Whetstone"},{"floor":29.0,"key":"StrikeDummy"},{"floor":36.0,"key":"WingedGreaves"},{"floor":37.0,"key":"Blue Candle"},{"floor":41,"key":"The Specimen"},{"floor":43,"key":"Toy Ornithopter"},{"floor":45,"key":"Smiling Mask"}],"event_choices":[{"cards_removed":["Strike_G"],"damage_healed":0.0,"max_hp_gain":0.0,"max_hp_loss":0.0,"gold_gain":0.0,"event_name":"The Cleric","player_choice":"Card Removal","floor":6.0,"gold_loss":50.0,"damage_taken":0.0},{"damage_healed":0.0,"max_hp_gain":0.0,"max_hp_loss":0.0,"gold_gain":0.0,"event_name":"Match and Keep!","player_choice":"1 cards matched","floor":11.0,"gold_loss":0.0,"damage_taken":0.0,"cards_obtained":["Finesse"]},{"damage_healed":0.0,"max_hp_gain":0.0,"max_hp_loss":0.0,"gold_gain":0.0,"event_name":"Match and Keep!","player_choice":"1 cards matched","floor":11.0,"gold_loss":0.0,"damage_taken":0.0,"cards_obtained":["Finesse"]},{"damage_healed":0.0,"max_hp_gain":5.0,"max_hp_loss":0.0,"gold_gain":0.0,"event_name":"Forgotten Altar","player_choice":"Shed Blood","floor":19.0,"gold_loss":0.0,"damage_taken":18.0},{"damage_healed":0.0,"max_hp_gain":0.0,"max_hp_loss":23.0,"gold_gain":0.0,"event_name":"Vampires","player_choice":"Became a vampire","floor":21.0,"gold_loss":0.0,"damage_taken":0.0,"cards_obtained":["Bite","Bite","Bite","Bite","Bite"]},{"damage_healed":0.0,"max_hp_gain":0.0,"max_hp_loss":0.0,"gold_gain":0.0,"event_name":"Accursed Blacksmith","player_choice":"Forge","floor":22.0,"gold_loss":0.0,"damage_taken":0.0,"cards_upgraded":["Envenom"]},{"damage_healed":0.0,"max_hp_gain":0.0,"max_hp_loss":0.0,"gold_gain":0.0,"event_name":"Mysterious Sphere","player_choice":"Fight","floor":36.0,"gold_loss":0.0,"damage_taken":0.0}],"is_beta":false,"boss_relics":[{"not_picked":["HoveringKite","Ectoplasm"],"picked":"Coffee Dripper"},{"not_picked":["Busted Crown","SacredBark"],"picked":"Cursed Key"}],"items_purged_floors":[46,47],"is_endless":false,"potions_floor_spawned":[2,7,16,24,28,33,36,38,39,41,44],"ascension_level":7}}