{"host":"9b7hrp48q3pna783","time":1613902379,"event":{"mods":["BaseMod","Colored Map","Colored Powertips","Highlight Path","Minty Spire (QoL Compilation)","Relic Stats"],"gold_per_floor":[110,123,136,136,148,148,158,158,184,210,210,210,210],"floor_reached":12,"language":"ENG","playtime":921,"items_purged":[],"score":92,"play_id":"37cd9444-470e-4baf-93ae-e1a88d33ee88","local_time":"20210221051259","is_ascension_mode":true,"campfire_choices":[{"data":"Survivor","floor":6,"key":"SMITH"},{"data":"Deadly Poison","floor":8,"key":"SMITH"},{"data":"Poisoned Stab","floor":11,"key":"SMITH"}],"circlet_count":0,"master_deck":["Strike_G","Strike_G","Strike_G","Strike_G","Defend_G","Defend_G","Defend_G","Defend_G","Defend_G","Survivor+1","Neutralize","Poisoned Stab+1","Deadly Poison+1","Acrobatics","Leg Sweep"],"relics":["Ring of the Snake","NeowsBlessing","Ancient Tea Set","MealTicket"],"acts_visited":["Exordium"],"potions_floor_usage":[7,7,10],"damage_taken":[{"damage":0,"enemies":"Small Slimes","floor":1,"turns":1},{"damage":0,"enemies":"Cultist","floor":2,"turns":1},{"damage":0,"enemies":"2 Louse","floor":3,"turns":1},{"damage":2,"enemies":"2 Fungi Beasts","floor":5,"turns":4},{"damage":10,"enemies":"Large Slime","floor":7,"turns":8},{"damage":21,"enemies":"Gremlin Nob","floor":10,"turns":4},{"damage":41,"enemies":"3 Sentries","floor":12,"turns":9}],"seed_played":"-4204740974843395579","potions_obtained":[{"floor":3,"key":"FearPotion"},{"floor":5,"key":"Energy Potion"},{"floor":7,"key":"ColorlessPotion"}],"is_trial":false,"path_per_floor":["M","M","M","?","M","R","M","R","T","E","R","E"],"character_chosen":"THE_SILENT","items_purchased":[],"campfire_rested":0,"item_purchase_floors":[],"current_hp_per_floor":[70,70,70,70,68,68,58,58,58,37,37,0,0],"gold":210,"neow_bonus":"THREE_ENEMY_KILL","is_daily":false,"chose_seed":false,"campfire_upgraded":3,"win_rate":0.0,"timestamp":1613902379,"path_taken":["M","M","M","?","M","R","M","R","T","E","R","E"],"items_purchased_type":[],"build_version":"2020-12-22","purchased_purges":0,"victory":false,"max_hp_per_floor":[70,70,70,70,70,70,70,70,70,70,70,70,70],"relic_stats":{"counters":[7,28],"MealTicket":0,"obtain_stats":[{"NeowsBlessing":0,"MealTicket":10,"Ancient Tea Set":9,"Ring of the Snake":0},{"NeowsBlessing":0,"MealTicket":6,"Ancient Tea Set":5,"Ring of the Snake":0},{"NeowsBlessing":0,"MealTicket":19,"Ancient Tea Set":15,"Ring of the Snake":0}],"Ring of the Snake":[14]},"card_choices":[{"not_picked":["Bouncing Flask","Predator"],"picked":"Poisoned Stab","floor":1},{"not_picked":["Well Laid Plans","Dodge and Roll"],"picked":"Deadly Poison","floor":2},{"not_picked":["Calculated Gamble","Underhanded Strike","Dagger Throw"],"picked":"SKIP","floor":3},{"not_picked":["Dagger Throw","Finisher"],"picked":"Acrobatics","floor":5},{"not_picked":["Quick Slash","Calculated Gamble","Deflect"],"picked":"SKIP","floor":7},{"not_picked":["Accuracy","Eviscerate"],"picked":"Leg Sweep","floor":10}],"player_experience":170477,"relics_obtained":[{"floor":9,"key":"Ancient Tea Set"},{"floor":10,"key":"MealTicket"}],"event_choices":[{"cards_removed":["Strike_G"],"damage_healed":0,"gold_gain":0,"player_choice":"Purged","damage_taken":0,"max_hp_gain":0,"max_hp_loss":0,"event_name":"Purifier","floor":4,"gold_loss":0}],"is_beta":false,"boss_relics":[],"items_purged_floors":[],"is_endless":false,"potions_floor_spawned":[3,5,7],"killed_by":"3 Sentries","ascension_level":3}}