{"host":"vdpaduzlq0qlaikq","time":1613872084,"event":{"mods":["AchievementEnabler","BaseMod","Better Third Choice","BetterRewards","Colored Map","Downfall","Gold Saver","Hermit","Jorbs\u0027s Wanderer Trilogy","Minty Spire (QoL Compilation)","Relic Filter","Spicy Shops","StSLib","The Necromancer"],"gold_per_floor":[1627,1112,1132,1149,1160,1160,1179,1213,1213,1213,1230,1230,1243,1270,1270,1341,1341,1361,925,925,937,947,947,960,991,991,1041,1059,973,985,985,985,1061,1061,1079,1029,1048,304,316,345,345,361,442,453,79,98,34,64,64,64,64,64,11,40,40],"floor_reached":56,"language":"ENG","playtime":2502,"items_purged":["Strike_B","Strike_B"],"score":2759,"play_id":"eb6da0fa-1b24-4ed1-a436-65d48489606b","local_time":"20210220234804","is_ascension_mode":true,"campfire_choices":[{"data":"Storm","floor":6,"key":"SMITH"},{"data":"Defragment","floor":10,"key":"SMITH"},{"data":"Defragment","floor":12,"key":"SMITH"},{"floor":15,"key":"DIG"},{"floor":23,"key":"RECALL"},{"floor":32,"key":"DIG"},{"data":"Echo Form","floor":41,"key":"SMITH"},{"floor":49,"key":"DIG"},{"floor":52,"key":"DIG"}],"circlet_count":0,"master_deck":["AscendersBane","Strike_B","Defend_B","Defend_B","Defend_B","Defend_B","Zap","Dualcast","Loop","Defragment+1","Heatsinks","Self Repair","Storm+1","Ball Lightning","Defragment+1","Capacitor","Double Energy","Capacitor","The Bomb","Loop","Machine Learning","Leap","Echo Form+1","Consume","Skim","Defragment","Creative AI+1","White Noise","Self Repair","Storm+1","Storm"],"relics":["Cracked Core","Omamori","TungstenRod","MealTicket","Juzu Bracelet","FossilizedHelix","Medical Kit","Guardian:PocketSentry","Shovel","Bottled Lightning","White Beast Statue","Ancient Tea Set","Black Star","Oddly Smooth Stone","Bag of Preparation","Blue Candle","Toy Ornithopter","Bag of Marbles","Nuclear Battery","Potion Belt","Lantern","Thread and Needle","Runic Capacitor","Regal Pillow","DataDisk","Happy Flower","DollysMirror","Cables","Anchor","Sundial","Art of War","Pantograph","InkBottle","Mercury Hourglass","Unceasing Top"],"acts_visited":["Exordium","TheCity","TheBeyond","TheEnding"],"potions_floor_usage":[14,25,28,30,33,37,37,44,46,50,50,50,55,55,55],"damage_taken":[{"damage":12,"enemies":"2 Louse","floor":1,"turns":3},{"damage":0,"enemies":"Cultist","floor":3,"turns":3},{"damage":0,"enemies":"Small Slimes","floor":4,"turns":3},{"damage":3,"enemies":"3 Louse","floor":5,"turns":4},{"damage":2,"enemies":"Blue Slaver","floor":7,"turns":3},{"damage":30,"enemies":"3 Sentries","floor":8,"turns":5},{"damage":0,"enemies":"Red Slaver","floor":11,"turns":3},{"damage":0,"enemies":"Looter","floor":13,"turns":2},{"damage":0,"enemies":"Gremlin Nob","floor":14,"turns":3},{"damage":0,"enemies":"Slime Boss","floor":16,"turns":5},{"damage":0,"enemies":"Spheric Guardian","floor":18,"turns":3},{"damage":0,"enemies":"3 Byrds","floor":21,"turns":3},{"damage":10,"enemies":"Snake Plant","floor":22,"turns":3},{"damage":11,"enemies":"Cultist and Chosen","floor":24,"turns":3},{"damage":37,"enemies":"Book of Stabbing","floor":25,"turns":5},{"damage":0,"enemies":"Snecko","floor":28,"turns":3},{"damage":6,"enemies":"3 Cultists","floor":30,"turns":3},{"damage":29,"enemies":"Automaton","floor":33,"turns":6},{"damage":8,"enemies":"3 Shapes","floor":35,"turns":3},{"damage":10,"enemies":"Orb Walker","floor":37,"turns":3},{"damage":0,"enemies":"Sphere and 2 Shapes","floor":39,"turns":4},{"damage":34,"enemies":"Nemesis","floor":40,"turns":4},{"damage":24,"enemies":"Spire Growth","floor":42,"turns":3},{"damage":1,"enemies":"Transient","floor":44,"turns":6},{"damage":20,"enemies":"4 Shapes","floor":46,"turns":3},{"damage":0,"enemies":"Giant Head","floor":48,"turns":5},{"damage":71,"enemies":"Awakened One","floor":50,"turns":6},{"damage":36,"enemies":"Shield and Spear","floor":54,"turns":3},{"damage":74,"enemies":"The Heart","floor":55,"turns":5}],"seed_played":"-2825296713260187177","potions_obtained":[{"floor":1,"key":"LiquidMemories"},{"floor":5,"key":"Guardian:BlockOnCardUsePotion"},{"floor":11,"key":"bronze:BurnAndBuffPotion"},{"floor":14,"key":"sneckomod:MuddlingPotion"},{"floor":25,"key":"Explosive Potion"},{"floor":28,"key":"CultistPotion"},{"floor":30,"key":"Regen Potion"},{"floor":33,"key":"Strength Potion"},{"floor":37,"key":"Fruit Juice"},{"floor":39,"key":"FocusPotion"},{"floor":40,"key":"Weak Potion"},{"floor":42,"key":"Energy Potion"},{"floor":44,"key":"Fire Potion"},{"floor":46,"key":"AttackPotion"},{"floor":48,"key":"Regen Potion"},{"floor":54,"key":"AttackPotion"}],"is_trial":false,"path_per_floor":["M","$","M","M","M","R","M","E","T","R","M","R","M","E","R","B",null,"M","$","?","M","M","R","M","E","T","?","M","$","M","?","R","B",null,"M","?","M","$","M","E","R","M","T","M","$","M","$","E","R","B",null,"R","$","E","B",null],"character_chosen":"DEFECT","items_purchased":["Omamori","TungstenRod","Loop","Defragment","MealTicket","Heatsinks","Juzu Bracelet","Self Repair","Storm","Ball Lightning","Defragment","FossilizedHelix","Capacitor","Double Energy","Medical Kit","Guardian:PocketSentry","The Bomb","Oddly Smooth Stone","Bag of Preparation","Skim","Potion Belt","Lantern","Thread and Needle","Runic Capacitor","Happy Flower","DollysMirror","Cables","Anchor","sneckomod:MuddlingPotion"],"campfire_rested":0,"item_purchase_floors":[0,0,0,0,0,0,0,0,0,0,0,0,0,0,2,2,2,19,19,29,38,38,38,38,45,45,45,47,53],"current_hp_per_floor":[59,71,71,71,71,71,71,48,48,48,55,55,62,62,62,69,71,71,71,71,71,68,68,64,27,27,27,39,54,60,60,60,55,67,66,66,76,76,76,49,49,39,39,57,72,70,76,76,76,27,64,64,76,54,17],"gold":40,"neow_bonus":"","is_daily":false,"chose_seed":false,"campfire_upgraded":4,"win_rate":0.0,"timestamp":1613872084,"path_taken":["M","$","M","M","M","R","M","E","T","R","M","R","M","E","R","BOSS","M","$","?","M","M","R","M","E","T","?","M","$","M","?","R","BOSS","M","?","M","?","M","E","R","M","T","M","$","M","$","E","R","BOSS","R","$","E","BOSS"],"items_purchased_type":["Relic","Relic","Card","Card","Relic","Card","Relic","Card","Card","Card","Card","Relic","Card","Card","Relic","Relic","Card","Relic","Relic","Card","Relic","Relic","Relic","Relic","Relic","Relic","Relic","Relic","Potion"],"build_version":"2020-12-22","purchased_purges":2,"victory":true,"max_hp_per_floor":[71,71,71,71,71,71,71,71,71,71,71,71,71,71,71,71,71,71,71,71,71,71,71,71,71,71,71,71,71,71,71,71,71,71,71,71,76,76,76,76,76,76,76,76,76,76,76,76,76,76,76,76,76,76,76],"card_choices":[{"not_picked":["Sweeping Beam","Turbo"],"picked":"Capacitor","floor":1},{"not_picked":["Barrage","Capacitor"],"picked":"Loop","floor":3},{"not_picked":["Go for the Eyes","Rebound","Blizzard"],"picked":"SKIP","floor":4},{"not_picked":["Stack","Barrage","Turbo"],"picked":"SKIP","floor":5},{"not_picked":["Chill","Ball Lightning","Darkness"],"picked":"SKIP","floor":7},{"not_picked":["Streamline","Rebound","Barrage"],"picked":"SKIP","floor":8},{"not_picked":["Barrage","Streamline"],"picked":"Machine Learning","floor":11},{"not_picked":["Self Repair","Turbo"],"picked":"Leap","floor":13},{"not_picked":["Reprogram","Auto Shields","Gash"],"picked":"SKIP","floor":14},{"not_picked":["Creative AI","Meteor Strike"],"picked":"Echo Form","floor":16},{"not_picked":["Conserve Battery","Redo","Genetic Algorithm"],"picked":"SKIP","floor":18},{"not_picked":["Leap","Steam Power+1","Ball Lightning"],"picked":"SKIP","floor":21},{"not_picked":["Barrage","Rebound"],"picked":"Consume","floor":22},{"not_picked":["Fusion","Multi-Cast","Gash"],"picked":"SKIP","floor":24},{"not_picked":["Leap","Sweeping Beam","Turbo"],"picked":"SKIP","floor":25},{"not_picked":["Streamline","Static Discharge","Hologram"],"picked":"SKIP","floor":28},{"not_picked":["Aggregate","Beam Cell"],"picked":"Defragment","floor":30},{"not_picked":["Machine Learning","Amplify"],"picked":"Creative AI","floor":33},{"not_picked":["Gash+1","Sweeping Beam"],"picked":"White Noise","floor":35},{"not_picked":["Turbo","Rebound","Streamline"],"picked":"SKIP","floor":37},{"not_picked":["Compile Driver","Sunder","Doom and Gloom+1"],"picked":"SKIP","floor":39},{"not_picked":["Stack","Static Discharge","Darkness"],"picked":"SKIP","floor":40},{"not_picked":["Gash","Reboot"],"picked":"Self Repair","floor":42},{"not_picked":["Cold Snap","Doom and Gloom+1","Streamline+1"],"picked":"SKIP","floor":44},{"not_picked":["Conserve Battery","Cold Snap+1","Rebound"],"picked":"SKIP","floor":46},{"not_picked":["Rebound","Sunder+1","Barrage+1"],"picked":"SKIP","floor":48},{"not_picked":["Skim","Rip and Tear+1"],"picked":"Storm","floor":54}],"player_experience":757601,"relics_obtained":[{"floor":8,"key":"Shovel"},{"floor":9,"key":"Bottled Lightning"},{"floor":14,"key":"White Beast Statue"},{"floor":15,"key":"Ancient Tea Set"},{"floor":25,"key":"Blue Candle"},{"floor":26,"key":"Toy Ornithopter"},{"floor":32,"key":"Bag of Marbles"},{"floor":40,"key":"Regal Pillow"},{"floor":40,"key":"DataDisk"},{"floor":48,"key":"Sundial"},{"floor":48,"key":"Art of War"},{"floor":49,"key":"Pantograph"},{"floor":52,"key":"InkBottle"},{"floor":54,"key":"Mercury Hourglass"},{"floor":54,"key":"Unceasing Top"}],"event_choices":[{"cards_removed":["Strike_B"],"damage_healed":0,"gold_gain":0,"player_choice":"Purged","damage_taken":0,"max_hp_gain":0,"max_hp_loss":0,"event_name":"Purifier","floor":20,"gold_loss":0},{"damage_healed":0,"gold_gain":50,"player_choice":"Steal","damage_taken":0,"max_hp_gain":0,"max_hp_loss":0,"event_name":"betterThird:BetterNest","floor":27,"gold_loss":0},{"damage_healed":0,"gold_gain":0,"player_choice":"Got Potions","damage_taken":0,"max_hp_gain":0,"max_hp_loss":0,"event_name":"Lab","floor":31,"gold_loss":0},{"damage_healed":0,"gold_gain":0,"player_choice":"Upgrade","damage_taken":0,"max_hp_gain":0,"max_hp_loss":0,"event_name":"Designer","floor":36,"gold_loss":50,"cards_upgraded":["Creative AI"]}],"is_beta":false,"boss_relics":[{"not_picked":["Calling Bell","Fusion Hammer"],"picked":"Black Star"},{"not_picked":["SacredBark","Runic Pyramid"],"picked":"Nuclear Battery"}],"items_purged_floors":[2,19],"is_endless":false,"potions_floor_spawned":[1,5,11,14,16,18,21,22,24,25,28,30,33,35,37,39,40,42,44,46,48,54],"ascension_level":18}}