{"host":"guk5h31bsklpp7e4","time":1613900730,"event":{"mods":["AchievementEnabler","BaseMod","Colored Map","Colored Powertips","Highlight Path","Minty Spire (QoL Compilation)","Quick Restart","Rare Cards Sparkle"],"gold_per_floor":[20,39,39,54,54,95,118,118,118,134,177,13,13,33,33,158,158,171,194,194,9,24,24,24,37,85,100,100,100],"floor_reached":28,"language":"ENG","playtime":1440,"items_purged":["Defend_P","Strike_P"],"score":321,"play_id":"25b67b27-9f07-448f-a477-731b87b005df","local_time":"20210221044530","is_ascension_mode":true,"campfire_choices":[{"data":"Eruption","floor":8.0,"key":"SMITH"},{"floor":13.0,"key":"REST"},{"floor":15.0,"key":"REST"},{"floor":23,"key":"REST"}],"circlet_count":0,"master_deck":["Strike_P","Strike_P","Strike_P","Defend_P","Defend_P","Defend_P","Eruption+1","Vigilance","FlyingSleeves","Wallop","ClearTheMind","Consecrate","Crescendo","ClearTheMind","Adaptation","CrushJoints","DevaForm","CarveReality","Crescendo","MentalFortress","FlyingSleeves+1","MentalFortress","DeusExMachina"],"relics":["PureWater","Gambling Chip","Golden Idol","Singing Bowl","Bottled Lightning","PreservedInsect","SlaversCollar","Regal Pillow"],"acts_visited":["Exordium","TheCity"],"potions_floor_usage":[18],"damage_taken":[{"damage":0.0,"enemies":"Cultist","floor":1.0,"turns":2.0},{"damage":0.0,"enemies":"Jaw Worm","floor":2.0,"turns":3.0},{"damage":0.0,"enemies":"2 Louse","floor":4.0,"turns":2.0},{"damage":0.0,"enemies":"Gremlin Nob","floor":6.0,"turns":2.0},{"damage":0.0,"enemies":"Exordium Wildlife","floor":7.0,"turns":2.0},{"damage":0.0,"enemies":"Red Slaver","floor":10.0,"turns":1.0},{"damage":36.0,"enemies":"Lagavulin","floor":11.0,"turns":8.0},{"damage":8.0,"enemies":"Large Slime","floor":14.0,"turns":3.0},{"damage":14.0,"enemies":"Hexaghost","floor":16.0,"turns":7.0},{"damage":17,"enemies":"Shell Parasite","floor":18,"turns":4},{"damage":3,"enemies":"Chosen","floor":19,"turns":3},{"damage":26,"enemies":"Shelled Parasite and Fungi","floor":22,"turns":5},{"damage":24,"enemies":"Snake Plant","floor":25,"turns":4},{"damage":21,"enemies":"Snecko","floor":27,"turns":5},{"damage":0,"enemies":"Shelled Parasite and Fungi","floor":28,"turns":1}],"seed_played":"-2428377924741667246","potions_obtained":[{"floor":2.0,"key":"Strength Potion"},{"floor":4.0,"key":"SteroidPotion"},{"floor":14.0,"key":"Weak Potion"},{"floor":16.0,"key":"LiquidBronze"},{"floor":22,"key":"PowerPotion"},{"floor":27,"key":"EssenceOfSteel"}],"is_trial":false,"path_per_floor":["M","M","$","M","?","E","M","R","T","M","E","$","R","M","R","B",null,"M","M","?","$","M","R","?","M","T","M","M"],"character_chosen":"WATCHER","items_purchased":["ClearTheMind","Adaptation","MentalFortress","Strength Potion"],"campfire_rested":3,"item_purchase_floors":[12,12,21,21],"current_hp_per_floor":[72,72,72,72,67,69,71,71,71,71,35,35,56,48,69,55,67,50,47,70,70,44,65,65,43,43,22,22,22],"gold":100,"neow_bonus":"ONE_RARE_RELIC","is_daily":false,"chose_seed":false,"campfire_upgraded":1,"win_rate":0.0,"timestamp":1613900730,"path_taken":["M","M","?","M","?","E","M","R","T","M","E","$","R","M","R","BOSS","M","M","?","$","M","R","?","M","T","M","?"],"items_purchased_type":["Card","Card","Card","Potion"],"build_version":"2020-12-22","purchased_purges":2,"victory":false,"max_hp_per_floor":[72,72,72,72,67,69,71,71,71,71,71,71,71,71,71,71,71,71,71,71,71,71,71,71,73,73,73,73,73],"card_choices":[{"not_picked":["EmptyFist","PathToVictory"],"picked":"FlyingSleeves","floor":1.0},{"not_picked":["CutThroughFate","JustLucky"],"picked":"Wallop","floor":2.0},{"not_picked":["Judgement","Collect"],"picked":"ClearTheMind","floor":4.0},{"not_picked":["LikeWater","ThirdEye","WheelKick"],"picked":"Singing Bowl","floor":6.0},{"not_picked":["WreathOfFlame","Protect","JustLucky"],"picked":"Singing Bowl","floor":7.0},{"not_picked":["Collect","PathToVictory"],"picked":"Consecrate","floor":10.0},{"not_picked":["PathToVictory","EmptyFist"],"picked":"Crescendo","floor":11.0},{"not_picked":["Prostrate","SpiritShield"],"picked":"CrushJoints","floor":14.0},{"not_picked":["DeusExMachina","MasterReality"],"picked":"DevaForm","floor":16.0},{"not_picked":["Pray","Study"],"picked":"CarveReality","floor":18},{"not_picked":["Protect","WheelKick+1"],"picked":"Crescendo","floor":19},{"not_picked":["WaveOfTheHand","PathToVictory"],"picked":"FlyingSleeves+1","floor":22},{"not_picked":["Wireheading","FlyingSleeves","Collect"],"picked":"Singing Bowl","floor":25},{"not_picked":["FlyingSleeves","Protect+1"],"picked":"DeusExMachina","floor":27}],"player_experience":389778,"relics_obtained":[{"floor":6.0,"key":"Singing Bowl"},{"floor":9.0,"key":"Bottled Lightning"},{"floor":11.0,"key":"PreservedInsect"},{"floor":26,"key":"Regal Pillow"}],"event_choices":[{"damage_healed":0.0,"max_hp_gain":0.0,"max_hp_loss":5.0,"gold_gain":0.0,"event_name":"Golden Idol","player_choice":"Lose Max HP","floor":5.0,"gold_loss":0.0,"damage_taken":0.0,"relics_obtained":["Golden Idol"]},{"damage_healed":23,"gold_gain":0,"player_choice":"Heal","damage_taken":0,"max_hp_gain":0,"max_hp_loss":0,"event_name":"The Library","floor":20,"gold_loss":0},{"damage_healed":0,"gold_gain":0,"player_choice":"Copied","damage_taken":0,"max_hp_gain":0,"max_hp_loss":0,"event_name":"Duplicator","floor":24,"gold_loss":0,"cards_obtained":["MentalFortress"]}],"is_beta":false,"boss_relics":[{"not_picked":["Ectoplasm","SacredBark"],"picked":"SlaversCollar"}],"items_purged_floors":[12,21],"is_endless":false,"potions_floor_spawned":[2,4,14,16,22,27],"killed_by":"Shelled Parasite and Fungi","ascension_level":5}}