{"host":"y0i0tbisecj7yjyn","time":1613895387,"event":{"mods":["2.2 Compatiblity","AchievementEnabler","AlwaysNeverKeys","BaseMod","Better Third Choice","BetterRewards","Colored Map","Colored Powertips","Curses Come First","Disable Question Mark Monsters","Displayed Cursed Tome","Highlight Path","Keyboard Shortcuts","Minty Spire (QoL Compilation)","Quick Restart","Random Character Button","Rare Cards Sparkle","Relic Stats","Reliquary","Smile Girya","StSLib","SuperFastMode","Transform Curses","Weighted Paths"],"gold_per_floor":[109,124,144,163,177,177,177,177],"floor_reached":7,"language":"ENG","playtime":380,"items_purged":[],"score":54,"play_id":"d3b7a259-95e5-4b7b-beac-eac394bf96c7","local_time":"20210221021627","is_ascension_mode":true,"campfire_choices":[{"floor":6,"key":"REST"}],"circlet_count":0,"master_deck":["Strike_B","Strike_B","Strike_B","Strike_B","Defend_B","Defend_B","Defend_B","Defend_B","Zap","Dualcast","Capacitor","Conserve Battery","Rebound","Conserve Battery"],"relics":["Cracked Core","reliquary:SharkskinSheath"],"acts_visited":["Exordium"],"potions_floor_usage":[4,5],"damage_taken":[{"damage":6,"enemies":"Cultist","floor":1,"turns":4},{"damage":7,"enemies":"Jaw Worm","floor":2,"turns":3},{"damage":4,"enemies":"Small Slimes","floor":3,"turns":3},{"damage":8,"enemies":"Gremlin Gang","floor":4,"turns":4},{"damage":28,"enemies":"Exordium Wildlife","floor":5,"turns":6},{"damage":48,"enemies":"3 Sentries","floor":7,"turns":6}],"seed_played":"-2742345078259784492","potions_obtained":[{"floor":3,"key":"EssenceOfDarkness"},{"floor":4,"key":"PowerPotion"}],"is_trial":false,"path_per_floor":["M","M","M","M","M","R","E"],"character_chosen":"DEFECT","items_purchased":[],"campfire_rested":1,"item_purchase_floors":[],"current_hp_per_floor":[69,62,58,50,22,44,0,0],"gold":177,"neow_bonus":"RANDOM_COMMON_RELIC","is_daily":false,"chose_seed":false,"campfire_upgraded":0,"win_rate":0.0,"timestamp":1613895387,"path_taken":["M","M","M","M","M","R","E"],"items_purchased_type":[],"build_version":"2020-12-22","purchased_purges":0,"victory":false,"max_hp_per_floor":[75,75,75,75,75,75,75,75],"relic_stats":{"counters":[19,94],"obtain_stats":[{"Happy Flower":13,"reliquary:RoseTintedGlasses":9,"Art of War":7,"reliquary:TuningFork":11,"Bag of Preparation":14,"reliquary:WritOfMandamus":17,"Cracked Core":0,"reliquary:SharkskinSheath":0},{"Happy Flower":7,"reliquary:RoseTintedGlasses":4,"Art of War":4,"reliquary:TuningFork":6,"Bag of Preparation":8,"reliquary:WritOfMandamus":9,"Cracked Core":0,"reliquary:SharkskinSheath":13},{"Happy Flower":27,"reliquary:RoseTintedGlasses":15,"Art of War":15,"reliquary:TuningFork":24,"Bag of Preparation":35,"reliquary:WritOfMandamus":48,"Cracked Core":0,"reliquary:SharkskinSheath":68}]},"card_choices":[{"not_picked":["Hologram","Steam"],"picked":"Capacitor","floor":1},{"not_picked":["Beam Cell","Auto Shields","Go for the Eyes"],"picked":"SKIP","floor":2},{"not_picked":["Aggregate","Streamline"],"picked":"Conserve Battery","floor":3},{"not_picked":["Leap","Tempest"],"picked":"Rebound","floor":4},{"not_picked":["Sweeping Beam","Biased Cognition"],"picked":"Conserve Battery","floor":5}],"player_experience":491951,"relics_obtained":[],"event_choices":[],"is_beta":false,"boss_relics":[],"items_purged_floors":[],"is_endless":false,"potions_floor_spawned":[3,4],"killed_by":"3 Sentries","ascension_level":4}}