{"host":"vnz4608r4gf5d2ow","time":1613942532,"event":{"mods":["AchievementEnabler","BaseMod","Minty Spire (QoL Compilation)"],"gold_per_floor":[113,113,138,60,74,74,107,107,107,131,131,4,29,73,73,196,196,219,219,239,289,310,310,353,373,396,419,109,130,30,51,51,51,51],"floor_reached":33,"language":"ENG","playtime":2533,"items_purged":["Strike_B","Strike_B"],"score":419,"play_id":"6e799d53-f8cb-48ba-826d-8040839f1549","local_time":"20210221162212","is_ascension_mode":true,"campfire_choices":[{"data":"Go for the Eyes","floor":6,"key":"SMITH"},{"floor":11,"key":"REST"},{"floor":15,"key":"REST"},{"floor":23,"key":"REST"},{"floor":32,"key":"REST"}],"circlet_count":0,"master_deck":["AscendersBane","Strike_B","Defend_B","Defend_B","Defend_B","Defend_B","Zap","Dualcast","Rebound","Leap","Undo","Defragment","Go for the Eyes+1","Chaos","Skim","Genetic Algorithm","Melter","Echo Form","Electrodynamics","Glacier","Glacier","Turbo","Undo","Core Surge","Skim","Skim"],"relics":["Cracked Core","Golden Idol","Ginger","Turnip","Nunchaku","Nuclear Battery","Centennial Puzzle","PreservedInsect","Runic Capacitor"],"acts_visited":["Exordium","TheCity"],"potions_floor_usage":[7,13,14,16,22,22,24,31],"damage_taken":[{"damage":0,"enemies":"Small Slimes","floor":1,"turns":3},{"damage":0,"enemies":"Cultist","floor":3,"turns":3},{"damage":0,"enemies":"Jaw Worm","floor":5,"turns":3},{"damage":23,"enemies":"Gremlin Nob","floor":7,"turns":4},{"damage":0,"enemies":"Large Slime","floor":10,"turns":4},{"damage":12,"enemies":"Gremlin Gang","floor":13,"turns":5},{"damage":31,"enemies":"Lagavulin","floor":14,"turns":8},{"damage":36,"enemies":"Slime Boss","floor":16,"turns":14},{"damage":0,"enemies":"Spheric Guardian","floor":18,"turns":1},{"damage":14,"enemies":"Chosen","floor":20,"turns":6},{"damage":1,"enemies":"Centurion and Healer","floor":22,"turns":9},{"damage":26,"enemies":"Slavers","floor":24,"turns":6},{"damage":18,"enemies":"Snake Plant","floor":25,"turns":4},{"damage":12,"enemies":"3 Cultists","floor":27,"turns":3},{"damage":0,"enemies":"Centurion and Healer","floor":29,"turns":12},{"damage":0,"enemies":"Shelled Parasite and Fungi","floor":31,"turns":9},{"damage":79,"enemies":"Automaton","floor":33,"turns":18}],"seed_played":"8364811452121910357","potions_obtained":[{"floor":3,"key":"EssenceOfSteel"},{"floor":7,"key":"Weak Potion"},{"floor":10,"key":"LiquidBronze"},{"floor":16,"key":"ColorlessPotion"},{"floor":20,"key":"Swift Potion"},{"floor":22,"key":"DistilledChaos"},{"floor":24,"key":"FairyPotion"},{"floor":29,"key":"Weak Potion"}],"is_trial":false,"path_per_floor":["M","?","M","$","M","R","E","?","T","M","R","$","M","E","R","B",null,"M","?","M","?","M","R","E","M","T","M","$","M","$","M","R","B"],"character_chosen":"DEFECT","items_purchased":["Defragment","Genetic Algorithm","Block Potion","Runic Capacitor","Core Surge"],"campfire_rested":4,"item_purchase_floors":[4,12,12,28,28],"current_hp_per_floor":[68,68,68,68,68,68,45,45,45,45,65,65,53,22,42,6,53,53,53,39,39,38,58,32,14,14,2,2,2,2,2,22,0,0],"gold":51,"neow_bonus":"THREE_CARDS","is_daily":false,"chose_seed":false,"campfire_upgraded":1,"win_rate":0.0,"timestamp":1613942532,"path_taken":["M","?","M","$","M","R","E","?","T","?","R","$","M","E","R","BOSS","M","?","M","?","M","R","E","M","T","M","$","?","$","M","R","BOSS"],"items_purchased_type":["Card","Card","Potion","Relic","Card"],"build_version":"2020-12-22","purchased_purges":2,"victory":false,"max_hp_per_floor":[75,69,69,69,69,69,69,69,69,69,69,69,69,69,69,69,69,69,69,69,69,69,69,69,69,69,69,69,69,69,69,69,69,69],"card_choices":[{"not_picked":["Consume","Hello World"],"picked":"Rebound","floor":0},{"not_picked":["Gash","Stack"],"picked":"Leap","floor":1},{"not_picked":["Darkness","Barrage"],"picked":"Undo","floor":3},{"not_picked":["Steam","Turbo"],"picked":"Go for the Eyes","floor":5},{"not_picked":["Rip and Tear","Barrage","Scrape"],"picked":"SKIP","floor":7},{"not_picked":["Turbo","Leap"],"picked":"Skim","floor":10},{"not_picked":["Conserve Battery","Go for the Eyes"],"picked":"Melter","floor":13},{"not_picked":["Gash","Go for the Eyes"],"picked":"Echo Form","floor":14},{"not_picked":["Seek","Creative AI"],"picked":"Electrodynamics","floor":16},{"not_picked":["Conserve Battery","Consume"],"picked":"Glacier","floor":18},{"not_picked":["Rebound","Compile Driver","Beam Cell"],"picked":"SKIP","floor":20},{"not_picked":["Force Field","Ball Lightning"],"picked":"Glacier","floor":22},{"not_picked":["Tempest","Rip and Tear"],"picked":"Turbo","floor":24},{"not_picked":["Stack","Gash"],"picked":"Undo","floor":25},{"not_picked":["Rebound","Undo+1","Storm+1"],"picked":"SKIP","floor":27},{"not_picked":["Compile Driver+1","Beam Cell"],"picked":"Skim","floor":29},{"not_picked":["Auto Shields","Steam Power"],"picked":"Skim","floor":31}],"player_experience":996392,"relics_obtained":[{"floor":7,"key":"Ginger"},{"floor":9,"key":"Turnip"},{"floor":14,"key":"Nunchaku"},{"floor":24,"key":"Centennial Puzzle"},{"floor":26,"key":"PreservedInsect"}],"event_choices":[{"damage_healed":0,"gold_gain":0,"player_choice":"Lose Max HP","damage_taken":0,"relics_obtained":["Golden Idol"],"max_hp_gain":0,"max_hp_loss":6,"event_name":"Golden Idol","floor":2,"gold_loss":0},{"damage_healed":0,"gold_gain":0,"cards_transformed":["Strike_B"],"player_choice":"Transformed","damage_taken":0,"max_hp_gain":0,"max_hp_loss":0,"event_name":"Transmorgrifier","floor":8,"gold_loss":0,"cards_obtained":["Chaos"]},{"damage_healed":0,"gold_gain":0,"player_choice":"Ignored","damage_taken":0,"max_hp_gain":0,"max_hp_loss":0,"event_name":"Cursed Tome","floor":19,"gold_loss":0},{"damage_healed":0,"gold_gain":100,"player_choice":"Bet on Murderer","damage_taken":0,"max_hp_gain":0,"max_hp_loss":0,"event_name":"The Joust","floor":21,"gold_loss":50}],"is_beta":false,"boss_relics":[{"not_picked":["Snecko Eye","FrozenCore"],"picked":"Nuclear Battery"}],"items_purged_floors":[28,30],"is_endless":false,"potions_floor_spawned":[3,7,10,16,20,22,24,29],"killed_by":"Automaton","ascension_level":10}}