{"host":"wkk8w6hzzlccdgkt","time":1613900036,"event":{"mods":["BaseMod","Colored Map","Colored Powertips","DeckTracker","Minty Spire (QoL Compilation)","Quick Restart","Relic Stats","SuperFastMode"],"gold_per_floor":[112,125,139,153,167,167,167,182,227,242,242,258,270,286,286,286,286],"floor_reached":16,"language":"KOR","playtime":1495,"items_purged":[],"score":100,"play_id":"7002ee2d-11b4-47e2-9d64-ce71921316cd","local_time":"20210221183356","is_ascension_mode":false,"campfire_choices":[{"data":"Catalyst","floor":6,"key":"SMITH"},{"data":"Corpse Explosion","floor":11,"key":"SMITH"},{"data":"Burst","floor":15,"key":"SMITH"}],"circlet_count":0,"master_deck":["Strike_G","Strike_G","Strike_G","Strike_G","Defend_G","Defend_G","Defend_G","Defend_G","Defend_G","Survivor","Neutralize","Deadly Poison","Leg Sweep","Backflip","Corpse Explosion+1","Catalyst+1","Deadly Poison","Burst+1","PiercingWail"],"relics":["Ring of the Snake","Vajra"],"acts_visited":[],"potions_floor_usage":[4,16],"damage_taken":[{"damage":2.0,"enemies":"Small Slimes","floor":1.0,"turns":4.0},{"damage":1.0,"enemies":"Jaw Worm","floor":2.0,"turns":6.0},{"damage":1,"enemies":"2 Louse","floor":3,"turns":3},{"damage":0,"enemies":"Looter","floor":4,"turns":4},{"damage":0,"enemies":"Lots of Slimes","floor":5,"turns":2},{"damage":1,"enemies":"Exordium Wildlife","floor":8,"turns":3},{"damage":2,"enemies":"Gremlin Gang","floor":10,"turns":2},{"damage":3,"enemies":"Large Slime","floor":12,"turns":5},{"damage":6,"enemies":"Exordium Thugs","floor":13,"turns":4},{"damage":2,"enemies":"Looter","floor":14,"turns":3},{"damage":50,"enemies":"Slime Boss","floor":16,"turns":11}],"seed_played":"8181220873218595625","potions_obtained":[{"floor":2,"key":"DuplicationPotion"},{"floor":3,"key":"Ancient Potion"},{"floor":13,"key":"Ancient Potion"},{"floor":14,"key":"Weak Potion"}],"is_trial":false,"path_per_floor":["M","M","M","M","M","R","?","M","T","M","R","M","M","M","R","B"],"character_chosen":"THE_SILENT","items_purchased":[],"campfire_rested":0,"item_purchase_floors":[],"current_hp_per_floor":[75,74,73,73,73,73,66,65,65,63,63,60,54,52,52,2,2],"gold":286,"neow_bonus":"TEN_PERCENT_HP_BONUS","is_daily":false,"chose_seed":false,"campfire_upgraded":3,"win_rate":0.0,"timestamp":1613900036,"path_taken":["M","M","M","M","M","R","?","M","T","M","R","M","M","M","R","BOSS"],"items_purchased_type":[],"build_version":"2020-12-22","purchased_purges":0,"victory":false,"max_hp_per_floor":[77,77,77,77,77,77,77,77,77,77,77,77,77,77,77,77,77],"relic_stats":{"counters":[9,37],"obtain_stats":[{"Vajra":9,"Ring of the Snake":0},{"Vajra":4,"Ring of the Snake":0},{"Vajra":12,"Ring of the Snake":0}],"Ring of the Snake":[18]},"card_choices":[{"not_picked":["Poisoned Stab","Crippling Poison"],"picked":"Deadly Poison","floor":1.0},{"not_picked":["Dagger Spray","Riddle With Holes"],"picked":"Leg Sweep","floor":2},{"not_picked":["Riddle With Holes","Flying Knee"],"picked":"Backflip","floor":3},{"not_picked":["Flying Knee","Dodge and Roll"],"picked":"Corpse Explosion","floor":4},{"not_picked":["Poisoned Stab","Deadly Poison"],"picked":"Catalyst","floor":5},{"not_picked":["Poisoned Stab","Underhanded Strike","Quick Slash"],"picked":"SKIP","floor":8},{"not_picked":["Well Laid Plans","Dagger Throw"],"picked":"Deadly Poison","floor":10},{"not_picked":["Poisoned Stab","Slice","Heel Hook"],"picked":"SKIP","floor":12},{"not_picked":["Dagger Throw","Quick Slash"],"picked":"Burst","floor":13},{"not_picked":["Dodge and Roll","Deflect"],"picked":"PiercingWail","floor":14}],"player_experience":31174,"relics_obtained":[{"floor":9,"key":"Vajra"}],"event_choices":[{"cards_removed":["Strike_G"],"damage_healed":0,"gold_gain":0,"player_choice":"Card Removal","damage_taken":7,"max_hp_gain":0,"max_hp_loss":0,"event_name":"Golden Wing","floor":7,"gold_loss":0}],"is_beta":false,"boss_relics":[],"items_purged_floors":[],"is_endless":false,"potions_floor_spawned":[2,3,13,14],"killed_by":"Slime Boss","ascension_level":0}}