{"host":"b9id4afcchnn1rfb","time":1613867369,"event":{"mods":["Act Like it!","BaseMod","Better Note","Colored Map","Colored Powertips","Hallownest","Hermit","Infinite Spire","Minty Spire (QoL Compilation)","StSLib","SuperFastMode","The Death Knight","The Necromancer"],"gold_per_floor":[20,32,42,42,0,26,26,26,26,26,54,73,84,84,84,84,84],"floor_reached":16,"language":"ENG","playtime":470,"items_purged":[],"score":137,"play_id":"6896cc47-c161-44db-9682-a80859ac38a4","local_time":"20210221012929","is_ascension_mode":true,"campfire_choices":[{"data":"Siphon_Strength","floor":7,"key":"SMITH"},{"floor":10,"key":"RECALL"},{"floor":15,"key":"REST"}],"circlet_count":0,"master_deck":["Strike_W","Strike_W","Strike_W","Strike_W","Defend_W","Defend_W","Defend_W","Defend_W","Negative_Energy_Arrows","Bone_Wall","Spectral_Armor","Siphon_Strength+1","Negative_Energy_Burst","Bone_Armory"],"relics":["Vampire_Amulet","Turnip","Toy Ornithopter","MealTicket","Hallownest:DreamNailRelic","Eternal Feather","Bronze Scales","Torii","Frozen Egg 2"],"acts_visited":["Exordium"],"potions_floor_usage":[16,16],"damage_taken":[{"damage":3,"enemies":"Hallownest:monsterHuskGuard","floor":1,"turns":5},{"damage":0,"enemies":"Hallownest:2_Baldur","floor":2,"turns":8},{"damage":3,"enemies":"2_ Uuma","floor":3,"turns":5},{"damage":20,"enemies":"Hallownest:eliteCrystalGuardian","floor":6,"turns":11},{"damage":21,"enemies":"Hallownest:eliteMossKnight","floor":11,"turns":18},{"damage":4,"enemies":"Hallownest:monsterFoolEater","floor":12,"turns":4},{"damage":4,"enemies":"Hallownest:2_Tiktiks_1_Baldur_1_Crawlid","floor":13,"turns":2},{"damage":67,"enemies":"Hallownest:BossBrokenVessel","floor":16,"turns":13}],"seed_played":"-7231850529974852952","potions_obtained":[{"floor":2,"key":"Swift Potion"},{"floor":3,"key":"DeathKnight:RimePotion"}],"is_trial":false,"path_per_floor":["M","M","M","$","?","E","R","?","T","R","E","M","M","?","R","B"],"character_chosen":"NECROMANCER","items_purchased":[],"campfire_rested":1,"item_purchase_floors":[],"current_hp_per_floor":[67,71,72,72,72,54,54,54,54,60,47,45,49,21,49,0,0],"gold":84,"neow_bonus":"ONE_RARE_RELIC","is_daily":false,"chose_seed":false,"campfire_upgraded":1,"win_rate":0.0,"timestamp":1613867369,"path_taken":["M","M","?","?","?","E","R","?","T","R","E","?","M","?","R","BOSS"],"items_purchased_type":[],"build_version":"2020-12-22","purchased_purges":0,"victory":false,"max_hp_per_floor":[75,75,75,75,75,75,75,75,75,75,75,75,75,75,75,75,75],"card_choices":[{"not_picked":["Consume_Illness","Bone_Shift"],"picked":"Spectral_Armor","floor":1},{"not_picked":["Exploit","Death_Knell"],"picked":"Siphon_Strength","floor":2},{"not_picked":["Negative_Energy_Mist","Bone_Bullets","Strike_from_Beyond"],"picked":"SKIP","floor":3},{"not_picked":["Bone_Spikes","Plague_Bolt","Blood_Shield"],"picked":"SKIP","floor":6},{"not_picked":["Whirlwind_of_Bones","Negative_Energy_Shield"],"picked":"Negative_Energy_Burst","floor":11},{"not_picked":["Negative_Energy_Javelin","Blood_for_Blood","Necrotic_Claws"],"picked":"SKIP","floor":12},{"not_picked":["Vampiric_Strike","Bone_Armor"],"picked":"Bone_Armory","floor":13}],"player_experience":495621,"relics_obtained":[{"floor":6,"key":"MealTicket"},{"floor":9,"key":"Eternal Feather"},{"floor":11,"key":"Bronze Scales"}],"event_choices":[],"is_beta":false,"boss_relics":[],"items_purged_floors":[],"is_endless":false,"potions_floor_spawned":[2,3],"killed_by":"Hallownest:BossBrokenVessel","ascension_level":6}}