{"host":"ooy9sn8qgs7oliwr","time":1613911304,"event":{"mods":["100% Spire Juice","ATMod(°¢èªMod)","Act Like it!","BaseMod","BetterRewards","Bossed Relics","CapriCore","Friendly Minions","Kiyohime£¨Çå¼§£©","Minty Spire (QoL Compilation)","Pale of the Ancients","Reliquary","Replay The Spire","RumiaBox-Â¶Ã×æ«µÄÉñÃØºÐ×Ó","StSLib","The Immortal","The Jungle","Yakumo Yukari mod","¡¾ÒÅÎï¿¨ÅÆ¡¿REMEMod"],"gold_per_floor":[115,129,145,145,45,80,91,91,91,91,91,56,56,66,96,110,110,206,86,99,99,113,203,219,219,251,251,251,267,366,376,393,393,393,498,598,612,612,623,623,636,664,678,678,678,678,678,678,688,688,719,732,732,732,732],"floor_reached":54,"language":"ZHS","playtime":1741,"items_purged":[],"score":608,"play_id":"0e38c8f3-68b3-4900-b3e5-c432cd1289f2","local_time":"20210221204144","is_ascension_mode":false,"campfire_choices":[{"data":"Moonworks:EvilMastermind","floor":8,"key":"SMITH"},{"floor":17,"key":"REST"},{"floor":25,"key":"REST"},{"floor":27,"key":"REST"},{"data":"Moonworks:MetallicMonocoque","floor":34,"key":"SMITH"},{"data":"Moonworks:MetallicMonocoque","floor":46,"key":"SMITH"},{"data":"Moonworks:MetallicMonocoque","floor":48,"key":"SMITH"},{"data":"Moonworks:BindingChains","floor":50,"key":"SMITH"},{"floor":53,"key":"REST"}],"circlet_count":0,"master_deck":["Moonworks:Strike+1","Moonworks:Strike+1","Moonworks:Strike+1","Moonworks:Defend+1","Moonworks:Defend+1","Moonworks:Defend+1","Moonworks:Defend+1","Moonworks:Ambush","Moonworks:LongDistanceShot","Moonworks:MetallicMonocoque+1","Moonworks:BeyondHell","Moonworks:IndiscriminateFireSupport+1","Moonworks:SakisCookie","Moonworks:EvilMastermind+1","Moonworks:WindyEnchantment","Moonworks:BindingChains+1","Moonworks:EvilSpyWorkPreparation","Moonworks:MetallicMonocoque+1","AT_EmpoweredMortalDraw","Moonworks:RedAndBlue+1","Clumsy","Moonworks:SweetBattle","Moonworks:AwakeningOfTalent","Moonworks:MetallicMonocoque+1","Moonworks:CastOff+1","REME_HeartOfCthun","Moonworks:EvilSpyWorkPreparation+1","Moonworks:WeAreWaruda","Moonworks:DeployBits+1","Moonworks:BackdoorTrade+1","Moonworks:SweetBattle+1","ReplayTheSpireMod:Doomed","Moonworks:EvilSpyWorkPreparation+1","Moonworks:SweetBattle+1"],"relics":["Moonworks:BrokenBomb","Moonworks:Homemark","AT_ATBox","REME_ComplimentaryCards","NeowsBlessing","Ccalipers","reliquary:SilkGlove","Oddly Smooth Stone","Replay:Grab Bag","Philosopher\u0027s Stone","Cursed Key","AT_MortalBlade","Eternal Feather","Replay:WaspNest","Replay:Wanted Poster","AT_BellowingDragoncrestRing","GodSword1","Mercury Hourglass"],"acts_visited":["Exordium","TheCity","TheBeyond"],"potions_floor_usage":[26,51],"damage_taken":[{"damage":0.0,"enemies":"Small Slimes","floor":1.0,"turns":2.0},{"damage":0.0,"enemies":"2 Louse","floor":2.0,"turns":1.0},{"damage":0.0,"enemies":"Cultist","floor":3.0,"turns":1.0},{"damage":20.0,"enemies":"Exordium Thugs","floor":5.0,"turns":4.0},{"damage":16,"enemies":"Lagavulin","floor":6,"turns":7},{"damage":2,"enemies":"3 Louse","floor":7,"turns":2},{"damage":10,"enemies":"Red Slaver","floor":14,"turns":3},{"damage":16,"enemies":"Gremlin Nob","floor":15,"turns":4},{"damage":1,"enemies":"Blue Slaver","floor":16,"turns":3},{"damage":23,"enemies":"The Guardian","floor":18,"turns":15},{"damage":10,"enemies":"Chosen","floor":20,"turns":4},{"damage":0,"enemies":"2 Thieves","floor":22,"turns":1},{"damage":2,"enemies":"Snake Plant","floor":24,"turns":3},{"damage":0,"enemies":"Replay:Snechameleon","floor":26,"turns":5},{"damage":13,"enemies":"Centurion and Healer","floor":29,"turns":2},{"damage":0,"enemies":"3 Cultists","floor":31,"turns":1},{"damage":0,"enemies":"Snake Plant","floor":32,"turns":3},{"damage":31,"enemies":"Automaton","floor":35,"turns":7},{"damage":0,"enemies":"Orb Walker","floor":37,"turns":3},{"damage":1,"enemies":"3 Shapes","floor":39,"turns":2},{"damage":0,"enemies":"Maw","floor":41,"turns":6},{"damage":35,"enemies":"Reptomancer","floor":42,"turns":5},{"damage":0,"enemies":"4 Shapes","floor":43,"turns":4},{"damage":14,"enemies":"3 Darklings","floor":49,"turns":3},{"damage":48,"enemies":"Giant Head","floor":51,"turns":8},{"damage":12,"enemies":"Spire Growth","floor":52,"turns":3},{"damage":61,"enemies":"Awakened One","floor":54,"turns":5}],"seed_played":"7673623807726047159","potions_obtained":[{"floor":5.0,"key":"Weak Potion"},{"floor":6,"key":"SpeedPotion"},{"floor":15,"key":"Weak Potion"},{"floor":24,"key":"Flashbang"},{"floor":29,"key":"SneckoOil"},{"floor":37,"key":"Elixir"},{"floor":41,"key":"BlessingOfTheForge"},{"floor":43,"key":"Block Potion"}],"is_trial":false,"path_per_floor":["M","M","M","?","M","E","M","R","PTL","PTL","T","?","?","M","E","M","R","B",null,"M","?","M","?","M","R","E","R","T","M","?","M","M","?","R","B",null,"M","?","M","?","M","E","M","PTL","PTL","R","T","R","M","R","E","M","R","B"],"character_chosen":"THE_STARBREAKER","items_purchased":[],"campfire_rested":4,"item_purchase_floors":[],"current_hp_per_floor":[60,60,60,60,42,26,24,24,24,24,24,39,39,29,13,12,30,7,60,50,50,50,4,2,20,20,50,50,37,37,37,39,39,51,28,60,60,60,59,59,60,25,27,27,27,45,45,60,46,60,20,8,44,0,0],"gold":732,"neow_bonus":"THREE_ENEMY_KILL","is_daily":false,"chose_seed":false,"campfire_upgraded":5,"win_rate":0.0,"timestamp":1613911304,"path_taken":["M","M","M","?","M","E","M","R","PTL","PTL","T","?","?","M","E","?","R","BOSS","M","?","M","?","M","R","E","R","T","?","?","M","M","?","R","BOSS","M","?","M","?","?","E","M","PTL","PTL","R","T","R","M","R","E","M","R","BOSS"],"items_purchased_type":[],"build_version":"2020-12-22","purchased_purges":0,"victory":false,"max_hp_per_floor":[60,60,60,60,60,60,60,60,60,60,60,60,60,60,60,60,60,60,60,60,60,60,60,60,60,60,60,60,60,60,60,60,60,60,60,60,60,60,60,60,60,60,60,60,60,60,60,60,60,60,60,60,60,60,60],"card_choices":[{"not_picked":["Moonworks:ImOnFire","Moonworks:StiffCrystal"],"picked":"Moonworks:BeyondHell","floor":1.0},{"not_picked":["Moonworks:JonathanRush","Moonworks:CompletionReward"],"picked":"Moonworks:IndiscriminateFireSupport","floor":2.0},{"not_picked":["Moonworks:ForcedRevival","Moonworks:LulusLuckyEgg"],"picked":"Moonworks:SakisCookie","floor":3.0},{"not_picked":["Moonworks:ImOnFire","Moonworks:IndiscriminateFireSupport","Moonworks:SakisCookie"],"picked":"SKIP","floor":5.0},{"not_picked":["Moonworks:TreasureThief","Moonworks:LulusLuckyEgg"],"picked":"Moonworks:EvilMastermind","floor":6},{"not_picked":["Moonworks:LulusLuckyEgg","Moonworks:DeployBits"],"picked":"Moonworks:WindyEnchantment","floor":7},{"not_picked":["Moonworks:BigBangBell","Moonworks:JonathanRush","Moonworks:UnluckyCharm"],"picked":"SKIP","floor":14},{"not_picked":["Moonworks:ImmovableObject","Moonworks:Assault"],"picked":"Moonworks:BindingChains","floor":15},{"not_picked":["Moonworks:ImOnFire","Moonworks:NicePresent"],"picked":"Moonworks:EvilSpyWorkPreparation","floor":16},{"not_picked":["Moonworks:Gamble","Moonworks:EvilMastermind"],"picked":"Moonworks:MetallicMonocoque","floor":18},{"not_picked":["Moonworks:JonathanRush+1","Moonworks:CastOff","Moonworks:NicePresent"],"picked":"SKIP","floor":20},{"not_picked":["Moonworks:NicePresent","Moonworks:DeployBits","Moonworks:UnluckyCharm"],"picked":"SKIP","floor":22},{"not_picked":["Moonworks:ExtendedPhotonRifle","Moonworks:LulusLuckyEgg","Moonworks:DeployBits"],"picked":"SKIP","floor":24},{"not_picked":["Moonworks:FinalSurgery","Moonworks:CloudOfSeagulls"],"picked":"Moonworks:RedAndBlue+1","floor":26},{"not_picked":["Moonworks:BigMagnum","Moonworks:LulusLuckyEgg"],"picked":"Moonworks:SweetBattle","floor":29},{"not_picked":["Moonworks:ImOnFire","Moonworks:AngelHand+1","Moonworks:DeployBits+1"],"picked":"SKIP","floor":31},{"not_picked":["Moonworks:Assault+1","Moonworks:NicePresent"],"picked":"Moonworks:AwakeningOfTalent","floor":32},{"not_picked":["Moonworks:Wanted","Moonworks:CrystalBarrier"],"picked":"Moonworks:MetallicMonocoque","floor":35},{"not_picked":["Moonworks:MixPhenomenon","Moonworks:WindyEnchantment"],"picked":"Moonworks:CastOff+1","floor":37},{"not_picked":["REME_TwoStrings","REME_ShortnessOfBreath"],"picked":"REME_HeartOfCthun","floor":38},{"not_picked":["Moonworks:BigMagnum","Moonworks:SakisCookie"],"picked":"Moonworks:EvilSpyWorkPreparation+1","floor":39},{"not_picked":["Moonworks:ReproductionOfRecords+1","Moonworks:CloudOfSeagulls"],"picked":"Moonworks:DeployBits+1","floor":41},{"not_picked":["Moonworks:TreasureThief","Moonworks:EvilMastermind"],"picked":"Moonworks:BackdoorTrade+1","floor":42},{"not_picked":["Moonworks:TreasureThief","Moonworks:Assault"],"picked":"Moonworks:SweetBattle+1","floor":43},{"not_picked":["Moonworks:IndiscriminateFireSupport+1","Moonworks:Assault","Moonworks:NicePresent+1"],"picked":"SKIP","floor":49},{"not_picked":["Moonworks:SakisCookie","Moonworks:x16BigRocket"],"picked":"Moonworks:EvilSpyWorkPreparation+1","floor":51},{"not_picked":["Moonworks:SakisCookie+1","Moonworks:SealedMemories+1"],"picked":"Moonworks:SweetBattle+1","floor":52}],"player_experience":48593,"relics_obtained":[{"floor":6,"key":"Ccalipers"},{"floor":11,"key":"reliquary:SilkGlove"},{"floor":15,"key":"Oddly Smooth Stone"},{"floor":26,"key":"Eternal Feather"},{"floor":28,"key":"Replay:WaspNest"},{"floor":42,"key":"AT_BellowingDragoncrestRing"},{"floor":47,"key":"GodSword1"},{"floor":51,"key":"Mercury Hourglass"}],"event_choices":[{"damage_healed":0.0,"max_hp_gain":0.0,"max_hp_loss":0.0,"gold_gain":0.0,"event_name":"Living Wall","player_choice":"Grow","floor":4.0,"gold_loss":0.0,"damage_taken":0.0,"cards_upgraded":["Moonworks:IndiscriminateFireSupport"]},{"damage_healed":15,"gold_gain":0,"player_choice":"Healed","damage_taken":0,"max_hp_gain":0,"max_hp_loss":0,"event_name":"The Cleric","floor":12,"gold_loss":35},{"damage_healed":0,"gold_gain":0,"player_choice":"Ignored","damage_taken":0,"max_hp_gain":0,"max_hp_loss":0,"event_name":"NoteForYourself","floor":13,"gold_loss":0},{"damage_healed":0,"gold_gain":450,"player_choice":"GOLD GOLD GOLD GOLD GOLD ","damage_taken":46,"max_hp_gain":0,"max_hp_loss":0,"event_name":"Knowing Skull","floor":23,"potions_obtained":[],"gold_loss":0,"cards_obtained":[]},{"damage_healed":0,"gold_gain":99,"player_choice":"Stole From Cult","damage_taken":0,"max_hp_gain":0,"max_hp_loss":0,"event_name":"Nest","floor":30,"gold_loss":0},{"damage_healed":0,"gold_gain":0,"player_choice":"Simplicity","damage_taken":0,"max_hp_gain":0,"max_hp_loss":0,"event_name":"Back to Basics","floor":33,"gold_loss":0,"cards_upgraded":["Moonworks:Strike","Moonworks:Strike","Moonworks:Strike","Moonworks:Strike","Moonworks:Defend","Moonworks:Defend","Moonworks:Defend","Moonworks:Defend"]},{"damage_healed":0,"gold_gain":0,"player_choice":"Memory 1","damage_taken":0,"max_hp_gain":0,"max_hp_loss":0,"event_name":"SensoryStone","floor":38,"gold_loss":0},{"damage_healed":0,"gold_gain":0,"cards_transformed":["Moonworks:Strike"],"player_choice":"Transformed","damage_taken":0,"max_hp_gain":0,"max_hp_loss":0,"event_name":"Transmorgrifier","floor":40,"gold_loss":0,"cards_obtained":["Moonworks:WeAreWaruda"]}],"is_beta":false,"boss_relics":[{"not_picked":["EasyGame_NEW","Runic Pyramid"],"picked":"Replay:Grab Bag"},{"not_picked":["Coffee Dripper","Sozu"],"picked":"Philosopher\u0027s Stone"},{"not_picked":["Runic Dome","ChewingGum"],"picked":"Cursed Key"},{"not_picked":["Astrolabe","AddBug"],"picked":"AT_MortalBlade"},{"not_picked":["Painkiller Herb","reliquary:ThirdArm"],"picked":"Replay:Wanted Poster"}],"items_purged_floors":[],"is_endless":false,"potions_floor_spawned":[5,6,15,22,24,29,37,41,43],"killed_by":"Awakened One","ascension_level":0}}