{"host":"5bz0hqi58nzlzdts","time":1613879038,"event":{"mods":["BaseMod","Minty Spire (QoL Compilation)"],"gold_per_floor":[117,117,217,119,134,134,166,166,166,179,190,208,218,237,237,335,335,325,325,337,86,105,105,105],"floor_reached":23,"language":"ENG","playtime":1169,"items_purged":["Strike_R","Strike_R"],"score":264,"play_id":"31e35836-f2a0-4c35-b28c-70782269bf2b","local_time":"20210220224358","is_ascension_mode":true,"campfire_choices":[{"data":"True Grit","floor":6.0,"key":"SMITH"},{"data":"True Grit","floor":8.0,"key":"SMITH"},{"data":"Inflame","floor":15.0,"key":"SMITH"}],"circlet_count":0,"master_deck":["Strike_R","Strike_R","Defend_R","Defend_R","Defend_R+1","Defend_R","Bash","Inflame+1","True Grit+1","Entrench+1","True Grit+1","Sword Boomerang","Reaper","Body Slam"],"relics":["Burning Blood","NeowsBlessing","War Paint","Toy Ornithopter","Sozu","Bronze Scales"],"acts_visited":["TheCity"],"potions_floor_usage":[16,16],"damage_taken":[{"damage":0.0,"enemies":"Cultist","floor":1.0,"turns":1.0},{"damage":0.0,"enemies":"2 Louse","floor":5.0,"turns":1.0},{"damage":0.0,"enemies":"Gremlin Nob","floor":7.0,"turns":1.0},{"damage":17.0,"enemies":"Small Slimes","floor":10.0,"turns":4.0},{"damage":21.0,"enemies":"Exordium Thugs","floor":11.0,"turns":6.0},{"damage":30.0,"enemies":"2 Fungi Beasts","floor":12.0,"turns":6.0},{"damage":0.0,"enemies":"Large Slime","floor":13.0,"turns":4.0},{"damage":33.0,"enemies":"Exordium Thugs","floor":14.0,"turns":7.0},{"damage":40,"enemies":"Hexaghost","floor":16,"turns":15},{"damage":22,"enemies":"2 Thieves","floor":18,"turns":4},{"damage":15,"enemies":"3 Byrds","floor":20,"turns":7},{"damage":21,"enemies":"Snake Plant","floor":22,"turns":6},{"damage":68,"enemies":"Book of Stabbing","floor":23,"turns":8}],"seed_played":"8634042963055501433","potions_obtained":[{"floor":7.0,"key":"BloodPotion"},{"floor":10.0,"key":"Energy Potion"},{"floor":11.0,"key":"Swift Potion"},{"floor":13.0,"key":"Regen Potion"}],"is_trial":false,"path_per_floor":["M","?","?","$","M","R","E","R","T","M","M","M","M","M","R","B",null,"M","?","M","$","M","E"],"character_chosen":"IRONCLAD","items_purchased":["True Grit","Bronze Scales"],"campfire_rested":0,"item_purchase_floors":[4,21],"current_hp_per_floor":[80,73,73,73,79,79,80,80,80,69,54,30,41,35,35,26,80,78,78,75,75,63,0,0],"gold":105,"neow_bonus":"THREE_ENEMY_KILL","is_daily":false,"chose_seed":false,"campfire_upgraded":3,"win_rate":0.0,"timestamp":1613879038,"path_taken":["M","?","?","$","M","R","E","R","T","M","M","?","M","?","R","BOSS","M","?","M","$","M","E"],"items_purchased_type":["Card","Relic"],"build_version":"2020-12-22","purchased_purges":2,"victory":false,"max_hp_per_floor":[80,80,80,80,80,80,80,80,80,80,80,80,80,80,80,80,80,80,80,80,80,80,80,80],"card_choices":[{"not_picked":["Thunderclap","Pommel Strike"],"picked":"Inflame","floor":1.0},{"not_picked":["Sever Soul","Combust"],"picked":"Entrench","floor":5.0},{"not_picked":["Pommel Strike","Limit Break"],"picked":"True Grit","floor":7.0},{"not_picked":["Havoc","Heavy Blade","Clash"],"picked":"SKIP","floor":10.0},{"not_picked":["Heavy Blade","Anger","Iron Wave"],"picked":"SKIP","floor":11.0},{"not_picked":["Dropkick","Headbutt"],"picked":"Sword Boomerang","floor":12.0},{"not_picked":["Headbutt","Perfected Strike","Dropkick"],"picked":"SKIP","floor":13.0},{"not_picked":["Berserk","Twin Strike","Havoc"],"picked":"SKIP","floor":14.0},{"not_picked":["Exhume","Offering"],"picked":"Reaper","floor":16},{"not_picked":["Clash","Bloodletting"],"picked":"Body Slam","floor":18},{"not_picked":["Bloodletting","Thunderclap+1","Wild Strike"],"picked":"SKIP","floor":20},{"not_picked":["Headbutt+1","Sword Boomerang+1","Cleave"],"picked":"SKIP","floor":22}],"player_experience":85098,"relics_obtained":[{"floor":7.0,"key":"War Paint"},{"floor":9.0,"key":"Toy Ornithopter"}],"event_choices":[{"cards_removed":["Strike_R"],"damage_healed":0.0,"max_hp_gain":0.0,"max_hp_loss":0.0,"gold_gain":0.0,"event_name":"Golden Wing","player_choice":"Card Removal","floor":2.0,"gold_loss":0.0,"damage_taken":7.0},{"damage_healed":0.0,"max_hp_gain":0.0,"max_hp_loss":0.0,"gold_gain":100.0,"event_name":"Golden Shrine","player_choice":"Pray","floor":3.0,"gold_loss":0.0,"damage_taken":0.0},{"damage_healed":0,"gold_gain":0,"player_choice":"Ignored","damage_taken":0,"max_hp_gain":0,"max_hp_loss":0,"event_name":"Vampires","floor":19,"gold_loss":0}],"is_beta":false,"boss_relics":[{"not_picked":["Velvet Choker","Empty Cage"],"picked":"Sozu"}],"items_purged_floors":[4,21],"is_endless":false,"potions_floor_spawned":[7,10,11,13,22],"killed_by":"Book of Stabbing","ascension_level":4}}