{"host":"nia1zwr35jsu5y7h","time":1613936375,"event":{"mods":["2.2 Compatiblity","Abigail Mod","Bard","BaseMod","Colored Map","Conspire","Downfall","Friendly Minions","Hermit","Highlight Path","Hubris","Infinite Spire","Kiyohime????","Koishi","Marisa????????","Minty Spire (QoL Compilation)","Quick Restart","Replay The Spire","Shade Mod","Shop Mod","StSLib","The Animator","The Construct","The Cursed","The Disciple","The Mystic","The Necromancer","The Servant 0.9.4"],"gold_per_floor":[99,99,116,141,141,167,193,193,222,222,239,69,69,81,94,94,94,94],"floor_reached":16,"language":"ENG","playtime":653,"items_purged":[],"score":124,"play_id":"fcb8ad26-e06c-4e94-9870-118036aa3871","local_time":"20210221113935","is_ascension_mode":true,"campfire_choices":[{"data":"hexamod:FlameSwitch","floor":1.0,"key":"SMITH"},{"floor":8.0,"key":"REST"},{"data":"hexamod:FlameSwitch","floor":13.0,"key":"SMITH"}],"circlet_count":0,"master_deck":["hexamod:Strike","hexamod:Strike","hexamod:Defend","hexamod:Defend","hexamod:Sear","hexamod:Float","hexamod:FlameSwitch+1","hexamod:CatchUp","hexamod:EmpoweredFlame","hexamod:SoulSteal","Shame","hexamod:PowerFromBeyond","hexamod:SpectralSpark","hexamod:FlameSwitch+1","hexamod:AdvancingGuard"],"relics":["hexamod:SpiritBrand","Vajra","downfall:BrokenWingStatue","Bag of Marbles","Replay:Wax Seal","Regal Pillow"],"acts_visited":["Exordium"],"potions_floor_usage":[],"damage_taken":[{"damage":7.0,"enemies":"Jaw Worm","floor":3.0,"turns":3.0},{"damage":12.0,"enemies":"conspire:MimicChest","floor":4.0,"turns":5.0},{"damage":31.0,"enemies":"Lagavulin","floor":6.0,"turns":6.0},{"damage":14.0,"enemies":"Replay:BlueRogue","floor":9.0,"turns":7.0},{"damage":0.0,"enemies":"conspire:RoseBush","floor":11.0,"turns":3.0},{"damage":5.0,"enemies":"downfall:FleeingMerchant","floor":12.0,"turns":4.0},{"damage":0.0,"enemies":"Small Slimes","floor":14.0,"turns":3.0},{"damage":16.0,"enemies":"Exordium Thugs","floor":15.0,"turns":3.0},{"damage":7,"enemies":"SI_SHIV_ARCHETYPE","floor":16,"turns":5}],"seed_played":"-4576639070717661612","potions_obtained":[{"floor":4.0,"key":"Adrenaline Potion"},{"floor":9.0,"key":"DistilledChaos"},{"floor":15.0,"key":"hexamod:SoulburnPotion"}],"is_trial":false,"path_per_floor":["R","?","M","?","?","E","T","R","E","?","M","$","R","M","M","B"],"character_chosen":"THE_SPIRIT","items_purchased":["hexamod:FlameSwitch"],"campfire_rested":1,"item_purchase_floors":[12],"current_hp_per_floor":[70,70,63,51,51,20,20,41,27,27,27,22,22,22,6,0,0,0],"gold":94,"neow_bonus":"ONE_RANDOM_RARE_CARD","is_daily":false,"chose_seed":false,"campfire_upgraded":2,"win_rate":0.0,"timestamp":1613936375,"path_taken":["R","?","M","?","?","E","T","R","E","?","?","$","R","?","M","BOSS"],"items_purchased_type":["Card"],"build_version":"2020-12-22","purchased_purges":0,"victory":false,"max_hp_per_floor":[70,70,70,70,70,70,70,70,70,70,70,70,70,70,70,70,70,70],"card_choices":[{"not_picked":["hexamod:ThermalTransfer","hexamod:InspiringFlames","hexamod:NightmareStrike"],"picked":"SKIP","floor":3.0},{"not_picked":["hexamod:Again","hexamod:SpectralAdrenaline"],"picked":"hexamod:CatchUp","floor":4.0},{"not_picked":["hexamod:SuperheatedStrike","hexamod:SearingWound"],"picked":"hexamod:EmpoweredFlame","floor":6.0},{"not_picked":["hexamod:SpectralAdrenaline","hexamod:FlamesFromBeyond"],"picked":"hexamod:SoulSteal","floor":9.0},{"not_picked":["hexamod:GhostShield","hexamod:FlamesFromBeyond"],"picked":"hexamod:PowerFromBeyond","floor":11.0},{"not_picked":["hexamod:BurningTouch","hexamod:InspiringFlames"],"picked":"hexamod:SpectralSpark","floor":12.0},{"not_picked":["hexamod:Firestarter","hexamod:FirstSeal"],"picked":"hexamod:AdvancingGuard","floor":14.0},{"not_picked":["hexamod:PhantomFireball","hexamod:TimeWarp","hexamod:HeatMetal"],"picked":"SKIP","floor":15.0}],"player_experience":2209702,"relics_obtained":[{"floor":4.0,"key":"Vajra"},{"floor":6.0,"key":"Bag of Marbles"},{"floor":7.0,"key":"Replay:Wax Seal"},{"floor":9.0,"key":"Regal Pillow"}],"event_choices":[],"is_beta":false,"boss_relics":[],"items_purged_floors":[],"is_endless":false,"potions_floor_spawned":[4,9,15],"killed_by":"SI_SHIV_ARCHETYPE","ascension_level":3}}