{"host":"i0avyit1s6jb1siw","time":1613910460,"event":{"mods":["BaseMod","DeckTracker","Dota2Spire","Minty Spire (QoL Compilation)","Quick Restart","StSLib","SuperFastMode"],"gold_per_floor":[118,193,211,221,236,267,267,297,320,320,320,320,320,79,128,168,168,275,275,275,383,383,423,338,67,67,67,67,136,187,210,210,303,352,372,372,352,352,352,466,466,486,534,64,110,130,189,189,262,262,332,378,431,431,488,488,518,518,518],"floor_reached":58,"language":"ENG","playtime":1847,"items_purged":["Strike_G","Strike_G","Strike_G"],"score":2019,"play_id":"2642d646-372b-4a6a-a53f-a43d81499690","local_time":"20210221132740","is_ascension_mode":true,"campfire_choices":[{"floor":7.0,"key":"REST"},{"floor":11.0,"key":"REST"},{"data":"Metamorphosis","floor":13.0,"key":"SMITH"},{"data":"Footwork","floor":17.0,"key":"SMITH"},{"floor":20.0,"key":"REST"},{"data":"Tactician","floor":28.0,"key":"SMITH"},{"data":"Malaise","floor":38.0,"key":"SMITH"},{"floor":39.0,"key":"REST"},{"data":"Tactician","floor":48.0,"key":"SMITH"},{"floor":56,"key":"RECALL"}],"circlet_count":0,"master_deck":["AscendersBane","Strike_G+1","Strike_G+1","Defend_G","Defend_G","Defend_G","Defend_G","Defend_G","Survivor","Neutralize","Metamorphosis+1","Leg Sweep","Footwork+1","Predator","Backflip+1","Calculated Gamble+1","Tactician+1","Leg Sweep","Malaise+1","Noxious Fumes+1","Acrobatics+1","Crippling Poison","Corpse Explosion","Tactician+1","Concentrate","Choke+1","Eviscerate","Reflex"],"relics":["Ring of the Snake","War Paint","Dota2Spire:HandOfMidas","Toy Ornithopter","Regal Pillow","Lee\u0027s Waffle","Snecko Eye","Dota2Spire:Bloodstone","Boot","Bag of Preparation","CeramicFish","Dota2Spire:MantaStyle","Art of War","Dota2Spire:RefresherOrb","Membership Card","Paper Crane","Strawberry","Mummified Hand","Dota2Spire:MaskOfMadness","InkBottle","Dota2Spire:ShivaGuard","Dota2Spire:ArcaneBoots","Whetstone"],"acts_visited":["Exordium","TheCity","TheBeyond"],"potions_floor_usage":[],"damage_taken":[{"damage":9.0,"enemies":"Jaw Worm","floor":1.0,"turns":4.0},{"damage":4.0,"enemies":"Small Slimes","floor":3.0,"turns":3.0},{"damage":0.0,"enemies":"2 Louse","floor":4.0,"turns":5.0},{"damage":2.0,"enemies":"Red Slaver","floor":5.0,"turns":4.0},{"damage":15.0,"enemies":"Lagavulin","floor":6.0,"turns":13.0},{"damage":29.0,"enemies":"Gremlin Nob","floor":8.0,"turns":4.0},{"damage":17.0,"enemies":"Exordium Thugs","floor":15.0,"turns":6.0},{"damage":5.0,"enemies":"3 Louse","floor":16.0,"turns":4.0},{"damage":51.0,"enemies":"Hexaghost","floor":18.0,"turns":13.0},{"damage":26.0,"enemies":"Hexaghost","floor":21.0,"turns":14.0},{"damage":0.0,"enemies":"3 Byrds","floor":23.0,"turns":9.0},{"damage":0.0,"enemies":"Spheric Guardian","floor":26.0,"turns":3.0},{"damage":16.0,"enemies":"Gremlin Leader","floor":29.0,"turns":9.0},{"damage":0.0,"enemies":"Centurion and Healer","floor":30.0,"turns":8.0},{"damage":57.0,"enemies":"Slavers","floor":33.0,"turns":11.0},{"damage":0.0,"enemies":"3 Cultists","floor":34.0,"turns":5.0},{"damage":0.0,"enemies":"Snecko","floor":35.0,"turns":4.0},{"damage":8.0,"enemies":"Champ","floor":40.0,"turns":10.0},{"damage":1.0,"enemies":"3 Darklings","floor":42.0,"turns":3.0},{"damage":0.0,"enemies":"3 Shapes","floor":43.0,"turns":3.0},{"damage":0.0,"enemies":"Maw","floor":45.0,"turns":8.0},{"damage":12.0,"enemies":"Sphere and 2 Shapes","floor":46.0,"turns":4.0},{"damage":10.0,"enemies":"Reptomancer","floor":47.0,"turns":6.0},{"damage":9.0,"enemies":"Nemesis","floor":49.0,"turns":7.0},{"damage":12,"enemies":"Reptomancer","floor":51,"turns":7},{"damage":0,"enemies":"Writhing Mass","floor":55,"turns":5},{"damage":18,"enemies":"Donu and Deca","floor":57,"turns":5},{"damage":15,"enemies":"Time Eater","floor":58,"turns":2}],"seed_played":"-4224937878753405644","potions_obtained":[{"floor":1.0,"key":"SmokeBomb"},{"floor":3.0,"key":"PowerPotion"},{"floor":8.0,"key":"CultistPotion"},{"floor":16.0,"key":"SteroidPotion"},{"floor":21.0,"key":"SmokeBomb"},{"floor":29.0,"key":"Poison Potion"},{"floor":34.0,"key":"EssenceOfSteel"},{"floor":35.0,"key":"GamblersBrew"},{"floor":37.0,"key":"LiquidMemories"}],"is_trial":false,"path_per_floor":["M","?","M","M","M","E","R","E","T","T","R","?","R","$","M","M","R","B",null,"R","B",null,"M","?","$","M","$","R","E","M","T","T","E","M","M","?","?","R","R","B",null,"M","M","$","M","M","E","R","E","T","E","T","T","?","M","R","B","B"],"character_chosen":"THE_SILENT","items_purchased":["Lee\u0027s Waffle","Bag of Preparation","Membership Card","Paper Crane","Strawberry","Concentrate"],"campfire_rested":4,"item_purchase_floors":[14,25,44,44,44,44],"current_hp_per_floor":[50,39,35,35,33,18,36,7,7,7,40,45,45,72,55,50,50,4,4,40,19,59,59,59,59,64,64,64,48,48,48,48,6,6,11,25,25,25,61,53,67,66,66,73,73,61,51,51,42,42,30,30,30,30,30,30,12,0,0],"gold":518,"neow_bonus":"RANDOM_COLORLESS_2","is_daily":false,"chose_seed":false,"campfire_upgraded":5,"win_rate":0.0,"timestamp":1613910460,"path_taken":["M","?","M","M","M","E","R","E","T","T","R","?","R","$","M","M","R","BOSS","R","BOSS","M","?","$","M","$","R","E","M","T","T","E","M","M","?","?","R","R","BOSS","M","M","$","M","M","E","R","E","T","E","?","?","?","M","R","BOSS","BOSS"],"items_purchased_type":["Relic","Relic","Relic","Relic","Relic","Card"],"build_version":"2020-12-22","purchased_purges":3,"victory":false,"max_hp_per_floor":[60,60,60,60,60,60,60,60,60,60,60,65,65,72,72,72,72,72,72,72,72,72,72,72,72,72,72,72,72,72,72,72,72,72,72,72,72,72,72,72,72,72,72,79,79,79,79,79,79,79,79,79,79,79,79,79,79,79,79],"card_choices":[{"not_picked":["Thinking Ahead","Secret Weapon"],"picked":"Metamorphosis","floor":0.0},{"not_picked":["Sucker Punch","Footwork"],"picked":"Leg Sweep","floor":1.0},{"not_picked":["Acrobatics","Masterful Stab"],"picked":"Footwork","floor":3.0},{"not_picked":["Poisoned Stab","Distraction"],"picked":"Predator","floor":4.0},{"not_picked":["Dodge and Roll","Flying Knee"],"picked":"Backflip","floor":5.0},{"not_picked":["Distraction","Phantasmal Killer"],"picked":"Calculated Gamble","floor":6.0},{"not_picked":["Prepared","Choke"],"picked":"Tactician","floor":8.0},{"not_picked":["Quick Slash","Concentrate","Catalyst"],"picked":"SKIP","floor":15.0},{"not_picked":["Endless Agony","Cloak And Dagger"],"picked":"Leg Sweep","floor":16.0},{"not_picked":["Die Die Die","A Thousand Cuts"],"picked":"Malaise","floor":21.0},{"not_picked":["Flying Knee","Slice+1","Outmaneuver"],"picked":"SKIP","floor":23.0},{"not_picked":["Setup","Distraction"],"picked":"Noxious Fumes+1","floor":29.0},{"not_picked":["Skewer","Burst"],"picked":"Acrobatics+1","floor":30.0},{"not_picked":["Bane","Infinite Blades","Outmaneuver"],"picked":"SKIP","floor":33.0},{"not_picked":["Infinite Blades+1","Dodge and Roll"],"picked":"Crippling Poison","floor":34.0},{"not_picked":["Setup","Accuracy","Catalyst"],"picked":"SKIP","floor":35.0},{"not_picked":["Night Terror","Grand Finale"],"picked":"Corpse Explosion","floor":40.0},{"not_picked":["Bane","Well Laid Plans"],"picked":"Tactician","floor":42.0},{"not_picked":["Riddle With Holes+1","Quick Slash+1","Escape Plan"],"picked":"SKIP","floor":43.0},{"not_picked":["Bane+1","Endless Agony+1","Sucker Punch"],"picked":"SKIP","floor":45.0},{"not_picked":["Blade Dance+1","Flying Knee","Cloak And Dagger"],"picked":"SKIP","floor":46.0},{"not_picked":["Well Laid Plans","Cloak And Dagger","Predator"],"picked":"SKIP","floor":47.0},{"not_picked":["Dagger Throw","Expertise"],"picked":"Choke+1","floor":49.0},{"not_picked":["Flying Knee","Setup"],"picked":"Eviscerate","floor":51},{"not_picked":["Acrobatics","Tactician"],"picked":"Reflex","floor":55}],"player_experience":2483645,"relics_obtained":[{"floor":6.0,"key":"War Paint"},{"floor":8.0,"key":"Dota2Spire:HandOfMidas"},{"floor":9.0,"key":"Toy Ornithopter"},{"floor":10.0,"key":"Regal Pillow"},{"floor":29.0,"key":"CeramicFish"},{"floor":32.0,"key":"Dota2Spire:MantaStyle"},{"floor":33.0,"key":"Art of War"},{"floor":47.0,"key":"Mummified Hand"},{"floor":49.0,"key":"Dota2Spire:MaskOfMadness"},{"floor":50.0,"key":"InkBottle"},{"floor":51,"key":"Dota2Spire:ShivaGuard"},{"floor":52,"key":"Dota2Spire:ArcaneBoots"},{"floor":53,"key":"Whetstone"}],"event_choices":[{"damage_healed":0.0,"max_hp_gain":0.0,"max_hp_loss":0.0,"gold_gain":75.0,"event_name":"World of Goop","player_choice":"Gather Gold","floor":2.0,"gold_loss":0.0,"damage_taken":11.0},{"damage_healed":0.0,"max_hp_gain":5.0,"max_hp_loss":0.0,"gold_gain":0.0,"event_name":"Big Fish","player_choice":"Donut","floor":12.0,"gold_loss":0.0,"damage_taken":0.0},{"damage_healed":0.0,"max_hp_gain":0.0,"max_hp_loss":0.0,"gold_gain":0.0,"event_name":"Addict","player_choice":"Obtained Relic","floor":24.0,"gold_loss":85.0,"damage_taken":0.0,"relics_obtained":["Boot"]},{"damage_healed":14.0,"max_hp_gain":0.0,"max_hp_loss":0.0,"gold_gain":0.0,"event_name":"The Library","player_choice":"Heal","floor":36.0,"gold_loss":0.0,"damage_taken":0.0},{"damage_healed":0.0,"max_hp_gain":0.0,"max_hp_loss":0.0,"gold_gain":0.0,"event_name":"The Woman in Blue","player_choice":"Bought 1 Potion","floor":37.0,"gold_loss":0.0,"damage_taken":0.0},{"damage_healed":0,"gold_gain":0,"player_choice":"0 cards matched","damage_taken":0,"max_hp_gain":0,"max_hp_loss":0,"event_name":"Match and Keep!","floor":54,"gold_loss":0,"cards_obtained":[]}],"is_beta":false,"boss_relics":[{"not_picked":["Sozu","Astrolabe"],"picked":"Snecko Eye"},{"not_picked":["Velvet Choker","Runic Dome"],"picked":"Dota2Spire:Bloodstone"},{"not_picked":["Runic Pyramid","Pandora\u0027s Box"],"picked":"Dota2Spire:RefresherOrb"}],"items_purged_floors":[14,25,44],"is_endless":false,"potions_floor_spawned":[1,3,8,16,21,29,34,35,40,43,45,47,49],"killed_by":"Time Eater","ascension_level":20}}