{"host":"0ueeacaatm8t6jyh","time":1613899293,"event":{"mods":["AchievementEnabler","BaseMod","Colored Powertips","Minty Spire (QoL Compilation)","Quick Restart","Rare Cards Sparkle","Shop Mod","StSLib"],"gold_per_floor":[117,117,27,27,27,70,70,70,95,108,129,149,190,208,208,298,298,318,362,362,107,103,103,127,148,174,174,174,174],"floor_reached":28,"language":"ZHS","playtime":694,"items_purged":[],"score":464,"play_id":"9ef5f9ac-e2c1-4cf5-85bb-87ef9088e4ce","local_time":"20210221172133","is_ascension_mode":true,"campfire_choices":[{"data":"Dualcast","floor":7.0,"key":"SMITH"},{"data":"Zap","floor":15.0,"key":"SMITH"},{"data":"Madness","floor":23.0,"key":"SMITH"},{"floor":27.0,"key":"REST"}],"circlet_count":0,"master_deck":["AscendersBane","Zap+1","Dualcast+1","Gash","All For One","Machine Learning","Echo Form","Beam Cell","Hologram","Steam","Madness+1"],"relics":["Cracked Core","NeowsBlessing","Golden Idol","Lantern","Vajra","Orichalcum","Shuriken","Red Mask","Membership Card","MerchantsRug","Pen Nib"],"acts_visited":["Exordium","TheCity"],"potions_floor_usage":[28],"damage_taken":[{"damage":0.0,"enemies":"Small Slimes","floor":1.0,"turns":1.0},{"damage":0.0,"enemies":"Lagavulin","floor":6.0,"turns":1.0},{"damage":0.0,"enemies":"2 Louse","floor":10.0,"turns":1.0},{"damage":2.0,"enemies":"Jaw Worm","floor":11.0,"turns":3.0},{"damage":21.0,"enemies":"Large Slime","floor":12.0,"turns":5.0},{"damage":8.0,"enemies":"3 Sentries","floor":13.0,"turns":5.0},{"damage":3.0,"enemies":"Blue Slaver","floor":14.0,"turns":2.0},{"damage":15.0,"enemies":"The Guardian","floor":16.0,"turns":10.0},{"damage":15.0,"enemies":"Shell Parasite","floor":18.0,"turns":2.0},{"damage":24.0,"enemies":"Masked Bandits","floor":19.0,"turns":3.0},{"damage":15.0,"enemies":"3 Byrds","floor":24.0,"turns":3.0},{"damage":12.0,"enemies":"Shelled Parasite and Fungi","floor":25.0,"turns":2.0},{"damage":24,"enemies":"Gremlin Leader","floor":28,"turns":2}],"seed_played":"-5703995519667887322","potions_obtained":[{"floor":1.0,"key":"Strength Potion"},{"floor":10.0,"key":"EssenceOfSteel"},{"floor":12.0,"key":"AttackPotion"},{"floor":16.0,"key":"Swift Potion"},{"floor":19.0,"key":"DistilledChaos"},{"floor":24.0,"key":"Fire Potion"}],"is_trial":false,"path_per_floor":["M","?","$","?","?","E","R","?","T","M","M","M","E","M","R","B",null,"M","?","?","$","$","R","M","M","T","R","E"],"character_chosen":"DEFECT","items_purchased":["All For One","Membership Card","Beam Cell","Hologram","Steam","MerchantsRug","Madness"],"campfire_rested":1,"item_purchase_floors":[3,21,21,21,21,22,22],"current_hp_per_floor":[64,64,64,69,64,64,64,64,64,64,62,41,33,30,30,15,56,41,17,31,31,31,31,16,4,4,24,0,0],"gold":174,"neow_bonus":"THREE_ENEMY_KILL","is_daily":false,"chose_seed":false,"campfire_upgraded":3,"win_rate":0.0,"timestamp":1613899293,"path_taken":["M","?","$","?","?","E","R","?","T","?","M","M","E","M","R","BOSS","M","?","?","?","$","R","M","M","T","R","E"],"items_purchased_type":["Card","Relic","Card","Card","Card","Relic","Card"],"build_version":"2020-12-22","purchased_purges":0,"victory":false,"max_hp_per_floor":[71,64,64,69,69,69,69,69,69,69,69,69,69,69,69,69,69,69,69,69,69,69,69,69,69,69,69,69,69],"card_choices":[{"not_picked":["Darkness","Redo"],"picked":"Gash","floor":1.0},{"not_picked":["Chill","Stack","Leap"],"picked":"SKIP","floor":6.0},{"not_picked":["Barrage","Go for the Eyes","Rebound"],"picked":"SKIP","floor":10.0},{"not_picked":["Doom and Gloom","Barrage","Steam Power"],"picked":"SKIP","floor":11.0},{"not_picked":["Steam Power","Rebound","Undo"],"picked":"SKIP","floor":12.0},{"not_picked":["Ball Lightning","FTL"],"picked":"Machine Learning","floor":13.0},{"not_picked":["Sweeping Beam","Redo","Stack"],"picked":"SKIP","floor":14.0},{"not_picked":["Core Surge","Multi-Cast"],"picked":"Echo Form","floor":16.0},{"not_picked":["Static Discharge","Sweeping Beam","Capacitor"],"picked":"SKIP","floor":18.0},{"not_picked":["Steam","Stack","Rebound+1"],"picked":"SKIP","floor":24.0},{"not_picked":["Machine Learning","Stack","Sweeping Beam"],"picked":"SKIP","floor":25.0}],"player_experience":571162,"relics_obtained":[{"floor":6.0,"key":"Vajra"},{"floor":9.0,"key":"Orichalcum"},{"floor":13.0,"key":"Shuriken"},{"floor":19.0,"key":"Red Mask"},{"floor":26.0,"key":"Pen Nib"}],"event_choices":[{"damage_healed":0.0,"max_hp_gain":0.0,"max_hp_loss":7.0,"gold_gain":0.0,"event_name":"Golden Idol","player_choice":"Lose Max HP","floor":2.0,"gold_loss":0.0,"damage_taken":0.0,"relics_obtained":["Golden Idol"]},{"damage_healed":0.0,"max_hp_gain":5.0,"max_hp_loss":0.0,"gold_gain":0.0,"event_name":"Big Fish","player_choice":"Donut","floor":4.0,"gold_loss":0.0,"damage_taken":0.0},{"damage_healed":0.0,"max_hp_gain":0.0,"max_hp_loss":0.0,"gold_gain":0.0,"event_name":"Scrap Ooze","player_choice":"Success","floor":5.0,"gold_loss":0.0,"damage_taken":5.0,"relics_obtained":["Lantern"]},{"cards_removed":["Strike_B"],"damage_healed":0.0,"max_hp_gain":0.0,"max_hp_loss":0.0,"gold_gain":0.0,"event_name":"Living Wall","player_choice":"Forget","floor":8.0,"gold_loss":0.0,"damage_taken":0.0},{"damage_healed":0.0,"max_hp_gain":0.0,"max_hp_loss":0.0,"gold_gain":0.0,"event_name":"Masked Bandits","player_choice":"Fought Bandits","floor":19.0,"gold_loss":0.0,"damage_taken":0.0},{"damage_healed":14.0,"max_hp_gain":0.0,"max_hp_loss":0.0,"gold_gain":0.0,"event_name":"The Library","player_choice":"Heal","floor":20.0,"gold_loss":0.0,"damage_taken":0.0}],"is_beta":false,"boss_relics":[{"not_picked":["Snecko Eye","Ectoplasm"],"picked":"Pandora\u0027s Box"}],"items_purged_floors":[],"is_endless":false,"potions_floor_spawned":[1,10,12,16,19,24],"killed_by":"Gremlin Leader","ascension_level":17}}