{"host":"w3q5ijqu8eoknil3","time":1613948732,"event":{"mods":["AchievementEnabler","BaseMod","Block Reminder","Colored Map","Colored Powertips","Curses Come First","Dark Map","Minty Spire (QoL Compilation)","Quick Restart","Relic Stats","StSLib","ojb\u0027s Better Paths Mod","ojb\u0027s Info Mod","slay the spire mod where everything is the same but ironclad has a cowboy hat"],"gold_per_floor":[12,32,45,61,78,112,127,127,127,402,28,28,61,81,81,154,154,167,10,23,38,57,57,57,88,88,88,99,3,21,40,40,40,40],"floor_reached":33,"language":"ENG","playtime":1521,"items_purged":["Regret","Strike_G"],"score":552,"play_id":"a1ea8252-ad62-48e1-9d8f-41d5e5c445ca","local_time":"20210221230532","is_ascension_mode":true,"campfire_choices":[{"data":"Endless Agony","floor":8,"key":"SMITH"},{"data":"Endless Agony","floor":12,"key":"SMITH"},{"data":"Footwork","floor":15,"key":"SMITH"},{"floor":23,"key":"REST"},{"data":"Noxious Fumes","floor":24,"key":"SMITH"},{"data":"Bouncing Flask","floor":27,"key":"SMITH"},{"data":"Backstab","floor":32,"key":"SMITH"}],"circlet_count":0,"master_deck":["AscendersBane","Strike_G","Strike_G","Strike_G","Strike_G","Defend_G","Defend_G","Defend_G","Defend_G","Defend_G","Survivor","Neutralize","Slice","Endless Agony+1","Outmaneuver","Finisher","Masterful Stab","Dagger Spray","Endless Agony+1","Dark Shackles","Footwork+1","Corpse Explosion","Sucker Punch","Storm of Steel","Bouncing Flask+1","PiercingWail","Skewer","Underhanded Strike","Noxious Fumes+1","Deadly Poison+1","Predator","Backstab+1","Backstab"],"relics":["Ring of the Snake","Dead Branch","InkBottle","WingedGreaves","Lee\u0027s Waffle","Bottled Tornado","Runic Pyramid","Eternal Feather","Du-Vu Doll","Turnip"],"acts_visited":["Exordium","TheCity"],"potions_floor_usage":[6,16,20,28,33],"damage_taken":[{"damage":1,"enemies":"Jaw Worm","floor":1,"turns":4},{"damage":0,"enemies":"Cultist","floor":2,"turns":3},{"damage":0,"enemies":"2 Louse","floor":3,"turns":3},{"damage":4,"enemies":"Exordium Thugs","floor":4,"turns":6},{"damage":0,"enemies":"Red Slaver","floor":5,"turns":1},{"damage":25,"enemies":"Gremlin Nob","floor":6,"turns":4},{"damage":0,"enemies":"Blue Slaver","floor":7,"turns":3},{"damage":14,"enemies":"3 Sentries","floor":13,"turns":4},{"damage":0,"enemies":"Looter","floor":14,"turns":2},{"damage":29,"enemies":"The Guardian","floor":16,"turns":10},{"damage":2,"enemies":"Shell Parasite","floor":18,"turns":4},{"damage":0,"enemies":"3 Byrds","floor":20,"turns":3},{"damage":16,"enemies":"Sentry and Sphere","floor":21,"turns":5},{"damage":29,"enemies":"Centurion and Healer","floor":22,"turns":6},{"damage":19,"enemies":"Book of Stabbing","floor":25,"turns":5},{"damage":16,"enemies":"Snake Plant","floor":28,"turns":4},{"damage":0,"enemies":"Snecko","floor":30,"turns":3},{"damage":23,"enemies":"Cultist and Chosen","floor":31,"turns":4},{"damage":54,"enemies":"Automaton","floor":33,"turns":6}],"seed_played":"-8806826579319430828","potions_obtained":[{"floor":3,"key":"LiquidMemories"},{"floor":5,"key":"EssenceOfSteel"},{"floor":14,"key":"FairyPotion"},{"floor":16,"key":"Strength Potion"},{"floor":22,"key":"AttackPotion"},{"floor":28,"key":"SneckoOil"}],"is_trial":false,"path_per_floor":["M","M","M","M","M","E","M","R","T","?","$","R","E","M","R","B",null,"M","$","M","M","M","R","R","E","T","R","M","?","M","M","R","B"],"character_chosen":"THE_SILENT","items_purchased":["Dark Shackles","Lee\u0027s Waffle","Footwork","PiercingWail"],"campfire_rested":1,"item_purchase_floors":[11,11,11,19],"current_hp_per_floor":[58,58,58,54,54,29,29,29,29,29,73,73,59,59,59,30,62,60,60,60,44,15,36,36,17,17,35,19,19,19,21,39,0,0],"gold":40,"neow_bonus":"ONE_RARE_RELIC","is_daily":false,"chose_seed":false,"campfire_upgraded":6,"win_rate":0.0,"timestamp":1613948732,"path_taken":["M","M","M","M","M","E","M","R","T","?","$","R","E","?","R","BOSS","M","?","M","?","M","R","R","E","T","R","M","?","M","?","R","BOSS"],"items_purchased_type":["Card","Relic","Card","Card"],"build_version":"2020-12-22","purchased_purges":2,"victory":false,"max_hp_per_floor":[66,66,66,66,66,66,66,66,66,66,73,73,73,73,73,73,73,73,73,73,73,73,73,73,73,73,73,73,73,73,73,73,73,73],"relic_stats":{"Lee\u0027s Waffle":44,"counters":[19,80],"Dead Branch":[140],"Eternal Feather":36,"Turnip":[0],"obtain_stats":[{"Du-Vu Doll":26,"Lee\u0027s Waffle":11,"Dead Branch":0,"Eternal Feather":25,"WingedGreaves":9,"Turnip":29,"Bottled Tornado":13,"InkBottle":6,"Ring of the Snake":0,"Runic Pyramid":17},{"Du-Vu Doll":15,"Lee\u0027s Waffle":7,"Dead Branch":0,"Eternal Feather":15,"WingedGreaves":7,"Turnip":16,"Bottled Tornado":8,"InkBottle":6,"Ring of the Snake":0,"Runic Pyramid":10},{"Du-Vu Doll":63,"Lee\u0027s Waffle":24,"Dead Branch":0,"Eternal Feather":63,"WingedGreaves":24,"Turnip":67,"Bottled Tornado":28,"InkBottle":21,"Ring of the Snake":0,"Runic Pyramid":40}],"InkBottle":[35],"Ring of the Snake":[39]},"card_choices":[{"not_picked":["Deflect","Blade Dance"],"picked":"Slice","floor":1},{"not_picked":["Tactician","Noxious Fumes"],"picked":"Endless Agony","floor":2},{"not_picked":["Prepared","Deflect"],"picked":"Outmaneuver","floor":3},{"not_picked":["Flechettes","Deflect"],"picked":"Finisher","floor":4},{"not_picked":["Setup","Dagger Throw"],"picked":"Masterful Stab","floor":5},{"not_picked":["Slice","Masterful Stab"],"picked":"Dagger Spray","floor":6},{"not_picked":["Deadly Poison","Flying Knee"],"picked":"Endless Agony","floor":7},{"not_picked":["Slice","Skewer"],"picked":"Corpse Explosion","floor":13},{"not_picked":["Deflect","Bane"],"picked":"Sucker Punch","floor":14},{"not_picked":["Grand Finale","Corpse Explosion"],"picked":"Storm of Steel","floor":16},{"not_picked":["Prepared","Underhanded Strike"],"picked":"Bouncing Flask","floor":18},{"not_picked":["Bouncing Flask","Setup"],"picked":"Skewer","floor":20},{"not_picked":["Flying Knee","Deflect"],"picked":"Underhanded Strike","floor":21},{"not_picked":["Outmaneuver","Sucker Punch"],"picked":"Noxious Fumes","floor":22},{"not_picked":["Cloak And Dagger","Poisoned Stab"],"picked":"Deadly Poison+1","floor":25},{"not_picked":["Flying Knee+1","Dagger Spray"],"picked":"Predator","floor":28},{"not_picked":["Sucker Punch","Dodge and Roll"],"picked":"Backstab","floor":30},{"not_picked":["Blur","Prepared"],"picked":"Backstab","floor":31}],"player_experience":1058349,"relics_obtained":[{"floor":6,"key":"InkBottle"},{"floor":9,"key":"WingedGreaves"},{"floor":13,"key":"Bottled Tornado"},{"floor":25,"key":"Eternal Feather"},{"floor":26,"key":"Du-Vu Doll"}],"event_choices":[{"damage_healed":0,"gold_gain":275,"player_choice":"Desecrate","damage_taken":0,"max_hp_gain":0,"max_hp_loss":0,"event_name":"Golden Shrine","floor":10,"gold_loss":0,"cards_obtained":["Regret"]},{"damage_healed":0,"gold_gain":0,"player_choice":"Paid Gold","damage_taken":0,"relics_obtained":["Turnip"],"max_hp_gain":0,"max_hp_loss":0,"event_name":"WeMeetAgain","floor":29,"gold_loss":96}],"is_beta":false,"boss_relics":[{"not_picked":["Cursed Key","WristBlade"],"picked":"Runic Pyramid"}],"items_purged_floors":[11,19],"is_endless":false,"potions_floor_spawned":[3,5,14,16,22,25,28],"killed_by":"Automaton","ascension_level":19}}