{"host":"z1zal7c5ufd23ok6","time":1613877166,"event":{"mods":["Aspiration","Bard","BaseMod","Best Route Mod","Conspire","Downfall","Energized Spire","Halation","Hubris","Infinite Spire","Lobotomy","Minty Spire (QoL Compilation)","Replay The Spire","Shop Mod","Spikes Relics","StSLib","The Animator","The Bug Knight","The Clintock","The Cursed","The Disciple","The Exalted","The Forsaken","The Hierophant","The Judge","The Jungle","The Kombatant","The Problem Sleuth","Trackpad","Wandering Minibosses"],"gold_per_floor":[113,131,131,144,144,144,129,129,129,129,157,189,189,200,200,296,296,308,325,325,33,49,49,76,76,151,151,151,174,174,218,218,218,218],"floor_reached":33,"language":"ENG","playtime":792,"items_purged":[],"score":263,"play_id":"d5a51d6d-0f8c-4208-a096-346bd783eeb2","local_time":"20210220221246","is_ascension_mode":false,"campfire_choices":[{"data":"hubris:InfiniteBlow+4","floor":6,"key":"SMITH"},{"floor":8,"key":"REST"},{"data":"hubris:InfiniteBlow+5","floor":10,"key":"SMITH"},{"floor":15,"key":"REST"},{"floor":23,"key":"REST"},{"floor":25,"key":"REST"},{"data":"hubris:InfiniteBlow+6","floor":28,"key":"SMITH"},{"data":"hubris:InfiniteBlow+7","floor":30,"key":"SMITH"},{"floor":32,"key":"REST"}],"circlet_count":0,"master_deck":["Strike_R","Strike_R","Strike_R","Strike_R","Strike_R","Defend_R","Defend_R","Defend_R","Defend_R","Bash","Havoc","Run Through","hubris:InfiniteBlow+8","Spot Weakness+1","Headbutt"],"relics":["NeowsBlessing","Kunai","hubris:Spice","MutagenicStrength","Mirror","infinitespire:PuzzleCube","wanderingMiniBosses:ThiefScarf","Burning Blood","halation:Toothbrush","halation:HeavySnake","Bromod:ArcaneUltimatum"],"acts_visited":["Exordium","TheCity"],"potions_floor_usage":[31,33],"damage_taken":[{"damage":0.0,"enemies":"conspire:RoseBush","floor":1.0,"turns":1.0},{"damage":0.0,"enemies":"Cultist","floor":2.0,"turns":1.0},{"damage":0,"enemies":"2 Louse","floor":4,"turns":1},{"damage":21,"enemies":"conspire:2 RoseBushes","floor":7,"turns":6},{"damage":9,"enemies":"Replay:BlueRogue","floor":11,"turns":3},{"damage":30,"enemies":"conspire:MimicChest","floor":12,"turns":5},{"damage":7,"enemies":"2 Fungi Beasts","floor":14,"turns":3},{"damage":9,"enemies":"Slime Boss","floor":16,"turns":6},{"damage":13,"enemies":"conspire:FuzzyDice","floor":18,"turns":4},{"damage":16,"enemies":"3 Byrds","floor":19,"turns":5},{"damage":24,"enemies":"Shelled Parasite and Fungi","floor":22,"turns":4},{"damage":32,"enemies":"Slavers","floor":24,"turns":5},{"damage":37,"enemies":"3 Cultists","floor":31,"turns":6},{"damage":37,"enemies":"Pondfish","floor":33,"turns":3}],"seed_played":"5160834164505908000","potions_obtained":[{"floor":1.0,"key":"Energy Potion"},{"floor":12,"key":"Reflective Coating"},{"floor":16,"key":"hexamod:SoulburnPotion"}],"is_trial":false,"path_per_floor":["M","M","?","M","?","R","M","R","T","R","E","?","?","M","R","B",null,"M","M","?","$","M","R","E","R","T","?","R","T","R","M","R","B"],"character_chosen":"IRONCLAD","items_purchased":["hubris:Spice"],"campfire_rested":5,"item_purchase_floors":[21],"current_hp_per_floor":[80,80,80,80,60,60,39,63,63,63,62,32,43,36,65,56,91,78,62,62,62,38,62,30,52,52,52,52,52,52,15,37,0,0],"gold":218,"neow_bonus":"THREE_ENEMY_KILL","is_daily":false,"chose_seed":false,"campfire_upgraded":4,"win_rate":0.0,"timestamp":1613877166,"path_taken":["M","M","?","M","?","R","M","R","T","R","E","?","?","M","R","BOSS","M","M","?","$","M","R","E","R","T","?","R","?","R","M","R","BOSS"],"items_purchased_type":["Relic"],"build_version":"2020-12-22","purchased_purges":0,"victory":false,"max_hp_per_floor":[80,80,80,80,80,80,80,80,80,80,88,88,99,99,99,99,91,91,91,91,83,83,83,75,75,75,75,75,75,75,75,75,75,75],"card_choices":[{"not_picked":["True Grit","Cleave"],"picked":"Havoc","floor":1.0},{"not_picked":["Clash","Invigoration"],"picked":"Run Through","floor":2.0},{"not_picked":["Shockwave","Metallicize"],"picked":"Sword Boomerang","floor":4},{"not_picked":["ReplayTheSpireMod:??????????????????????","infinitespire:FinalStrike"],"picked":"hubris:InfiniteBlow+4","floor":5},{"not_picked":["Run Through","Wild Strike","Clash"],"picked":"SKIP","floor":7},{"not_picked":["Searing Blow","True Grit","Power Through"],"picked":"SKIP","floor":11},{"not_picked":["Warcry","Cleave","conspire:ExplosiveBarrier"],"picked":"SKIP","floor":14},{"not_picked":["Infernal Blade","Twin Strike+1"],"picked":"Spot Weakness+1","floor":18},{"not_picked":["Wild Strike","Twin Strike","Perfected Strike"],"picked":"SKIP","floor":19},{"not_picked":["True Grit","Evolve"],"picked":"Headbutt","floor":22},{"not_picked":["Hemokinesis","Cleave","Havoc"],"picked":"SKIP","floor":24},{"not_picked":["Warcry","Evolve","Absolvement"],"picked":"SKIP","floor":31}],"player_experience":289001,"relics_obtained":[{"floor":9,"key":"Kunai"},{"floor":11,"key":"hubris:Spice"},{"floor":12,"key":"halation:Toothbrush"},{"floor":24,"key":"hubris:Spice"},{"floor":26,"key":"Mirror"},{"floor":29,"key":"infinitespire:PuzzleCube"},{"floor":31,"key":"wanderingMiniBosses:ThiefScarf"},{"floor":31,"key":"Burning Blood"},{"floor":31,"key":"halation:Toothbrush"}],"event_choices":[{"cards_removed":["Sword Boomerang"],"damage_healed":0,"gold_gain":0,"player_choice":"Gave Card","damage_taken":0,"relics_obtained":["hubris:Spice"],"max_hp_gain":0,"max_hp_loss":0,"event_name":"WeMeetAgain","floor":13,"gold_loss":0},{"damage_healed":0,"gold_gain":0,"player_choice":"Inject Mutagens","damage_taken":0,"relics_obtained":["MutagenicStrength"],"max_hp_gain":0,"max_hp_loss":0,"event_name":"Drug Dealer","floor":20,"gold_loss":0},{"damage_healed":0,"gold_gain":0,"player_choice":"Ignored","damage_taken":0,"max_hp_gain":0,"max_hp_loss":0,"event_name":"Beggar","floor":27,"gold_loss":0}],"is_beta":false,"boss_relics":[{"not_picked":["hubris:Spice","hubris:Spice"],"picked":"hubris:Spice"}],"items_purged_floors":[],"is_endless":false,"potions_floor_spawned":[1,11,12,16,22,24],"killed_by":"Pondfish","ascension_level":0}}