{"host":"0luxfixkkfk9wck3","time":1613928908,"event":{"mods":["BaseMod","DeckTracker","Downfall","Highlight Path","Minty Spire (QoL Compilation)","StSLib"],"gold_per_floor":[99,119,130,76,251,251,300,314,338,338,354,354,382,4,17,17,17,17],"floor_reached":16,"language":"ENG","playtime":759,"items_purged":["Doubt"],"score":170,"play_id":"c70e7e65-c758-434a-8a89-10948dd039ef","local_time":"20210221113508","is_ascension_mode":true,"campfire_choices":[{"data":"sneckomod:TailWhip","floor":1,"key":"SMITH"},{"data":"Guardian:Orbwalk","floor":12,"key":"SMITH"}],"circlet_count":0,"master_deck":["AscendersBane","sneckomod:Strike","sneckomod:Strike","sneckomod:Strike","sneckomod:Defend","sneckomod:Defend","sneckomod:Defend","sneckomod:TailWhip+1","sneckomod:SnekBite","sneckomod:Unknown","sneckomod:Unknown","sneckomod:UnknownUncommonAttack","sneckomod:TrashToTreasure","sneckomod:UnendingSupply","sneckomod:SnakeSap","Guardian:Orbwalk+1","sneckomod:UnknownBlock","sneckomod:Unknown0Cost","sneckomod:Transmogrify","sneckomod:QuickMove"],"relics":["sneckomod:SneckoSoul","Mango","downfall:BrokenWingStatue","bronze:BronzeIdol","Dream Catcher","Incense Burner"],"acts_visited":["Exordium"],"potions_floor_usage":[16],"damage_taken":[{"damage":2,"enemies":"2 Louse","floor":2,"turns":3},{"damage":12,"enemies":"Small Slimes","floor":3,"turns":4},{"damage":0,"enemies":"downfall:FleeingMerchant","floor":4,"turns":4},{"damage":9,"enemies":"Jaw Worm","floor":8,"turns":5},{"damage":12,"enemies":"Blue Slaver","floor":11,"turns":3},{"damage":21,"enemies":"3 Sentries","floor":13,"turns":5},{"damage":2,"enemies":"downfall:FleeingMerchant","floor":14,"turns":4},{"damage":14,"enemies":"2 Fungi Beasts","floor":15,"turns":4},{"damage":24,"enemies":"IC_STATUS_ARCHETYPE","floor":16,"turns":10}],"seed_played":"4297179141812820033","potions_obtained":[{"floor":2,"key":"Ancient Potion"},{"floor":3,"key":"Swift Potion"}],"is_trial":false,"path_per_floor":["R","M","M","$","?","?","T","M","T","R","M","R","E","$","M","B"],"character_chosen":"THE_SNECKO","items_purchased":["sneckomod:SnakeSap","Incense Burner"],"campfire_rested":0,"item_purchase_floors":[4,14],"current_hp_per_floor":[89,87,75,75,75,75,75,66,66,66,54,54,33,31,17,0,0,0],"gold":17,"neow_bonus":"ONE_RARE_RELIC","is_daily":false,"chose_seed":false,"campfire_upgraded":2,"win_rate":0.0,"timestamp":1613928908,"path_taken":["R","M","M","$","?","?","T","M","?","R","M","R","E","$","M","BOSS"],"items_purchased_type":["Card","Relic"],"build_version":"2020-12-22","purchased_purges":1,"victory":false,"max_hp_per_floor":[89,89,89,89,89,89,89,89,89,89,89,89,89,89,89,89,89,89],"card_choices":[{"not_picked":["sneckomod:SoulDraw","sneckomod:UnknownBlock"],"picked":"sneckomod:UnknownUncommonAttack","floor":2},{"not_picked":["sneckomod:SoulDraw","sneckomod:SoulRoll"],"picked":"sneckomod:TrashToTreasure","floor":3},{"not_picked":["sneckomod:DiceBlock","sneckomod:UnknownDraw"],"picked":"sneckomod:UnendingSupply","floor":4},{"not_picked":["sneckomod:Unknown1Cost","sneckomod:SoulDraw"],"picked":"sneckomod:UnknownStrength","floor":8},{"not_picked":["sneckomod:Nope","sneckomod:DiceBoulder"],"picked":"sneckomod:UnknownBlock","floor":11},{"not_picked":["sneckomod:SoulRoll","sneckomod:IronFang"],"picked":"sneckomod:Unknown0Cost","floor":13},{"not_picked":["sneckomod:UnknownUncommonSkill","sneckomod:UnknownUncommonAttack"],"picked":"sneckomod:Transmogrify","floor":14},{"not_picked":["sneckomod:IronFang","sneckomod:Unknown1Cost"],"picked":"sneckomod:QuickMove","floor":15}],"player_experience":12006709,"relics_obtained":[{"floor":7,"key":"bronze:BronzeIdol"},{"floor":9,"key":"Boot"},{"floor":13,"key":"Dream Catcher"},{"floor":15,"key":"Oddly Smooth Stone"}],"event_choices":[],"is_beta":false,"boss_relics":[],"items_purged_floors":[14],"is_endless":false,"potions_floor_spawned":[2,3],"killed_by":"IC_STATUS_ARCHETYPE","ascension_level":14}}