{"host":"51f9r4o9zca2xpvz","time":1613912831,"event":{"mods":["AchievementEnabler","BaseMod","Minty Spire (QoL Compilation)"],"gold_per_floor":[109,125,21,21,21,21,40,75,75,92,92,116,116,66,66,163,163,178,195,195,211,136,136,136,136],"floor_reached":24,"language":"ENG","playtime":2558,"items_purged":[],"score":194,"play_id":"fe13dd0b-6ce9-496d-a1ef-5b5847f20f59","local_time":"20210221050711","is_ascension_mode":false,"campfire_choices":[{"data":"Noxious Fumes","floor":6,"key":"SMITH"},{"data":"Bane","floor":11,"key":"SMITH"},{"floor":13,"key":"REST"},{"data":"Poisoned Stab","floor":15,"key":"SMITH"},{"floor":23,"key":"REST"}],"circlet_count":0,"master_deck":["Strike_G","Strike_G","Defend_G","Defend_G","Defend_G","Defend_G","Defend_G","Survivor","Neutralize","Noxious Fumes+1","Poisoned Stab+1","Eviscerate","Acrobatics+1","Prepared","Bane+1","Outmaneuver","Bouncing Flask","Corpse Explosion","Underhanded Strike+1","Bouncing Flask+1","Tools of the Trade+1","Poisoned Stab+1","Catalyst+1","Acrobatics"],"relics":["Ring of the Snake","Toy Ornithopter","Matryoshka","Dream Catcher","Eternal Feather","Bag of Marbles","Odd Mushroom","Astrolabe"],"acts_visited":["Exordium","TheCity"],"potions_floor_usage":[8,21,24,24],"damage_taken":[{"damage":0,"enemies":"Jaw Worm","floor":1,"turns":8},{"damage":0,"enemies":"Small Slimes","floor":2,"turns":4},{"damage":4,"enemies":"Cultist","floor":7,"turns":3},{"damage":16,"enemies":"3 Sentries","floor":8,"turns":6},{"damage":12,"enemies":"3 Louse","floor":10,"turns":4},{"damage":13,"enemies":"The Mushroom Lair","floor":12,"turns":4},{"damage":29,"enemies":"The Guardian","floor":16,"turns":11},{"damage":12,"enemies":"3 Byrds","floor":18,"turns":4},{"damage":8,"enemies":"Chosen","floor":19,"turns":5},{"damage":26,"enemies":"Centurion and Healer","floor":21,"turns":4},{"damage":77,"enemies":"Slavers","floor":24,"turns":4}],"seed_played":"7262496033231376064","potions_obtained":[{"floor":2,"key":"EssenceOfSteel"},{"floor":5,"key":"DuplicationPotion"},{"floor":5,"key":"GamblersBrew"},{"floor":7,"key":"DistilledChaos"},{"floor":10,"key":"EssenceOfSteel"}],"is_trial":false,"path_per_floor":["M","M","$","?","?","R","M","E","T","M","R","?","R","?","R","B",null,"M","M","?","M","?","R","E"],"character_chosen":"THE_SILENT","items_purchased":["Eviscerate","Acrobatics"],"campfire_rested":2,"item_purchase_floors":[3,3],"current_hp_per_floor":[70,70,70,70,70,70,66,55,55,43,55,42,70,70,70,41,70,58,50,50,29,29,62,0,0],"gold":136,"neow_bonus":"RANDOM_COMMON_RELIC","is_daily":false,"chose_seed":false,"campfire_upgraded":3,"win_rate":0.0,"timestamp":1613912831,"path_taken":["M","M","$","?","?","R","?","E","T","M","R","?","R","?","R","BOSS","M","M","?","?","?","R","E"],"items_purchased_type":["Card","Card"],"build_version":"2020-12-22","purchased_purges":0,"victory":false,"max_hp_per_floor":[70,70,70,70,70,70,70,70,70,70,70,70,70,70,70,70,70,70,70,70,70,70,70,70,70],"card_choices":[{"not_picked":["Blade Dance","Deadly Poison"],"picked":"Noxious Fumes","floor":1},{"not_picked":["Tactician","All Out Attack"],"picked":"Poisoned Stab","floor":2},{"not_picked":["Flying Knee","Poisoned Stab"],"picked":"Prepared","floor":7},{"not_picked":["Backstab","Dash"],"picked":"Bane","floor":8},{"not_picked":["Slice","Well Laid Plans"],"picked":"Flechettes","floor":10},{"not_picked":["Deflect","Dagger Spray"],"picked":"Outmaneuver","floor":12},{"not_picked":["Slice","Phantasmal Killer"],"picked":"Bouncing Flask","floor":13},{"not_picked":["Bullet Time","Malaise"],"picked":"Corpse Explosion","floor":16},{"not_picked":["Backstab","Slice+1"],"picked":"Poisoned Stab+1","floor":18},{"not_picked":["Slice+1","Prepared","Underhanded Strike"],"picked":"SKIP","floor":19},{"not_picked":["Skewer","Flechettes"],"picked":"Catalyst+1","floor":21},{"not_picked":["Flying Knee","Skewer"],"picked":"Acrobatics","floor":23}],"player_experience":17843,"relics_obtained":[{"floor":8,"key":"Dream Catcher"},{"floor":9,"key":"Eternal Feather"},{"floor":9,"key":"Bag of Marbles"},{"floor":12,"key":"Odd Mushroom"}],"event_choices":[{"damage_healed":0,"gold_gain":0,"player_choice":"Box","damage_taken":0,"relics_obtained":["Matryoshka"],"max_hp_gain":0,"max_hp_loss":0,"event_name":"Big Fish","floor":4,"gold_loss":0,"cards_obtained":["Regret"]},{"damage_healed":0,"gold_gain":0,"player_choice":"Got Potions","damage_taken":0,"max_hp_gain":0,"max_hp_loss":0,"event_name":"Lab","floor":5,"gold_loss":0},{"damage_healed":0,"gold_gain":0,"player_choice":"Fought Mushrooms","damage_taken":0,"max_hp_gain":0,"max_hp_loss":0,"event_name":"Mushrooms","floor":12,"gold_loss":0},{"cards_removed":["Regret"],"damage_healed":0,"gold_gain":0,"player_choice":"Card Removal","damage_taken":0,"max_hp_gain":0,"max_hp_loss":0,"event_name":"The Cleric","floor":14,"gold_loss":50},{"damage_healed":0,"gold_gain":0,"player_choice":"Forge","damage_taken":0,"max_hp_gain":0,"max_hp_loss":0,"event_name":"Accursed Blacksmith","floor":20,"gold_loss":0,"cards_upgraded":["Acrobatics"]},{"cards_removed":["Flechettes"],"damage_healed":0,"gold_gain":0,"player_choice":"Gave Gold","damage_taken":0,"max_hp_gain":0,"max_hp_loss":0,"event_name":"Beggar","floor":22,"gold_loss":75}],"is_beta":false,"boss_relics":[{"not_picked":["Ring of the Serpent","Empty Cage"],"picked":"Astrolabe"}],"items_purged_floors":[],"is_endless":false,"potions_floor_spawned":[2,7,10],"killed_by":"Slavers","ascension_level":0}}