{"host":"mi0eibewekhugwl1","time":1613881306,"event":{"mods":["AchievementEnabler","BaseMod","Colored Map","Colored Powertips","DeckTracker","Keyboard Shortcuts","Minty Spire (QoL Compilation)","Quick Restart","Rare Cards Sparkle","Relic Stats","StSLib","SuperFastMode","everything is the same but u backflip on backflip"],"gold_per_floor":[117,117,132,132,132,132,164,179,179,254,254,269,269,285,285,285,285],"floor_reached":16,"language":"KOR","playtime":208,"items_purged":[],"score":250,"play_id":"e1d9edf3-eed5-4729-b0fb-4d7a2902231d","local_time":"20210221132146","is_ascension_mode":true,"campfire_choices":[{"data":"Tactician","floor":6,"key":"SMITH"},{"data":"Neutralize","floor":13,"key":"SMITH"},{"data":"Dagger Spray","floor":15,"key":"SMITH"}],"circlet_count":0,"master_deck":["AscendersBane","Strike_G","Strike_G","Strike_G","Strike_G","Defend_G","Defend_G","Defend_G","Defend_G","Survivor","Neutralize+1","Tactician+1","Dagger Throw","Endless Agony","Dagger Spray+1","Footwork"],"relics":["Ring of the Snake","NeowsBlessing","Ninja Scroll","Centennial Puzzle","Toxic Egg 2"],"acts_visited":["Exordium"],"potions_floor_usage":[16,16],"damage_taken":[{"damage":0,"enemies":"2 Louse","floor":1,"turns":1},{"damage":0,"enemies":"Small Slimes","floor":3,"turns":1},{"damage":0,"enemies":"Gremlin Nob","floor":7,"turns":1},{"damage":0,"enemies":"Jaw Worm","floor":8,"turns":2},{"damage":0,"enemies":"Red Slaver","floor":12,"turns":2},{"damage":0,"enemies":"Blue Slaver","floor":14,"turns":2},{"damage":39,"enemies":"The Guardian","floor":16,"turns":15}],"seed_played":"-3682777643682417039","potions_obtained":[{"floor":3,"key":"SteroidPotion"},{"floor":12,"key":"EssenceOfSteel"}],"is_trial":false,"path_per_floor":["M","?","M","?","?","R","E","M","T","?","?","M","R","M","R","B"],"character_chosen":"THE_SILENT","items_purchased":[],"campfire_rested":0,"item_purchase_floors":[],"current_hp_per_floor":[59,54,54,54,54,54,54,54,54,43,36,36,36,36,36,0,0],"gold":285,"neow_bonus":"THREE_ENEMY_KILL","is_daily":false,"chose_seed":false,"campfire_upgraded":3,"win_rate":0.0,"timestamp":1613881306,"path_taken":["M","?","M","?","?","R","E","M","T","?","?","M","R","M","R","BOSS"],"items_purchased_type":[],"build_version":"2020-12-22","purchased_purges":0,"victory":false,"max_hp_per_floor":[66,66,66,66,66,66,66,66,66,66,66,66,66,66,66,66,66],"relic_stats":{"Centennial Puzzle":[3],"counters":[7,24],"obtain_stats":[{"Centennial Puzzle":7,"NeowsBlessing":0,"Ninja Scroll":2,"Toxic Egg 2":9,"Ring of the Snake":0},{"Centennial Puzzle":3,"NeowsBlessing":0,"Ninja Scroll":1,"Toxic Egg 2":4,"Ring of the Snake":0},{"Centennial Puzzle":3,"NeowsBlessing":0,"Ninja Scroll":1,"Toxic Egg 2":5,"Ring of the Snake":0}],"Ring of the Snake":[14]},"card_choices":[{"not_picked":["Outmaneuver","Terror","Flying Knee"],"picked":"SKIP","floor":1},{"not_picked":["Dagger Spray","Acrobatics"],"picked":"Tactician","floor":3},{"not_picked":["Poisoned Stab","Slice"],"picked":"Dagger Throw","floor":7},{"not_picked":["Dodge and Roll","Well Laid Plans"],"picked":"Endless Agony","floor":8},{"not_picked":["Backflip+1","Leg Sweep+1"],"picked":"Dagger Spray","floor":12},{"not_picked":["Deflect+1","Poisoned Stab"],"picked":"Footwork","floor":14}],"player_experience":1814679,"relics_obtained":[{"floor":7,"key":"Centennial Puzzle"},{"floor":9,"key":"Toxic Egg 2"}],"event_choices":[{"damage_healed":0,"gold_gain":0,"player_choice":"Success","damage_taken":5,"relics_obtained":["Ninja Scroll"],"max_hp_gain":0,"max_hp_loss":0,"event_name":"Scrap Ooze","floor":2,"gold_loss":0},{"cards_removed":["Strike_G"],"damage_healed":0,"gold_gain":0,"player_choice":"Forget","damage_taken":0,"max_hp_gain":0,"max_hp_loss":0,"event_name":"Living Wall","floor":4,"gold_loss":0},{"damage_healed":0,"gold_gain":0,"player_choice":"Ignored","damage_taken":0,"max_hp_gain":0,"max_hp_loss":0,"event_name":"Shining Light","floor":5,"gold_loss":0},{"damage_healed":0,"gold_gain":75,"player_choice":"Gather Gold","damage_taken":11,"max_hp_gain":0,"max_hp_loss":0,"event_name":"World of Goop","floor":10,"gold_loss":0},{"cards_removed":["Defend_G"],"damage_healed":0,"gold_gain":0,"player_choice":"Card Removal","damage_taken":7,"max_hp_gain":0,"max_hp_loss":0,"event_name":"Golden Wing","floor":11,"gold_loss":0}],"is_beta":false,"boss_relics":[],"items_purged_floors":[],"is_endless":false,"potions_floor_spawned":[3,12],"killed_by":"The Guardian","ascension_level":20}}