{"host":"91blwi3hgehj6ch9","time":1613942373,"event":{"mods":["2.2 Compatiblity","AchievementEnabler","BaseMod","Colored Map","DeckTracker","Keyboard Shortcuts","Minty Spire (QoL Compilation)","Permanent Neow","Relic Stats","StSLib","SuperFastMode","everything is the same but u backflip on backflip"],"gold_per_floor":[112,37,112,129,145,145,145,145,171,96,96,96,115,115,115,115,115],"floor_reached":16,"language":"KOR","playtime":317,"items_purged":["Defend_G"],"score":176,"play_id":"48a17fec-0125-40cc-b9e6-850eaba4ef86","local_time":"20210222061933","is_ascension_mode":true,"campfire_choices":[{"data":"Dagger Spray","floor":6,"key":"SMITH"},{"data":"Masterful Stab","floor":8,"key":"SMITH"},{"data":"Neutralize","floor":11,"key":"SMITH"},{"floor":15,"key":"REST"}],"circlet_count":0,"master_deck":["AscendersBane","Strike_G","Strike_G","Strike_G","Defend_G","Defend_G","Defend_G","Survivor","Neutralize+1","Dagger Spray+1","Masterful Stab+1","Dodge and Roll"],"relics":["Ring of the Snake","Golden Idol","Art of War","Akabeko"],"acts_visited":["Exordium"],"potions_floor_usage":[16],"damage_taken":[{"damage":1,"enemies":"2 Louse","floor":1,"turns":3},{"damage":0,"enemies":"Small Slimes","floor":4,"turns":5},{"damage":1,"enemies":"Jaw Worm","floor":5,"turns":4},{"damage":0,"enemies":"3 Louse","floor":13,"turns":2},{"damage":42,"enemies":"Hexaghost","floor":16,"turns":11}],"seed_played":"-1219130036029770950","potions_obtained":[{"floor":4,"key":"EssenceOfSteel"}],"is_trial":false,"path_per_floor":["M","$","?","M","M","R","?","R","T","?","R","?","M","?","R","B"],"character_chosen":"THE_SILENT","items_purchased":[],"campfire_rested":1,"item_purchase_floors":[],"current_hp_per_floor":[58,58,47,47,46,46,25,25,25,25,25,30,30,19,38,0,0],"gold":115,"neow_bonus":"REMOVE_TWO","is_daily":false,"chose_seed":false,"campfire_upgraded":3,"win_rate":0.0,"timestamp":1613942373,"path_taken":["M","$","?","M","M","R","?","R","T","?","R","?","M","?","R","BOSS"],"items_purchased_type":[],"build_version":"2020-12-22","purchased_purges":1,"victory":false,"max_hp_per_floor":[60,60,60,60,60,60,60,60,60,60,60,65,65,65,65,65,65],"relic_stats":{"counters":[5,25],"Golden Idol":4,"Art of War":[0],"obtain_stats":[{"Golden Idol":7,"Art of War":9,"Akabeko":14,"Ring of the Snake":0},{"Golden Idol":3,"Art of War":3,"Akabeko":4,"Ring of the Snake":0},{"Golden Idol":12,"Art of War":12,"Akabeko":14,"Ring of the Snake":0}],"Ring of the Snake":[10]},"card_choices":[{"not_picked":["Dodge and Roll","Poisoned Stab","Setup"],"picked":"SKIP","floor":1},{"not_picked":["Finisher","Skewer"],"picked":"Dagger Spray","floor":4},{"not_picked":["Flying Knee","Blade Dance"],"picked":"Masterful Stab","floor":5},{"not_picked":["Quick Slash","Cloak And Dagger"],"picked":"Dodge and Roll","floor":13}],"player_experience":291724,"relics_obtained":[{"floor":9,"key":"Art of War"}],"event_choices":[{"damage_healed":0,"gold_gain":75,"player_choice":"Gather Gold","damage_taken":11,"max_hp_gain":0,"max_hp_loss":0,"event_name":"World of Goop","floor":3,"gold_loss":0},{"damage_healed":0,"gold_gain":0,"player_choice":"Take Damage","damage_taken":21,"relics_obtained":["Golden Idol"],"max_hp_gain":0,"max_hp_loss":0,"event_name":"Golden Idol","floor":7,"gold_loss":0},{"cards_removed":["Strike_G"],"damage_healed":0,"gold_gain":0,"player_choice":"Card Removal","damage_taken":0,"max_hp_gain":0,"max_hp_loss":0,"event_name":"The Cleric","floor":10,"gold_loss":75},{"damage_healed":0,"gold_gain":0,"player_choice":"Donut","damage_taken":0,"max_hp_gain":5,"max_hp_loss":0,"event_name":"Big Fish","floor":12,"gold_loss":0},{"damage_healed":0,"gold_gain":0,"player_choice":"Success","damage_taken":11,"relics_obtained":["Akabeko"],"max_hp_gain":0,"max_hp_loss":0,"event_name":"Scrap Ooze","floor":14,"gold_loss":0}],"is_beta":false,"boss_relics":[],"items_purged_floors":[2],"is_endless":false,"potions_floor_spawned":[4],"killed_by":"Hexaghost","ascension_level":20}}