{"host":"1vy6j31128f61x2z","time":1613948076,"event":{"mods":["AchievementEnabler","BaseMod","Colored Powertips","Minty Spire (QoL Compilation)","Permanent Neow"],"gold_per_floor":[115,127,202,221,221,221,246,246,293,327,345,355,385,10,10,107,107,118,133,133,133,150,183,215,226,226,260,272,301,45,55,55,158,158,168,168,187,187,187,221,221,255,255,255,255,305,331,231,231,231,231,231,84,113,113],"floor_reached":56,"language":"ENG","playtime":3781,"items_purged":["Defend_B","Strike_B"],"score":1619,"play_id":"3edb5b66-b1e7-4983-b45e-054c8e88dd6d","local_time":"20210221175434","is_ascension_mode":true,"campfire_choices":[{"data":"Hyperbeam","floor":6.0,"key":"SMITH"},{"data":"Ball Lightning","floor":8.0,"key":"SMITH"},{"data":"Consume","floor":15.0,"key":"SMITH"},{"data":"Buffer","floor":32,"key":"SMITH"},{"floor":41,"key":"RECALL"},{"data":"Buffer","floor":44,"key":"SMITH"},{"data":"Consume","floor":45,"key":"SMITH"},{"data":"Biased Cognition","floor":49,"key":"SMITH"},{"data":"Hologram","floor":52,"key":"SMITH"}],"circlet_count":0,"master_deck":["Strike_B","Defend_B","Defend_B","Zap","Dualcast","Hyperbeam+1","Hologram+1","Leap","Ball Lightning+1","Auto Shields","Consume+1","Cold Snap","Core Surge","Seek","Steam","Compile Driver","Ghostly","Ghostly","Ghostly","Ghostly","Ghostly","Leap+1","Consume+1","Buffer+1","Streamline+1","Cold Snap+1","BootSequence","Buffer+1","Biased Cognition+1","Conserve Battery+1","Skim","Finesse","Machine Learning","Lockon","Glacier+1","Echo Form"],"relics":["Cracked Core","Bronze Scales","Happy Flower","Eternal Feather","Blue Candle","Incense Burner","Empty Cage","WingedGreaves","Toy Ornithopter","Question Card","Vajra","HornCleat","Sundial","Inserter","Darkstone Periapt","Torii","Letter Opener","Prayer Wheel","Du-Vu Doll","Oddly Smooth Stone","Bag of Marbles"],"acts_visited":["Exordium","TheCity","TheBeyond","TheEnding"],"potions_floor_usage":[24,50,55],"damage_taken":[{"damage":0.0,"enemies":"Small Slimes","floor":1.0,"turns":2.0},{"damage":0.0,"enemies":"Jaw Worm","floor":2.0,"turns":3.0},{"damage":0.0,"enemies":"Cultist","floor":4.0,"turns":2.0},{"damage":23.0,"enemies":"Gremlin Nob","floor":7.0,"turns":4.0},{"damage":4.0,"enemies":"3 Sentries","floor":10.0,"turns":2.0},{"damage":0.0,"enemies":"Lots of Slimes","floor":11.0,"turns":2.0},{"damage":0.0,"enemies":"2 Fungi Beasts","floor":12.0,"turns":1.0},{"damage":3.0,"enemies":"Gremlin Nob","floor":13.0,"turns":3.0},{"damage":0.0,"enemies":"Slime Boss","floor":16.0,"turns":5.0},{"damage":0.0,"enemies":"Shell Parasite","floor":18.0,"turns":4.0},{"damage":6.0,"enemies":"2 Thieves","floor":19.0,"turns":3.0},{"damage":1,"enemies":"Centurion and Healer","floor":22,"turns":5},{"damage":4,"enemies":"Book of Stabbing","floor":23,"turns":6},{"damage":0,"enemies":"Slavers","floor":24,"turns":4},{"damage":5,"enemies":"Shelled Parasite and Fungi","floor":25,"turns":6},{"damage":0,"enemies":"Book of Stabbing","floor":27,"turns":6},{"damage":0,"enemies":"Cultist and Chosen","floor":28,"turns":6},{"damage":0,"enemies":"Gremlin Leader","floor":29,"turns":8},{"damage":0,"enemies":"Centurion and Healer","floor":31,"turns":6},{"damage":16,"enemies":"Automaton","floor":33,"turns":12},{"damage":0,"enemies":"3 Darklings","floor":35,"turns":4},{"damage":0,"enemies":"Orb Walker","floor":37,"turns":3},{"damage":0,"enemies":"Giant Head","floor":40,"turns":12},{"damage":0,"enemies":"Nemesis","floor":42,"turns":9},{"damage":0,"enemies":"Mind Bloom Boss Battle","floor":46,"turns":9},{"damage":0,"enemies":"Reptomancer","floor":47,"turns":11},{"damage":0,"enemies":"Time Eater","floor":50,"turns":12},{"damage":9,"enemies":"Shield and Spear","floor":54,"turns":11},{"damage":13,"enemies":"The Heart","floor":55,"turns":14}],"seed_played":"7392887858918376780","potions_obtained":[{"floor":4.0,"key":"ColorlessPotion"},{"floor":7.0,"key":"FearPotion"},{"floor":11.0,"key":"EssenceOfSteel"},{"floor":16.0,"key":"Energy Potion"},{"floor":24,"key":"SteroidPotion"},{"floor":25,"key":"Energy Potion"},{"floor":27,"key":"LiquidMemories"},{"floor":37,"key":"Strength Potion"},{"floor":42,"key":"Ancient Potion"},{"floor":54,"key":"Weak Potion"}],"is_trial":false,"path_per_floor":["M","M","?","M","?","R","E","R","T","E","M","M","E","$","R","B",null,"M","M","?","?","M","E","E","M","T","E","M","E","$","M","R","B",null,"M","$","M","?","?","E","R","E","T","R","R","?","E","$","R","B",null,"R","$","E","B",null],"character_chosen":"DEFECT","items_purchased":["Incense Burner","Sundial","Oddly Smooth Stone"],"campfire_rested":0,"item_purchase_floors":[14,30,53],"current_hp_per_floor":[75,75,64,64,64,64,41,41,41,37,37,37,34,34,43,43,75,75,69,37,37,36,32,37,32,32,32,32,32,32,32,37,21,37,37,37,37,37,37,37,37,37,37,37,37,37,37,37,37,37,37,37,37,28,20],"gold":113,"neow_bonus":"ONE_RANDOM_RARE_CARD","is_daily":false,"chose_seed":false,"campfire_upgraded":8,"win_rate":0.0,"timestamp":1613948074,"path_taken":["M","M","?","M","?","R","E","R","T","E","M","?","E","$","R","BOSS","M","?","?","?","?","E","E","M","T","E","?","E","$","M","R","BOSS","M","$","M","?","?","E","R","E","T","R","R","?","E","$","R","BOSS","R","$","E","BOSS"],"items_purchased_type":["Relic","Relic","Relic"],"build_version":"2020-12-22","purchased_purges":2,"victory":true,"max_hp_per_floor":[75,75,75,75,75,75,75,75,75,75,75,75,75,75,75,75,75,75,75,37,37,37,37,37,37,37,37,37,37,37,37,37,37,37,37,37,37,37,37,37,37,37,37,37,37,37,37,37,37,37,37,37,37,37,37],"card_choices":[{"not_picked":["Streamline","Turbo"],"picked":"Hologram","floor":1.0},{"not_picked":["Blizzard","Ball Lightning"],"picked":"Leap","floor":2.0},{"not_picked":["Redo","Aggregate"],"picked":"Ball Lightning","floor":4.0},{"not_picked":["Barrage","Thunder Strike"],"picked":"Auto Shields","floor":7.0},{"not_picked":["Barrage","Capacitor"],"picked":"Consume","floor":10.0},{"not_picked":["Hello World","Doom and Gloom","Stack"],"picked":"SKIP","floor":11.0},{"not_picked":["Steam","Ball Lightning"],"picked":"Cold Snap","floor":12.0},{"not_picked":["Heatsinks","Aggregate"],"picked":"Core Surge","floor":13.0},{"not_picked":["Multi-Cast","Echo Form"],"picked":"Seek","floor":16.0},{"not_picked":["Fusion","Beam Cell"],"picked":"Steam","floor":18.0},{"not_picked":["Steam","Gash+1"],"picked":"Compile Driver","floor":19.0},{"not_picked":["Rip and Tear+1","Meteor Strike"],"picked":"Leap+1","floor":22},{"not_picked":["Go for the Eyes","Steam"],"picked":"Consume","floor":23},{"not_picked":["Gash","Hologram"],"picked":"Buffer","floor":24},{"not_picked":["Stack","Force Field","Sunder+1"],"picked":"Streamline+1","floor":25},{"not_picked":["Ball Lightning+1","Leap","Chill"],"picked":"Cold Snap+1","floor":27},{"not_picked":["Streamline","Leap","Gash"],"picked":"BootSequence","floor":28},{"not_picked":["Doom and Gloom","Stack","Rebound"],"picked":"Buffer","floor":29},{"not_picked":["Steam","Sunder","Ball Lightning","Lockon"],"picked":"SKIP","floor":31},{"not_picked":["Amplify","Seek","Machine Learning"],"picked":"Biased Cognition","floor":33},{"not_picked":["Steam+1","FTL","Heatsinks+1"],"picked":"Conserve Battery+1","floor":35},{"not_picked":["Redo","Turbo+1","Force Field+1"],"picked":"Skim","floor":37},{"not_picked":["Chrysalis","Purity","Secret Technique"],"picked":"Finesse","floor":38},{"not_picked":["Melter","Fusion","Sweeping Beam"],"picked":"Machine Learning","floor":40},{"not_picked":["Turbo+1","Gash","Beam Cell+1"],"picked":"Lockon","floor":42},{"not_picked":["Rebound","BootSequence+1","Streamline+1"],"picked":"Glacier+1","floor":47},{"not_picked":["Rebound+1","Stack+1","Doom and Gloom+1"],"picked":"Echo Form","floor":54}],"player_experience":104987,"relics_obtained":[{"floor":7.0,"key":"Bronze Scales"},{"floor":9.0,"key":"Happy Flower"},{"floor":10.0,"key":"Eternal Feather"},{"floor":13.0,"key":"Blue Candle"},{"floor":23,"key":"Toy Ornithopter"},{"floor":24,"key":"Question Card"},{"floor":27,"key":"Vajra"},{"floor":29,"key":"HornCleat"},{"floor":40,"key":"Darkstone Periapt"},{"floor":42,"key":"Torii"},{"floor":43,"key":"Letter Opener"},{"floor":46,"key":"Prayer Wheel"},{"floor":47,"key":"Du-Vu Doll"},{"floor":54,"key":"Bag of Marbles"}],"event_choices":[{"damage_healed":0.0,"max_hp_gain":0.0,"max_hp_loss":0.0,"gold_gain":75.0,"event_name":"World of Goop","player_choice":"Gather Gold","floor":3.0,"gold_loss":0.0,"damage_taken":11.0},{"cards_removed":["Strike_B"],"damage_healed":0.0,"max_hp_gain":0.0,"max_hp_loss":0.0,"gold_gain":0.0,"event_name":"Bonfire Elementals","player_choice":"Offered Basic","floor":5.0,"gold_loss":0.0,"damage_taken":0.0},{"damage_healed":0.0,"max_hp_gain":0.0,"max_hp_loss":38.0,"gold_gain":0.0,"event_name":"Ghosts","player_choice":"Became a Ghost","floor":20.0,"gold_loss":0.0,"damage_taken":0.0,"cards_obtained":["Ghostly","Ghostly","Ghostly","Ghostly","Ghostly"]},{"damage_healed":0.0,"max_hp_gain":0.0,"max_hp_loss":0.0,"gold_gain":0.0,"event_name":"WeMeetAgain","player_choice":"Gave Potion","floor":21.0,"gold_loss":0.0,"damage_taken":0.0,"relics_obtained":["WingedGreaves"]},{"damage_healed":0,"gold_gain":0,"player_choice":"Memory 1","damage_taken":0,"max_hp_gain":0,"max_hp_loss":0,"event_name":"SensoryStone","floor":38,"gold_loss":0},{"damage_healed":0,"gold_gain":0,"player_choice":"Ignored","damage_taken":0,"max_hp_gain":0,"max_hp_loss":0,"event_name":"Tomb of Lord Red Mask","floor":39,"gold_loss":0},{"damage_healed":0,"gold_gain":0,"player_choice":"Fight","damage_taken":0,"max_hp_gain":0,"max_hp_loss":0,"event_name":"MindBloom","floor":46,"gold_loss":0}],"is_beta":false,"boss_relics":[{"not_picked":["Sozu","FrozenCore"],"picked":"Empty Cage"},{"not_picked":["Runic Dome","Black Star"],"picked":"Inserter"}],"items_purged_floors":[14,48],"is_endless":false,"potions_floor_spawned":[4,7,11,16,19,24,25,27,29,33,37,42,47,54],"ascension_level":1}}