{"host":"syfsfjmzue8y1a6l","time":1613927680,"event":{"mods":["AchievementEnabler","BaseMod","Colored Map","DeckTracker","Minty Spire (QoL Compilation)","Permanent Neow","SuperFastMode"],"gold_per_floor":[320,245,245,264,68,68,88,88,88,120,139,156,156,172,172,272,322,341,351,450,274,274,274,274,274],"floor_reached":24,"language":"KOR","playtime":835,"items_purged":["Strike_B","Defend_B","Strike_B"],"score":246,"play_id":"5345d5d0-497b-4a0b-a210-d3d0001b3597","local_time":"20210222021440","is_ascension_mode":false,"campfire_choices":[{"data":"Beam Cell","floor":6.0,"key":"SMITH"},{"data":"Dualcast","floor":8.0,"key":"SMITH"},{"data":"Hologram","floor":13.0,"key":"SMITH"},{"data":"Defragment","floor":15.0,"key":"SMITH"},{"data":"FTL","floor":23.0,"key":"SMITH"}],"circlet_count":0,"master_deck":["Strike_B+1","Strike_B","Defend_B","Defend_B","Defend_B+1","Zap+1","Dualcast+1","Beam Cell+1","Self Repair","All For One","Hologram+1","Defragment+1","Fission+1","FTL+1","Capacitor"],"relics":["Cracked Core","Old Coin","Membership Card","Pantograph","Art of War","Tiny House","Runic Capacitor"],"acts_visited":["Exordium","TheCity"],"potions_floor_usage":[24],"damage_taken":[{"damage":0.0,"enemies":"Cultist","floor":1.0,"turns":3.0},{"damage":0.0,"enemies":"Jaw Worm","floor":4.0,"turns":3.0},{"damage":0.0,"enemies":"Small Slimes","floor":7.0,"turns":3.0},{"damage":7.0,"enemies":"Gremlin Nob","floor":10.0,"turns":3.0},{"damage":2.0,"enemies":"Blue Slaver","floor":11.0,"turns":2.0},{"damage":0.0,"enemies":"2 Fungi Beasts","floor":12.0,"turns":2.0},{"damage":3.0,"enemies":"Gremlin Gang","floor":14.0,"turns":3.0},{"damage":0.0,"enemies":"Slime Boss","floor":16.0,"turns":5.0},{"damage":25.0,"enemies":"2 Thieves","floor":18.0,"turns":4.0},{"damage":43.0,"enemies":"Spheric Guardian","floor":19.0,"turns":6.0},{"damage":33,"enemies":"Slavers","floor":24,"turns":3}],"seed_played":"-8181211958574146909","potions_obtained":[{"floor":7.0,"key":"SteroidPotion"},{"floor":10.0,"key":"Fire Potion"},{"floor":11.0,"key":"BlessingOfTheForge"},{"floor":16.0,"key":"ColorlessPotion"},{"floor":18.0,"key":"LiquidMemories"},{"floor":19.0,"key":"Fire Potion"}],"is_trial":false,"path_per_floor":["M","$","?","M","$","R","M","R","T","E","M","M","R","M","R","B",null,"M","M","?","$","?","R","E"],"character_chosen":"DEFECT","items_purchased":["Membership Card","Capacitor","Runic Capacitor"],"campfire_rested":0,"item_purchase_floors":[5,21,21],"current_hp_per_floor":[75,75,60,60,60,60,60,60,60,60,65,65,65,69,69,75,80,62,26,26,26,26,26,0,0],"gold":274,"neow_bonus":"ONE_RARE_RELIC","is_daily":false,"chose_seed":false,"campfire_upgraded":5,"win_rate":0.0,"timestamp":1613927680,"path_taken":["M","$","?","M","?","R","M","R","T","E","M","M","R","M","R","BOSS","M","M","?","$","?","R","E"],"items_purchased_type":["Relic","Card","Relic"],"build_version":"2020-12-22","purchased_purges":3,"victory":false,"max_hp_per_floor":[75,75,75,75,75,75,75,75,75,75,75,75,75,75,75,75,80,80,80,80,80,80,80,80,80],"card_choices":[{"not_picked":["Barrage","Stack"],"picked":"Beam Cell","floor":1.0},{"not_picked":["Rebound","Steam"],"picked":"Self Repair","floor":4.0},{"not_picked":["Gash","Blizzard"],"picked":"All For One","floor":7.0},{"not_picked":["Consume","Chaos","Streamline"],"picked":"SKIP","floor":10.0},{"not_picked":["Self Repair","Static Discharge"],"picked":"Hologram","floor":11.0},{"not_picked":["Sweeping Beam","Stack","Lockon"],"picked":"SKIP","floor":12.0},{"not_picked":["Loop","Rebound"],"picked":"Defragment","floor":14.0},{"not_picked":["Hyperbeam","Amplify"],"picked":"Fission","floor":16.0},{"not_picked":["Turbo","Fusion"],"picked":"FTL","floor":18.0},{"not_picked":["Lockon","Reinforced Body","Scrape"],"picked":"SKIP","floor":19.0}],"player_experience":187435,"relics_obtained":[{"floor":9.0,"key":"Pantograph"},{"floor":10.0,"key":"Art of War"}],"event_choices":[{"damage_healed":0.0,"max_hp_gain":0.0,"max_hp_loss":0.0,"gold_gain":0.0,"event_name":"Shining Light","player_choice":"Entered Light","floor":3.0,"gold_loss":0.0,"damage_taken":15.0,"cards_upgraded":["Defend_B","Zap"]},{"damage_healed":0.0,"max_hp_gain":0.0,"max_hp_loss":0.0,"gold_gain":99.0,"event_name":"Nest","player_choice":"Stole From Cult","floor":20.0,"gold_loss":0.0,"damage_taken":0.0},{"damage_healed":0.0,"max_hp_gain":0.0,"max_hp_loss":0.0,"gold_gain":0.0,"event_name":"Accursed Blacksmith","player_choice":"Forge","floor":22.0,"gold_loss":0.0,"damage_taken":0.0,"cards_upgraded":["Fission"]}],"is_beta":false,"boss_relics":[{"not_picked":["Fusion Hammer","FrozenCore"],"picked":"Tiny House"}],"items_purged_floors":[2,5,21],"is_endless":false,"potions_floor_spawned":[7,10,11,16,18,19],"killed_by":"Slavers","ascension_level":0}}