{"host":"l017gercouzhorma","time":1613897464,"event":{"mods":["AchievementEnabler","Aspiration","BaseMod","Challenge The Spire","Conspire","Downfall","Halation","Hermit","Hubris","Infinite Spire","Jorbs\u0027s Wanderer Trilogy","Mad Scientist","Marisa????????","Mimic Mod","Minty Spire (QoL Compilation)","Random Character Button","Rare Cards Sparkle","Relic Stats","Replay The Spire","Shade Mod","StSLib","The Cursed","The Disciple","The Hierophant","The Jungle","The Runesmith","The Servant 0.9.4"],"gold_per_floor":[116,127,142,142,142,186,209,254,254,268,268,268],"floor_reached":11,"language":"ENG","playtime":911,"items_purged":[],"score":89,"play_id":"43849623-9934-4d70-8773-097bcdcfb2eb","local_time":"20210221015104","is_ascension_mode":true,"campfire_choices":[],"circlet_count":0,"master_deck":["Strike_MRS","Strike_MRS","Strike_MRS","Strike_MRS","Defend_MRS","Defend_MRS","Defend_MRS","Defend_MRS","MasterSpark","UpSweep","MysteriousBeam","Robbery","UnstableBomb","Regret","CasketOfStar","OneTimeOff","StarlightTyphoon","Parasite","Parasite","MilkyWay"],"relics":["MiniHakkero","aspiration:PocketMushroom","halation:BottledLove","Letter Opener","ShroomBag"],"acts_visited":["Exordium"],"potions_floor_usage":[7],"damage_taken":[{"damage":12.0,"enemies":"2 Louse","floor":1.0,"turns":3.0},{"damage":7.0,"enemies":"conspire:RoseBush","floor":2.0,"turns":2.0},{"damage":0.0,"enemies":"Cultist","floor":3.0,"turns":3.0},{"damage":17.0,"enemies":"Gremlin Nob","floor":6.0,"turns":4.0},{"damage":4,"enemies":"2 Fungi Beasts","floor":7,"turns":2},{"damage":39,"enemies":"Lagavulin","floor":8,"turns":6},{"damage":11,"enemies":"Looter","floor":10,"turns":2},{"damage":17,"enemies":"3 Sentries","floor":11,"turns":3}],"seed_played":"-8919961009662276332","potions_obtained":[{"floor":2.0,"key":"conspire:TimeTravelPotion"},{"floor":6,"key":"Ancient Potion"}],"is_trial":false,"path_per_floor":["M","M","M","?","?","E","M","E","T","M","E"],"character_chosen":"MARISA","items_purchased":[],"campfire_rested":0,"item_purchase_floors":[],"current_hp_per_floor":[70,63,63,63,71,69,65,26,26,19,2,2],"gold":268,"neow_bonus":"TEN_PERCENT_HP_BONUS","is_daily":false,"chose_seed":false,"campfire_upgraded":0,"win_rate":0.0,"timestamp":1613897464,"path_taken":["M","M","M","?","?","E","M","E","T","M","E"],"items_purchased_type":[],"build_version":"2020-12-22","purchased_purges":0,"victory":false,"max_hp_per_floor":[82,82,82,82,82,82,82,82,82,82,82,82],"relic_stats":{"counters":[8,25],"Letter Opener":[0],"obtain_stats":[{"ShroomBag":9,"halation:BottledLove":6,"MiniHakkero":0,"Letter Opener":8,"aspiration:PocketMushroom":4},{"ShroomBag":6,"halation:BottledLove":4,"MiniHakkero":0,"Letter Opener":6,"aspiration:PocketMushroom":3},{"ShroomBag":20,"halation:BottledLove":12,"MiniHakkero":0,"Letter Opener":20,"aspiration:PocketMushroom":8}]},"card_choices":[{"not_picked":["ShootingEcho","PowerUp"],"picked":"MysteriousBeam","floor":1.0},{"not_picked":["DC","Acceleration"],"picked":"Robbery","floor":2.0},{"not_picked":["MagicAbsorber","AsteroidBelt"],"picked":"UnstableBomb","floor":3.0},{"not_picked":["UnstableBomb","DC"],"picked":"CasketOfStar","floor":6},{"not_picked":["MysteriousBeam","DC"],"picked":"OneTimeOff","floor":7},{"not_picked":["PowerUp","DarkSpark"],"picked":"StarlightTyphoon","floor":8},{"not_picked":["GrandCross","6A"],"picked":"MilkyWay","floor":10}],"player_experience":860117,"relics_obtained":[{"floor":6,"key":"halation:BottledLove"},{"floor":8,"key":"Letter Opener"},{"floor":9,"key":"ShroomBag"}],"event_choices":[{"damage_healed":0.0,"max_hp_gain":0.0,"max_hp_loss":0.0,"gold_gain":0.0,"event_name":"Big Fish","player_choice":"Box","floor":4.0,"gold_loss":0.0,"damage_taken":0.0,"relics_obtained":["aspiration:PocketMushroom"],"cards_obtained":["Regret"]}],"is_beta":false,"boss_relics":[],"items_purged_floors":[],"is_endless":false,"potions_floor_spawned":[2,6],"killed_by":"3 Sentries","ascension_level":1}}