{"host":"s0nrlal5fls38heo","time":1613949436,"event":{"mods":["AchievementEnabler","BaseMod","Colored Powertips","Dark Map","Displayed Cursed Tome","Downfall","Faster Ascension Climbing","GifTheSpireLib","Minty Spire (QoL Compilation)","Permanent Neow","Rare Cards Sparkle","Relic Filter Mod","StSLib"],"gold_per_floor":[99,199,33,33,47,64,87,115,133,166,166,179,179,211,227,331,331,331,331,331,347,361,361,361,381,381,381,381],"floor_reached":26,"language":"ENG","playtime":1253,"items_purged":[],"score":402,"play_id":"8ef53898-f575-4278-b704-a0b54e84bde0","local_time":"20210222001716","is_ascension_mode":true,"campfire_choices":[{"data":"hexamod:GhostOfSpirePresent","floor":1,"key":"SMITH"},{"data":"hexamod:Float","floor":11,"key":"SMITH"},{"data":"hexamod:GhostOfSpirePresent","floor":13,"key":"SMITH"},{"data":"hexamod:RecurringNightmare","floor":18,"key":"SMITH"},{"floor":23,"key":"RECALL"}],"circlet_count":0,"master_deck":["AscendersBane","hexamod:Strike+1","hexamod:Strike","hexamod:Strike","hexamod:Strike","hexamod:Defend","hexamod:Defend","hexamod:Defend+1","hexamod:Defend","hexamod:Sear","hexamod:Float+1","hexamod:GhostOfSpirePresent+1","hexamod:Hexaguard","hexamod:GhostLash+1","hexamod:Hexaguard","hexamod:UnleashSpirits+1","hexamod:Hexaguard","hexamod:GhostOfSpirePresent+1","hexamod:ShieldOfDarkness","hexamod:RecurringNightmare+1","hexamod:TimeWarp+1","hexamod:SixthSeal","Writhe","Clumsy","hexamod:ShieldOfDarkness+1","hexamod:Hexaguard+1","hexamod:SwordOfDarkness"],"relics":["hexamod:SpiritBrand","Toolbox","downfall:ShatteredFragment","Bag of Marbles","Slimebound:StickyStick","Pear","Incense Burner","Black Star","HornCleat","Vajra"],"acts_visited":["Exordium","TheCity"],"potions_floor_usage":[10,21,26,26],"damage_taken":[{"damage":5,"enemies":"downfall:FleeingMerchant","floor":3,"turns":4},{"damage":0,"enemies":"Jaw Worm","floor":5,"turns":3},{"damage":0,"enemies":"Small Slimes","floor":6,"turns":3},{"damage":2,"enemies":"3 Sentries","floor":8,"turns":8},{"damage":0,"enemies":"Cultist","floor":9,"turns":2},{"damage":4,"enemies":"Gremlin Nob","floor":10,"turns":3},{"damage":4,"enemies":"Exordium Wildlife","floor":12,"turns":3},{"damage":0,"enemies":"3 Sentries","floor":14,"turns":5},{"damage":0,"enemies":"3 Louse","floor":15,"turns":3},{"damage":2,"enemies":"IC_STATUS_ARCHETYPE","floor":16,"turns":7},{"damage":0,"enemies":"downfall:LooterAlt2","floor":21,"turns":5},{"damage":7,"enemies":"Shell Parasite","floor":22,"turns":6},{"damage":0,"enemies":"Shelled Parasite and Fungi","floor":25,"turns":5},{"damage":64,"enemies":"Gremlin Leader","floor":26,"turns":12}],"seed_played":"-7116947333335293653","potions_obtained":[{"floor":8,"key":"SkillPotion"},{"floor":10,"key":"Explosive Potion"},{"floor":12,"key":"Energy Potion"},{"floor":15,"key":"BlessingOfTheForge"},{"floor":25,"key":"Strength Potion"}],"is_trial":false,"path_per_floor":["R","?","$","?","M","M","T","E","M","E","R","M","R","E","M","B",null,"R","?","?","M","M","R","T","M","E"],"character_chosen":"THE_SPIRIT","items_purchased":["Toolbox"],"campfire_rested":0,"item_purchase_floors":[3],"current_hp_per_floor":[45,45,40,19,19,19,19,17,17,23,23,19,19,19,19,17,64,64,64,64,64,57,57,57,57,0,0,0],"gold":381,"neow_bonus":"THREE_RARE_CARDS","is_daily":false,"chose_seed":false,"campfire_upgraded":4,"win_rate":0.0,"timestamp":1613949436,"path_taken":["R","?","$","?","M","M","T","E","M","E","R","M","R","E","M","BOSS","R","?","?","M","M","R","T","?","E"],"items_purchased_type":["Relic"],"build_version":"2020-12-22","purchased_purges":0,"victory":false,"max_hp_per_floor":[70,70,70,70,70,70,70,70,70,80,80,80,80,80,80,80,80,80,80,80,80,80,80,80,80,80,80,80],"card_choices":[{"not_picked":["hexamod:ParanormalForm","hexamod:UnlimitedPower"],"picked":"hexamod:GhostOfSpirePresent","floor":0},{"not_picked":["hexamod:BacktrackSmack","hexamod:Firestarter"],"picked":"hexamod:Hexaguard","floor":3},{"not_picked":["hexamod:PhantomFireball","hexamod:AdvancingGuard"],"picked":"hexamod:GhostLash","floor":5},{"not_picked":["hexamod:Firestarter","hexamod:ThermalTransfer"],"picked":"hexamod:Hexaguard","floor":6},{"not_picked":["hexamod:NightmareGuise","hexamod:Hexaguard"],"picked":"hexamod:UnleashSpirits","floor":8},{"not_picked":["hexamod:BurningTouch","hexamod:NightmareGuise"],"picked":"hexamod:Hexaguard","floor":9},{"not_picked":["hexamod:UnleashSpirits","hexamod:Hexaguard"],"picked":"hexamod:GhostOfSpirePresent","floor":10},{"not_picked":["hexamod:AdvancingGuard","hexamod:GhostOfSpirePast"],"picked":"hexamod:ShieldOfDarkness","floor":12},{"not_picked":["hexamod:SwordOfDarkness","hexamod:Rewind"],"picked":"hexamod:RecurringNightmare","floor":14},{"not_picked":["hexamod:RetreatToShadows","hexamod:Hexaguard"],"picked":"hexamod:TimeWarp","floor":15},{"not_picked":["hexamod:TimeWarp","hexamod:TurnItUp"],"picked":"hexamod:SixthSeal","floor":16},{"not_picked":["hexamod:HeatShield","hexamod:StepThrough"],"picked":"hexamod:ShieldOfDarkness+1","floor":21},{"not_picked":["hexamod:GhostLash","hexamod:HeatCrush"],"picked":"hexamod:Hexaguard+1","floor":22},{"not_picked":["hexamod:FastForward+1","hexamod:RetreatToShadows"],"picked":"hexamod:SwordOfDarkness","floor":25}],"player_experience":59396,"relics_obtained":[{"floor":7,"key":"Bag of Marbles"},{"floor":8,"key":"Slimebound:StickyStick"},{"floor":10,"key":"Pear"},{"floor":14,"key":"Incense Burner"},{"floor":24,"key":"Vajra"}],"event_choices":[],"is_beta":false,"boss_relics":[{"not_picked":["Calling Bell","Runic Dome"],"picked":"Black Star"}],"items_purged_floors":[],"is_endless":false,"potions_floor_spawned":[8,10,12,15,16,25],"killed_by":"Gremlin Leader","ascension_level":10}}