{"host":"suw5tyb7z6zbnnfs","time":1613868412,"event":{"mods":["AchievementEnabler","BaseMod","Colored Map","Minty Spire (QoL Compilation)"],"gold_per_floor":[12,12,12,12,31,31,61,61,85,8,39,39,69,89,89,193,193,161,175,135,146,157,157,173,191,243,243,277,287,320,340,340,438,438,453,453,469,469,57,90,101,101,101,119,138,56,76,103,103,103],"floor_reached":51,"language":"ENG","playtime":4809,"items_purged":["Defend_G"],"score":1270,"play_id":"f4aa9d96-e79c-4c6c-b95b-1e21377d4b3c","local_time":"20210220194652","is_ascension_mode":true,"campfire_choices":[{"floor":6.0,"key":"REST"},{"floor":8.0,"key":"REST"},{"data":"Burst","floor":15.0,"key":"SMITH"},{"data":"Envenom","floor":23,"key":"SMITH"},{"floor":27,"key":"REST"},{"floor":32,"key":"REST"},{"data":"Footwork","floor":42,"key":"SMITH"},{"data":"Phantasmal Killer","floor":49,"key":"SMITH"}],"circlet_count":0,"master_deck":["AscendersBane","Strike_G","Strike_G","Strike_G+1","Strike_G","Defend_G","Defend_G","Defend_G","Defend_G+1","Survivor+1","Neutralize+1","Footwork+1","Backflip","Adrenaline+1","Footwork","Flying Knee","Infinite Blades","Burst+1","Malaise+1","Predator","Envenom+1","Dodge and Roll+1","Blade Dance","Finisher","Acrobatics+1","Backstab","Caltrops","Phantasmal Killer+1","Accuracy"],"relics":["Ring of the Snake","Ginger","PreservedInsect","Bag of Marbles","Oddly Smooth Stone","Mercury Hourglass","Ancient Tea Set","Sozu","Pen Nib","Art of War","Du-Vu Doll","Runic Pyramid","Kunai","Nunchaku","Shuriken","Calipers"],"acts_visited":["Exordium","TheCity","TheBeyond"],"potions_floor_usage":[30],"damage_taken":[{"damage":2.0,"enemies":"2 Louse","floor":1.0,"turns":4.0},{"damage":1.0,"enemies":"Jaw Worm","floor":5.0,"turns":7.0},{"damage":28.0,"enemies":"3 Sentries","floor":7.0,"turns":11.0},{"damage":2.0,"enemies":"Lagavulin","floor":11.0,"turns":10.0},{"damage":0.0,"enemies":"Gremlin Nob","floor":13.0,"turns":2.0},{"damage":0.0,"enemies":"Cultist","floor":14.0,"turns":3.0},{"damage":36,"enemies":"Hexaghost","floor":16,"turns":15},{"damage":8,"enemies":"2 Thieves","floor":18,"turns":5},{"damage":1,"enemies":"Shell Parasite","floor":19,"turns":7},{"damage":14,"enemies":"Chosen and Byrds","floor":21,"turns":8},{"damage":0,"enemies":"Snecko","floor":22,"turns":8},{"damage":0,"enemies":"Shelled Parasite and Fungi","floor":24,"turns":6},{"damage":0,"enemies":"Snake Plant","floor":25,"turns":5},{"damage":8,"enemies":"Gremlin Leader","floor":28,"turns":7},{"damage":4,"enemies":"Chosen and Byrds","floor":29,"turns":7},{"damage":3,"enemies":"Book of Stabbing","floor":30,"turns":5},{"damage":0,"enemies":"Cultist and Chosen","floor":31,"turns":2},{"damage":15,"enemies":"Champ","floor":33,"turns":8},{"damage":1,"enemies":"3 Shapes","floor":35,"turns":4},{"damage":5,"enemies":"3 Darklings","floor":37,"turns":7},{"damage":2,"enemies":"Reptomancer","floor":40,"turns":6},{"damage":0,"enemies":"Maw","floor":41,"turns":6},{"damage":0,"enemies":"Sphere and 2 Shapes","floor":44,"turns":3},{"damage":0,"enemies":"Transient","floor":45,"turns":5},{"damage":0,"enemies":"4 Shapes","floor":47,"turns":4},{"damage":0,"enemies":"Giant Head","floor":48,"turns":4},{"damage":3,"enemies":"Time Eater","floor":50,"turns":10}],"seed_played":"3203342474330278319","potions_obtained":[{"floor":5.0,"key":"SpeedPotion"},{"floor":7.0,"key":"Energy Potion"},{"floor":11.0,"key":"Strength Potion"},{"floor":16,"key":"Swift Potion"}],"is_trial":false,"path_per_floor":["M","?","?","?","M","R","E","R","T","$","E","?","E","M","R","B",null,"M","M","?","M","M","R","M","M","T","R","E","M","E","M","R","B",null,"M","?","M","?","$","E","M","R","T","M","M","$","M","E","R","B",null],"character_chosen":"THE_SILENT","items_purchased":["Footwork","Kunai","Caltrops","Accuracy"],"campfire_rested":4,"item_purchase_floors":[10,39,39,46],"current_hp_per_floor":[61,61,47,35,34,55,27,48,48,48,46,46,46,46,46,10,55,47,46,46,32,32,32,32,32,32,53,45,41,38,38,59,44,64,63,63,58,51,51,49,49,49,49,49,49,49,49,49,49,46],"gold":103,"neow_bonus":"ONE_RARE_RELIC","is_daily":false,"chose_seed":false,"campfire_upgraded":4,"win_rate":0.0,"timestamp":1613868412,"path_taken":["M","?","?","?","M","R","E","R","T","?","E","?","E","M","R","BOSS","M","M","?","M","?","R","M","M","T","R","E","M","E","M","R","BOSS","M","?","?","?","$","E","M","R","T","M","M","$","M","E","R","BOSS"],"items_purchased_type":["Card","Relic","Card","Card"],"build_version":"2020-12-22","purchased_purges":1,"victory":true,"max_hp_per_floor":[70,70,70,70,70,70,70,70,70,70,70,70,70,70,70,70,70,70,70,70,70,70,70,70,70,70,70,70,70,70,70,70,70,70,70,70,70,70,70,70,70,70,70,70,70,70,70,70,70,70],"card_choices":[{"not_picked":["Dagger Spray","Masterful Stab"],"picked":"Footwork","floor":1.0},{"not_picked":["Outmaneuver","Calculated Gamble"],"picked":"Backflip","floor":5.0},{"not_picked":["Riddle With Holes","Deadly Poison"],"picked":"Adrenaline","floor":7.0},{"not_picked":["Poisoned Stab","Escape Plan"],"picked":"Flying Knee","floor":11.0},{"not_picked":["Deadly Poison","Concentrate"],"picked":"Infinite Blades","floor":13.0},{"not_picked":["Predator","Crippling Poison"],"picked":"Burst","floor":14.0},{"not_picked":["Corpse Explosion","Wraith Form v2"],"picked":"Malaise","floor":16},{"not_picked":["Flying Knee","Bane"],"picked":"Predator","floor":18},{"not_picked":["Dagger Throw","Deadly Poison","Predator"],"picked":"SKIP","floor":19},{"not_picked":["Deflect","Crippling Poison"],"picked":"Envenom","floor":21},{"not_picked":["Underhanded Strike","Masterful Stab"],"picked":"Dodge and Roll+1","floor":22},{"not_picked":["Eviscerate","Backflip"],"picked":"Blade Dance","floor":24},{"not_picked":["PiercingWail","Eviscerate"],"picked":"Finisher","floor":25},{"not_picked":["Quick Slash","Finisher","Riddle With Holes"],"picked":"SKIP","floor":28},{"not_picked":["Flying Knee","Deadly Poison"],"picked":"Acrobatics+1","floor":29},{"not_picked":["Envenom","Outmaneuver","Eviscerate"],"picked":"SKIP","floor":30},{"not_picked":["PiercingWail","Quick Slash"],"picked":"Backstab","floor":31},{"not_picked":["Poisoned Stab+1","Bane","Choke"],"picked":"SKIP","floor":35},{"not_picked":["Cloak And Dagger","Underhanded Strike","Heel Hook+1"],"picked":"SKIP","floor":37},{"not_picked":["PiercingWail","Dagger Spray","Dodge and Roll"],"picked":"SKIP","floor":40},{"not_picked":["Underhanded Strike","All Out Attack","Heel Hook"],"picked":"SKIP","floor":41},{"not_picked":["PiercingWail","Flying Knee","Eviscerate+1"],"picked":"SKIP","floor":44},{"not_picked":["Catalyst+1","Prepared+1"],"picked":"Phantasmal Killer","floor":45},{"not_picked":["Choke","Deadly Poison+1","Deflect"],"picked":"SKIP","floor":47},{"not_picked":["Tactician","Choke","Masterful Stab"],"picked":"SKIP","floor":48}],"player_experience":971162,"relics_obtained":[{"floor":7.0,"key":"Bag of Marbles"},{"floor":9.0,"key":"Oddly Smooth Stone"},{"floor":11.0,"key":"Mercury Hourglass"},{"floor":13.0,"key":"Ancient Tea Set"},{"floor":26,"key":"Pen Nib"},{"floor":28,"key":"Art of War"},{"floor":30,"key":"Du-Vu Doll"},{"floor":40,"key":"Nunchaku"},{"floor":43,"key":"Shuriken"},{"floor":48,"key":"Calipers"}],"event_choices":[{"damage_healed":0.0,"max_hp_gain":0.0,"max_hp_loss":0.0,"gold_gain":0.0,"event_name":"Living Wall","player_choice":"Grow","floor":2.0,"gold_loss":0.0,"damage_taken":0.0,"cards_upgraded":["Neutralize"]},{"damage_healed":0.0,"max_hp_gain":0.0,"max_hp_loss":0.0,"gold_gain":0.0,"event_name":"Shining Light","player_choice":"Entered Light","floor":3.0,"gold_loss":0.0,"damage_taken":14.0,"cards_upgraded":["Survivor","Strike_G"]},{"damage_healed":0.0,"max_hp_gain":0.0,"max_hp_loss":0.0,"gold_gain":0.0,"event_name":"Scrap Ooze","player_choice":"Success","floor":4.0,"gold_loss":0.0,"damage_taken":12.0,"relics_obtained":["PreservedInsect"]},{"damage_healed":0.0,"max_hp_gain":0.0,"max_hp_loss":0.0,"gold_gain":0.0,"event_name":"Accursed Blacksmith","player_choice":"Forge","floor":12.0,"gold_loss":0.0,"damage_taken":0.0,"cards_upgraded":["Adrenaline"]},{"damage_healed":0,"gold_gain":0,"player_choice":"Upgraded Two","damage_taken":0,"max_hp_gain":0,"max_hp_loss":0,"event_name":"Designer","floor":20,"gold_loss":40,"cards_upgraded":["Malaise","Defend_G"]},{"cards_removed":["Strike_G"],"damage_healed":0,"gold_gain":0,"player_choice":"Purged","damage_taken":0,"max_hp_gain":0,"max_hp_loss":0,"event_name":"Purifier","floor":36,"gold_loss":0},{"damage_healed":0,"gold_gain":0,"player_choice":"Damaged","damage_taken":7,"max_hp_gain":0,"max_hp_loss":0,"event_name":"Wheel of Change","floor":38,"gold_loss":0}],"is_beta":false,"boss_relics":[{"not_picked":["Astrolabe","Snecko Eye"],"picked":"Sozu"},{"not_picked":["Pandora\u0027s Box","Busted Crown"],"picked":"Runic Pyramid"}],"items_purged_floors":[39],"is_endless":false,"potions_floor_spawned":[5,7,11,16,21,24,25,30,33,37,44,48],"ascension_level":12}}