{"host":"suw5tyb7z6zbnnfs","time":1613926674,"event":{"mods":["AchievementEnabler","BaseMod","Colored Map","Minty Spire (QoL Compilation)"],"gold_per_floor":[362,379,454,474,292,292,304,304,329,329,362,388,432,459,471,588,600,630,693,715,727,838,850,879,924,936,966,978,1021,302,319,319,416,416,430,447,464,424,28,28,54,54,54,99,129,4,14,34,34,34],"floor_reached":51,"language":"ENG","playtime":7666,"items_purged":["Defend_B","Strike_B","Defend_B"],"score":1236,"play_id":"3214814c-17d1-41b8-bac9-1ea190ec9de0","local_time":"20210221115754","is_ascension_mode":true,"campfire_choices":[{"data":"Buffer","floor":6.0,"key":"SMITH"},{"data":"Dualcast","floor":10.0,"key":"SMITH"},{"data":"Zap","floor":15.0,"key":"SMITH"},{"data":"Echo Form","floor":23.0,"key":"SMITH"},{"floor":28.0,"key":"REST"},{"floor":32.0,"key":"REST"},{"data":"Echo Form","floor":40,"key":"SMITH"},{"floor":42,"key":"REST"},{"floor":49,"key":"REST"}],"circlet_count":0,"master_deck":["AscendersBane","Strike_B","Strike_B","Defend_B","Defend_B","Zap+1","Dualcast+1","Glacier","Buffer+1","Capacitor","Melter","Electrodynamics","Chill","Core Surge","Conserve Battery","Echo Form+1","Streamline","Undo+1","Go for the Eyes","Defragment+1","Coolheaded","Echo Form+1","Coolheaded","Creative AI","Lockon","Go for the Eyes+1"],"relics":["Cracked Core","Tiny Chest","Ancient Tea Set","MawBank","Torii","Sozu","Oddly Smooth Stone","InkBottle","Orichalcum","Medical Kit","Pen Nib","Centennial Puzzle","Busted Crown","Incense Burner","StrikeDummy","Gremlin Horn","Bag of Preparation","Pear"],"acts_visited":["Exordium","TheCity","TheBeyond"],"potions_floor_usage":[],"damage_taken":[{"damage":0.0,"enemies":"2 Louse","floor":1.0,"turns":2.0},{"damage":1.0,"enemies":"Cultist","floor":2.0,"turns":3.0},{"damage":0.0,"enemies":"Small Slimes","floor":4.0,"turns":3.0},{"damage":9.0,"enemies":"Blue Slaver","floor":7.0,"turns":4.0},{"damage":11.0,"enemies":"3 Sentries","floor":11.0,"turns":9.0},{"damage":12.0,"enemies":"Exordium Thugs","floor":12.0,"turns":4.0},{"damage":0.0,"enemies":"Lagavulin","floor":13.0,"turns":6.0},{"damage":0.0,"enemies":"Red Slaver","floor":14.0,"turns":5.0},{"damage":5.0,"enemies":"Hexaghost","floor":16.0,"turns":16.0},{"damage":20.0,"enemies":"Chosen","floor":18.0,"turns":6.0},{"damage":1.0,"enemies":"Shell Parasite","floor":20.0,"turns":5.0},{"damage":0.0,"enemies":"Sentry and Sphere","floor":24.0,"turns":3.0},{"damage":30.0,"enemies":"Slavers","floor":25.0,"turns":4.0},{"damage":0.0,"enemies":"Centurion and Healer","floor":27.0,"turns":7.0},{"damage":35.0,"enemies":"Book of Stabbing","floor":29.0,"turns":9.0},{"damage":9.0,"enemies":"Snake Plant","floor":31.0,"turns":6.0},{"damage":0.0,"enemies":"Champ","floor":33.0,"turns":12.0},{"damage":12,"enemies":"3 Shapes","floor":35,"turns":3},{"damage":0,"enemies":"3 Darklings","floor":36,"turns":7},{"damage":0,"enemies":"Spire Growth","floor":37,"turns":7},{"damage":8,"enemies":"Nemesis","floor":41,"turns":9},{"damage":0,"enemies":"Giant Head","floor":45,"turns":11},{"damage":28,"enemies":"Transient","floor":47,"turns":5},{"damage":0,"enemies":"3 Darklings","floor":48,"turns":4},{"damage":23,"enemies":"Donu and Deca","floor":50,"turns":9}],"seed_played":"1757895709069140166","potions_obtained":[{"floor":11.0,"key":"FairyPotion"},{"floor":12.0,"key":"Dexterity Potion"},{"floor":13.0,"key":"SpeedPotion"},{"floor":16.0,"key":"Explosive Potion"}],"is_trial":false,"path_per_floor":["M","M","?","M","$","R","M","?","T","R","E","M","E","M","R","B",null,"M","T","M","$","?","R","M","E","T","M","R","E","$","M","R","B",null,"M","M","M","?","$","R","E","R","T","T","E","$","M","M","R","B",null],"character_chosen":"DEFECT","items_purchased":["Capacitor","Tiny Chest","Echo Form","Medical Kit","Pen Nib","Centennial Puzzle","Coolheaded","Incense Burner"],"campfire_rested":4,"item_purchase_floors":[5,5,30,30,30,30,30,39],"current_hp_per_floor":[68,67,61,61,61,61,52,52,52,52,41,29,29,29,29,24,57,37,37,36,36,36,36,36,6,6,6,26,16,16,7,27,27,58,46,46,46,46,46,46,38,58,58,58,68,68,40,40,63,40],"gold":34,"neow_bonus":"TWO_FIFTY_GOLD","is_daily":false,"chose_seed":false,"campfire_upgraded":5,"win_rate":0.0,"timestamp":1613926674,"path_taken":["M","M","?","M","$","R","?","?","T","R","E","M","E","?","R","BOSS","M","?","M","$","?","R","M","E","T","M","R","E","$","M","R","BOSS","M","M","M","?","?","R","E","R","T","?","E","$","M","M","R","BOSS"],"items_purchased_type":["Card","Relic","Card","Relic","Relic","Relic","Card","Relic"],"build_version":"2020-12-22","purchased_purges":3,"victory":true,"max_hp_per_floor":[68,68,68,68,68,68,68,68,68,68,68,68,68,68,68,68,68,68,68,68,68,68,68,68,68,68,68,68,68,68,68,68,68,68,68,68,68,68,68,68,68,68,68,68,78,78,78,78,78,78],"card_choices":[{"not_picked":["Cold Snap","Turbo","Blizzard"],"picked":"SKIP","floor":1.0},{"not_picked":["Gash","Leap"],"picked":"Glacier","floor":2.0},{"not_picked":["Blizzard","Cold Snap"],"picked":"Buffer","floor":4.0},{"not_picked":["Auto Shields","Compile Driver"],"picked":"Melter","floor":7.0},{"not_picked":["Go for the Eyes","Undo"],"picked":"Electrodynamics","floor":11.0},{"not_picked":["Beam Cell","Stack"],"picked":"Chill","floor":12.0},{"not_picked":["Thunder Strike","Scrape"],"picked":"Core Surge","floor":13.0},{"not_picked":["Sweeping Beam","Stack"],"picked":"Conserve Battery","floor":14.0},{"not_picked":["Electrodynamics","Fission"],"picked":"Echo Form","floor":16.0},{"not_picked":["Scrape","Chill"],"picked":"Streamline","floor":18.0},{"not_picked":["Turbo","Steam"],"picked":"Undo+1","floor":20.0},{"not_picked":["Streamline+1","Gash","Cold Snap+1"],"picked":"SKIP","floor":24.0},{"not_picked":["Sweeping Beam","Fusion"],"picked":"Go for the Eyes","floor":25.0},{"not_picked":["Stack","Undo"],"picked":"Defragment","floor":27.0},{"not_picked":["Doom and Gloom+1","Aggregate"],"picked":"Coolheaded","floor":29.0},{"not_picked":["Barrage+1","Glacier+1","Turbo"],"picked":"SKIP","floor":31.0},{"not_picked":["Hyperbeam","All For One"],"picked":"Creative AI","floor":33.0},{"not_picked":["Doom and Gloom+1"],"picked":"SKIP","floor":35},{"not_picked":["Rip and Tear+1"],"picked":"SKIP","floor":36},{"not_picked":["Steam"],"picked":"SKIP","floor":37},{"not_picked":["Streamline+1"],"picked":"SKIP","floor":41},{"not_picked":[],"picked":"Lockon","floor":45},{"not_picked":["Self Repair"],"picked":"SKIP","floor":47},{"not_picked":[],"picked":"Go for the Eyes+1","floor":48}],"player_experience":975971,"relics_obtained":[{"floor":9.0,"key":"Ancient Tea Set"},{"floor":11.0,"key":"MawBank"},{"floor":13.0,"key":"Torii"},{"floor":19.0,"key":"Oddly Smooth Stone"},{"floor":26.0,"key":"InkBottle"},{"floor":29.0,"key":"Orichalcum"},{"floor":41,"key":"StrikeDummy"},{"floor":43,"key":"Gremlin Horn"},{"floor":44,"key":"Bag of Preparation"},{"floor":45,"key":"Pear"}],"event_choices":[{"damage_healed":0.0,"max_hp_gain":0.0,"max_hp_loss":0.0,"gold_gain":75.0,"event_name":"FaceTrader","player_choice":"Touch","floor":3.0,"gold_loss":0.0,"damage_taken":6.0},{"cards_removed":["Strike_B"],"damage_healed":0.0,"max_hp_gain":0.0,"max_hp_loss":0.0,"gold_gain":0.0,"event_name":"Bonfire Elementals","player_choice":"Offered Basic","floor":8.0,"gold_loss":0.0,"damage_taken":0.0},{"damage_healed":0.0,"max_hp_gain":0.0,"max_hp_loss":0.0,"gold_gain":99.0,"event_name":"Nest","player_choice":"Stole From Cult","floor":22.0,"gold_loss":0.0,"damage_taken":0.0},{"damage_healed":0,"gold_gain":0,"player_choice":"Upgrade","damage_taken":0,"max_hp_gain":0,"max_hp_loss":0,"event_name":"Designer","floor":38,"gold_loss":40,"cards_upgraded":["Defragment"]}],"is_beta":false,"boss_relics":[{"not_picked":["SlaversCollar","Coffee Dripper"],"picked":"Sozu"},{"not_picked":["Philosopher\u0027s Stone","SacredBark"],"picked":"Busted Crown"}],"items_purged_floors":[30,39,46],"is_endless":false,"potions_floor_spawned":[11,12,13,16,18,25,27,29,41,45,48],"ascension_level":10}}