{"host":"07a2fkusd33ogvuu","time":1613942321,"event":{"mods":["BaseMod","Bestiary","Colored Powertips","Highlight Path","Minty Spire (QoL Compilation)","Relic Stats"],"gold_per_floor":[117,117,131,145,145,179,192,192,192,5,5,5,24,49,49,128,128,146,20,31,31,49,49,79,79,128,128,157,175,210,235,235,309,309,322,341,84,103,53,78,78,96,141,141,175,175,200,200,200,200,200,200,200,38,67,67,67],"floor_reached":56,"language":"ENG","playtime":5898,"items_purged":["Strike_B","Strike_B","Strike_B"],"score":2171,"play_id":"0aa306bb-8468-410b-882d-6e29c4da434c","local_time":"20210221211841","is_ascension_mode":true,"campfire_choices":[{"data":"Barrage","floor":8.0,"key":"SMITH"},{"floor":12.0,"key":"REST"},{"data":"Zap","floor":15.0,"key":"SMITH"},{"data":"Glacier","floor":23.0,"key":"SMITH"},{"data":"Dualcast","floor":25.0,"key":"SMITH"},{"data":"Steam Power","floor":27.0,"key":"SMITH"},{"data":"Gash","floor":32.0,"key":"SMITH"},{"data":"Go for the Eyes","floor":41.0,"key":"SMITH"},{"floor":44.0,"key":"RECALL"},{"data":"Tools of the Trade","floor":46.0,"key":"SMITH"},{"data":"Defend_B","floor":49.0,"key":"SMITH"},{"floor":53.0,"key":"REST"}],"circlet_count":0,"master_deck":["AscendersBane","Defend_B+1","Defend_B","Defend_B","Defend_B","Zap+1","Dualcast+1","Barrage+1","Gash+1","Glacier+1","Steam Power+1","Gash","Gash","Rebound","All For One","All For One","Conserve Battery+1","Hologram+1","Conserve Battery+1","Hologram+1","Rebound","Leap+1","Coolheaded+1","Beam Cell+1","Gash","All For One","Stack+1","Go for the Eyes+1","Chill+1","Sanctity+1","Tools of the Trade+1","Reflex+1","Steam+1","Discovery+1"],"relics":["Cracked Core","Strawberry","Toolbox","Toxic Egg 2","SlaversCollar","Toy Ornithopter","Smiling Mask","Pantograph","Orichalcum","Runic Dome","PrismaticShard","CaptainsWheel","Potion Belt","Du-Vu Doll","Unceasing Top","ClockworkSouvenir","StrikeDummy"],"acts_visited":["Exordium","TheCity","TheBeyond","TheEnding"],"potions_floor_usage":[56,56],"damage_taken":[{"damage":8.0,"enemies":"Small Slimes","floor":1.0,"turns":3.0},{"damage":7.0,"enemies":"Jaw Worm","floor":3.0,"turns":2.0},{"damage":0.0,"enemies":"Cultist","floor":4.0,"turns":3.0},{"damage":20.0,"enemies":"Gremlin Nob","floor":6.0,"turns":4.0},{"damage":3.0,"enemies":"Large Slime","floor":7.0,"turns":6.0},{"damage":0.0,"enemies":"Exordium Thugs","floor":13.0,"turns":2.0},{"damage":0.0,"enemies":"Lagavulin","floor":14.0,"turns":2.0},{"damage":5.0,"enemies":"Slime Boss","floor":16.0,"turns":7.0},{"damage":0.0,"enemies":"Spheric Guardian","floor":18.0,"turns":3.0},{"damage":0.0,"enemies":"Chosen","floor":20.0,"turns":2.0},{"damage":8.0,"enemies":"Centurion and Healer","floor":22.0,"turns":2.0},{"damage":9.0,"enemies":"Gremlin Leader","floor":24.0,"turns":3.0},{"damage":0.0,"enemies":"Book of Stabbing","floor":28.0,"turns":4.0},{"damage":4.0,"enemies":"3 Cultists","floor":29.0,"turns":4.0},{"damage":43.0,"enemies":"Shelled Parasite and Fungi","floor":30.0,"turns":3.0},{"damage":7.0,"enemies":"Gremlin Leader","floor":31.0,"turns":5.0},{"damage":51.0,"enemies":"Automaton","floor":33.0,"turns":8.0},{"damage":6.0,"enemies":"3 Shapes","floor":35.0,"turns":12.0},{"damage":3.0,"enemies":"Orb Walker","floor":36.0,"turns":3.0},{"damage":0.0,"enemies":"Jaw Worm Horde","floor":38.0,"turns":5.0},{"damage":0.0,"enemies":"Giant Head","floor":40.0,"turns":4.0},{"damage":11.0,"enemies":"Spire Growth","floor":42.0,"turns":3.0},{"damage":0.0,"enemies":"Reptomancer","floor":45.0,"turns":3.0},{"damage":18.0,"enemies":"Mind Bloom Boss Battle","floor":47.0,"turns":6.0},{"damage":4.0,"enemies":"Awakened One","floor":50.0,"turns":7.0},{"damage":78.0,"enemies":"Time Eater","floor":51.0,"turns":10.0},{"damage":74.0,"enemies":"Shield and Spear","floor":55.0,"turns":9.0},{"damage":45,"enemies":"The Heart","floor":56,"turns":3}],"seed_played":"89417850923661867","potions_obtained":[{"floor":1.0,"key":"EntropicBrew"},{"floor":4.0,"key":"Energy Potion"},{"floor":16.0,"key":"Energy Potion"},{"floor":20.0,"key":"PowerPotion"},{"floor":22.0,"key":"Dexterity Potion"},{"floor":28.0,"key":"DuplicationPotion"},{"floor":31.0,"key":"Dexterity Potion"},{"floor":36.0,"key":"Strength Potion"},{"floor":38.0,"key":"FairyPotion"},{"floor":47.0,"key":"Weak Potion"},{"floor":55.0,"key":"DistilledChaos"}],"is_trial":false,"path_per_floor":["M","?","M","M","?","E","M","R","T","$","?","R","M","E","R","B",null,"M","$","M","?","M","R","E","R","T","R","E","M","M","E","R","B",null,"M","M","$","M","$","E","R","M","T","R","E","R","?","?","R","B","B",null,"R","$","E","B"],"character_chosen":"DEFECT","items_purchased":["Toolbox","Gash","Hologram+1","Chill+1","PrismaticShard","ClockworkSouvenir"],"campfire_rested":2,"item_purchase_floors":[10,10,19,37,37,54],"current_hp_per_floor":[56,56,49,49,49,36,33,33,33,33,33,56,56,56,56,58,73,73,73,78,78,77,77,68,68,68,68,75,78,35,40,40,31,66,67,64,64,71,71,78,78,67,67,67,78,78,67,67,67,74,23,64,78,78,4,0,0],"gold":67,"neow_bonus":"THREE_CARDS","is_daily":false,"chose_seed":false,"campfire_upgraded":9,"win_rate":0.0,"timestamp":1613942321,"path_taken":["M","?","M","M","?","E","M","R","T","$","?","R","M","E","R","BOSS","M","?","M","?","?","R","E","R","T","R","E","M","M","E","R","BOSS","M","M","$","M","?","E","R","M","T","R","E","R","?","?","R","BOSS","BOSS","R","$","E","BOSS"],"items_purchased_type":["Relic","Card","Card","Card","Relic","Relic"],"build_version":"2020-12-22","purchased_purges":3,"victory":false,"max_hp_per_floor":[71,71,71,71,71,78,78,78,78,78,78,78,78,78,78,78,78,78,78,78,78,78,78,78,78,78,78,78,78,78,78,78,78,78,78,78,78,78,78,78,78,78,78,78,78,78,78,78,78,78,78,78,78,78,78,78,78],"relic_stats":{"counters":[28,128],"Pantograph":65,"Orichalcum":[36],"Smiling Mask":125,"obtain_stats":[{"Potion Belt":43,"Orichalcum":31,"Smiling Mask":26,"PrismaticShard":37,"ClockworkSouvenir":54,"Du-Vu Doll":45,"SlaversCollar":17,"Runic Dome":34,"CaptainsWheel":40,"Strawberry":6,"Pantograph":28,"Toolbox":10,"Toxic Egg 2":14,"Cracked Core":0,"StrikeDummy":55,"Toy Ornithopter":24,"Unceasing Top":47},{"Potion Belt":22,"Orichalcum":16,"Smiling Mask":12,"PrismaticShard":19,"ClockworkSouvenir":26,"Du-Vu Doll":23,"SlaversCollar":8,"Runic Dome":17,"CaptainsWheel":21,"Strawberry":4,"Pantograph":13,"Toolbox":5,"Toxic Egg 2":7,"Cracked Core":0,"StrikeDummy":27,"Toy Ornithopter":12,"Unceasing Top":24},{"Potion Belt":90,"Orichalcum":55,"Smiling Mask":39,"PrismaticShard":78,"ClockworkSouvenir":116,"Du-Vu Doll":93,"SlaversCollar":29,"Runic Dome":63,"CaptainsWheel":87,"Strawberry":12,"Pantograph":43,"Toolbox":18,"Toxic Egg 2":22,"Cracked Core":0,"StrikeDummy":125,"Toy Ornithopter":39,"Unceasing Top":99}],"Toy Ornithopter":30,"Unceasing Top":[7]},"card_choices":[{"not_picked":["Scrape","Hologram"],"picked":"Barrage","floor":0.0},{"not_picked":["Fusion","Sweeping Beam"],"picked":"Gash","floor":1.0},{"not_picked":["Steam","Coolheaded"],"picked":"Glacier","floor":3.0},{"not_picked":["Fusion","Beam Cell"],"picked":"Steam Power","floor":4.0},{"not_picked":["Scrape","Go for the Eyes"],"picked":"Gash","floor":6.0},{"not_picked":["FTL","Streamline"],"picked":"Self Repair","floor":7.0},{"not_picked":["Turbo","Fusion"],"picked":"Rebound","floor":13.0},{"not_picked":["Hologram+1","Aggregate+1"],"picked":"All For One","floor":14.0},{"not_picked":["Seek+1","Buffer"],"picked":"All For One","floor":16.0},{"not_picked":["Static Discharge+1","Rebound"],"picked":"Conserve Battery+1","floor":18.0},{"not_picked":["Fusion+1","Compile Driver"],"picked":"Conserve Battery+1","floor":20.0},{"not_picked":["Stack+1","Aggregate+1"],"picked":"Hologram+1","floor":22.0},{"not_picked":["Meteor Strike","Streamline"],"picked":"Rebound","floor":24.0},{"not_picked":["Stack+1","Lockon"],"picked":"Leap+1","floor":28.0},{"not_picked":["Redo+1","Heatsinks"],"picked":"Coolheaded+1","floor":29.0},{"not_picked":["Genetic Algorithm+1","Redo+1"],"picked":"Beam Cell+1","floor":30.0},{"not_picked":["Sweeping Beam","Cold Snap"],"picked":"Gash","floor":31.0},{"not_picked":["Multi-Cast+1","Meteor Strike"],"picked":"All For One","floor":33.0},{"not_picked":["Reprogram+1","Leap+1"],"picked":"Stack+1","floor":35.0},{"not_picked":["Rebound","White Noise+1"],"picked":"Go for the Eyes","floor":36.0},{"not_picked":["Rebound","Cloak And Dagger+1"],"picked":"Sanctity+1","floor":38.0},{"not_picked":["Steam+1","Conserve Battery+1"],"picked":"Tools of the Trade","floor":40.0},{"not_picked":["Cloak And Dagger+1","Searing Blow","Skewer"],"picked":"SKIP","floor":42.0},{"not_picked":["Blind+1","Underhanded Strike"],"picked":"Reflex+1","floor":45.0},{"not_picked":["Dash","Sweeping Beam"],"picked":"Steam+1","floor":47.0},{"not_picked":["EmptyMind+1","Flash of Steel"],"picked":"Discovery+1","floor":55.0}],"player_experience":1269891,"relics_obtained":[{"floor":6.0,"key":"Strawberry"},{"floor":14.0,"key":"Toxic Egg 2"},{"floor":24.0,"key":"Toy Ornithopter"},{"floor":26.0,"key":"Smiling Mask"},{"floor":28.0,"key":"Pantograph"},{"floor":31.0,"key":"Orichalcum"},{"floor":40.0,"key":"CaptainsWheel"},{"floor":43.0,"key":"Potion Belt"},{"floor":45.0,"key":"Du-Vu Doll"},{"floor":47.0,"key":"Unceasing Top"},{"floor":55.0,"key":"StrikeDummy"}],"event_choices":[{"damage_healed":0.0,"max_hp_gain":0.0,"max_hp_loss":0.0,"gold_gain":0.0,"event_name":"Liars Game","player_choice":"Ignored","floor":2.0,"gold_loss":0.0,"damage_taken":0.0},{"damage_healed":0.0,"max_hp_gain":0.0,"max_hp_loss":0.0,"gold_gain":0.0,"event_name":"Scrap Ooze","player_choice":"Fled","floor":5.0,"gold_loss":0.0,"damage_taken":0.0},{"cards_removed":["Strike_B"],"damage_healed":0.0,"max_hp_gain":0.0,"max_hp_loss":0.0,"gold_gain":0.0,"event_name":"Purifier","player_choice":"Purged","floor":11.0,"gold_loss":0.0,"damage_taken":0.0},{"damage_healed":0.0,"max_hp_gain":0.0,"max_hp_loss":0.0,"gold_gain":0.0,"event_name":"The Mausoleum","player_choice":"Ignored","floor":21.0,"gold_loss":0.0,"damage_taken":0.0},{"damage_healed":0.0,"max_hp_gain":0.0,"max_hp_loss":0.0,"gold_gain":0.0,"event_name":"MindBloom","player_choice":"Fight","floor":47.0,"gold_loss":0.0,"damage_taken":0.0},{"cards_removed":["Self Repair"],"damage_healed":0.0,"max_hp_gain":0.0,"max_hp_loss":0.0,"gold_gain":0.0,"event_name":"Falling","player_choice":"Removed Power","floor":48.0,"gold_loss":0.0,"damage_taken":0.0}],"is_beta":false,"boss_relics":[{"not_picked":["Tiny House","Inserter"],"picked":"SlaversCollar"},{"not_picked":["SacredBark","Sozu"],"picked":"Runic Dome"}],"items_purged_floors":[19,37,39],"is_endless":false,"potions_floor_spawned":[1,4,16,20,22,28,31,36,38,47,55],"killed_by":"The Heart","ascension_level":20}}