{"host":"1ycuxm9gov0tl9zf","time":1613899580,"event":{"mods":["Act Like it!","BaseMod","Colored Powertips","Downfall","Gensokyo","GifTheSpireLib","Hallownest","Marisa£®ÏF”Í°°ƒß¿Ì…≥£©","Minty Spire (QoL Compilation)","Quick Restart","Remilia£®¿Ÿ√◊¿Ú—«£©","Replay The Spire","Shop Mod","StSLib","The Administrix","The Animator","The Bug Knight","The Hierophant"],"gold_per_floor":[119,130,130,130,150,183,64,76,76,110,110,110,125,125,137,149,149],"floor_reached":16,"language":"ZHS","playtime":778,"items_purged":[],"score":110,"play_id":"4e75ec69-bfc3-4732-b6ee-c82e297bdfc1","local_time":"20210221172620","is_ascension_mode":false,"campfire_choices":[{"data":"Judgement","floor":12,"key":"SMITH"},{"data":"Study","floor":15,"key":"SMITH"}],"circlet_count":0,"master_deck":["Strike_P","Strike_P","Defend_P","Defend_P","Defend_P","Defend_P","Eruption","Vigilance","FlurryOfBlows","Judgement+1","PathToVictory","Meditate","ConjureBlade","Fasting2","LikeWater","Study+1","Regret"],"relics":["PureWater","ReplayTheSpireMod:Lightbulb","MerchantsRug","Replay:Wax Seal","Mummified Hand","MawBank"],"acts_visited":["Exordium"],"potions_floor_usage":[6,16],"damage_taken":[{"damage":0,"enemies":"2 Louse","floor":1,"turns":2},{"damage":0,"enemies":"Small Slimes","floor":2,"turns":2},{"damage":1,"enemies":"Jaw Worm","floor":5,"turns":4},{"damage":13,"enemies":"Gremlin Nob","floor":6,"turns":3},{"damage":0,"enemies":"Looter","floor":8,"turns":1},{"damage":38,"enemies":"Lagavulin","floor":10,"turns":7},{"damage":0,"enemies":"2 Fungi Beasts","floor":13,"turns":2},{"damage":22,"enemies":"The Guardian","floor":16,"turns":4}],"seed_played":"3246001818556551371","potions_obtained":[{"floor":2,"key":"AttackPotion"},{"floor":5,"key":"LiquidMemories"},{"floor":6,"key":"Slimebound:ThreeZeroPotion"}],"is_trial":false,"path_per_floor":["M","M","?","?","M","E","$","M","T","E","?","R","M","?","R","B"],"character_chosen":"WATCHER","items_purchased":["MerchantsRug"],"campfire_rested":0,"item_purchase_floors":[7],"current_hp_per_floor":[79,79,79,79,78,65,65,65,65,27,20,20,20,20,20,0,0],"gold":149,"neow_bonus":"TEN_PERCENT_HP_BONUS","is_daily":false,"chose_seed":false,"campfire_upgraded":2,"win_rate":0.0,"timestamp":1613899580,"path_taken":["M","M","?","?","M","E","?","M","T","E","?","R","M","?","R","BOSS"],"items_purchased_type":["Relic"],"build_version":"2020-12-22","purchased_purges":0,"victory":false,"max_hp_per_floor":[79,79,79,79,79,79,79,79,79,79,79,79,79,79,79,79,79],"card_choices":[{"not_picked":["Protect","FollowUp"],"picked":"FlurryOfBlows","floor":1},{"not_picked":["Pray","Halt"],"picked":"Judgement","floor":2},{"not_picked":["CrushJoints","Crescendo"],"picked":"Meditate","floor":5},{"not_picked":["WheelKick","Protect"],"picked":"ConjureBlade","floor":6},{"not_picked":["Replay:AtTheReady","ClearTheMind"],"picked":"Fasting2","floor":8},{"not_picked":["FlyingSleeves","EmptyBody"],"picked":"LikeWater","floor":10},{"not_picked":["EmptyFist","Pray"],"picked":"Study","floor":13}],"player_experience":130664,"relics_obtained":[{"floor":6,"key":"ReplayTheSpireMod:Lightbulb"},{"floor":9,"key":"Replay:Wax Seal"},{"floor":10,"key":"Mummified Hand"}],"event_choices":[{"damage_healed":0,"gold_gain":0,"cards_transformed":["Strike_P"],"player_choice":"Change","damage_taken":0,"max_hp_gain":0,"max_hp_loss":0,"event_name":"Living Wall","floor":3,"gold_loss":0,"cards_obtained":["PathToVictory"]},{"cards_removed":["Strike_P"],"damage_healed":0,"gold_gain":0,"player_choice":"Card Removal","damage_taken":7,"max_hp_gain":0,"max_hp_loss":0,"event_name":"Golden Wing","floor":11,"gold_loss":0},{"damage_healed":0,"gold_gain":0,"player_choice":"Box","damage_taken":0,"relics_obtained":["MawBank"],"max_hp_gain":0,"max_hp_loss":0,"event_name":"Big Fish","floor":14,"gold_loss":0,"cards_obtained":["Regret"]}],"is_beta":false,"boss_relics":[],"items_purged_floors":[],"is_endless":false,"potions_floor_spawned":[2,5,6],"killed_by":"The Guardian","ascension_level":0}}