{"host":"krw8kyiy0um8ye49","time":1613869616,"event":{"mods":["BaseMod","Colored Map","Minty Spire (QoL Compilation)","Permanent Neow","Reliquary","StSLib","Uncapped"],"gold_per_floor":[117,117,117,117,127,127,156,231,309,319,319,319,239,239,239],"floor_reached":14,"language":"ENG","playtime":372,"items_purged":[],"score":103,"play_id":"ff258313-5777-44e7-8d67-b09601323402","local_time":"20210221020656","is_ascension_mode":true,"campfire_choices":[{"data":"Genetic Algorithm","floor":6,"key":"SMITH"},{"data":"Double Energy","floor":12,"key":"SMITH"}],"circlet_count":0,"master_deck":["Strike_B","Strike_B","Defend_B+1","Defend_B","Defend_B","Defend_B","Zap","Dualcast+1","Double Energy+1","Genetic Algorithm+1","Cold Snap","Beam Cell","Loop"],"relics":["Cracked Core","FossilizedHelix","reliquary:PorcupineQuills","reliquary:QuartzCube"],"acts_visited":["Exordium"],"potions_floor_usage":[7],"damage_taken":[{"damage":4,"enemies":"2 Louse","floor":1,"turns":4},{"damage":0,"enemies":"Small Slimes","floor":5,"turns":4},{"damage":16,"enemies":"Lagavulin","floor":7,"turns":6},{"damage":0,"enemies":"Jaw Worm","floor":10,"turns":4},{"damage":39,"enemies":"Gremlin Nob","floor":14,"turns":4}],"seed_played":"7765157111768115163","potions_obtained":[{"floor":1,"key":"SteroidPotion"},{"floor":5,"key":"DistilledChaos"}],"is_trial":false,"path_per_floor":["M","?","?","?","M","R","E","?","T","M","?","R","$","E"],"character_chosen":"DEFECT","items_purchased":["Loop"],"campfire_rested":0,"item_purchase_floors":[13],"current_hp_per_floor":[71,56,38,63,63,63,47,36,36,36,29,29,29,0,0],"gold":239,"neow_bonus":"TRANSFORM_CARD","is_daily":false,"chose_seed":false,"campfire_upgraded":2,"win_rate":0.0,"timestamp":1613869616,"path_taken":["M","?","?","?","M","R","E","?","T","M","?","R","?","E"],"items_purchased_type":["Card"],"build_version":"2020-12-22","purchased_purges":0,"victory":false,"max_hp_per_floor":[75,75,75,75,75,75,75,75,75,75,75,75,75,75,75],"card_choices":[{"not_picked":["Steam","Lockon"],"picked":"Genetic Algorithm","floor":1},{"not_picked":["Redo","Leap"],"picked":"Cold Snap","floor":5},{"not_picked":["Barrage","Rebound"],"picked":"Beam Cell","floor":7},{"not_picked":["Turbo","Stack","Cold Snap"],"picked":"SKIP","floor":10}],"player_experience":194730,"relics_obtained":[{"floor":7,"key":"reliquary:PorcupineQuills"},{"floor":9,"key":"reliquary:QuartzCube"}],"event_choices":[{"damage_healed":0,"gold_gain":0,"player_choice":"Entered Light","damage_taken":15,"max_hp_gain":0,"max_hp_loss":0,"event_name":"Shining Light","floor":2,"gold_loss":0,"cards_upgraded":["Defend_B","Dualcast"]},{"damage_healed":0,"gold_gain":0,"player_choice":"Success","damage_taken":18,"relics_obtained":["FossilizedHelix"],"max_hp_gain":0,"max_hp_loss":0,"event_name":"Scrap Ooze","floor":3,"gold_loss":0},{"damage_healed":25,"gold_gain":0,"player_choice":"Banana","damage_taken":0,"max_hp_gain":0,"max_hp_loss":0,"event_name":"Big Fish","floor":4,"gold_loss":0},{"damage_healed":0,"gold_gain":75,"player_choice":"Gather Gold","damage_taken":11,"max_hp_gain":0,"max_hp_loss":0,"event_name":"World of Goop","floor":8,"gold_loss":0},{"cards_removed":["Strike_B"],"damage_healed":0,"gold_gain":0,"player_choice":"Card Removal","damage_taken":7,"max_hp_gain":0,"max_hp_loss":0,"event_name":"Golden Wing","floor":11,"gold_loss":0}],"is_beta":false,"boss_relics":[],"items_purged_floors":[],"is_endless":false,"potions_floor_spawned":[1,5],"killed_by":"Gremlin Nob","ascension_level":4}}