{"host":"9rqk712yu6s3287p","time":1613922619,"event":{"mods":["ATMod(°¢èªMod)","Act Like it!","BaseMod","CapriCore","Chen","Gensokyo","Googly Eyes","Marisa£¨ìFÓê¡¡Ä§ÀíÉ³£©","Minty Spire (QoL Compilation)","MostiFishMod","Onozuka Komachi Mod","Reimu£¨²©ÀöÁéÃÎ£©","Remilia_Scarlet Moed£¨ÀÙÃ×ÀòÑÇ¡¤Ë¹¿¨À×ÌØ£©3.3.5","Remilia£¨ÀÙÃ×ÀòÑÇ£©","Replay The Spire","RumiaBox-Â¶Ã×æ«µÄÉñÃØºÐ×Ó","StSLib","The Administrix","The Immortal","The Servant 0.9.4","Yakumo Yukari mod","Youmu£¨»êÆÇÑýÃÎ£©","Yuyuko","[IsaacMod]ÒÔÈö¼âËþ","¡¾ÒÅÎï¿¨ÅÆ¡¿REMEMod"],"gold_per_floor":[153,207,268,363,483,692,792,870,897,975,982,1084,1046,1139,1139,1361,1361,1406,1457,1243,936,996,1080,1176,1281,1333,1414,1513,1612,1699,1903,1903,2299,2299,2329,2410,1579,813,813,813],"floor_reached":39,"language":"ZHS","playtime":2205,"items_purged":["BloodRain+1","HellCatastrophe+1"],"score":2376,"play_id":"7b00ee09-5747-4961-8387-74c715cf6805","local_time":"20210221235019","daily_mods":["Shiny","Vintage","Heirloom","Time Dilation","Flight","Elite Swarm","Lethality","Midas"],"is_ascension_mode":true,"campfire_choices":[{"floor":15.0,"key":"RECALL"}],"circlet_count":0,"master_deck":["AscendersBane","TricksterDevil+1","BatForm+1","ForecastOfChange+1","CurseOfVladTepes+1","ScarletMeister+1","QueenOfMidnight+1","BloodyHallows+1","HeartBreak+1","EquivalentExchange+1","KillingBlow+1","BloodyCatastrophe+1","ChaoticDestiny+1","BloodySeventeenLaser+1","ScarletCoffin+1","DemonKingCradle+1","TransientEternity+1","CeilingFear+1","Vault+1","MostiFishMod:PerfectForm+1","MostiFishMod:EE1D+1","MostiFishMod:EE1D+1","MostiFishMod:EE1D+1"],"relics":["Snecko Eye","AT_ATBox","DaveBox","REME_ComplimentaryCards","HushsDoor","Chaos","Civilization","Chameleon Ring","SalivaCoin","SynthV:TestCard","GuanYuAspect","ScarletDevilRocket","GodSword5","Singing Bowl","Matryoshka","PokeGo","Snack Pack","HornCleat","SacredBark","MyShadow","PrismaticShard","Du-Vu Doll","Mercury Hourglass","Chemical X","GuppysPaw","MoneyPower","Coffee Dripper","TentaclePot:ReiMu","Divine Protection","Vajra","MostiFishMod:AdaptiveDefenses","Counterbalance","StrikeDummy","Membership Card","War Paint","Gremlin Horn","Kunai","InkBottle","EasyGame_NEW","Ccalipers","Incense Burner","Anchor","REME_LimitBreaker","Bag of Marbles","Toxic Egg 2","Replay:Baseball","Guide Book","Tea:ReiMu","Dodecahedron","ChampionBelt","SumBook","BelialBook","Lizard Tail","AT_DeathDance","Art of War","Centennial Puzzle","Bottled Tornado","Gambling Chip","AT_ForceNature","Replay:Bottled Steam","TimeFreeze","DaCapo","AT_Kusabimaru","AT_BladeRuinedKing","Philosopher\u0027s Stone","Sundial","ThornShield","Cauldron","StoneCalendar","Pocketwatch","Iron Hammer","Toolbox","Peace Pipe","TheBean","RhineSuit","Orichalcum","MagicDraw2","Mirror","Potion Belt","EE1DDrone"],"acts_visited":["Exordium","TheCity","TheBeyond"],"potions_floor_usage":[],"damage_taken":[{"damage":32.0,"enemies":"Small Slimes","floor":1.0,"turns":4.0},{"damage":0.0,"enemies":"Cultist","floor":2.0,"turns":3.0},{"damage":5.0,"enemies":"2 Louse","floor":3.0,"turns":4.0},{"damage":31.0,"enemies":"Exordium Thugs","floor":4.0,"turns":3.0},{"damage":22.0,"enemies":"Exordium Wildlife","floor":5.0,"turns":3.0},{"damage":12.0,"enemies":"Lagavulin","floor":6.0,"turns":3.0},{"damage":4.0,"enemies":"3 Sentries","floor":7.0,"turns":4.0},{"damage":0.0,"enemies":"Gremlin Nob","floor":8.0,"turns":5.0},{"damage":0.0,"enemies":"Lagavulin","floor":10.0,"turns":2.0},{"damage":0.0,"enemies":"3 Sentries","floor":12.0,"turns":5.0},{"damage":0.0,"enemies":"Lagavulin","floor":14.0,"turns":4.0},{"damage":0.0,"enemies":"Slime Boss","floor":16.0,"turns":1.0},{"damage":0.0,"enemies":"Spheric Guardian","floor":18.0,"turns":1.0},{"damage":0.0,"enemies":"Chosen","floor":19.0,"turns":2.0},{"damage":0.0,"enemies":"Shelled Parasite and Fungi","floor":22.0,"turns":4.0},{"damage":0.0,"enemies":"Gremlin Leader","floor":23.0,"turns":2.0},{"damage":0.0,"enemies":"Book of Stabbing","floor":24.0,"turns":2.0},{"damage":0.0,"enemies":"Gremlin Leader","floor":25.0,"turns":3.0},{"damage":0.0,"enemies":"Book of Stabbing","floor":27.0,"turns":3.0},{"damage":0.0,"enemies":"Gremlin Leader","floor":28.0,"turns":2.0},{"damage":0.0,"enemies":"Slavers","floor":29.0,"turns":3.0},{"damage":0.0,"enemies":"Book of Stabbing","floor":30.0,"turns":2.0},{"damage":0.0,"enemies":"Gremlin Leader","floor":31.0,"turns":1.0},{"damage":0.0,"enemies":"Automaton","floor":33.0,"turns":4.0},{"damage":0.0,"enemies":"Orb Walker","floor":35.0,"turns":2.0},{"damage":0.0,"enemies":"R_Hoarder","floor":36.0,"turns":1.0},{"damage":0,"enemies":"Nemesis","floor":39,"turns":3}],"seed_played":"-2006640437712894097","potions_obtained":[{"floor":1.0,"key":"Adrenaline Potion"},{"floor":1.0,"key":"Strength Potion"},{"floor":1.0,"key":"LifebloodPotion"},{"floor":2.0,"key":"Ancient Potion"},{"floor":3.0,"key":"Block Potion"},{"floor":4.0,"key":"Block Potion"},{"floor":5.0,"key":"GamblersBrew"},{"floor":6.0,"key":"AttackPotion"},{"floor":7.0,"key":"Swift Potion"},{"floor":12.0,"key":"Block Potion"},{"floor":12.0,"key":"DuplicationPotion"},{"floor":18.0,"key":"GrandPatriotsElixir:ReiMu"},{"floor":19.0,"key":"Adrenaline Potion"},{"floor":22.0,"key":"Block Potion"},{"floor":22.0,"key":"Swift Potion"},{"floor":24.0,"key":"Dexterity Potion"},{"floor":28.0,"key":"SteroidPotion"},{"floor":29.0,"key":"Energy Potion"},{"floor":30.0,"key":"GrandPatriotsElixir:ReiMu"},{"floor":31.0,"key":"REME_GoldPotion"},{"floor":31.0,"key":"ColorlessPotion"},{"floor":35.0,"key":"Swift Potion"},{"floor":36.0,"key":"Strength Potion"},{"floor":36.0,"key":"Elixir"}],"is_trial":true,"path_per_floor":["M","M","M","M","M","E","E","E","T","E","?","E","$","E","R","B",null,"M","M","$","$","M","E","E","E","T","E","M","E","M","E","R","B",null,"M","M","$","$","M"],"character_chosen":"REMILIA","items_purchased":["Bag of Marbles","Toxic Egg 2","Replay:Baseball","Guide Book","Tea:ReiMu","RhineSuit","Orichalcum","MagicDraw2","Mirror","Potion Belt","EE1DDrone"],"campfire_rested":0,"item_purchase_floors":[20,20,21,21,21,37,37,37,38,38,38],"current_hp_per_floor":[36,38,38,39,40,45,53,59,59,66,51,66,66,74,74,81,91,96,101,101,101,108,114,120,129,129,135,142,151,160,167,167,174,175,180,185,185,185,-999999,-999999],"gold":813,"neow_bonus":"","is_daily":false,"chose_seed":false,"campfire_upgraded":0,"win_rate":0.0,"timestamp":1613922619,"path_taken":["M","M","M","M","M","E","E","E","T","E","?","E","$","E","R","BOSS","M","M","$","$","M","E","E","E","T","E","M","E","M","E","R","BOSS","M","M","$","$","M"],"items_purchased_type":["Relic","Relic","Relic","Relic","Relic","Relic","Relic","Relic","Relic","Relic","Relic"],"build_version":"2020-12-22","purchased_purges":2,"victory":false,"max_hp_per_floor":[36,39,44,49,54,61,68,73,73,80,80,87,87,94,94,101,101,106,111,111,111,116,123,130,137,137,142,149,156,163,170,170,177,177,182,187,187,187,187,187],"card_choices":[{"not_picked":["HeavenGodSword","GluttonyofRealm_purpleEX","MostiFishMod:DisColor","Komachi:InnerSoul","MurderousAura"],"picked":"Singing Bowl","floor":6.0},{"not_picked":["MostiFishMod:KingOfFree","HeavenGodSword","REME_BodyOfCthun","Berserk","Ghost Spot"],"picked":"Singing Bowl","floor":7.0},{"not_picked":["REME_AllRoundStrike","Sakura Sakura","MostiFishMod:TalkingToTheRain","SpiritShield"],"picked":"Vault","floor":8.0},{"not_picked":["Human_Monster_Realm_purple","DeadlyForm","Seek","Komachi:Faith","Komachi:RepentantSoul"],"picked":"Singing Bowl","floor":10.0},{"not_picked":["REME_AllRoundStrike","MostiFishMod:FlyOverUtopia","GreatEnlightenmentAppearingAndDisappearing","Chrysalis","Mirror of Mind"],"picked":"Singing Bowl","floor":12.0},{"not_picked":["MostiFishMod:DustFall","Computing_the_future_purpleEX","MostiFishMod:Kaleido","Envenom","Gensokyo:HouraiInAPot"],"picked":"Singing Bowl","floor":14.0},{"not_picked":["Komachi:ChangeRoute","Free:ReiMu","Komachi:RepentantSoul","Hyperbeam","CardOfSanctity:ReiMu"],"picked":"Singing Bowl","floor":16.0},{"not_picked":["Komachi:DestroyHope+1","MostiFishMod:StarOceanB+1","Chen:WhateverWorks+1","LessonLearned","Bullet Time+1"],"picked":"Singing Bowl","floor":23.0},{"not_picked":["Sadistic Nature","REME_AllRoundStrike","Explore Ghostdom+1","MostiFishMod:RainCloud","MostiFishMod:Hijack+1"],"picked":"Singing Bowl","floor":24.0},{"not_picked":["Gensokyo:RisingWorld+1","AdministrixMod:FaithfulFlames","MostiFishMod:Awakening+1","YinYang:ReiMu","HellRealmSword"],"picked":"Singing Bowl","floor":25.0},{"not_picked":["Thinking Ahead+1","JA","Chen:Possession","Sadistic Nature"],"picked":"MostiFishMod:PerfectForm","floor":27.0},{"not_picked":["CeilingFear+1","ConjureBlade+1","Komachi:DestroyHope+1","CasketOfStar","REME_EyeOfCthun"],"picked":"Singing Bowl","floor":28.0},{"not_picked":["Venomology+1","BlazingStar","Komachi:ShortenLife","MokouMod:ProfanedFlare+1","AdministrixMod:LuminaryPath+1"],"picked":"Singing Bowl","floor":29.0},{"not_picked":["Chen:FinalSpellCard","REME_PuzzleBox+1","MostiFishMod:KamiSmash","Chrysalis+1","RemiliaMod:CPBZMF"],"picked":"Singing Bowl","floor":30.0},{"not_picked":["RemiliaMod:CPXsg","REME_ACTH+1","DevaForm","Shading:ReiMu+1","MostiFishMod:Culaccino+1"],"picked":"Singing Bowl","floor":31.0},{"not_picked":["BloodRain+1","Chen:Stability+1","TricksterDevil","Komachi:InnerSoul","KyokaiOfKami:ReiMu"],"picked":"Singing Bowl","floor":33.0},{"not_picked":["HellCatastrophe","ManaRampage+1","AdministrixMod:HopeInTheDark+1","REME_TheLastStrike"],"picked":"SuicideKing","floor":36.0}],"player_experience":592572,"relics_obtained":[{"floor":1.0,"key":"SalivaCoin"},{"floor":1.0,"key":"SynthV:TestCard"},{"floor":1.0,"key":"GuanYuAspect"},{"floor":1.0,"key":"ScarletDevilRocket"},{"floor":2.0,"key":"GodSword5"},{"floor":3.0,"key":"Singing Bowl"},{"floor":3.0,"key":"Matryoshka"},{"floor":3.0,"key":"PokeGo"},{"floor":4.0,"key":"Snack Pack"},{"floor":4.0,"key":"HornCleat"},{"floor":4.0,"key":"SacredBark"},{"floor":5.0,"key":"MyShadow"},{"floor":5.0,"key":"PrismaticShard"},{"floor":6.0,"key":"Du-Vu Doll"},{"floor":6.0,"key":"Mercury Hourglass"},{"floor":7.0,"key":"Chemical X"},{"floor":7.0,"key":"GuppysPaw"},{"floor":7.0,"key":"MoneyPower"},{"floor":7.0,"key":"Coffee Dripper"},{"floor":8.0,"key":"TentaclePot:ReiMu"},{"floor":8.0,"key":"Divine Protection"},{"floor":9.0,"key":"Vajra"},{"floor":9.0,"key":"MostiFishMod:AdaptiveDefenses"},{"floor":10.0,"key":"Counterbalance"},{"floor":12.0,"key":"StrikeDummy"},{"floor":12.0,"key":"Membership Card"},{"floor":12.0,"key":"War Paint"},{"floor":12.0,"key":"Gremlin Horn"},{"floor":14.0,"key":"Kunai"},{"floor":14.0,"key":"InkBottle"},{"floor":18.0,"key":"Ccalipers"},{"floor":18.0,"key":"Incense Burner"},{"floor":19.0,"key":"Anchor"},{"floor":19.0,"key":"REME_LimitBreaker"},{"floor":22.0,"key":"Dodecahedron"},{"floor":22.0,"key":"ChampionBelt"},{"floor":23.0,"key":"SumBook"},{"floor":23.0,"key":"BelialBook"},{"floor":24.0,"key":"Lizard Tail"},{"floor":24.0,"key":"AT_DeathDance"},{"floor":25.0,"key":"Art of War"},{"floor":25.0,"key":"Centennial Puzzle"},{"floor":26.0,"key":"Bottled Tornado"},{"floor":27.0,"key":"Gambling Chip"},{"floor":27.0,"key":"AT_ForceNature"},{"floor":28.0,"key":"Replay:Bottled Steam"},{"floor":28.0,"key":"TimeFreeze"},{"floor":29.0,"key":"DaCapo"},{"floor":29.0,"key":"AT_Kusabimaru"},{"floor":29.0,"key":"AT_BladeRuinedKing"},{"floor":30.0,"key":"Philosopher\u0027s Stone"},{"floor":30.0,"key":"Sundial"},{"floor":31.0,"key":"ThornShield"},{"floor":31.0,"key":"Cauldron"},{"floor":33.0,"key":"StoneCalendar"},{"floor":35.0,"key":"Iron Hammer"},{"floor":35.0,"key":"Toolbox"},{"floor":36.0,"key":"Peace Pipe"},{"floor":36.0,"key":"TheBean"}],"event_choices":[{"damage_healed":0.0,"max_hp_gain":0.0,"max_hp_loss":0.0,"gold_gain":0.0,"event_name":"Ghosts","player_choice":"Ignored","floor":32.0,"gold_loss":0.0,"damage_taken":0.0}],"is_beta":false,"boss_relics":[{"not_picked":["ChaoDraw","Happy Flower"],"picked":"EasyGame_NEW"},{"not_picked":[]},{"not_picked":["Replay:Ancient Bell","AnarchistCookbook"],"picked":"Pocketwatch"},{"not_picked":[]}],"items_purged_floors":[13,37],"is_endless":false,"potions_floor_spawned":[1,2,4,5,10,12,18,22,23,27,30,31,36],"killed_by":"Nemesis","ascension_level":20}}