{"host":"vx9g5eyuglzorf3u","time":1613874697,"event":{"mods":["2.2 Compatiblity","BaseMod","DeckTracker","Keyboard Shortcuts","Minty Spire (QoL Compilation)","Relic Stats","StSLib","SuperFastMode","everything is the same but u backflip on backflip"],"gold_per_floor":[114,124,124,124,12,12,12,12,81,97,121,121,121,150,150,222,222,235,160,160,174,14,14,14,14,14,26,26,45,45,60,60,60,60],"floor_reached":33,"language":"KOR","playtime":793,"items_purged":["Strike_B"],"score":482,"play_id":"21dd9416-80e3-43cc-b746-a8c6ed8f06a3","local_time":"20210221113137","is_ascension_mode":true,"campfire_choices":[{"data":"Heatsinks","floor":6.0,"key":"SMITH"},{"floor":8.0,"key":"REST"},{"floor":13.0,"key":"REST"},{"floor":15,"key":"REST"},{"floor":23,"key":"REST"},{"floor":25,"key":"REST"},{"floor":28,"key":"REST"},{"floor":32,"key":"REST"}],"circlet_count":0,"master_deck":["AscendersBane","Strike_B+1","Defend_B+1","Defend_B","Zap+1","Dualcast","Barrage","Storm+1","Heatsinks+1","Glacier","Core Surge","FTL","Undo","Machine Learning","Auto Shields+1","Ball Lightning+1"],"relics":["Cracked Core","Pantograph","Odd Mushroom","PreservedInsect","Empty Cage","ClockworkSouvenir","Meat on the Bone"],"acts_visited":["Exordium","TheCity"],"potions_floor_usage":[16,33,33],"damage_taken":[{"damage":4.0,"enemies":"2 Louse","floor":1.0,"turns":4.0},{"damage":7.0,"enemies":"Jaw Worm","floor":2.0,"turns":3.0},{"damage":0.0,"enemies":"Cultist","floor":10.0,"turns":2.0},{"damage":30.0,"enemies":"The Mushroom Lair","floor":11.0,"turns":5.0},{"damage":38.0,"enemies":"Gremlin Nob","floor":14.0,"turns":4.0},{"damage":37,"enemies":"Slime Boss","floor":16,"turns":7},{"damage":16,"enemies":"3 Byrds","floor":18,"turns":7},{"damage":34,"enemies":"2 Thieves","floor":21,"turns":5},{"damage":55,"enemies":"3 Cultists","floor":27,"turns":8},{"damage":14,"enemies":"Snake Plant","floor":29,"turns":6},{"damage":13,"enemies":"Cultist and Chosen","floor":31,"turns":7},{"damage":125,"enemies":"Automaton","floor":33,"turns":12}],"seed_played":"-4123491777646932040","potions_obtained":[{"floor":2.0,"key":"LiquidMemories"},{"floor":14,"key":"EssenceOfDarkness"},{"floor":21,"key":"DuplicationPotion"},{"floor":31,"key":"SkillPotion"}],"is_trial":false,"path_per_floor":["M","M","?","?","$","R","?","R","T","M","?","?","R","E","R","B",null,"M","?","$","M","$","R","?","R","T","M","R","M","?","M","R","B"],"character_chosen":"DEFECT","items_purchased":["Heatsinks","ClockworkSouvenir"],"campfire_rested":7,"item_purchase_floors":[5,22],"current_hp_per_floor":[60,53,58,35,35,35,35,57,57,57,27,27,49,11,33,21,62,46,46,46,12,12,34,34,56,56,13,35,33,33,32,54,0,0],"gold":60,"neow_bonus":"UPGRADE_CARD","is_daily":false,"chose_seed":false,"campfire_upgraded":1,"win_rate":0.0,"timestamp":1613874697,"path_taken":["M","M","?","?","?","R","?","R","T","?","?","?","R","E","R","BOSS","M","?","$","?","$","R","?","R","T","M","R","M","?","M","R","BOSS"],"items_purchased_type":["Card","Relic"],"build_version":"2020-12-22","purchased_purges":1,"victory":false,"max_hp_per_floor":[71,71,76,76,76,76,76,76,76,76,76,76,76,76,76,76,76,76,76,76,76,76,76,76,76,76,76,76,76,76,76,76,76,76],"relic_stats":{"counters":[12,70],"Pantograph":47,"PreservedInsect":0,"obtain_stats":[{"Pantograph":9,"PreservedInsect":14,"Odd Mushroom":11,"Cracked Core":0,"Empty Cage":17,"ClockworkSouvenir":22,"Meat on the Bone":26},{"Pantograph":2,"PreservedInsect":5,"Odd Mushroom":4,"Cracked Core":0,"Empty Cage":6,"ClockworkSouvenir":8,"Meat on the Bone":8},{"Pantograph":7,"PreservedInsect":18,"Odd Mushroom":14,"Cracked Core":0,"Empty Cage":25,"ClockworkSouvenir":37,"Meat on the Bone":37}],"Meat on the Bone":36},"card_choices":[{"not_picked":["Beam Cell","Doom and Gloom"],"picked":"Barrage","floor":1.0},{"not_picked":["Blizzard","Cold Snap"],"picked":"Storm","floor":2.0},{"not_picked":["Blizzard","Conserve Battery","Leap"],"picked":"SKIP","floor":10.0},{"not_picked":["Loop","Steam Power"],"picked":"Glacier","floor":11.0},{"not_picked":["Ball Lightning","Doom and Gloom","Glacier"],"picked":"SKIP","floor":14},{"not_picked":["Thunder Strike","Amplify"],"picked":"Core Surge","floor":16},{"not_picked":["Compile Driver","Darkness+1"],"picked":"FTL","floor":18},{"not_picked":["Chaos","Beam Cell","Streamline"],"picked":"SKIP","floor":21},{"not_picked":["Fusion","Chaos"],"picked":"Auto Shields+1","floor":27},{"not_picked":["Turbo","Rebound","Go for the Eyes"],"picked":"SKIP","floor":29},{"not_picked":["Streamline","Coolheaded"],"picked":"Ball Lightning+1","floor":31}],"player_experience":1545063,"relics_obtained":[{"floor":9.0,"key":"Pantograph"},{"floor":11.0,"key":"Odd Mushroom"},{"floor":14,"key":"PreservedInsect"},{"floor":26,"key":"Meat on the Bone"}],"event_choices":[{"damage_healed":0.0,"max_hp_gain":5.0,"max_hp_loss":0.0,"gold_gain":0.0,"event_name":"Big Fish","player_choice":"Donut","floor":3.0,"gold_loss":0.0,"damage_taken":0.0},{"damage_healed":0.0,"max_hp_gain":0.0,"max_hp_loss":0.0,"gold_gain":0.0,"event_name":"Shining Light","player_choice":"Entered Light","floor":4.0,"gold_loss":0.0,"damage_taken":23.0,"cards_upgraded":["Defend_B","Strike_B"]},{"damage_healed":0.0,"max_hp_gain":0.0,"max_hp_loss":0.0,"gold_gain":0.0,"event_name":"Accursed Blacksmith","player_choice":"Forge","floor":7.0,"gold_loss":0.0,"damage_taken":0.0,"cards_upgraded":["Storm"]},{"damage_healed":0.0,"max_hp_gain":0.0,"max_hp_loss":0.0,"gold_gain":0.0,"event_name":"Mushrooms","player_choice":"Fought Mushrooms","floor":11.0,"gold_loss":0.0,"damage_taken":0.0},{"damage_healed":0.0,"max_hp_gain":0.0,"max_hp_loss":0.0,"gold_gain":0.0,"event_name":"Dead Adventurer","player_choice":"Searched \u00270\u0027 times","floor":12.0,"gold_loss":0.0,"damage_taken":0.0},{"damage_healed":0,"gold_gain":0,"cards_transformed":["Defend_B","Defend_B"],"player_choice":"Transformed Cards","damage_taken":0,"max_hp_gain":0,"max_hp_loss":0,"event_name":"Designer","floor":19,"gold_loss":75,"cards_obtained":["Undo","Machine Learning"]},{"damage_healed":0,"gold_gain":0,"player_choice":"Ignored","damage_taken":0,"max_hp_gain":0,"max_hp_loss":0,"event_name":"Cursed Tome","floor":24,"gold_loss":0},{"damage_healed":0,"gold_gain":0,"player_choice":"Ignored","damage_taken":0,"max_hp_gain":0,"max_hp_loss":0,"event_name":"The Mausoleum","floor":30,"gold_loss":0}],"is_beta":false,"boss_relics":[{"not_picked":["Coffee Dripper","Inserter"],"picked":"Empty Cage"}],"items_purged_floors":[5],"is_endless":false,"potions_floor_spawned":[2,14,21,31],"killed_by":"Automaton","ascension_level":20}}