{"host":"aapp7ew3jk5k1bvd","time":1613891634,"event":{"mods":["AchievementEnabler","BaseMod","Colored Map","Custom Start","Keyboard Shortcuts","Minty Spire (QoL Compilation)","Permanent Neow","Quick Restart","StSLib","SuperFastMode"],"gold_per_floor":[117,117,131,147,147,147,180,180,206,236,7,7,36,36,36,36,36],"floor_reached":16,"language":"KOR","playtime":518,"items_purged":["Strike_G"],"score":168,"play_id":"6cb91e63-5861-4e87-8665-0e7ea1f77370","local_time":"20210221161354","is_ascension_mode":true,"campfire_choices":[{"data":"Dash","floor":6,"key":"SMITH"},{"floor":8,"key":"REST"},{"floor":12,"key":"REST"},{"data":"Footwork","floor":15,"key":"SMITH"}],"circlet_count":0,"master_deck":["Strike_G","Strike_G","Strike_G+1","Defend_G","Defend_G+1","Defend_G","Defend_G+1","Survivor+1","Neutralize","Well Laid Plans","Backflip","Dash+1","Cloak And Dagger","Footwork+1","Blur"],"relics":["Ring of the Snake","War Paint","Omamori","Bag of Preparation","Bronze Scales"],"acts_visited":["Exordium"],"potions_floor_usage":[7],"damage_taken":[{"damage":0.0,"enemies":"Small Slimes","floor":1.0,"turns":4.0},{"damage":0.0,"enemies":"2 Louse","floor":3.0,"turns":5.0},{"damage":1.0,"enemies":"Jaw Worm","floor":4.0,"turns":4.0},{"damage":28,"enemies":"Lagavulin","floor":7,"turns":8},{"damage":11,"enemies":"3 Sentries","floor":10,"turns":11},{"damage":1,"enemies":"Lagavulin","floor":13,"turns":8},{"damage":38,"enemies":"Slime Boss","floor":16,"turns":14}],"seed_played":"4171557901790626985","potions_obtained":[{"floor":4.0,"key":"ColorlessPotion"},{"floor":7,"key":"Regen Potion"},{"floor":10,"key":"Weak Potion"},{"floor":13,"key":"Dexterity Potion"}],"is_trial":false,"path_per_floor":["M","?","M","M","?","R","E","R","T","E","$","R","E","$","R","B"],"character_chosen":"THE_SILENT","items_purchased":["Bronze Scales"],"campfire_rested":2,"item_purchase_floors":[11],"current_hp_per_floor":[63,50,50,49,49,49,21,39,39,28,28,46,45,45,45,7,7],"gold":36,"neow_bonus":"REMOVE_TWO","is_daily":false,"chose_seed":false,"campfire_upgraded":2,"win_rate":0.0,"timestamp":1613891634,"path_taken":["M","?","M","M","?","R","E","R","T","E","$","R","E","$","R","BOSS"],"items_purchased_type":["Relic"],"build_version":"2020-12-22","purchased_purges":1,"victory":false,"max_hp_per_floor":[63,63,63,63,63,63,63,63,63,63,63,63,63,63,63,63,63],"card_choices":[{"not_picked":["Blade Dance","Poisoned Stab"],"picked":"Well Laid Plans","floor":1.0},{"not_picked":["Heel Hook","Deadly Poison"],"picked":"Backflip","floor":3.0},{"not_picked":["Calculated Gamble","PiercingWail"],"picked":"Dash","floor":4.0},{"not_picked":["Masterful Stab","Acrobatics"],"picked":"Cloak And Dagger","floor":7},{"not_picked":["Bullet Time","Choke"],"picked":"Footwork","floor":10},{"not_picked":["PiercingWail","Backstab"],"picked":"Blur","floor":13}],"player_experience":1037928,"relics_obtained":[{"floor":7,"key":"War Paint"},{"floor":9,"key":"Omamori"},{"floor":10,"key":"Bag of Preparation"}],"event_choices":[{"damage_healed":0.0,"max_hp_gain":0.0,"max_hp_loss":0.0,"gold_gain":0.0,"event_name":"Shining Light","player_choice":"Entered Light","floor":2.0,"gold_loss":0.0,"damage_taken":13.0,"cards_upgraded":["Defend_G","Strike_G"]},{"damage_healed":0,"gold_gain":0,"player_choice":"Fled","damage_taken":0,"max_hp_gain":0,"max_hp_loss":0,"event_name":"Scrap Ooze","floor":5,"gold_loss":0}],"is_beta":false,"boss_relics":[],"items_purged_floors":[11],"is_endless":false,"potions_floor_spawned":[4,7,10,13],"killed_by":"Slime Boss","ascension_level":9}}