{"host":"d8rriawq55pp7qsq","time":1613950801,"event":{"mods":["AchievementEnabler","BaseMod","Minty Spire (QoL Compilation)"],"gold_per_floor":[11,23,40,40,60,60,94,94,94,107,47,47,65,65,65,65,65],"floor_reached":16,"language":"ENG","playtime":422,"items_purged":["Strike_P"],"score":133,"play_id":"1e2ba3d1-da89-45b7-9a05-905b4f86d1ad","local_time":"20210221184001","is_ascension_mode":true,"campfire_choices":[{"data":"Eruption","floor":6,"key":"SMITH"},{"data":"Collect","floor":8,"key":"SMITH"},{"floor":15,"key":"REST"}],"circlet_count":0,"master_deck":["Strike_P","Strike_P","Strike_P","Defend_P","Defend_P","Defend_P","Defend_P","Eruption+1","Vigilance","FlyingSleeves","CutThroughFate","Halt","Collect+1","EmptyFist","Crescendo+1","EmptyBody"],"relics":["PureWater","The Courier","Ornamental Fan","Golden Idol"],"acts_visited":["Exordium"],"potions_floor_usage":[7,13],"damage_taken":[{"damage":4,"enemies":"Cultist","floor":1,"turns":3},{"damage":0,"enemies":"Small Slimes","floor":2,"turns":2},{"damage":7,"enemies":"2 Louse","floor":3,"turns":3},{"damage":20,"enemies":"Exordium Thugs","floor":5,"turns":5},{"damage":33,"enemies":"3 Sentries","floor":7,"turns":6},{"damage":0,"enemies":"2 Fungi Beasts","floor":10,"turns":3},{"damage":10,"enemies":"3 Louse","floor":13,"turns":2},{"damage":33,"enemies":"Slime Boss","floor":16,"turns":6}],"seed_played":"-6393630257431685782","potions_obtained":[{"floor":3,"key":"SteroidPotion"},{"floor":5,"key":"Fire Potion"},{"floor":7,"key":"Swift Potion"},{"floor":13,"key":"SneckoOil"}],"is_trial":false,"path_per_floor":["M","M","M","$","M","R","E","R","T","M","$","?","M","?","R","B"],"character_chosen":"WATCHER","items_purchased":[],"campfire_rested":1,"item_purchase_floors":[],"current_hp_per_floor":[75,75,68,68,48,48,15,15,15,15,15,15,5,5,29,0,0],"gold":65,"neow_bonus":"TWENTY_PERCENT_HP_BONUS","is_daily":false,"chose_seed":false,"campfire_upgraded":2,"win_rate":0.0,"timestamp":1613950801,"path_taken":["M","M","M","$","M","R","E","R","T","M","$","?","M","?","R","BOSS"],"items_purchased_type":[],"build_version":"2020-12-22","purchased_purges":1,"victory":false,"max_hp_per_floor":[86,86,86,86,86,86,86,86,86,86,86,86,86,80,80,80,80],"card_choices":[{"not_picked":["SignatureMove","Indignation"],"picked":"FlyingSleeves","floor":1},{"not_picked":["LikeWater","Vengeance"],"picked":"CutThroughFate","floor":2},{"not_picked":["ThirdEye","WaveOfTheHand"],"picked":"Halt","floor":3},{"not_picked":["Prostrate","Pray"],"picked":"Collect","floor":5},{"not_picked":["LikeWater","DeceiveReality"],"picked":"EmptyFist","floor":7},{"not_picked":["CrushJoints","Prostrate"],"picked":"Crescendo","floor":10},{"not_picked":["BowlingBash","Weave"],"picked":"EmptyBody","floor":13}],"player_experience":180075,"relics_obtained":[{"floor":7,"key":"The Courier"},{"floor":9,"key":"Ornamental Fan"}],"event_choices":[{"damage_healed":0,"gold_gain":0,"player_choice":"Grow","damage_taken":0,"max_hp_gain":0,"max_hp_loss":0,"event_name":"Living Wall","floor":12,"gold_loss":0,"cards_upgraded":["Crescendo"]},{"damage_healed":0,"gold_gain":0,"player_choice":"Lose Max HP","damage_taken":0,"relics_obtained":["Golden Idol"],"max_hp_gain":0,"max_hp_loss":6,"event_name":"Golden Idol","floor":14,"gold_loss":0}],"is_beta":false,"boss_relics":[],"items_purged_floors":[11],"is_endless":false,"potions_floor_spawned":[3,5,7,13],"killed_by":"Slime Boss","ascension_level":6}}