{"host":"v7v0an1btpgyzz59","time":1613918010,"event":{"mods":["BaseMod","BetterRewards","Colored Map","Colored Powertips","KinomotoSakuraMod(木之本樱)","Minty Spire (QoL Compilation)","Remilia（蕾米莉亚）","Shop Mod","StSLib","The Bug Knight","The Construct","The Disciple","The Servant 0.9.4","[IsaacMod]以撒尖塔"],"gold_per_floor":[112,127,137,156,172,172,187,205,205,205,228,228,9,9,9,108,108,118,133,33,46,146,146,207,218,263,278,293,311,311,311],"floor_reached":30,"language":"ZHS","playtime":1356,"items_purged":["construct:Defend_Gold","construct:Defend_Gold"],"score":228,"play_id":"644ed8ee-23f2-4b2b-b35d-ad5592a060fa","local_time":"20210221223330","is_ascension_mode":false,"campfire_choices":[{"data":"construct:ChargeShot","floor":6,"key":"SMITH"},{"floor":15,"key":"REST"},{"data":"construct:ShieldBurst","floor":23,"key":"SMITH"}],"circlet_count":0,"master_deck":["construct:Strike_Gold","construct:Strike_Gold","construct:Strike_Gold","construct:Strike_Gold","construct:Defend_Gold","construct:Defend_Gold","construct:Defend_Gold","construct:AttackMode+1","construct:DefenseMode","BloodyBrimstone","construct:ChargeShot+1","construct:PowerUp","construct:PowerUp","construct:Impenetrable","construct:Analyze","construct:Synchronize+1","construct:Autoturret","construct:Zapper","construct:HyperBeam","construct:ShieldBurst+1","construct:PowerUp","construct:VentSteam","construct:OmegaCannon"],"relics":["construct:Cogwheel","HushsDoor","Leech","NeowsBlessing","Singing Bowl","Odd Mushroom","Centennial Puzzle","construct:WeddingRing","Juzu Bracelet"],"acts_visited":["Exordium","TheCity"],"potions_floor_usage":[16,30,30,30],"damage_taken":[{"damage":0,"enemies":"Small Slimes","floor":1,"turns":1},{"damage":0,"enemies":"2 Louse","floor":2,"turns":1},{"damage":0,"enemies":"Jaw Worm","floor":3,"turns":1},{"damage":8,"enemies":"Large Slime","floor":4,"turns":5},{"damage":15,"enemies":"3 Louse","floor":5,"turns":4},{"damage":21,"enemies":"Exordium Thugs","floor":7,"turns":5},{"damage":7,"enemies":"Blue Slaver","floor":8,"turns":3},{"damage":18,"enemies":"The Mushroom Lair","floor":11,"turns":4},{"damage":7,"enemies":"Slime Boss","floor":16,"turns":6},{"damage":0,"enemies":"Chosen","floor":18,"turns":4},{"damage":16,"enemies":"Snake Plant","floor":19,"turns":3},{"damage":3,"enemies":"Snecko","floor":21,"turns":4},{"damage":19,"enemies":"3 Cultists","floor":25,"turns":4},{"damage":21,"enemies":"Centurion and Healer","floor":27,"turns":3},{"damage":6,"enemies":"Cultist and Chosen","floor":28,"turns":4},{"damage":8,"enemies":"Snecko","floor":29,"turns":5},{"damage":33,"enemies":"Gremlin Leader","floor":30,"turns":5}],"seed_played":"3107230273513343328","potions_obtained":[{"floor":2,"key":"Strength Potion"},{"floor":4,"key":"Fire Potion"},{"floor":7,"key":"BlessingOfTheForge"},{"floor":16,"key":"BlessingOfTheForge"},{"floor":27,"key":"SkillPotion"}],"is_trial":false,"path_per_floor":["M","M","M","M","M","R","M","M","T","?","?","?","$","?","R","B",null,"M","M","$","M","?","R","?","M","T","M","M","M","E"],"character_chosen":"THE_CONSTRUCT_MOD","items_purchased":["Centennial Puzzle","construct:ShieldBurst"],"campfire_rested":1,"item_purchase_floors":[13,17],"current_hp_per_floor":[85,85,85,79,68,68,51,46,46,51,36,18,18,11,38,37,83,85,72,72,72,72,72,57,43,43,26,23,19,0,0],"gold":311,"neow_bonus":"THREE_ENEMY_KILL","is_daily":false,"chose_seed":false,"campfire_upgraded":2,"win_rate":0.0,"timestamp":1613918010,"path_taken":["M","M","M","M","M","R","M","M","T","?","?","?","$","?","R","BOSS","M","M","$","M","?","R","?","M","T","M","M","M","E"],"items_purchased_type":["Relic","Card"],"build_version":"2020-12-22","purchased_purges":2,"victory":false,"max_hp_per_floor":[85,85,85,85,85,85,85,85,85,90,90,90,90,90,90,87,83,85,87,87,87,87,87,87,86,86,88,85,82,82,82],"card_choices":[{"not_picked":[],"picked":"BloodyBrimstone","floor":0.0},{"not_picked":["construct:Forcefield","construct:Accumulate"],"picked":"construct:ChargeShot","floor":1},{"not_picked":["construct:Anticipate","construct:SyphonStrike"],"picked":"construct:PowerUp","floor":2},{"not_picked":["construct:Reinforce","construct:GatlingGun"],"picked":"construct:PowerUp","floor":3},{"not_picked":["construct:Backup","construct:Dampening"],"picked":"construct:Impenetrable","floor":4},{"not_picked":["construct:Tumble","construct:FlakBarrage"],"picked":"construct:Analyze","floor":5},{"not_picked":["construct:Backfire","construct:Forcefield"],"picked":"construct:Synchronize","floor":7},{"not_picked":["construct:Hazardproof","construct:Boost"],"picked":"construct:Autoturret","floor":8},{"not_picked":["construct:Construct_Overclock","construct:Backfire"],"picked":"construct:Zapper","floor":11},{"not_picked":["construct:SiegeForm","construct:PanicFire"],"picked":"construct:HyperBeam","floor":16},{"not_picked":["construct:ChargeShot","construct:ShiftStrike","construct:FierceBash"],"picked":"Singing Bowl","floor":18},{"not_picked":["construct:BatteryAcid","construct:ElectricArmor+1","construct:Forcefield+1"],"picked":"Singing Bowl","floor":19},{"not_picked":["construct:Autoturret","construct:Reinforce"],"picked":"construct:PowerUp","floor":21},{"not_picked":["construct:Analyze","construct:SyphonStrike+1","construct:ShiftStrike"],"picked":"Singing Bowl","floor":25},{"not_picked":["construct:Autoturret","construct:SyphonStrike","construct:FocusedBeam"],"picked":"Singing Bowl","floor":27},{"not_picked":["construct:Dampening+1","construct:FlameCore+1"],"picked":"construct:VentSteam","floor":28},{"not_picked":["construct:FierceBash","construct:UnbalancingBlast"],"picked":"construct:OmegaCannon","floor":29}],"player_experience":502797,"relics_obtained":[{"floor":9,"key":"Singing Bowl"},{"floor":11,"key":"Odd Mushroom"},{"floor":26,"key":"Juzu Bracelet"}],"event_choices":[{"damage_healed":0,"gold_gain":0,"player_choice":"Donut","damage_taken":0,"max_hp_gain":5,"max_hp_loss":0,"event_name":"Big Fish","floor":10,"gold_loss":0},{"damage_healed":0,"gold_gain":0,"player_choice":"Fought Mushrooms","damage_taken":0,"max_hp_gain":0,"max_hp_loss":0,"event_name":"Mushrooms","floor":11,"gold_loss":0},{"damage_healed":0,"gold_gain":0,"player_choice":"Entered Light","damage_taken":18,"max_hp_gain":0,"max_hp_loss":0,"event_name":"Shining Light","floor":12,"gold_loss":0,"cards_upgraded":["construct:AttackMode","construct:Synchronize"]},{"cards_removed":["construct:Strike_Gold"],"damage_healed":0,"gold_gain":0,"player_choice":"Card Removal","damage_taken":7,"max_hp_gain":0,"max_hp_loss":0,"event_name":"Golden Wing","floor":14,"gold_loss":0},{"damage_healed":0,"gold_gain":100,"player_choice":"Pray","damage_taken":0,"max_hp_gain":0,"max_hp_loss":0,"event_name":"Golden Shrine","floor":22,"gold_loss":0}],"is_beta":false,"boss_relics":[{"not_picked":["Runic Pyramid","Philosopher\u0027s Stone"],"picked":"construct:WeddingRing"},{"not_picked":[]}],"items_purged_floors":[13,20],"is_endless":false,"potions_floor_spawned":[2,4,7,11,16,27,28],"killed_by":"Gremlin Leader","ascension_level":0}}