{"host":"kq2g769nefmuyn7c","time":1613925279,"event":{"mods":["ATMod(°¢èªMod)","Act Like it!","BaseMod","Gensokyo","Koishi","Minty Spire (QoL Compilation)","Remilia£¨ÀÙÃ×ÀòÑÇ£©","Replay The Spire","StSLib","The Servant 0.9.4"],"gold_per_floor":[115,115,115,134,151,177,177,202,202,42,72,72,92,125,125,199,199,212,212,231,245,259,259,275,305,305,336,336,336,640,640,671,671,671,745,745,759,947,947,947,947,947,974,987,1010,1044,308,308,746,746,746,746,746,746,156,186,186],"floor_reached":58,"language":"ZHS","playtime":3465,"items_purged":["Strike_RM","Strike_RM"],"score":2277,"play_id":"093e7fb3-001a-4800-896b-cc05ce339c4a","local_time":"20210222003439","is_ascension_mode":true,"campfire_choices":[{"data":"RedMoon","floor":7.0,"key":"SMITH"},{"data":"TricksterDevil","floor":15.0,"key":"SMITH"},{"data":"NightLord","floor":23.0,"key":"SMITH"},{"data":"BloodyHallows","floor":31.0,"key":"SMITH"},{"floor":34.0,"key":"RECALL"},{"data":"Gensokyo:UnlikelyAid","floor":42.0,"key":"SMITH"},{"data":"Gensokyo:PrivateSquare","floor":51,"key":"SMITH"},{"data":"DiffusionOfMisfortune","floor":54,"key":"SMITH"}],"circlet_count":0,"master_deck":["AscendersBane","Strike_RM","Strike_RM","Defend_RM","Defend_RM","Defend_RM","Defend_RM","RedMoon+1","ScarletShoot","AT_MachinaRedman+1","NightLord+1","TricksterDevil+1","VampireKiss","TransientEternity","AbeCurse","ScarletDevilSign","ScarletNetherworld","DiffusionOfMisfortune+1","TransientEternity","GlobalNightmare+1","BloodyHallows+1","QueenOfMidnight","RedNightlessCastle+1","Gensokyo:MissMary","BloodyCatastrophe","AfternoonTea+1","CommonCold","Gensokyo:UnlikelyAid+1","ScarletImprint+1","ReincarnationDial+1","Gensokyo:PrivateSquare+1","Pride","BlasphemousPunishment+1","Gensokyo:MedicineKit"],"relics":["ScarletHat","AT_ATBox","Gensokyo:OccultBall","Mirror","Replay:Bottled Steam","Bronze Scales","Nilry\u0027s Codex","Iron Hammer","Mercury Hourglass","Snack Pack","Abe\u0027s Treasure","AT_PhaseBoots","StrikeDummy","AT_BellowingDragoncrestRing","Sozu","ReplayTheSpireMod:Ring of Collecting","Ring of Panic","Gremlin Food","Ring of Searing","MealTicket","Ornamental Fan","Thread and Needle","OrangePellets","Juzu Bracelet","Replay:Wax Seal","Ginger","Bag of Marbles","Replay:Bottled Snecko"],"acts_visited":["Gensokyo:Gensokyo","Gensokyo:Gensokyoer","Gensokyo:Gensokyoest","TheEnding"],"potions_floor_usage":[57],"damage_taken":[{"damage":0.0,"enemies":"Gensokyo:2_Kodama","floor":1.0,"turns":2.0},{"damage":0.0,"enemies":"Gensokyo:Python","floor":4.0,"turns":1.0},{"damage":0.0,"enemies":"Gensokyo:3_Fairies","floor":5.0,"turns":6.0},{"damage":0.0,"enemies":"Gensokyo:Aya","floor":6.0,"turns":3.0},{"damage":26.0,"enemies":"Gensokyo:Cirno","floor":8.0,"turns":7.0},{"damage":5.0,"enemies":"Gensokyo:Mamizou","floor":11.0,"turns":6.0},{"damage":0.0,"enemies":"Gensokyo:3_Kodama","floor":13.0,"turns":3.0},{"damage":0.0,"enemies":"Gensokyo:Cirno","floor":14.0,"turns":5.0},{"damage":10.0,"enemies":"Gensokyo:Kokoro","floor":16.0,"turns":8.0},{"damage":0.0,"enemies":"Gensokyo:2_Gloops","floor":18.0,"turns":4.0},{"damage":13.0,"enemies":"Gensokyo:CosmicMonolith","floor":20.0,"turns":4.0},{"damage":8.0,"enemies":"Gensokyo:Chomper_and_Gloop","floor":21.0,"turns":3.0},{"damage":0.0,"enemies":"Gensokyo:Monolith_and_Dog","floor":22.0,"turns":1.0},{"damage":21.0,"enemies":"Gensokyo:Slime_Group","floor":24.0,"turns":4.0},{"damage":31.0,"enemies":"Gensokyo:Tenshi","floor":25.0,"turns":3.0},{"damage":1.0,"enemies":"Gensokyo:Koishi","floor":27.0,"turns":3.0},{"damage":30.0,"enemies":"Gensokyo:3_Gloops","floor":30.0,"turns":3.0},{"damage":52.0,"enemies":"Gensokyo:Tenshi","floor":32.0,"turns":3.0},{"damage":35.0,"enemies":"Gensokyo:Kaguya","floor":35.0,"turns":7.0},{"damage":0.0,"enemies":"Gensokyo:AncientGuardian","floor":37.0,"turns":3.0},{"damage":24.0,"enemies":"Gensokyo:AncientGuardian","floor":40.0,"turns":6.0},{"damage":10.0,"enemies":"Gensokyo:Doremy","floor":43.0,"turns":5.0},{"damage":6.0,"enemies":"Gensokyo:3_Boulders","floor":44.0,"turns":3.0},{"damage":3.0,"enemies":"Gensokyo:Kasen","floor":46.0,"turns":4.0},{"damage":35,"enemies":"Gensokyo:Marisa","floor":49,"turns":3},{"damage":21,"enemies":"Gensokyo:Yuyuko","floor":52,"turns":3},{"damage":32,"enemies":"Shield and Spear","floor":56,"turns":5},{"damage":31,"enemies":"The Heart","floor":57,"turns":4}],"seed_played":"-7030422686413924166","potions_obtained":[{"floor":4.0,"key":"Reflective Coating"},{"floor":8.0,"key":"Elixir"},{"floor":13.0,"key":"Swift Potion"},{"floor":20.0,"key":"PowerPotion"},{"floor":25.0,"key":"SkillPotion"}],"is_trial":false,"path_per_floor":["M","?","?","M","M","E","R","E","T","?","E","T","M","E","R","B",null,"M","?","M","M","M","R","M","E","T","E","PTL","PTL","M","R","E","?","R","B",null,"M","?","?","?","?","R","E","M","T","E","$","?","E","?","R","B",null,"R","$","E","B",null],"character_chosen":"REMILIA","items_purchased":["Thread and Needle","OrangePellets","Juzu Bracelet","Ginger","Bag of Marbles"],"campfire_rested":0,"item_purchase_floors":[47,47,47,55,55],"current_hp_per_floor":[47,47,47,47,47,50,50,30,30,30,28,28,28,36,36,40,63,65,65,61,70,70,70,57,40,40,59,59,59,61,61,31,31,31,41,57,62,38,38,38,26,26,41,42,42,52,62,62,62,62,62,62,63,63,63,59,63],"gold":186,"neow_bonus":"RANDOM_COLORLESS_2","is_daily":false,"chose_seed":false,"campfire_upgraded":7,"win_rate":0.0,"timestamp":1613925279,"path_taken":["M","?","?","M","?","E","R","E","T","?","E","?","M","E","R","BOSS","M","?","M","M","M","R","M","E","T","E","PTL","PTL","M","R","E","?","R","BOSS","M","?","?","?","?","R","E","M","T","E","?","?","E","?","R","BOSS","R","$","E","BOSS"],"items_purchased_type":["Relic","Relic","Relic","Relic","Relic"],"build_version":"2020-12-22","purchased_purges":2,"victory":true,"max_hp_per_floor":[70,70,70,70,70,70,70,70,70,70,70,70,70,70,70,70,70,70,70,70,70,70,70,70,70,70,70,70,70,70,70,70,62,62,62,62,62,62,62,62,62,62,62,62,62,62,62,62,62,62,62,63,63,63,63,63,63],"card_choices":[{"not_picked":["ReplayTheSpireMod:Brewmster","Metamorphosis"],"picked":"ReplayTheSpireMod:Necrogeddon","floor":0.0},{"not_picked":["FavorOfDestiny","CharismaGuard","RedRainbow"],"picked":"SKIP","floor":1.0},{"not_picked":["UltimateOffering","EmergencyRegeneration","BombardNight"],"picked":"SKIP","floor":4.0},{"not_picked":["BlasphemousPunishment","ScarletDevil","BombardNight"],"picked":"SKIP","floor":5.0},{"not_picked":["DiffusionOfMisfortune","FavorOfDestiny"],"picked":"NightLord","floor":6.0},{"not_picked":["ScarletDevil","StarOfDavid","BloodyTrap"],"picked":"SKIP","floor":8.0},{"not_picked":["UnstableMagic","NightDance"],"picked":"TricksterDevil","floor":11.0},{"not_picked":["BombardNight","RedRainbow","UnderTheZenith"],"picked":"SKIP","floor":13.0},{"not_picked":["NightDance","StarOfDavid"],"picked":"VampireKiss","floor":14.0},{"not_picked":["EquivalentExchange","ForecastOfChange"],"picked":"TransientEternity","floor":16.0},{"not_picked":["NightDance","ForbiddenFruit"],"picked":"ScarletDevilSign","floor":18.0},{"not_picked":["ReincarnationDial","ScarletImprint","RedMagic"],"picked":"SKIP","floor":20.0},{"not_picked":["VampireKiss","ScarletImprint"],"picked":"DiffusionOfMisfortune","floor":21.0},{"not_picked":["EndlessAdversity","FavorOfDestiny"],"picked":"TransientEternity","floor":22.0},{"not_picked":["FavorOfDestiny","BlasphemousPunishment"],"picked":"GlobalNightmare+1","floor":24.0},{"not_picked":["Septette","MastersStateliness"],"picked":"BloodyHallows","floor":25.0},{"not_picked":["ScarletDevil","VampireKiss"],"picked":"QueenOfMidnight","floor":27.0},{"not_picked":["ScarletDevil","EndlessAdversity","StarOfDavid"],"picked":"SKIP","floor":30.0},{"not_picked":["TwelveNightmare","VampireKiss"],"picked":"RedNightlessCastle+1","floor":32.0},{"not_picked":["Gensokyo:Apocalypse","Gensokyo:TekeTeke"],"picked":"Gensokyo:MissMary","floor":33.0},{"not_picked":["CurseOfVladTepes","ForecastOfChange"],"picked":"BloodyCatastrophe","floor":35.0},{"not_picked":["ScarletImprint","StarOfDavid","NightDance"],"picked":"SKIP","floor":37.0},{"not_picked":["EmergencyRegeneration","LeisurelyOfLord"],"picked":"AfternoonTea+1","floor":38.0},{"not_picked":["Gensokyo:DreamlikeParadise","Gensokyo:HouraiInAPot"],"picked":"Gensokyo:UnlikelyAid","floor":40.0},{"not_picked":["Maim","Ultimatum","HellCatastrophe"],"picked":"SKIP","floor":43.0},{"not_picked":["UnderTheZenith","BloodHunter"],"picked":"ScarletImprint+1","floor":44.0},{"not_picked":["ReincarnationDial+1","DiffusionOfMisfortune","DevilSight"],"picked":"SKIP","floor":46.0},{"not_picked":["DiffusionOfMisfortune","DevilSight"],"picked":"ReincarnationDial+1","floor":46.0},{"not_picked":["EndlessAdversity","ScarletNetherworld"],"picked":"BlasphemousPunishment+1","floor":49},{"not_picked":["StarOfDavid","ScarletDevil+1","FavorOfDestiny"],"picked":"SKIP","floor":56}],"player_experience":309143,"relics_obtained":[{"floor":4.0,"key":"Gensokyo:OccultBall"},{"floor":6.0,"key":"Mirror"},{"floor":8.0,"key":"Replay:Bottled Steam"},{"floor":9.0,"key":"Bronze Scales"},{"floor":11.0,"key":"Iron Hammer"},{"floor":12.0,"key":"Mercury Hourglass"},{"floor":14.0,"key":"Snack Pack"},{"floor":16.0,"key":"Gensokyo:OccultBall"},{"floor":25.0,"key":"AT_SpeedBoots"},{"floor":27.0,"key":"StrikeDummy"},{"floor":32.0,"key":"AT_BellowingDragoncrestRing"},{"floor":35.0,"key":"Gensokyo:OccultBall"},{"floor":39.0,"key":"ReplayTheSpireMod:Ring of Collecting"},{"floor":39.0,"key":"Ring of Panic"},{"floor":43.0,"key":"Gremlin Food"},{"floor":45.0,"key":"Ring of Searing"},{"floor":45.0,"key":"MealTicket"},{"floor":46.0,"key":"Ornamental Fan"},{"floor":49,"key":"Replay:Wax Seal"},{"floor":56,"key":"Replay:Bottled Snecko"}],"event_choices":[],"is_beta":false,"boss_relics":[{"not_picked":["Runic Pyramid","Runic Dome"],"picked":"Abe\u0027s Treasure"},{"not_picked":["Velvet Choker","AT_MortalBlade"],"picked":"Sozu"}],"items_purged_floors":[47,55],"is_endless":false,"potions_floor_spawned":[4,8,13,14,20,21,22,25,43,44],"ascension_level":18}}