{"host":"fortuna","time":1613926938,"event":{"mods":["100% Spire Juice","Act Like it!","BaseMod","CapriCore","Gensokyo","Hallownest","Koishi","Minty Spire (QoL Compilation)","MostiFishMod","Reimu£®≤©¿ˆ¡È√Œ£©","Relic Stats","StSLib","The Alterego","The Animator","The Bug Knight","The Immortal","The Senshi","Waifu the Spire","Yakumo Yukari mod"],"gold_per_floor":[113,113,3,3,22,54,54,83,136,136,136],"floor_reached":10,"language":"ZHS","playtime":265,"items_purged":[],"score":121,"play_id":"085cbc3e-61c7-45ff-a4f6-279f7067de38","local_time":"20210222010218","is_ascension_mode":true,"campfire_choices":[{"data":"Moonworks:RagingMadness","floor":7,"key":"SMITH"}],"circlet_count":0,"master_deck":["Moonworks:Strike","Moonworks:Strike","Moonworks:Defend","Moonworks:Defend","Moonworks:Defend","Moonworks:Ambush","Moonworks:LongDistanceShot","Moonworks:AwakeningOfTalent","Moonworks:FullSpeedAlicianrone","Moonworks:RagingMadness+1","Moonworks:Dash","Moonworks:Heat300Percent","Moonworks:MiracleRedBeanIceCream","Moonworks:StiffCrystal"],"relics":["Moonworks:BrokenBomb","Moonworks:Homemark","DaveBox","NeowsBlessing","SynthV:TestCard","SynthV","Gremlin Horn","Centennial Puzzle","theSenshi:SailorFukuRelic"],"acts_visited":["Gensokyo:Gensokyo"],"potions_floor_usage":[],"damage_taken":[{"damage":0,"enemies":"Gensokyo:Gryphon","floor":1,"turns":1},{"damage":0,"enemies":"Gensokyo:3_Fairies","floor":3,"turns":1},{"damage":0,"enemies":"Gensokyo:2_Kodama","floor":5,"turns":1},{"damage":7,"enemies":"Gensokyo:Aya","floor":6,"turns":6},{"damage":0,"enemies":"Gensokyo:Mamizou","floor":8,"turns":4},{"damage":999,"enemies":"Gensokyo:Cirno","floor":10,"turns":2}],"seed_played":"5164202850350834064","potions_obtained":[{"floor":1,"key":"SkillPotion"},{"floor":5,"key":"AttackPotion"}],"is_trial":false,"path_per_floor":["M","?","M","?","M","E","R","E","T","E"],"character_chosen":"THE_STARBREAKER","items_purchased":[],"campfire_rested":0,"item_purchase_floors":[],"current_hp_per_floor":[60,36,36,36,36,29,29,34,34,0,0],"gold":136,"neow_bonus":"THREE_ENEMY_KILL","is_daily":false,"chose_seed":false,"campfire_upgraded":1,"win_rate":0.0,"timestamp":1613926938,"path_taken":["M","?","?","?","M","E","R","E","T","E"],"items_purchased_type":[],"build_version":"2020-12-18","purchased_purges":0,"victory":false,"max_hp_per_floor":[60,60,60,60,60,60,60,60,60,60,60],"relic_stats":{"Centennial Puzzle":[0],"Gremlin Horn":[3,3],"counters":[6,15],"obtain_stats":[{"Centennial Puzzle":8,"SynthV:TestCard":1,"DaveBox":0,"NeowsBlessing":0,"Gremlin Horn":6,"SynthV":1,"Moonworks:Homemark":0,"theSenshi:SailorFukuRelic":9,"Moonworks:BrokenBomb":0},{"Centennial Puzzle":5,"SynthV:TestCard":1,"DaveBox":0,"NeowsBlessing":0,"Gremlin Horn":4,"SynthV":1,"Moonworks:Homemark":0,"theSenshi:SailorFukuRelic":5,"Moonworks:BrokenBomb":0},{"Centennial Puzzle":13,"SynthV:TestCard":1,"DaveBox":0,"NeowsBlessing":0,"Gremlin Horn":9,"SynthV":1,"Moonworks:Homemark":0,"theSenshi:SailorFukuRelic":13,"Moonworks:BrokenBomb":0}]},"card_choices":[{"not_picked":["Moonworks:Dinner","Moonworks:CastOff"],"picked":"Moonworks:AwakeningOfTalent","floor":1},{"not_picked":["Moonworks:BigMagnum","Moonworks:SakisCookie","Moonworks:NicePresent","Moonworks:ImOnFire"],"picked":"Moonworks:FullSpeedAlicianrone","floor":3},{"not_picked":["Moonworks:AwakeningOfTalent","Moonworks:CloudOfSeagulls","Moonworks:BeyondHell","Moonworks:ImOnFire"],"picked":"Moonworks:RagingMadness","floor":4},{"not_picked":["Moonworks:ImOnFire","Moonworks:CloudOfSeagulls","Moonworks:CastOff","Moonworks:IntelligenceOfficer"],"picked":"Moonworks:Dash","floor":4},{"not_picked":["Moonworks:SakisCookie","Moonworks:IndiscriminateFireSupport","Moonworks:JonathanRush","Moonworks:RagingMadness"],"picked":"Moonworks:Heat300Percent","floor":5},{"not_picked":["Moonworks:ImOnFire","Moonworks:LulusLuckyEgg","Moonworks:IndiscriminateFireSupport","Moonworks:StiffCrystal"],"picked":"Moonworks:MiracleRedBeanIceCream","floor":6},{"not_picked":["Moonworks:LulusLuckyEgg","Moonworks:RagingMadness","Moonworks:CookingTime","Moonworks:SakisCookie"],"picked":"Moonworks:StiffCrystal","floor":8}],"player_experience":386936,"relics_obtained":[{"floor":1,"key":"SynthV:TestCard"},{"floor":6,"key":"Gremlin Horn"},{"floor":8,"key":"Centennial Puzzle"},{"floor":9,"key":"theSenshi:SailorFukuRelic"}],"event_choices":[],"is_beta":true,"boss_relics":[],"items_purged_floors":[],"is_endless":false,"potions_floor_spawned":[1,5],"killed_by":"Gensokyo:Cirno","ascension_level":5}}