{"host":"6cobn2zu43e930v9","time":1613885840,"event":{"mods":["Act Like it!","BaseMod","Colored Map","Gensokyo","Hubris","Marisa£¨ìFÓê¡¡Ä§ÀíÉ³£©","Minty Spire (QoL Compilation)","MostiFishMod","Reimu£¨²©ÀöÁéÃÎ£©","Reliquary","Remilia£¨ÀÙÃ×ÀòÑÇ£©","Replay The Spire","RumiaBox-Â¶Ã×æ«µÄÉñÃØºÐ×Ó","Shop Mod","StSLib","SuperFastMode","TestMod","The Marked","Waifu the Spire","[IsaacMod]ÒÔÈö¼âËþ"],"gold_per_floor":[112,126,140,140,65,99,49,84,111,111,144,161,161,173,173,272,272,288,94,113,128,147,182,182,182,182,211,167,184,184,216,216,347,347,273,273,298,337,388,388,452,518,518,0,67,119,119,119,119,19,19,29,29,29,29,100,120],"floor_reached":58,"language":"ZHS","playtime":1631,"items_purged":["Defend_R","Strike_R","Defend_R","hubris:Wrath","Strike_R","Fire Breathing+1","MostiFishMod:WingOfPhoenix+1"],"score":1567,"play_id":"107141aa-f80d-4e55-99d1-5fc646eb5e15","local_time":"20210221133720","is_ascension_mode":true,"campfire_choices":[{"floor":10,"key":"RECALL"},{"data":"Fire Breathing","floor":13,"key":"SMITH"},{"floor":15,"key":"DIG"},{"data":"Seeing Red","floor":24,"key":"SMITH"},{"data":"MostiFishMod:WingOfPhoenix","floor":30,"key":"SMITH"},{"data":"Strike_R","floor":32,"key":"PURGE"},{"data":"Madness","floor":40,"key":"SMITH"},{"floor":47,"key":"REST"},{"floor":51,"key":"DIG"},{"data":"Sword Boomerang","floor":54,"key":"SMITH"}],"circlet_count":0,"master_deck":["Defend_R+2","Defend_R+2","Bash","Seeing Red+1","hubris:SharpeningStone","Limit Break+1","Flex","Inflame","testmod-FightingIntention+1","Juggernaut+1","Clothesline+1","Madness","Madness+1","testmod-ChaoticCore+1","MostiFishMod:BrandingRite+1","Pommel Strike+1","Sword Boomerang+1","Reaper+1","Heavy Blade+1"],"relics":["Burning Blood","testmod-TestBox","HushsDoor","DaveBox","BirthdayGift-Tetrahedron","NeowsBlessing","SynthV:TestCard","reliquary:Knoch","testmod-Laevatain","Blue Doll","Busted Crown","Baka2","MerchantsRug","BrkXgEgg","BirthdayGift-Tetrahedron","Vajra","DiscerningMonocle","Eternal Feather","Strawberry","Replay:Bandana","reliquary:Ember","SatanicBible","InkBottle","Ying","Mango","Bronze Scales","Happy Flower","PlanX","Brimstone","Frozen Egg 2","Red Mask","hubris:Potato","reliquary:PorcupineQuills","Membership Card","hubris:Zylophone","King of Hearts","Letter Opener","TentaclePot:ReiMu","Simple Rune"],"acts_visited":["Exordium","TheCity","TheBeyond","TheEnding"],"potions_floor_usage":[52,57,57,57,57,57,57,57],"damage_taken":[{"damage":0,"enemies":"Cultist","floor":1,"turns":1},{"damage":0,"enemies":"Small Slimes","floor":2,"turns":1},{"damage":0,"enemies":"Jaw Worm","floor":3,"turns":1},{"damage":7,"enemies":"3 Sentries","floor":6,"turns":3},{"damage":90,"enemies":"Gremlin Nob","floor":8,"turns":7},{"damage":8,"enemies":"Replay:BlueRogue","floor":11,"turns":2},{"damage":12,"enemies":"Large Slime","floor":12,"turns":4},{"damage":6,"enemies":"3 Louse","floor":14,"turns":2},{"damage":9,"enemies":"The Guardian","floor":16,"turns":4},{"damage":4,"enemies":"Shell Parasite","floor":18,"turns":2},{"damage":0,"enemies":"Spheric Guardian","floor":20,"turns":1},{"damage":8,"enemies":"Centurion and Healer","floor":21,"turns":5},{"damage":25,"enemies":"Cultist and Chosen","floor":22,"turns":3},{"damage":4,"enemies":"Book of Stabbing","floor":23,"turns":2},{"damage":1,"enemies":"Slavers","floor":27,"turns":1},{"damage":4,"enemies":"Snake Plant","floor":29,"turns":2},{"damage":2,"enemies":"Gremlin Leader","floor":31,"turns":1},{"damage":37,"enemies":"hubris:MusketHawk","floor":33,"turns":4},{"damage":10,"enemies":"3 Shapes","floor":35,"turns":2},{"damage":46,"enemies":"3 Darklings","floor":38,"turns":4},{"damage":10,"enemies":"Maw","floor":39,"turns":3},{"damage":25,"enemies":"Giant Head","floor":41,"turns":3},{"damage":18,"enemies":"Jaw Worm Horde","floor":45,"turns":1},{"damage":12,"enemies":"hubris:GrandSnecko","floor":52,"turns":2},{"damage":2,"enemies":"Shield and Spear","floor":56,"turns":2},{"damage":4,"enemies":"The Heart","floor":57,"turns":4}],"seed_played":"7834888879845474176","potions_obtained":[{"floor":12,"key":"BlessingOfTheForge"},{"floor":16,"key":"Venom Potion"},{"floor":20,"key":"Weak Potion"},{"floor":21,"key":"Regen Potion"},{"floor":23,"key":"Adrenaline Potion"},{"floor":33,"key":"MagicPotion:ReiMu"},{"floor":56,"key":"Swift Potion"}],"is_trial":false,"path_per_floor":["M","M","M","?","$","E","?","E","T","R","E","M","R","M","R_BF","B",null,"M","$","M","M","M","E","R","?","T","E","$","M","R","E","R_BF","B",null,"M","?","$","M","M","R","E","$","T","?","M","?","R","PTL","PTL","$","R_BF","B",null,"R","$","E","B",null],"character_chosen":"IRONCLAD","items_purchased":["MerchantsRug","BrkXgEgg","DiscerningMonocle","Eternal Feather","Strawberry","Inflame","testmod-FightingIntention+1","Fire Potion","SatanicBible","InkBottle","Ying","testmod-ChaoticCore+1","testmod-TestPotion","MostiFishMod:BrandingRite+1","Happy Flower","PlanX","Brimstone","testmod-TestPotion","Adrenaline Potion","EntropicBrew","hubris:Potato","reliquary:PorcupineQuills","Membership Card","Reaper+1","King of Hearts","Letter Opener","TentaclePot:ReiMu"],"campfire_rested":1,"item_purchase_floors":[19,19,28,28,28,28,28,28,37,37,37,37,37,37,42,42,42,42,42,42,50,50,50,50,55,55,55],"current_hp_per_floor":[80,80,80,80,80,80,80,45,45,45,44,50,50,54,54,54,80,80,80,80,62,43,45,45,45,45,50,57,59,65,74,80,49,96,92,80,80,40,50,59,40,40,40,40,28,21,63,63,63,63,72,66,110,110,110,110,110],"gold":120,"neow_bonus":"THREE_ENEMY_KILL","is_daily":false,"chose_seed":false,"campfire_upgraded":5,"win_rate":0.0,"timestamp":1613885840,"path_taken":["M","?","M","?","$","E","?","E","T","R","E","M","R","M","R_BF","BOSS","M","$","?","M","M","E","R","?","T","E","$","M","R","E","R_BF","BOSS","M","?","$","?","M","R","E","$","T","?","M","?","R","PTL","PTL","$","R_BF","BOSS","R","$","E","BOSS"],"items_purchased_type":["Relic","Relic","Relic","Relic","Relic","Card","Card","Potion","Relic","Relic","Relic","Card","Potion","Card","Relic","Relic","Relic","Potion","Potion","Potion","Relic","Relic","Relic","Card","Relic","Relic","Relic"],"build_version":"2020-12-22","purchased_purges":7,"victory":true,"max_hp_per_floor":[80,80,80,80,80,80,80,80,80,80,80,80,80,80,80,80,80,80,80,80,89,89,89,89,89,89,89,96,96,96,96,96,96,96,96,96,96,96,110,110,110,110,110,110,110,110,110,110,110,110,110,110,110,110,110,110,110],"card_choices":[{"not_picked":["Immolate","Body Slam","Wild Strike"],"picked":"SKIP","floor":1},{"not_picked":["Warcry","hubris:ReadiedAction","Iron Wave","Sword Boomerang","Pommel Strike"],"picked":"SKIP","floor":2},{"not_picked":["hubris:CleavingFinish","Clothesline","Dark Embrace","Havoc","MostiFishMod:Chiaki"],"picked":"SKIP","floor":3},{"not_picked":["Dual Wield","Infernal Blade","MostiFishMod:FlyOverUtopia","Havoc"],"picked":"Seeing Red","floor":6},{"not_picked":["Ghostly Armor","Combust","Body Slam","True Grit","Carnage"],"picked":"SKIP","floor":8},{"not_picked":["Thunderclap","Replay:Undeath\u0027s Touch","Heavy Blade","Clothesline"],"picked":"Bomb","floor":11},{"not_picked":["Clothesline","Twin Strike","Uppercut","MostiFishMod:PerfectStrikeMKII","Evolve"],"picked":"SKIP","floor":12},{"not_picked":["Perfected Strike","Cleave","Abandon","Warcry"],"picked":"Bomb","floor":14},{"not_picked":["Immolate","Exhume","MostiFishMod:FireWorks","MostiFishMod:UltimateDefense"],"picked":"MostiFishMod:WingOfPhoenix","floor":16},{"not_picked":["Replay:Undeath\u0027s Touch","Perfected Strike","Shrug It Off"],"picked":"SKIP","floor":18},{"not_picked":["Whirlwind","Clothesline+1","Flex+1"],"picked":"SKIP","floor":20},{"not_picked":["Burning Pact+1","Body Slam"],"picked":"hubris:SharpeningStone","floor":21},{"not_picked":["Infernal Blade","Dual Wield"],"picked":"Limit Break+1","floor":22},{"not_picked":["Life Link","Sentinel"],"picked":"Flex","floor":23},{"not_picked":["Disarm","Replay:Undeath\u0027s Touch","Massacre"],"picked":"SKIP","floor":27},{"not_picked":["Clash","Searing Blow","Rampage+1"],"picked":"SKIP","floor":29},{"not_picked":["Sentinel","Abandon","Metallicize"],"picked":"SKIP","floor":31},{"not_picked":["MostiFishMod:Mania+1","MostiFishMod:NewArrival+1"],"picked":"Juggernaut+1","floor":33},{"not_picked":["Hemokinesis+1","Wild Strike","Clash"],"picked":"SKIP","floor":35},{"not_picked":["Battle Trance","Clash+1"],"picked":"Infernal Blade+1","floor":38},{"not_picked":["Shrug It Off+1","Wild Strike"],"picked":"Pommel Strike+1","floor":39},{"not_picked":["Rupture+1","Wild Strike"],"picked":"Sword Boomerang","floor":41},{"not_picked":["Iron Wave","Clothesline+1","Cleave"],"picked":"SKIP","floor":45},{"not_picked":["Armaments+1","Feed+1"],"picked":"Heavy Blade+1","floor":56}],"player_experience":351162,"relics_obtained":[{"floor":1,"key":"Baka"},{"floor":1,"key":"SynthV:TestCard"},{"floor":6,"key":"reliquary:Knoch"},{"floor":8,"key":"Omamori"},{"floor":11,"key":"testmod-Laevatain"},{"floor":15,"key":"Blue Doll"},{"floor":18,"key":"Baka2"},{"floor":22,"key":"BirthdayGift-Tetrahedron"},{"floor":23,"key":"War Paint"},{"floor":26,"key":"testmod-Brilliant"},{"floor":27,"key":"Vajra"},{"floor":31,"key":"Replay:Bandana"},{"floor":39,"key":"Mango"},{"floor":41,"key":"Bronze Scales"},{"floor":43,"key":"Frozen Egg 2"},{"floor":51,"key":"hubris:Zylophone"},{"floor":56,"key":"Simple Rune"}],"event_choices":[{"cards_removed":["Strike_R"],"damage_healed":0,"gold_gain":0,"player_choice":"Card Removal","damage_taken":0,"max_hp_gain":0,"max_hp_loss":0,"event_name":"The Cleric","floor":7,"gold_loss":50},{"damage_healed":0,"gold_gain":0,"player_choice":"Ignored","damage_taken":0,"max_hp_gain":0,"max_hp_loss":0,"event_name":"Ghosts","floor":25,"gold_loss":0},{"damage_healed":0,"gold_gain":0,"player_choice":"Embrace Madness","damage_taken":12,"max_hp_gain":0,"max_hp_loss":0,"event_name":"Winding Halls","floor":36,"gold_loss":0,"cards_obtained":["Madness","Madness"]},{"damage_healed":0,"gold_gain":0,"player_choice":"Paid","damage_taken":0,"relics_obtained":["Red Mask"],"max_hp_gain":0,"max_hp_loss":0,"event_name":"Tomb of Lord Red Mask","floor":44,"gold_loss":518}],"is_beta":false,"boss_relics":[{"not_picked":["SacredBark","reliquary:Craggleroot"],"picked":"Busted Crown"},{"not_picked":[]},{"not_picked":["testmod-Nine","GuanYuAspect"],"picked":"reliquary:Ember"},{"not_picked":[]}],"items_purged_floors":[5,19,28,37,42,50,55],"is_endless":false,"potions_floor_spawned":[6,12,16,20,21,23,29,33,38,56],"ascension_level":1}}