{"host":"y9t3brv5y5t41vuj","time":1613916029,"event":{"mods":["AchievementEnabler","BaseMod","BetterRewards","Block Reminder","Colored Map","Colored Powertips","Conspire","Highlight Path","Hubris","Infinite Spire","Minty Spire (QoL Compilation)","Quick Restart","Replay The Spire","Shop Mod","StSLib","SuperFastMode","Unceasing Turn Reminder"],"gold_per_floor":[112,125,135,135,135,162,162,173,173,173,236,96,96,171,171,272,322,334,354,354,370,295,295,125,137,187,218,218,251,251,104,104,209,209,241,271,25,39,0,0,0,0,23,23,57,107,107,107,107,107],"floor_reached":51,"language":"ENG","playtime":1138,"items_purged":["Strike_R","Defend_R","Defend_R","Regret"],"score":1207,"play_id":"a6928f1e-bb0d-4856-91e0-a0a3e86aa112","local_time":"20210221150029","is_ascension_mode":false,"campfire_choices":[{"floor":7,"key":"REST"},{"data":"Fire Breathing","floor":10,"key":"SMITH"},{"floor":15,"key":"REST"},{"floor":23,"key":"DIG"},{"floor":32,"key":"REST"},{"data":"Dark Embrace","floor":40,"key":"SMITH"},{"data":"Madness","floor":42,"key":"SMITH"},{"floor":47,"key":"DIG"}],"circlet_count":0,"master_deck":["Strike_R+1","Bash","Power Through","Dark Embrace+1","Cleave","Fire Breathing+1","Wild Strike+1","Wild Strike","Battle Trance+1","Dual Wield+1","True Grit+1","Inflame","Metallicize","infinitespire:Collect","Burning Pact","Offering","Madness+1","Madness+1","Hallucinations","Burning Pact"],"relics":["Burning Blood","Mummified Hand","Juzu Bracelet","Happy Flower","Art of War","Shovel","MerchantsRug","Blood Vial","Ancient Tea Set","Bronze Scales","Mercury Hourglass","Vajra","MutagenicStrength","Prayer Wheel","infinitespire:EvilPickle","Coffee Dripper","War Paint","Red Mask","Potion Belt","Ring of Chaos","Paper Frog","Mango","StoneCalendar","The Courier"],"acts_visited":["TheCity","TheBeyond"],"potions_floor_usage":[16,29,29],"damage_taken":[{"damage":1,"enemies":"Jaw Worm","floor":1,"turns":5},{"damage":5,"enemies":"Small Slimes","floor":2,"turns":3},{"damage":0,"enemies":"2 Louse","floor":3,"turns":2},{"damage":22,"enemies":"Gremlin Nob","floor":6,"turns":4},{"damage":8,"enemies":"Lots of Slimes","floor":8,"turns":3},{"damage":4,"enemies":"3 Sentries","floor":11,"turns":4},{"damage":24,"enemies":"Hexaghost","floor":16,"turns":7},{"damage":20,"enemies":"2 Thieves","floor":18,"turns":4},{"damage":15,"enemies":"3 Byrds","floor":19,"turns":5},{"damage":0,"enemies":"3 Cultists","floor":21,"turns":3},{"damage":21,"enemies":"Centurion and Healer","floor":25,"turns":3},{"damage":19,"enemies":"Slavers","floor":27,"turns":3},{"damage":59,"enemies":"Nightmare","floor":29,"turns":6},{"damage":26,"enemies":"Pondfish","floor":33,"turns":6},{"damage":2,"enemies":"3 Darklings","floor":35,"turns":2},{"damage":2,"enemies":"3 Shapes","floor":36,"turns":2},{"damage":19,"enemies":"Maw","floor":38,"turns":4},{"damage":10,"enemies":"Giant Head","floor":45,"turns":5},{"damage":15,"enemies":"Mind Bloom Boss Battle","floor":46,"turns":5},{"damage":69,"enemies":"Donu and Deca","floor":50,"turns":7}],"seed_played":"2878941458321894573","potions_obtained":[{"floor":2,"key":"Adrenaline Potion"},{"floor":8,"key":"PowerPotion"},{"floor":13,"key":"HeartOfIron"},{"floor":16,"key":"LiquidMemories"},{"floor":29,"key":"Block Potion"},{"floor":33,"key":"Elixir"},{"floor":36,"key":"Regen Potion"},{"floor":38,"key":"Weak Potion"}],"is_trial":false,"path_per_floor":["M","M","M","?","?","E","R","M","T","R","?","$","?","?","R","B",null,"M","M","AVR","M","?","R","$","M","T","E","?","NM","?","$","R","B",null,"M","M","$","M","?","R","?","R","T","?","E","?","R","AVR","R_BF","B",null],"character_chosen":"IRONCLAD","items_purchased":["Mummified Hand","Orrery","Juzu Bracelet","Fire Breathing","Wild Strike+1","Happy Flower","MerchantsRug","Metallicize","Prayer Wheel","War Paint"],"campfire_rested":3,"item_purchase_floors":[0,0,0,0,0,0,12,24,31,37],"current_hp_per_floor":[48,49,55,55,48,32,56,54,54,54,56,56,56,45,69,51,85,71,62,62,68,68,68,68,55,55,44,44,38,38,38,63,45,85,85,85,85,72,72,72,61,61,61,61,59,66,66,66,95,34],"gold":107,"neow_bonus":"","is_daily":false,"chose_seed":false,"campfire_upgraded":3,"win_rate":0.0,"timestamp":1613916029,"path_taken":["M","M","M","?","?","E","R","M","T","R","?","$","?","?","R","BOSS","M","M","AVR","M","?","R","$","M","T","E","?","NM","?","?","R","BOSS","M","M","$","M","?","R","?","R","T","?","E","?","R","AVR","R_BF","BOSS"],"items_purchased_type":["Relic","Relic","Relic","Card","Card","Relic","Relic","Card","Relic","Relic"],"build_version":"2020-12-22","purchased_purges":4,"victory":true,"max_hp_per_floor":[80,80,80,80,80,80,80,80,80,80,80,80,80,80,80,80,85,85,85,85,85,85,85,85,85,85,85,85,85,85,85,85,85,85,85,85,85,85,85,85,85,85,85,85,85,99,99,99,99,99],"card_choices":[{"not_picked":["True Grit","Rampage"],"picked":"Power Through","floor":0},{"not_picked":["Twin Strike","Shockwave"],"picked":"Dark Embrace","floor":0},{"not_picked":["Seeing Red","Heavy Blade"],"picked":"Cleave","floor":0},{"not_picked":["Headbutt","Pummel"],"picked":"Wild Strike","floor":1},{"not_picked":["conspire:HitWhereItHurts","Headbutt","Flex"],"picked":"SKIP","floor":2},{"not_picked":["Thunderclap","Armaments","Clash"],"picked":"SKIP","floor":3},{"not_picked":["Sword Boomerang","ReplayTheSpireMod:Muscle Training","hubris:SharpeningStone"],"picked":"SKIP","floor":6},{"not_picked":["Sword Boomerang","Demonic Infusion","Disarm"],"picked":"SKIP","floor":8},{"not_picked":["Body Slam","Sword Boomerang"],"picked":"Battle Trance","floor":17},{"not_picked":["Wild Strike","Uppercut+1"],"picked":"Dual Wield","floor":18},{"not_picked":["Dropkick","conspire:ExplosiveBarrier"],"picked":"True Grit+1","floor":19},{"not_picked":["Warcry+1","Armaments"],"picked":"Inflame","floor":21},{"not_picked":["Anger+1","ReplayReversal","Thunderclap"],"picked":"SKIP","floor":25},{"not_picked":["Exhume","hubris:ReadiedAction","Replay:Undeath\u0027s Touch"],"picked":"SKIP","floor":27},{"not_picked":["ReplayTheSpireMod:Chaos Vortex","ReplayTheSpireMod:Black Plague"],"picked":"infinitespire:Collect","floor":29},{"not_picked":["hubris:StunningStrike","Spot Weakness","hubris:CleavingFinish"],"picked":"SKIP","floor":29},{"not_picked":["hubris:StunningStrike","Spot Weakness","hubris:CleavingFinish"],"picked":"SKIP","floor":29},{"not_picked":["Body Slam","Hemokinesis","Disarm"],"picked":"SKIP","floor":35},{"not_picked":["Havoc","Sword Boomerang+1","Flex+1"],"picked":"SKIP","floor":35},{"not_picked":["Thunderclap+1","Clash+1","Body Slam+1"],"picked":"SKIP","floor":36},{"not_picked":["Twin Strike","hubris:CleavingFinish","Sword Boomerang+1"],"picked":"SKIP","floor":36},{"not_picked":["Dark Embrace+1","Body Slam+1"],"picked":"Burning Pact","floor":38},{"not_picked":["Cleave","Infernal Blade+1"],"picked":"Offering","floor":38},{"not_picked":["ReplayTheSpireMod:Strike From Hell","Demonic Infusion","Cleave+1"],"picked":"SKIP","floor":45},{"not_picked":["Iron Wave+1","Anger"],"picked":"Burning Pact","floor":46}],"player_experience":542306,"relics_obtained":[{"floor":6,"key":"Art of War"},{"floor":9,"key":"Lizard Tail"},{"floor":23,"key":"Blood Vial"},{"floor":26,"key":"Ancient Tea Set"},{"floor":27,"key":"Bronze Scales"},{"floor":29,"key":"Vajra"},{"floor":43,"key":"Potion Belt"},{"floor":44,"key":"Ring of Chaos"},{"floor":45,"key":"Paper Frog"},{"floor":46,"key":"Mango"},{"floor":47,"key":"StoneCalendar"}],"event_choices":[{"cards_removed":["Strike_R"],"damage_healed":0,"gold_gain":0,"player_choice":"Forget","damage_taken":0,"max_hp_gain":0,"max_hp_loss":0,"event_name":"Living Wall","floor":4,"gold_loss":0},{"cards_removed":["Strike_R"],"damage_healed":0,"gold_gain":0,"player_choice":"Card Removal","damage_taken":7,"max_hp_gain":0,"max_hp_loss":0,"event_name":"Golden Wing","floor":5,"gold_loss":0},{"damage_healed":0,"gold_gain":30,"player_choice":"Searched \u00273\u0027 times","damage_taken":0,"relics_obtained":["Shovel"],"max_hp_gain":0,"max_hp_loss":0,"event_name":"Dead Adventurer","floor":11,"gold_loss":0},{"damage_healed":0,"gold_gain":0,"player_choice":"Got Potions","damage_taken":0,"max_hp_gain":0,"max_hp_loss":0,"event_name":"Lab","floor":13,"gold_loss":0},{"damage_healed":0,"gold_gain":75,"player_choice":"Gather Gold","damage_taken":11,"max_hp_gain":0,"max_hp_loss":0,"event_name":"World of Goop","floor":14,"gold_loss":0},{"cards_removed":["Defend_R"],"damage_healed":0,"gold_gain":0,"player_choice":"Gave Gold","damage_taken":0,"max_hp_gain":0,"max_hp_loss":0,"event_name":"Beggar","floor":22,"gold_loss":75},{"damage_healed":0,"gold_gain":0,"player_choice":"Inject Mutagens","damage_taken":0,"relics_obtained":["MutagenicStrength"],"max_hp_gain":0,"max_hp_loss":0,"event_name":"Drug Dealer","floor":30,"gold_loss":0},{"damage_healed":0,"gold_gain":0,"player_choice":"Paid","damage_taken":0,"relics_obtained":["Red Mask"],"max_hp_gain":0,"max_hp_loss":0,"event_name":"Tomb of Lord Red Mask","floor":39,"gold_loss":39},{"damage_healed":0,"gold_gain":0,"player_choice":"Embrace Madness","damage_taken":11,"max_hp_gain":0,"max_hp_loss":0,"event_name":"Winding Halls","floor":41,"gold_loss":0,"cards_obtained":["Madness","Madness"]},{"damage_healed":0,"gold_gain":0,"player_choice":"Fight","damage_taken":0,"max_hp_gain":0,"max_hp_loss":0,"event_name":"MindBloom","floor":46,"gold_loss":0}],"is_beta":false,"boss_relics":[{"not_picked":["SacredBark","Ectoplasm"],"picked":"Tiny House"},{"not_picked":["Black Star","Runic Dome"],"picked":"Coffee Dripper"}],"items_purged_floors":[0,20,24,37],"is_endless":false,"potions_floor_spawned":[2,8,16,18,19,29,33,36,38],"ascension_level":0}}