{"host":"9nqlpswyo8o6ezw3","time":1613868601,"event":{"mods":["Act Like it!","BaseMod","Colored Powertips","Downfall","Hallownest","Hermit","Lobotomy","LobotomyExtend","Marisa????????","Minty Spire (QoL Compilation)","StSLib","The Bug Knight","The Cursed"],"gold_per_floor":[117,132,142,142,156,156,185,185,185,185,199,209,209,229,229,331,331,350,350,361,361,361,361,361,387,387,387,387],"floor_reached":27,"language":"ENG","playtime":1378,"items_purged":[],"score":233,"play_id":"b6967ed2-3f2d-45eb-8774-ae3342888d60","local_time":"20210220195001","is_ascension_mode":false,"campfire_choices":[{"floor":6,"key":"REST"},{"data":"hermit:CursedWeapon","floor":10,"key":"SMITH"},{"floor":15,"key":"REST"},{"floor":23,"key":"REST"}],"circlet_count":0,"master_deck":["hermit:Strike_Hermit","hermit:Strike_Hermit","hermit:Strike_Hermit","hermit:Defend_Hermit","hermit:Defend_Hermit","hermit:Defend_Hermit","hermit:Defend_Hermit","hermit:Snapshot+1","hermit:Covet","hermit:CursedWeapon+1","Wellcheers","hermit:PistolWhip","OSAHOGD","hermit:Enervate+1","UniverseFragment","hermit:Maintenance+1","OldLady","hermit:TrackingShot","hermit:Vantage","hermit:Determination","DreamingCurrent","hermit:FromBeyond","hermit:Deadeye+1","PlagueDoctor","hermit:Glare","J.A.X.","RitualDagger","CENSORED","hermit:Scavenge"],"relics":["hermit:ClaspedLocket","CogitoBucket","RabbitCall","LetterFromLob","Question Card","hermit:RedScarf","Incense Burner","MagicBullet_r","HellTrain","Ancient Tea Set","White Beast Statue"],"acts_visited":["Exordium","TheCity"],"potions_floor_usage":[16],"damage_taken":[{"damage":6,"enemies":"Small Slimes","floor":1,"turns":3},{"damage":2,"enemies":"Cultist","floor":2,"turns":3},{"damage":3,"enemies":"Jaw Worm","floor":3,"turns":3},{"damage":17,"enemies":"Lots of Slimes","floor":5,"turns":4},{"damage":41,"enemies":"3 Sentries","floor":7,"turns":10},{"damage":7,"enemies":"2 Fungi Beasts","floor":11,"turns":5},{"damage":13,"enemies":"Exordium Thugs","floor":12,"turns":5},{"damage":1,"enemies":"Lots of Slimes","floor":14,"turns":4},{"damage":9,"enemies":"The Guardian","floor":16,"turns":11},{"damage":23,"enemies":"Shell Parasite","floor":18,"turns":7},{"damage":59,"enemies":"2 Thieves","floor":20,"turns":10},{"damage":86,"enemies":"Slavers","floor":25,"turns":5},{"damage":20,"enemies":"Snecko","floor":27,"turns":1}],"seed_played":"-434000958474784035","potions_obtained":[{"floor":2,"key":"Fire Potion"},{"floor":7,"key":"Regen Potion"},{"floor":11,"key":"FearPotion"},{"floor":12,"key":"SteroidPotion"},{"floor":20,"key":"hermit:BlackBile"}],"is_trial":false,"path_per_floor":["M","M","M","?","M","R","E","?","T","R","M","M","M","M","R","B",null,"M","?","M","?","?","R","?","E","T","M"],"character_chosen":"HERMIT","items_purchased":[],"campfire_rested":3,"item_purchase_floors":[],"current_hp_per_floor":[69,67,67,67,53,75,34,34,34,34,27,17,3,2,24,21,75,75,75,67,67,53,77,71,14,14,0,0],"gold":387,"neow_bonus":"","is_daily":false,"chose_seed":false,"campfire_upgraded":1,"win_rate":0.0,"timestamp":1613868601,"path_taken":["M","M","M","?","?","R","E","?","T","R","?","M","M","M","R","BOSS","M","?","M","?","?","R","?","E","T","M"],"items_purchased_type":[],"build_version":"2020-12-22","purchased_purges":0,"victory":false,"max_hp_per_floor":[75,75,75,75,75,75,75,75,75,75,75,75,75,75,75,75,75,75,75,75,75,80,80,80,80,80,80,80],"card_choices":[{"not_picked":["SnowQueen","PunishingBird","Porccubus"],"picked":"Singing Bowl","floor":1},{"not_picked":["hermit:Snipe","hermit:Misfire"],"picked":"hermit:CursedWeapon","floor":1},{"not_picked":["Alriune","QueenOfHatred","FairyFestival"],"picked":"Singing Bowl","floor":2},{"not_picked":["Murderer","WallGazer"],"picked":"Wellcheers","floor":2},{"not_picked":["hermit:Feint","hermit:ShadowCloak"],"picked":"hermit:PistolWhip","floor":2},{"not_picked":["Bloodbath","FairyFestival","WallGazer"],"picked":"Singing Bowl","floor":3},{"not_picked":["hermit:Shortfuse","hermit:LoneWolf"],"picked":"hermit:TakeAim","floor":3},{"not_picked":["Bloodbath","MeatLantern"],"picked":"OSAHOGD","floor":5},{"not_picked":["hermit:PistolWhip","hermit:HighCaliber"],"picked":"hermit:Enervate","floor":5},{"not_picked":["Bloodbath","FairyFestival"],"picked":"UniverseFragment","floor":7},{"not_picked":["hermit:Quickdraw","hermit:FromBeyond"],"picked":"hermit:Maintenance","floor":7},{"not_picked":["SpiderBud","Porccubus"],"picked":"OldLady","floor":11},{"not_picked":["hermit:HighCaliber","hermit:Misfire","hermit:Midnight"],"picked":"hermit:TrackingShot","floor":11},{"not_picked":["NakedNest","Scorched","WhitesApple"],"picked":"Singing Bowl","floor":12},{"not_picked":["hermit:CalledShot","hermit:CursedWeapon","hermit:Manifest"],"picked":"hermit:Vantage","floor":12},{"not_picked":["GalaxyChild","QueenBee","Mercenary"],"picked":"Singing Bowl","floor":14},{"not_picked":["hermit:LowProfile","hermit:NoHoldsBarred","hermit:Snipe"],"picked":"hermit:Determination","floor":14},{"not_picked":["FairyFestival","BeautyBeast","SpiderBud"],"picked":"Singing Bowl","floor":16},{"not_picked":["Rudolta","MHz"],"picked":"DreamingCurrent","floor":16},{"not_picked":["hermit:HeroicBravado","hermit:RoundhouseKick","hermit:FatalDesire"],"picked":"hermit:FromBeyond","floor":16},{"not_picked":["Scarecrow","FairyFestival","SnowQueen"],"picked":"Singing Bowl","floor":18},{"not_picked":["hermit:Coalescence","hermit:Vantage","hermit:Midnight"],"picked":"hermit:Deadeye+1","floor":18},{"not_picked":["CENSORED","BeautyBeast"],"picked":"PlagueDoctor","floor":20},{"not_picked":["hermit:DeadMansHand","hermit:WideOpen","hermit:Feint"],"picked":"hermit:Glare","floor":20},{"not_picked":["Scorched","Bloodbath"],"picked":"CENSORED","floor":25},{"not_picked":["hermit:Midnight+1","hermit:TrackingShot","hermit:Enervate+1"],"picked":"hermit:Scavenge","floor":25}],"player_experience":78633,"relics_obtained":[{"floor":1,"key":"LetterFromLob"},{"floor":7,"key":"Question Card"},{"floor":9,"key":"Incense Burner"},{"floor":25,"key":"Ancient Tea Set"},{"floor":26,"key":"White Beast Statue"}],"event_choices":[{"damage_healed":0,"gold_gain":0,"player_choice":"Ignored","damage_taken":0,"max_hp_gain":0,"max_hp_loss":0,"event_name":"Purifier","floor":4,"gold_loss":0},{"damage_healed":0,"gold_gain":0,"player_choice":"Gave Potion","damage_taken":0,"relics_obtained":["hermit:RedScarf"],"max_hp_gain":0,"max_hp_loss":0,"event_name":"WeMeetAgain","floor":8,"gold_loss":0},{"damage_healed":0,"gold_gain":0,"player_choice":"Upgraded","damage_taken":0,"max_hp_gain":0,"max_hp_loss":0,"event_name":"Upgrade Shrine","floor":19,"gold_loss":0,"cards_upgraded":["hermit:Snapshot"]},{"damage_healed":0,"gold_gain":0,"player_choice":"Obtain J.A.X.","damage_taken":0,"max_hp_gain":0,"max_hp_loss":0,"event_name":"Drug Dealer","floor":21,"gold_loss":0,"cards_obtained":["J.A.X."]},{"damage_healed":0,"gold_gain":0,"player_choice":"Shed Blood","damage_taken":19,"max_hp_gain":5,"max_hp_loss":0,"event_name":"Forgotten Altar","floor":22,"gold_loss":0},{"damage_healed":0,"gold_gain":0,"player_choice":"Joined the Cult","damage_taken":6,"max_hp_gain":0,"max_hp_loss":0,"event_name":"Nest","floor":24,"gold_loss":0,"cards_obtained":["RitualDagger"]}],"is_beta":false,"boss_relics":[{"not_picked":["hermit:DentedPlate","hermit:BartenderGlass"],"picked":"hermit:ClaspedLocket"}],"items_purged_floors":[],"is_endless":false,"potions_floor_spawned":[2,7,11,12,14,20],"killed_by":"Snecko","ascension_level":0}}