{"host":"ul3z8ex5o8l5j7mh","time":1613935863,"event":{"mods":["2.2 Compatiblity","AchievementEnabler","BaseMod","Bestiary","Colored Map","Colored Powertips","Curses Come First","DeckTracker","Highlight Path","Keyboard Shortcuts","Minty Spire (QoL Compilation)","Relic Sorter","Relic Stats","StSLib","SuperFastMode"],"gold_per_floor":[112,112,112,112,37,72,72,4,27,27,47,74,86,104,104,209,209,224,134,145,165,177,210,210,242,266,283,4,15,15,15,15,113,113,126,126,126],"floor_reached":36,"language":"ENG","playtime":2015,"items_purged":["Defend_G","Defend_G"],"score":499,"play_id":"c80bad95-0dde-4ec8-a804-ea4459deed9d","local_time":"20210221203103","is_ascension_mode":true,"campfire_choices":[{"data":"Neutralize","floor":7.0,"key":"SMITH"},{"data":"Accuracy","floor":10.0,"key":"SMITH"},{"floor":15.0,"key":"REST"},{"floor":24.0,"key":"REST"},{"floor":30,"key":"REST"},{"floor":32,"key":"REST"}],"circlet_count":0,"master_deck":["Strike_G","Strike_G","Strike_G","Strike_G","Strike_G","Defend_G","Survivor","Neutralize+1","Cloak And Dagger+1","Accuracy+1","Cloak And Dagger","Blade Dance","Blade Dance","Cloak And Dagger","Storm of Steel","Distraction+1","Infinite Blades","Blade Dance","Blade Dance+1","Night Terror","Accuracy"],"relics":["Runic Pyramid","Akabeko","Oddly Smooth Stone","Boot","Runic Dome","Gremlin Horn","The Specimen","Regal Pillow","Nilry\u0027s Codex","Philosopher\u0027s Stone"],"acts_visited":["Exordium","TheCity","TheBeyond"],"potions_floor_usage":[29,29,29,33],"damage_taken":[{"damage":5.0,"enemies":"Small Slimes","floor":1.0,"turns":4.0},{"damage":12.0,"enemies":"Gremlin Nob","floor":6.0,"turns":4.0},{"damage":0.0,"enemies":"Jaw Worm","floor":11.0,"turns":2.0},{"damage":5.0,"enemies":"3 Sentries","floor":12.0,"turns":6.0},{"damage":0.0,"enemies":"2 Louse","floor":13.0,"turns":2.0},{"damage":1.0,"enemies":"Lots of Slimes","floor":14.0,"turns":4.0},{"damage":31.0,"enemies":"The Guardian","floor":16.0,"turns":7.0},{"damage":0.0,"enemies":"Spheric Guardian","floor":18.0,"turns":3.0},{"damage":1.0,"enemies":"Shell Parasite","floor":20.0,"turns":3.0},{"damage":5.0,"enemies":"Centurion and Healer","floor":21.0,"turns":5.0},{"damage":11.0,"enemies":"Shelled Parasite and Fungi","floor":22.0,"turns":4.0},{"damage":19.0,"enemies":"Book of Stabbing","floor":23.0,"turns":4.0},{"damage":27.0,"enemies":"Gremlin Leader","floor":25.0,"turns":5.0},{"damage":11.0,"enemies":"Snake Plant","floor":27.0,"turns":2.0},{"damage":0,"enemies":"Snecko","floor":29,"turns":2},{"damage":21,"enemies":"Automaton","floor":33,"turns":6},{"damage":49,"enemies":"3 Darklings","floor":35,"turns":5},{"damage":21,"enemies":"Mind Bloom Boss Battle","floor":36,"turns":6}],"seed_played":"-3507758415493443023","potions_obtained":[{"floor":1.0,"key":"FearPotion"},{"floor":6.0,"key":"Fire Potion"},{"floor":18.0,"key":"CunningPotion"},{"floor":22.0,"key":"Strength Potion"},{"floor":25.0,"key":"EntropicBrew"},{"floor":29,"key":"DistilledChaos"}],"is_trial":false,"path_per_floor":["M","?","?","?","$","E","R","$","T","R","M","E","M","M","R","B",null,"M","?","M","M","M","E","R","E","T","M","$","M","R","?","R","B",null,"M","?"],"character_chosen":"THE_SILENT","items_purchased":["Accuracy","Infinite Blades","Blade Dance","EntropicBrew"],"campfire_rested":4,"item_purchase_floors":[8,28,28,28],"current_hp_per_floor":[65,65,58,58,58,46,46,46,46,46,46,41,41,40,61,30,70,70,70,69,64,53,34,55,28,28,17,17,17,53,37,70,49,70,21,0,0],"gold":126,"neow_bonus":"BOSS_RELIC","is_daily":false,"chose_seed":false,"campfire_upgraded":2,"win_rate":0.0,"timestamp":1613935863,"path_taken":["M","?","?","?","?","E","R","$","T","R","M","E","?","M","R","BOSS","M","?","?","M","M","E","R","E","T","M","$","?","R","?","R","BOSS","M","?"],"items_purchased_type":["Card","Card","Card","Potion"],"build_version":"2020-12-22","purchased_purges":2,"victory":false,"max_hp_per_floor":[70,70,70,70,70,70,70,70,70,70,70,70,70,70,70,70,70,70,70,70,70,70,70,70,70,70,70,70,70,70,70,70,70,70,70,70,70],"relic_stats":{"Regal Pillow":27,"Gremlin Horn":[7,8],"counters":[18,74],"Boot":[105],"obtain_stats":[{"Runic Dome":17,"Regal Pillow":26,"Gremlin Horn":23,"The Specimen":25,"Nilry\u0027s Codex":31,"Oddly Smooth Stone":9,"Philosopher\u0027s Stone":34,"Boot":12,"Akabeko":6,"Ring of the Snake":0,"Runic Pyramid":0},{"Runic Dome":7,"Regal Pillow":13,"Gremlin Horn":12,"The Specimen":13,"Nilry\u0027s Codex":15,"Oddly Smooth Stone":2,"Philosopher\u0027s Stone":16,"Boot":4,"Akabeko":2,"Ring of the Snake":0,"Runic Pyramid":0},{"Runic Dome":29,"Regal Pillow":53,"Gremlin Horn":48,"The Specimen":53,"Nilry\u0027s Codex":57,"Oddly Smooth Stone":8,"Philosopher\u0027s Stone":63,"Boot":16,"Akabeko":8,"Ring of the Snake":0,"Runic Pyramid":0}]},"card_choices":[{"not_picked":["Eviscerate","Prepared"],"picked":"Cloak And Dagger","floor":1.0},{"not_picked":["Sucker Punch","Wraith Form v2","Riddle With Holes"],"picked":"SKIP","floor":6.0},{"not_picked":["Outmaneuver","Prepared"],"picked":"Cloak And Dagger","floor":11.0},{"not_picked":["Blur","Bouncing Flask"],"picked":"Blade Dance","floor":12.0},{"not_picked":["Riddle With Holes","Skewer"],"picked":"Blade Dance","floor":13.0},{"not_picked":["Predator","Prepared"],"picked":"Cloak And Dagger","floor":14.0},{"not_picked":["Night Terror","Unload"],"picked":"Storm of Steel","floor":16.0},{"not_picked":["Crippling Poison+1","Finisher+1"],"picked":"Distraction","floor":18.0},{"not_picked":["Choke+1","Flying Knee","Sucker Punch"],"picked":"SKIP","floor":20.0},{"not_picked":["Concentrate","Eviscerate+1","Quick Slash+1"],"picked":"SKIP","floor":21.0},{"not_picked":["Choke","Backflip+1","Dodge and Roll"],"picked":"SKIP","floor":22.0},{"not_picked":["Backflip","Sucker Punch","Leg Sweep"],"picked":"SKIP","floor":23.0},{"not_picked":["Noxious Fumes","Predator","Acrobatics+1"],"picked":"SKIP","floor":25.0},{"not_picked":["Poisoned Stab","Prepared+1","Quick Slash"],"picked":"SKIP","floor":27.0},{"not_picked":["Slice+1","Concentrate"],"picked":"Blade Dance+1","floor":29},{"not_picked":["Unload","Storm of Steel"],"picked":"Night Terror","floor":33},{"not_picked":["Prepared","Flechettes+1"],"picked":"Accuracy","floor":35}],"player_experience":420554,"relics_obtained":[{"floor":6.0,"key":"Akabeko"},{"floor":9.0,"key":"Oddly Smooth Stone"},{"floor":12.0,"key":"Boot"},{"floor":23.0,"key":"Gremlin Horn"},{"floor":25.0,"key":"The Specimen"},{"floor":26.0,"key":"Regal Pillow"},{"floor":31,"key":"Nilry\u0027s Codex"}],"event_choices":[{"damage_healed":0.0,"max_hp_gain":0.0,"max_hp_loss":0.0,"gold_gain":0.0,"event_name":"Liars Game","player_choice":"Ignored","floor":2.0,"gold_loss":0.0,"damage_taken":0.0},{"cards_removed":["Defend_G"],"damage_healed":0.0,"max_hp_gain":0.0,"max_hp_loss":0.0,"gold_gain":0.0,"event_name":"Golden Wing","player_choice":"Card Removal","floor":3.0,"gold_loss":0.0,"damage_taken":7.0},{"damage_healed":0.0,"max_hp_gain":0.0,"max_hp_loss":0.0,"gold_gain":0.0,"event_name":"Living Wall","player_choice":"Grow","floor":4.0,"gold_loss":0.0,"damage_taken":0.0,"cards_upgraded":["Cloak And Dagger"]},{"cards_removed":["Defend_G"],"damage_healed":0.0,"max_hp_gain":0.0,"max_hp_loss":0.0,"gold_gain":0.0,"event_name":"Designer","player_choice":"Upgrade and Remove","floor":19.0,"gold_loss":90.0,"damage_taken":0.0,"cards_upgraded":["Distraction"]},{"damage_healed":0,"gold_gain":0,"player_choice":"Obtained Book","damage_taken":16,"max_hp_gain":0,"max_hp_loss":0,"event_name":"Cursed Tome","floor":31,"gold_loss":0},{"damage_healed":0,"gold_gain":0,"player_choice":"Fight","damage_taken":0,"max_hp_gain":0,"max_hp_loss":0,"event_name":"MindBloom","floor":36,"gold_loss":0}],"is_beta":false,"boss_relics":[{"not_picked":["Coffee Dripper","Snecko Eye"],"picked":"Runic Dome"},{"not_picked":["Velvet Choker","Fusion Hammer"],"picked":"Philosopher\u0027s Stone"}],"items_purged_floors":[5,28],"is_endless":false,"potions_floor_spawned":[1,6,18,22,25,29],"killed_by":"Mind Bloom Boss Battle","ascension_level":3}}