{"host":"4nqeo0vu1vuav7gg","time":1613937460,"event":{"mods":["AchievementEnabler","BaseMod","Block Reminder","Colored Map","Colored Powertips","Highlight Path","Minty Spire (QoL Compilation)","Quick Restart","Rare Cards Sparkle","Relic Relevance Reorder","StSLib"],"gold_per_floor":[214,214,214,238,22,57,57,57,57],"floor_reached":8,"language":"ENG","playtime":250,"items_purged":[],"score":108,"play_id":"7b1e7384-0233-4fa3-acbc-1a76f5258962","local_time":"20210221205740","is_ascension_mode":true,"campfire_choices":[{"floor":7.0,"key":"REST"}],"circlet_count":0,"master_deck":["AscendersBane","Strike_B","Strike_B","Strike_B","Defend_B","Defend_B","Defend_B","Defend_B","Zap","Dualcast","Defragment","Injury","White Noise"],"relics":["Cracked Core","Singing Bowl","Regal Pillow","Golden Idol"],"acts_visited":["Exordium"],"potions_floor_usage":[],"damage_taken":[{"damage":4.0,"enemies":"Small Slimes","floor":1.0,"turns":3.0},{"damage":6.0,"enemies":"2 Louse","floor":4.0,"turns":4.0},{"damage":35.0,"enemies":"3 Sentries","floor":6.0,"turns":6.0},{"damage":72,"enemies":"Gremlin Nob","floor":8,"turns":4}],"seed_played":"4728006285358869134","potions_obtained":[],"is_trial":false,"path_per_floor":["M","?","?","M","$","E","R","E"],"character_chosen":"DEFECT","items_purchased":["White Noise","Regal Pillow"],"campfire_rested":1,"item_purchase_floors":[5,5],"current_hp_per_floor":[60,53,53,47,47,14,50,0,0],"gold":57,"neow_bonus":"HUNDRED_GOLD","is_daily":false,"chose_seed":false,"campfire_upgraded":0,"win_rate":0.0,"timestamp":1613937460,"path_taken":["M","?","?","M","$","E","R","E"],"items_purchased_type":["Card","Relic"],"build_version":"2020-12-22","purchased_purges":0,"victory":false,"max_hp_per_floor":[71,71,71,71,71,73,73,73,73],"card_choices":[{"not_picked":["Compile Driver","Melter"],"picked":"Defragment","floor":1.0},{"not_picked":["Beam Cell","Leap","Coolheaded"],"picked":"SKIP","floor":4.0},{"not_picked":["Coolheaded","Steam","Beam Cell"],"picked":"Singing Bowl","floor":6.0}],"player_experience":1110588,"relics_obtained":[{"floor":6.0,"key":"Singing Bowl"}],"event_choices":[{"cards_removed":["Strike_B"],"damage_healed":0.0,"max_hp_gain":0.0,"max_hp_loss":0.0,"gold_gain":0.0,"event_name":"Golden Wing","player_choice":"Card Removal","floor":2.0,"gold_loss":0.0,"damage_taken":7.0},{"damage_healed":0.0,"max_hp_gain":0.0,"max_hp_loss":0.0,"gold_gain":0.0,"event_name":"Golden Idol","player_choice":"Take Wound","floor":3.0,"gold_loss":0.0,"damage_taken":0.0,"relics_obtained":["Golden Idol"],"cards_obtained":["Injury"]}],"is_beta":false,"boss_relics":[],"items_purged_floors":[],"is_endless":false,"potions_floor_spawned":[],"killed_by":"Gremlin Nob","ascension_level":20}}