{"host":"2qv44oxt58ptq59r","time":1613922438,"event":{"mods":["AchievementEnabler","BaseMod","Colored Powertips","Highlight Path","Minty Spire (QoL Compilation)","Permanent Neow","StSLib"],"gold_per_floor":[115,132,6,6,21,54,54,54,54,79,30,30,30,30,30,30,30],"floor_reached":16,"language":"ENG","playtime":1076,"items_purged":[],"score":138,"play_id":"5ddb8325-40f8-4ff6-8155-89dd5495f043","local_time":"20210221154718","is_ascension_mode":true,"campfire_choices":[{"data":"Noxious Fumes","floor":7,"key":"SMITH"},{"floor":12,"key":"REST"},{"floor":15,"key":"REST"}],"circlet_count":0,"master_deck":["Strike_G","Strike_G","Strike_G","Defend_G","Defend_G","Defend_G","Defend_G","Defend_G","Survivor","Neutralize","Deadly Poison","Bane","Crippling Poison","Sucker Punch","Noxious Fumes+1","Bouncing Flask","Deadly Poison","PiercingWail"],"relics":["Ring of the Snake","Molten Egg 2","Incense Burner","Mummified Hand","MealTicket"],"acts_visited":["Exordium"],"potions_floor_usage":[6],"damage_taken":[{"damage":0,"enemies":"Small Slimes","floor":1,"turns":6},{"damage":0,"enemies":"Cultist","floor":2,"turns":5},{"damage":0,"enemies":"2 Louse","floor":5,"turns":2},{"damage":30,"enemies":"3 Sentries","floor":6,"turns":9},{"damage":23,"enemies":"Gremlin Nob","floor":10,"turns":4},{"damage":32,"enemies":"Slime Boss","floor":16,"turns":5}],"seed_played":"288015394011154461","potions_obtained":[{"floor":1,"key":"Regen Potion"}],"is_trial":false,"path_per_floor":["M","M","$","?","M","E","R","?","T","E","$","R","?","?","R","B"],"character_chosen":"THE_SILENT","items_purchased":["Crippling Poison","Sucker Punch","PiercingWail"],"campfire_rested":2,"item_purchase_floors":[3,3,11],"current_hp_per_floor":[70,70,70,70,70,55,55,55,55,32,32,55,48,6,29,0,0],"gold":30,"neow_bonus":"TEN_PERCENT_HP_BONUS","is_daily":false,"chose_seed":false,"campfire_upgraded":1,"win_rate":0.0,"timestamp":1613922438,"path_taken":["M","M","$","?","?","E","R","?","T","E","$","R","?","?","R","BOSS"],"items_purchased_type":["Card","Card","Card"],"build_version":"2020-12-22","purchased_purges":0,"victory":false,"max_hp_per_floor":[77,77,77,77,77,77,77,77,77,77,77,77,77,77,77,77,77],"card_choices":[{"not_picked":["Blade Dance","Deflect"],"picked":"Deadly Poison","floor":1},{"not_picked":["Backflip","Outmaneuver"],"picked":"Bane","floor":2},{"not_picked":["Blade Dance","Prepared"],"picked":"Noxious Fumes","floor":5},{"not_picked":["Die Die Die+1","Deflect"],"picked":"Bouncing Flask","floor":6},{"not_picked":["Flying Knee+1","Bane+1"],"picked":"Deadly Poison","floor":10}],"player_experience":5790428,"relics_obtained":[{"floor":6,"key":"Molten Egg 2"},{"floor":9,"key":"Incense Burner"},{"floor":10,"key":"Mummified Hand"}],"event_choices":[{"cards_removed":["Strike_G"],"damage_healed":0,"gold_gain":0,"player_choice":"Card Removal","damage_taken":0,"max_hp_gain":0,"max_hp_loss":0,"event_name":"Wheel of Change","floor":4,"gold_loss":0},{"damage_healed":0,"gold_gain":0,"player_choice":"Ignored","damage_taken":0,"max_hp_gain":0,"max_hp_loss":0,"event_name":"Liars Game","floor":8,"gold_loss":0},{"cards_removed":["Strike_G"],"damage_healed":0,"gold_gain":0,"player_choice":"Card Removal","damage_taken":7,"max_hp_gain":0,"max_hp_loss":0,"event_name":"Golden Wing","floor":13,"gold_loss":0},{"damage_healed":0,"gold_gain":0,"player_choice":"Success","damage_taken":42,"relics_obtained":["MealTicket"],"max_hp_gain":0,"max_hp_loss":0,"event_name":"Scrap Ooze","floor":14,"gold_loss":0}],"is_beta":false,"boss_relics":[],"items_purged_floors":[],"is_endless":false,"potions_floor_spawned":[1],"killed_by":"Slime Boss","ascension_level":6}}