{"host":"eglukmwb6rueyn6u","time":1613944353,"event":{"mods":["AchievementEnabler","BaseMod","Colored Powertips","Highlight Path","Minty Spire (QoL Compilation)"],"gold_per_floor":[112,112,130,78,89,89,109,109,160,186,216,242,429,454,466,574,586,588,600,527,558,304,304,315,89,89,89,109,128,128,142,142,241,241,251,251,602,111,111,111,111],"floor_reached":40,"language":"ENG","playtime":2287,"items_purged":["Doubt"],"score":430,"play_id":"7a6cc17f-6bc3-40bf-9d5b-0929ed99dbe2","local_time":"20210221235233","is_ascension_mode":false,"campfire_choices":[{"data":"White Noise","floor":6,"key":"SMITH"},{"data":"Darkness","floor":8,"key":"SMITH"},{"data":"Zap","floor":15,"key":"SMITH"},{"data":"1","floor":23,"key":"LIFT"},{"data":"2","floor":27,"key":"LIFT"},{"data":"3","floor":30,"key":"LIFT"},{"data":"Defragment","floor":32,"key":"SMITH"}],"circlet_count":0,"master_deck":["Strike_B","Strike_B","Strike_B","Strike_B","Defend_B","Defend_B","Defend_B","Defend_B","Zap+1","Dualcast","White Noise+1","Go for the Eyes","Leap","Leap","Darkness+1","Auto Shields","Lockon","Conserve Battery","Double Energy","Core Surge","CurseOfTheBell","Redo+1","Stack+1","Defragment+1","Electrodynamics","Melter","Cold Snap+1","Coolheaded","Hologram","Machine Learning","Beam Cell+1","Dramatic Entrance","Dramatic Entrance","Chill+1","Undo"],"relics":["FrozenCore","MawBank","Calling Bell","Orichalcum","Letter Opener","Girya","Regal Pillow","OrangePellets","Anchor","Pantograph","Old Coin","Ice Cream","Sling"],"acts_visited":["Exordium","TheCity","TheBeyond"],"potions_floor_usage":[18,24,33,37],"damage_taken":[{"damage":6,"enemies":"Jaw Worm","floor":1,"turns":3},{"damage":5,"enemies":"Cultist","floor":3,"turns":4},{"damage":7,"enemies":"Small Slimes","floor":5,"turns":4},{"damage":1,"enemies":"Looter","floor":7,"turns":3},{"damage":0,"enemies":"3 Louse","floor":10,"turns":3},{"damage":7,"enemies":"Blue Slaver","floor":11,"turns":4},{"damage":1,"enemies":"Looter","floor":12,"turns":3},{"damage":0,"enemies":"2 Fungi Beasts","floor":14,"turns":5},{"damage":26,"enemies":"Hexaghost","floor":16,"turns":10},{"damage":12,"enemies":"2 Thieves","floor":18,"turns":4},{"damage":13,"enemies":"Chosen","floor":21,"turns":6},{"damage":20,"enemies":"Centurion and Healer","floor":24,"turns":8},{"damage":11,"enemies":"Shelled Parasite and Fungi","floor":28,"turns":6},{"damage":2,"enemies":"Snecko","floor":29,"turns":5},{"damage":1,"enemies":"Cultist and Chosen","floor":31,"turns":5},{"damage":50,"enemies":"Champ","floor":33,"turns":15},{"damage":3,"enemies":"3 Darklings","floor":35,"turns":6},{"damage":10,"enemies":"2 Orb Walkers","floor":37,"turns":4},{"damage":66,"enemies":"Nemesis","floor":40,"turns":7}],"seed_played":"6006433660919260329","potions_obtained":[{"floor":0,"key":"Block Potion"},{"floor":0,"key":"Regen Potion"},{"floor":0,"key":"EssenceOfSteel"},{"floor":31,"key":"SneckoOil"},{"floor":33,"key":"BlessingOfTheForge"},{"floor":37,"key":"ColorlessPotion"}],"is_trial":false,"path_per_floor":["M","?","M","$","M","R","M","R","T","M","M","M","?","M","R","B",null,"M","?","?","M","$","R","M","$","T","R","M","M","R","M","R","B",null,"M","?","?","$","?","E"],"character_chosen":"DEFECT","items_purchased":["Leap","Defragment","OrangePellets","Anchor","Melter","Ice Cream","Undo","Sling"],"campfire_rested":0,"item_purchase_floors":[4,22,22,25,25,38,38,38],"current_hp_per_floor":[69,69,64,64,57,57,56,56,56,56,49,48,48,48,48,22,75,63,63,63,50,50,50,45,45,45,45,34,32,32,31,31,6,75,72,62,52,52,52,0,0],"gold":111,"neow_bonus":"THREE_SMALL_POTIONS","is_daily":false,"chose_seed":false,"campfire_upgraded":4,"win_rate":0.0,"timestamp":1613944353,"path_taken":["M","?","M","$","?","R","M","R","T","M","M","M","?","M","R","BOSS","M","?","?","M","$","R","M","$","T","R","M","M","R","M","R","BOSS","M","?","?","$","?","E"],"items_purchased_type":["Card","Card","Relic","Relic","Card","Relic","Card","Relic"],"build_version":"2020-12-22","purchased_purges":1,"victory":false,"max_hp_per_floor":[75,75,75,75,75,75,75,75,75,75,75,75,75,75,75,75,75,75,75,75,75,75,75,75,75,75,75,75,75,75,75,75,75,75,75,75,75,75,75,75,75],"card_choices":[{"not_picked":["Streamline","Steam"],"picked":"White Noise","floor":1},{"not_picked":["Steam","Recycle"],"picked":"Go for the Eyes","floor":3},{"not_picked":["Reinforced Body","Steam Power"],"picked":"Leap","floor":5},{"not_picked":["Rebound","Static Discharge"],"picked":"Darkness","floor":7},{"not_picked":["Recycle","Stack"],"picked":"Auto Shields","floor":10},{"not_picked":["Heatsinks","Sunder"],"picked":"Lockon","floor":11},{"not_picked":["Barrage","Go for the Eyes"],"picked":"Conserve Battery","floor":12},{"not_picked":["Streamline","Leap"],"picked":"Double Energy","floor":14},{"not_picked":["Fission","Meteor Strike"],"picked":"Core Surge","floor":16},{"not_picked":["Streamline","Gash+1"],"picked":"Redo+1","floor":18},{"not_picked":["Go for the Eyes","Compile Driver"],"picked":"Stack+1","floor":21},{"not_picked":["Scrape","Stack"],"picked":"Electrodynamics","floor":24},{"not_picked":["Chaos","Conserve Battery+1"],"picked":"Cold Snap+1","floor":28},{"not_picked":["Leap","Sunder"],"picked":"Coolheaded","floor":29},{"not_picked":["Compile Driver","Amplify"],"picked":"Hologram","floor":31},{"not_picked":["Biased Cognition","Core Surge"],"picked":"Machine Learning","floor":33},{"not_picked":["Chaos","Cold Snap"],"picked":"Beam Cell+1","floor":35},{"not_picked":["Madness","Purity"],"picked":"Dramatic Entrance","floor":36},{"not_picked":["Mind Blast","Panache"],"picked":"Dramatic Entrance","floor":36},{"not_picked":["Steam+1","Barrage"],"picked":"Chill+1","floor":37}],"player_experience":141971,"relics_obtained":[{"floor":9,"key":"MawBank"},{"floor":17,"key":"Orichalcum"},{"floor":17,"key":"Letter Opener"},{"floor":17,"key":"Girya"},{"floor":26,"key":"Pantograph"},{"floor":37,"key":"Old Coin"}],"event_choices":[{"damage_healed":0,"gold_gain":0,"player_choice":"Ignored","damage_taken":0,"max_hp_gain":0,"max_hp_loss":0,"event_name":"NoteForYourself","floor":2,"gold_loss":0},{"damage_healed":0,"gold_gain":175,"player_choice":"AGREE","damage_taken":0,"max_hp_gain":0,"max_hp_loss":0,"event_name":"Liars Game","floor":13,"gold_loss":0,"cards_obtained":["Doubt"]},{"damage_healed":0,"gold_gain":0,"player_choice":"Ignored","damage_taken":0,"max_hp_gain":0,"max_hp_loss":0,"event_name":"Ghosts","floor":19,"gold_loss":0},{"damage_healed":0,"gold_gain":0,"player_choice":"Obtained Relic","damage_taken":0,"relics_obtained":["Regal Pillow"],"max_hp_gain":0,"max_hp_loss":0,"event_name":"Addict","floor":20,"gold_loss":85},{"damage_healed":0,"gold_gain":0,"player_choice":"Memory 3","damage_taken":10,"max_hp_gain":0,"max_hp_loss":0,"event_name":"SensoryStone","floor":36,"gold_loss":0},{"damage_healed":0,"gold_gain":0,"player_choice":"Fight","damage_taken":0,"max_hp_gain":0,"max_hp_loss":0,"event_name":"Mysterious Sphere","floor":37,"gold_loss":0},{"damage_healed":0,"gold_gain":0,"player_choice":"Ignored","damage_taken":0,"max_hp_gain":0,"max_hp_loss":0,"event_name":"Tomb of Lord Red Mask","floor":39,"gold_loss":0}],"is_beta":false,"boss_relics":[{"not_picked":["Velvet Choker","Coffee Dripper"],"picked":"Calling Bell"},{"not_picked":["Philosopher\u0027s Stone","Busted Crown"],"picked":"FrozenCore"}],"items_purged_floors":[22],"is_endless":false,"potions_floor_spawned":[5,11,12,16,31,33,37],"killed_by":"Nemesis","ascension_level":0}}