{"host":"8ztb9kwpjc2zof9s","time":1613921211,"event":{"mods":["BaseMod","Block Reminder","Curses Come First","Minty Spire (QoL Compilation)","Relic Stats","StSLib"],"gold_per_floor":[114,114,124,139,149,174,174,186,186,202,202,202],"floor_reached":11,"language":"ENG","playtime":323,"items_purged":[],"score":131,"play_id":"1bc03d72-4bc0-4547-b737-f9934179011b","local_time":"20210221072651","is_ascension_mode":true,"campfire_choices":[{"floor":7,"key":"REST"}],"circlet_count":0,"master_deck":["AscendersBane","Strike_G","Strike_G","Strike_G","Strike_G","Strike_G","Defend_G","Defend_G","Defend_G","Defend_G","Defend_G","Survivor","Neutralize","Dash","Blade Dance","Cloak And Dagger","Flying Knee","Blur+1","Finisher"],"relics":["Ring of the Snake","NeowsBlessing","Centennial Puzzle","Toxic Egg 2","Bird Faced Urn"],"acts_visited":["Exordium"],"potions_floor_usage":[5,6,10,11],"damage_taken":[{"damage":0,"enemies":"Small Slimes","floor":1,"turns":1},{"damage":0,"enemies":"Cultist","floor":3,"turns":1},{"damage":0,"enemies":"2 Louse","floor":4,"turns":1},{"damage":4,"enemies":"Lots of Slimes","floor":5,"turns":3},{"damage":48,"enemies":"Gremlin Nob","floor":6,"turns":6},{"damage":6,"enemies":"Exordium Wildlife","floor":8,"turns":3},{"damage":0,"enemies":"Red Slaver","floor":10,"turns":4},{"damage":25,"enemies":"Lagavulin","floor":11,"turns":5}],"seed_played":"-7499554216038115827","potions_obtained":[{"floor":1,"key":"GamblersBrew"},{"floor":3,"key":"Strength Potion"},{"floor":8,"key":"DistilledChaos"},{"floor":10,"key":"Swift Potion"}],"is_trial":false,"path_per_floor":["M","?","M","M","M","E","R","M","T","M","E"],"character_chosen":"THE_SILENT","items_purchased":[],"campfire_rested":1,"item_purchase_floors":[],"current_hp_per_floor":[59,59,59,59,55,7,26,20,20,20,0,0],"gold":202,"neow_bonus":"THREE_ENEMY_KILL","is_daily":false,"chose_seed":false,"campfire_upgraded":0,"win_rate":0.0,"timestamp":1613921211,"path_taken":["M","?","M","M","?","E","R","M","T","M","E"],"items_purchased_type":[],"build_version":"2020-12-22","purchased_purges":0,"victory":false,"max_hp_per_floor":[66,66,66,66,66,66,66,66,66,66,66,66],"relic_stats":{"Centennial Puzzle":[12],"counters":[8,24],"Bird Faced Urn":[0],"obtain_stats":[{"Centennial Puzzle":2,"NeowsBlessing":0,"Bird Faced Urn":9,"Toxic Egg 2":6,"Ring of the Snake":0},{"Centennial Puzzle":1,"NeowsBlessing":0,"Bird Faced Urn":6,"Toxic Egg 2":5,"Ring of the Snake":0},{"Centennial Puzzle":1,"NeowsBlessing":0,"Bird Faced Urn":15,"Toxic Egg 2":12,"Ring of the Snake":0}],"Ring of the Snake":[16]},"card_choices":[{"not_picked":["Crippling Poison","Masterful Stab"],"picked":"Dash","floor":1},{"not_picked":["Cloak And Dagger","Tactician"],"picked":"Blade Dance","floor":3},{"not_picked":["Poisoned Stab","Dagger Spray"],"picked":"Cloak And Dagger","floor":4},{"not_picked":["Deflect","Dagger Spray"],"picked":"Flying Knee","floor":5},{"not_picked":["A Thousand Cuts","Quick Slash","Underhanded Strike"],"picked":"SKIP","floor":6},{"not_picked":["Bane","Accuracy"],"picked":"Blur+1","floor":8},{"not_picked":["Underhanded Strike","Sucker Punch"],"picked":"Finisher","floor":10}],"player_experience":371763,"relics_obtained":[{"floor":2,"key":"Centennial Puzzle"},{"floor":6,"key":"Toxic Egg 2"},{"floor":9,"key":"Bird Faced Urn"}],"event_choices":[{"damage_healed":0,"gold_gain":0,"player_choice":"Relic","damage_taken":0,"max_hp_gain":0,"max_hp_loss":0,"event_name":"Wheel of Change","floor":2,"gold_loss":0}],"is_beta":false,"boss_relics":[],"items_purged_floors":[],"is_endless":false,"potions_floor_spawned":[1,3,8,10],"killed_by":"Lagavulin","ascension_level":14}}