{"host":"l2lylj0omvglf5x0","time":1613896538,"event":{"mods":["2.2 Compatiblity","BaseMod","Bestiary","Block Reminder","Colored Map","Colored Powertips","Curses Come First","Highlight Path","Keyboard Shortcuts","Minty Spire (QoL Compilation)","Relic Sorter","Relic Stats","Slay the Relics Exporter","StSLib","SuperFastMode"],"gold_per_floor":[119,138,153,173,17,49,49,82,82,100,100,100],"floor_reached":11,"language":"ENG","playtime":313,"items_purged":[],"score":136,"play_id":"64329677-7c2c-4a5a-b571-92d7427b96d0","local_time":"20210221093538","is_ascension_mode":true,"campfire_choices":[],"circlet_count":0,"master_deck":["AscendersBane","Strike_R","Strike_R","Strike_R","Strike_R","Strike_R","Defend_R","Defend_R","Defend_R","Defend_R","Bash","Sword Boomerang","Carnage","Seeing Red","Combust","Iron Wave","Decay","Iron Wave","Whirlwind"],"relics":["Sozu","Membership Card","PreservedInsect","Gambling Chip","Letter Opener"],"acts_visited":["Exordium"],"potions_floor_usage":[],"damage_taken":[{"damage":1,"enemies":"Cultist","floor":1,"turns":3},{"damage":0,"enemies":"2 Louse","floor":2,"turns":3},{"damage":2,"enemies":"Jaw Worm","floor":3,"turns":3},{"damage":6,"enemies":"3 Louse","floor":4,"turns":3},{"damage":18,"enemies":"3 Sentries","floor":6,"turns":5},{"damage":18,"enemies":"Gremlin Nob","floor":8,"turns":3},{"damage":9,"enemies":"Lots of Slimes","floor":10,"turns":3},{"damage":22,"enemies":"3 Sentries","floor":11,"turns":2}],"seed_played":"-582244751024946703","potions_obtained":[],"is_trial":false,"path_per_floor":["M","M","M","M","$","E","?","E","T","M","E"],"character_chosen":"IRONCLAD","items_purchased":["Membership Card"],"campfire_rested":0,"item_purchase_floors":[5],"current_hp_per_floor":[71,71,69,63,63,45,45,27,27,18,0,0],"gold":100,"neow_bonus":"BOSS_RELIC","is_daily":false,"chose_seed":false,"campfire_upgraded":0,"win_rate":0.0,"timestamp":1613896538,"path_taken":["M","M","M","M","$","E","?","E","T","M","E"],"items_purchased_type":["Relic"],"build_version":"2020-12-22","purchased_purges":0,"victory":false,"max_hp_per_floor":[80,80,80,80,80,80,80,80,80,80,80,80],"relic_stats":{"Sozu":2,"counters":[8,25],"Gambling Chip":[6],"PreservedInsect":56,"Letter Opener":[0],"obtain_stats":[{"Sozu":0,"Gambling Chip":8,"PreservedInsect":6,"Membership Card":5,"Letter Opener":9,"Burning Blood":0},{"Sozu":0,"Gambling Chip":6,"PreservedInsect":5,"Membership Card":4,"Letter Opener":6,"Burning Blood":0},{"Sozu":0,"Gambling Chip":20,"PreservedInsect":17,"Membership Card":12,"Letter Opener":20,"Burning Blood":0}]},"card_choices":[{"not_picked":["Heavy Blade","Body Slam"],"picked":"Sword Boomerang","floor":1},{"not_picked":["Pommel Strike","Havoc"],"picked":"Carnage","floor":2},{"not_picked":["Reckless Charge","Searing Blow"],"picked":"Seeing Red","floor":3},{"not_picked":["Intimidate","True Grit"],"picked":"Combust","floor":4},{"not_picked":["Flex","Havoc"],"picked":"Iron Wave","floor":6},{"not_picked":["Bludgeon","Anger"],"picked":"Iron Wave","floor":8},{"not_picked":["Shrug It Off","Battle Trance"],"picked":"Whirlwind","floor":10}],"player_experience":1021596,"relics_obtained":[{"floor":6,"key":"PreservedInsect"},{"floor":8,"key":"Gambling Chip"},{"floor":9,"key":"Letter Opener"}],"event_choices":[{"damage_healed":0,"gold_gain":0,"player_choice":"Cursed","damage_taken":0,"max_hp_gain":0,"max_hp_loss":0,"event_name":"Wheel of Change","floor":7,"gold_loss":0,"cards_obtained":["Decay"]}],"is_beta":false,"boss_relics":[],"items_purged_floors":[],"is_endless":false,"potions_floor_spawned":[2,10],"killed_by":"3 Sentries","ascension_level":12}}