{"host":"c0rqchpxu0yjpthq","time":1613915414,"event":{"mods":["100% Spire Juice","ATMod(阿瑾Mod)","BaseMod","Challenge The Spire","Conspire","Downfall","HololiveMod","Minty Spire (QoL Compilation)","MostiFishMod","Prisma Mod","Reimu（博丽灵梦）","Relic Stats","Reliquary","Replay The Spire","Spicy Shops","StSLib","The Alterego","The Hierophant","WarShipGirlsR/战舰少女R mod","Wide Potions","Yakumo Yukari mod","[GremlinLeader]The Maniac","【功能Mod】聪明的最终Boss","【遗物卡牌】REMEMod"],"gold_per_floor":[115,134,134,134,134,149,149,149,149,177,177,177,207,57,57,210,210,241,281,310,110,131,173,194,231,231,263,13,13,45,169,169,306,306,348,348,374,411,445,489,489,514,514,659,782,782,826,874,874,928,928,928,928,981,1051],"floor_reached":56,"language":"ZHS","playtime":3216,"items_purged":["downfall:Bewildered","PrismaMod:ChloeCommonDefend","Pain","PrismaMod:ChloeCommonAttack","Normality","PrismaMod:ChloeCommonAttack","Doubt","PrismaMod:ChloeCommonDefend","PrismaMod:ChloeCommonAttack","Clumsy","PrismaMod:ChloeCommonDefend"],"score":1678,"play_id":"38cbef4e-b92e-4817-a1a4-790005629547","local_time":"20210221215014","is_ascension_mode":false,"campfire_choices":[{"data":"PrismaMod:ChloeDevil","floor":12,"key":"SMITH"},{"data":"AT_FamilyPortrait","floor":15,"key":"SMITH"},{"floor":29,"key":"RECALL"},{"data":"PrismaMod:ChloeCommonAttack","floor":41,"key":"SMITH"},{"data":"Madness","floor":52,"key":"SMITH"}],"circlet_count":0,"master_deck":["PrismaMod:ChloeCommonAttack+1","PrismaMod:ChloeCommonAttack+1","PrismaMod:ChloeCommonDefend+1","PrismaMod:ChloeCheapAttack+1","PrismaMod:ChloeCheapDefend+1","AT_FamilyPortrait+1","PrismaMod:ChloeDevil+","Glass Knife+1","Madness+1","Madness"],"relics":["PrismaMod:PrismaTraceOn","AT_ATBox","DaveBox","REME_ComplimentaryCards","NeowsBlessing","DiscerningMonocle","SynthV:TestCard","PrismaticShard","Civilization","Ying","reliquary:Knoch","reliquary:Stiletto","conspire:Flyswatter","StoneCalendar","Dodecahedron","Lantern","Tea:ReiMu","Replay:Bandana","Shuriken","reliquary:Bookmark","Darkstone Periapt","WarpedTongs","reliquary:Firecrackers","REME_HandOfSuture","Orrery","Bottled Flame","ChiXiaoBlade","MealTicket","Boot","conspire:DeflatedDodgeball","TheAbacus","Guide Book","AT_SunfireAegis","Dream Catcher","AT_TimeSand","Sundial","reliquary:BrokenClock","Potion Belt","Sling","PreservedInsect","Replay:Towering Pillar of Hats","reliquary:Sideboard","conspire:RoyalGoblet","Matryoshka","reliquary:PartyBalloon","TakeMeEscape","conspire:TreasureMap","AT_RedTearstoneRing","reliquary:Aerogel","conspire:DecoderRing","reliquary:TridentHead","REME_ArchaeologicalTools","reliquary:Buckler","Mercury Hourglass","AT_BellowingDragoncrestRing","Bag of Preparation","HandDrill","Chemical X","InkBottle","Anchor","ReplayTheSpireMod:Ninjato","AT_ArchangelStaff","conspire:InfiniteJournal","Lee\u0027s Waffle","Bag of Marbles","Pantograph","Frozen Eye","ReplayFunnel"],"acts_visited":["Exordium","TheCity","TheBeyond","TheEnding"],"potions_floor_usage":[16,23,23,23,31,46],"damage_taken":[{"damage":2,"enemies":"2 Louse","floor":1,"turns":1},{"damage":0,"enemies":"Jaw Worm","floor":2,"turns":1},{"damage":0,"enemies":"Small Slimes","floor":6,"turns":1},{"damage":12,"enemies":"3 Louse","floor":10,"turns":3},{"damage":2,"enemies":"Large Slime","floor":13,"turns":5},{"damage":6,"enemies":"Fading Forest","floor":16,"turns":8},{"damage":0,"enemies":"2 Thieves","floor":18,"turns":1},{"damage":0,"enemies":"3 Byrds","floor":19,"turns":3},{"damage":0,"enemies":"Snake Plant","floor":20,"turns":1},{"damage":0,"enemies":"Chosen and Byrds","floor":22,"turns":2},{"damage":0,"enemies":"conspire:Head Lice","floor":23,"turns":2},{"damage":13,"enemies":"conspire:HollyBat","floor":24,"turns":4},{"damage":0,"enemies":"Cultist and Chosen","floor":25,"turns":3},{"damage":0,"enemies":"Snecko","floor":27,"turns":1},{"damage":0,"enemies":"Chosen and Byrds","floor":30,"turns":2},{"damage":0,"enemies":"Colosseum Slavers","floor":31,"turns":2},{"damage":0,"enemies":"Colosseum Nobs","floor":31,"turns":1},{"damage":0,"enemies":"Collector","floor":33,"turns":3},{"damage":6,"enemies":"3 Shapes","floor":35,"turns":2},{"damage":0,"enemies":"Orb Walker","floor":37,"turns":1},{"damage":0,"enemies":"Writhing Mass","floor":38,"turns":2},{"damage":0,"enemies":"Sphere and 2 Shapes","floor":39,"turns":2},{"damage":0,"enemies":"Reptomancer","floor":40,"turns":2},{"damage":0,"enemies":"4 Shapes","floor":42,"turns":1},{"damage":0,"enemies":"R_Hoarder","floor":45,"turns":3},{"damage":0,"enemies":"Nemesis","floor":47,"turns":1},{"damage":0,"enemies":"3 Darklings","floor":48,"turns":1},{"damage":48,"enemies":"Awakened One","floor":50,"turns":3},{"damage":0,"enemies":"Shield and Spear","floor":54,"turns":1},{"damage":7,"enemies":"The Heart","floor":55,"turns":4}],"seed_played":"91037256828667717","potions_obtained":[{"floor":18,"key":"SteroidPotion"},{"floor":24,"key":"Adrenaline Potion"},{"floor":27,"key":"Adrenaline Potion"},{"floor":31,"key":"Languid Potion"},{"floor":35,"key":"champ:CounterPotion"},{"floor":42,"key":"Flashbang"}],"is_trial":false,"path_per_floor":["M","M","?","?","$","M","$","?","T","M","?","R","M","$","R","B",null,"M","M","M","$","M","E","M","M","T","M","$","R","M","?","R","B",null,"M","$","M","M","M","E","R","M","T","?","E","$","E","M","R","B",null,"R","$","E","B",null],"character_chosen":"CHLOE","items_purchased":["Civilization","Ying","reliquary:Knoch","reliquary:Stiletto","conspire:Flyswatter","StoneCalendar","Elixir","DistilledChaos","LiquidBronze","PrismaMod:ChloeDevil","Dodecahedron","Lantern","Tea:ReiMu","Replay:Bandana","Shuriken","reliquary:Bookmark","reliquary:Firecrackers","REME_GoldPotion","REME_HandOfSuture","Orrery","Bottled Flame","MealTicket","Boot","conspire:DeflatedDodgeball","TheAbacus","Guide Book","AT_SunfireAegis","AT_TimeSand","Sundial","reliquary:BrokenClock","Potion Belt","Sling","PreservedInsect","Matryoshka","reliquary:PartyBalloon","TakeMeEscape","DuplicationPotion","Milkshake","Fire Potion","conspire:TreasureMap","AT_RedTearstoneRing","reliquary:Aerogel","AT_BellowingDragoncrestRing","Bag of Preparation","HandDrill","Chemical X","InkBottle","REME_GoldPotion","Explosive Potion","Anchor","AT_ArchangelStaff","conspire:InfiniteJournal","Lee\u0027s Waffle","Bag of Marbles","Pantograph","Frozen Eye"],"campfire_rested":0,"item_purchase_floors":[5,5,5,5,5,5,5,5,5,5,7,7,7,7,7,7,14,14,14,14,14,21,21,21,21,21,21,28,28,28,28,28,28,36,36,36,36,36,36,36,36,36,46,46,46,46,46,46,46,46,53,53,53,53,53,53],"current_hp_per_floor":[75,75,75,75,75,79,79,79,79,72,78,78,83,83,83,84,100,105,110,115,121,126,133,129,136,136,143,154,154,159,169,169,174,174,175,179,184,189,194,199,199,205,205,123,130,151,158,163,135,231,231,231,238,243,245],"gold":1051,"neow_bonus":"THREE_ENEMY_KILL","is_daily":false,"chose_seed":false,"campfire_upgraded":4,"win_rate":0.0,"timestamp":1613915414,"path_taken":["M","M","?","?","$","M","$","?","T","M","?","R","M","$","R","BOSS","M","M","M","$","M","E","M","M","T","M","$","R","M","?","R","BOSS","M","$","M","M","M","E","R","M","T","?","E","$","E","M","R","BOSS","R","$","E","BOSS"],"items_purchased_type":["Relic","Relic","Relic","Relic","Relic","Relic","Potion","Potion","Potion","Card","Relic","Relic","Relic","Relic","Relic","Relic","Relic","Potion","Relic","Relic","Relic","Relic","Relic","Relic","Relic","Relic","Relic","Relic","Relic","Relic","Relic","Relic","Relic","Relic","Relic","Relic","Potion","Potion","Potion","Relic","Relic","Relic","Relic","Relic","Relic","Relic","Relic","Potion","Potion","Relic","Relic","Relic","Relic","Relic","Relic","Relic"],"build_version":"2020-12-22","purchased_purges":11,"victory":true,"max_hp_per_floor":[77,77,77,77,77,79,79,79,79,84,90,90,95,95,95,100,100,105,110,115,121,126,133,138,143,143,148,154,154,159,169,169,174,174,179,179,184,189,194,199,199,205,205,205,210,216,221,226,226,231,231,231,238,243,248],"relic_stats":{"Darkstone Periapt":24,"Lee\u0027s Waffle":7,"counters":[30,67],"StoneCalendar":[52],"PreservedInsect":283,"Bag of Preparation":[10],"Boot":[0],"WarpedTongs":[61],"Mercury Hourglass":[39],"Dream Catcher":1,"TheAbacus":[198],"Shuriken":[55],"Sundial":[16],"Pantograph":0,"MealTicket":24,"HandDrill":[0],"Chemical X":[1],"obtain_stats":[{"AT_ATBox":0,"conspire:RoyalGoblet":34,"reliquary:PartyBalloon":36,"Tea:ReiMu":7,"AT_TimeSand":28,"Boot":21,"Sling":28,"AT_ArchangelStaff":53,"PrismaMod:PrismaTraceOn":0,"Sundial":28,"conspire:DecoderRing":40,"MealTicket":21,"REME_ArchaeologicalTools":43,"HandDrill":46,"conspire:TreasureMap":36,"AT_RedTearstoneRing":36,"Dodecahedron":7,"reliquary:Sideboard":31,"WarpedTongs":11,"reliquary:Bookmark":7,"Bottled Flame":14,"Shuriken":7,"ChiXiaoBlade":17,"reliquary:BrokenClock":28,"reliquary:Knoch":5,"conspire:Flyswatter":5,"Darkstone Periapt":9,"ReplayFunnel":54,"Lantern":7,"Ying":5,"DaveBox":0,"DiscerningMonocle":0,"reliquary:Aerogel":36,"reliquary:Firecrackers":14,"StoneCalendar":5,"Bag of Preparation":46,"PrismaticShard":3,"conspire:InfiniteJournal":53,"Civilization":5,"reliquary:TridentHead":43,"Frozen Eye":53,"Replay:Bandana":7,"Dream Catcher":23,"TheAbacus":21,"Matryoshka":36,"Pantograph":53,"reliquary:Buckler":44,"Chemical X":46,"InkBottle":46,"Potion Belt":28,"Lee\u0027s Waffle":53,"ReplayTheSpireMod:Ninjato":47,"NeowsBlessing":0,"Replay:Towering Pillar of Hats":31,"Guide Book":21,"PreservedInsect":28,"Mercury Hourglass":45,"Anchor":46,"SynthV:TestCard":1,"AT_BellowingDragoncrestRing":46,"TakeMeEscape":36,"Orrery":14,"reliquary:Stiletto":5,"REME_HandOfSuture":14,"Bag of Marbles":53,"conspire:DeflatedDodgeball":21,"AT_SunfireAegis":21,"REME_ComplimentaryCards":0},{"AT_ATBox":0,"conspire:RoyalGoblet":18,"reliquary:PartyBalloon":19,"Tea:ReiMu":3,"AT_TimeSand":14,"Boot":9,"Sling":14,"AT_ArchangelStaff":28,"PrismaMod:PrismaTraceOn":0,"Sundial":14,"conspire:DecoderRing":23,"MealTicket":9,"REME_ArchaeologicalTools":24,"HandDrill":25,"conspire:TreasureMap":19,"AT_RedTearstoneRing":19,"Dodecahedron":3,"reliquary:Sideboard":17,"WarpedTongs":4,"reliquary:Bookmark":3,"Bottled Flame":5,"Shuriken":3,"ChiXiaoBlade":6,"reliquary:BrokenClock":14,"reliquary:Knoch":2,"conspire:Flyswatter":2,"Darkstone Periapt":3,"ReplayFunnel":29,"Lantern":3,"Ying":2,"DaveBox":0,"DiscerningMonocle":0,"reliquary:Aerogel":19,"reliquary:Firecrackers":5,"StoneCalendar":2,"Bag of Preparation":25,"PrismaticShard":2,"conspire:InfiniteJournal":28,"Civilization":2,"reliquary:TridentHead":24,"Frozen Eye":28,"Replay:Bandana":3,"Dream Catcher":11,"TheAbacus":9,"Matryoshka":19,"Pantograph":28,"reliquary:Buckler":24,"Chemical X":25,"InkBottle":25,"Potion Belt":14,"Lee\u0027s Waffle":28,"ReplayTheSpireMod:Ninjato":26,"NeowsBlessing":0,"Replay:Towering Pillar of Hats":17,"Guide Book":9,"PreservedInsect":14,"Mercury Hourglass":25,"Anchor":25,"SynthV:TestCard":1,"AT_BellowingDragoncrestRing":25,"TakeMeEscape":19,"Orrery":5,"reliquary:Stiletto":2,"REME_HandOfSuture":5,"Bag of Marbles":28,"conspire:DeflatedDodgeball":9,"AT_SunfireAegis":9,"REME_ComplimentaryCards":0},{"AT_ATBox":0,"conspire:RoyalGoblet":44,"reliquary:PartyBalloon":46,"Tea:ReiMu":3,"AT_TimeSand":36,"Boot":24,"Sling":36,"AT_ArchangelStaff":62,"PrismaMod:PrismaTraceOn":0,"Sundial":36,"conspire:DecoderRing":53,"MealTicket":24,"REME_ArchaeologicalTools":54,"HandDrill":57,"conspire:TreasureMap":46,"AT_RedTearstoneRing":46,"Dodecahedron":3,"reliquary:Sideboard":41,"WarpedTongs":6,"reliquary:Bookmark":3,"Bottled Flame":11,"Shuriken":3,"ChiXiaoBlade":19,"reliquary:BrokenClock":36,"reliquary:Knoch":2,"conspire:Flyswatter":2,"Darkstone Periapt":3,"ReplayFunnel":63,"Lantern":3,"Ying":2,"DaveBox":0,"DiscerningMonocle":0,"reliquary:Aerogel":46,"reliquary:Firecrackers":11,"StoneCalendar":2,"Bag of Preparation":57,"PrismaticShard":2,"conspire:InfiniteJournal":62,"Civilization":2,"reliquary:TridentHead":54,"Frozen Eye":62,"Replay:Bandana":3,"Dream Catcher":28,"TheAbacus":24,"Matryoshka":46,"Pantograph":62,"reliquary:Buckler":54,"Chemical X":57,"InkBottle":57,"Potion Belt":36,"Lee\u0027s Waffle":62,"ReplayTheSpireMod:Ninjato":58,"NeowsBlessing":0,"Replay:Towering Pillar of Hats":41,"Guide Book":24,"PreservedInsect":36,"Mercury Hourglass":57,"Anchor":57,"SynthV:TestCard":1,"AT_BellowingDragoncrestRing":57,"TakeMeEscape":46,"Orrery":11,"reliquary:Stiletto":2,"REME_HandOfSuture":11,"Bag of Marbles":62,"conspire:DeflatedDodgeball":24,"AT_SunfireAegis":24,"REME_ComplimentaryCards":0}],"InkBottle":[12]},"card_choices":[{"not_picked":["PrismaMod:ChloeMordred","PrismaMod:ChloeMaid","PrismaMod:ChloeChristmas"],"picked":"SKIP","floor":1},{"not_picked":["PrismaMod:ChloeExhaustOne","PrismaMod:ChloeCheapAttackTwo","PrismaMod:ChloeCaladbolg","PrismaMod:ChloeCheapAttack","PrismaMod:ChloeCheapDefend"],"picked":"SKIP","floor":2},{"not_picked":["PrismaMod:MiyuCheapAttack1","Iron Wave","Replay:Poison Smokescreen","PrismaMod:MiyuCheapEvoke","Hololive_CallInugamiKorone"],"picked":"SKIP","floor":6},{"not_picked":["AT_Homeward","PrismaMod:IllyaReinForce","AT_HeatAcrobatics","alterego_mod:DiscoLights","PrismaMod:IllyaBlindPoisonToss"],"picked":"SKIP","floor":10},{"not_picked":["PrismaMod:MiyuCarnivalAttack","Prepared","Slimebound:SplitAcid","Moonworks:SelfDestruct","Conquer:ReiMu"],"picked":"SKIP","floor":13},{"not_picked":["Moonworks:BigMagnum+1","alterego_mod:HighServant","PrismaMod:MiyuUberAttack","PrismaMod:IllyaCheapChannelAttack","WorldDissolvedintheRealm_purple"],"picked":"SKIP","floor":18},{"not_picked":["Aggregate","Slimebound:FinishingTackle","rmod:steelsupply+1","ProofOfUnderstanding_purple","Quick Slash"],"picked":"SKIP","floor":19},{"not_picked":["Poisoned Stab","maniac:Confront","Consecrate+1","Moonworks:ImOnFire","ExistenceContinue_purple"],"picked":"SKIP","floor":20},{"not_picked":["KamiSacrifice:ReiMu","PrismaMod:MiyuCarnivalAttack","sneckomod:DiceCrush+1","Bouncing Flask","PrismaMod:ChloeExhaustOne"],"picked":"SKIP","floor":22},{"not_picked":["rmod:unsinkable+1","Hololive_CallMomosuzuNene+1","Slimebound:RainOfGoop","hierophant:AuricForm","Fantasy_PerpetualMotionMachine_purple"],"picked":"SKIP","floor":23},{"not_picked":["maniac:ShiftingShadows","maniac:DashForward","hexamod:GhostLash","Moonworks:StiffCrystal","PrismaMod:MiyuEvokeBuffStr"],"picked":"SKIP","floor":24},{"not_picked":["sneckomod:UnknownDraw","sneckomod:UnknownCommonAttack","expansioncontent:Hexaburn","Guardian:PrismaticBarrier","champ:RecklessLeap"],"picked":"SKIP","floor":25},{"not_picked":["PrismaMod:ChloeDiscardRecovery+1","Intimidate","Conquer:ReiMu","Ball Lightning","Replay:BluntJabs"],"picked":"SKIP","floor":27},{"not_picked":["Slimebound:GoopTackle+1","hierophant:Shelter","hexamod:Haunt","PrismaMod:ChloeExhaustOne","Moonworks:BigMagnum"],"picked":"SKIP","floor":30},{"not_picked":["alterego_mod:Cycle","ReplayTheSpireMod:Calculation Training","AT_SoftenMuscles","sneckomod:UnknownClassMANIAC_BLUE_COLOR"],"picked":"PrismaMod:ChloeMaid+1","floor":32},{"not_picked":["sneckomod:SnekBeam","Massacre","AT_DiedThrough","maniac:PanickyParry","hierophant:Doubloon"],"picked":"SKIP","floor":35},{"not_picked":["PrismaMod:ChloeCheapAttackTwo","hexamod:HauntingEcho+1","Replay:SS_fish_1+1","Amulet:ReiMu+1","PathToVictory"],"picked":"SKIP","floor":37},{"not_picked":["Impatience+1","sneckomod:QuickMove","champ:CheapShot","FantasyMoon:ReiMu","sneckomod:SoulRoll"],"picked":"SKIP","floor":38},{"not_picked":["Moonworks:BigBangBell+1","Realm_recovery_purpleEX+1","hexamod:BacktrackSmack","hierophant:Zeal","Guardian:PrimingBeam"],"picked":"SKIP","floor":39},{"not_picked":["sneckomod:UnknownClassCHLOE_RED","sneckomod:UnknownClassGREEN","Hololive_CallShirakamiFubuki","Hololive_Drill","hierophant:SealAway+1"],"picked":"SKIP","floor":40},{"not_picked":["PathToVictory","Guardian:PiercingHide","PrismaMod:IllyaPoisonTippedWeapons+1","rmod:ring","Hololive_FlyingPonyTail"],"picked":"SKIP","floor":42},{"not_picked":["Clash","rmod:slowdown+1","Replay:Bag of Tricks","Hololive_CallTsunomakiWatame"],"picked":"PositiveMatter_Antimatter_Universe_purple+1","floor":44},{"not_picked":["Fire Breathing","Hololive_CandyCastle+1","TightArray:ReiMu+1","alterego_mod:Pet","rmod:goodsister+1"],"picked":"SKIP","floor":45},{"not_picked":["Warcry+1","Moonworks:BeyondHell+1","Berserk","Barrage","CareerPray:ReiMu"],"picked":"SKIP","floor":47},{"not_picked":["bronze:FollowUp","Reprogram","AT_BodySlamDance+1","Iron Wave+1","champ:PerfectedStrike"],"picked":"SKIP","floor":48},{"not_picked":["hexamod:FastForward+1","sneckomod:UnknownClassPossessed+1","Mirror_FormAndEmptin_purple","Secret Technique","Slimebound:SplitBruiser"],"picked":"SKIP","floor":54}],"player_experience":100192,"relics_obtained":[{"floor":1,"key":"SynthV:TestCard"},{"floor":9,"key":"Darkstone Periapt"},{"floor":23,"key":"Dream Catcher"},{"floor":31,"key":"Replay:Towering Pillar of Hats"},{"floor":31,"key":"reliquary:Sideboard"},{"floor":40,"key":"conspire:DecoderRing"},{"floor":43,"key":"reliquary:TridentHead"},{"floor":43,"key":"REME_ArchaeologicalTools"},{"floor":44,"key":"reliquary:Buckler"},{"floor":45,"key":"Mercury Hourglass"},{"floor":47,"key":"ReplayTheSpireMod:Ninjato"},{"floor":54,"key":"ReplayFunnel"}],"event_choices":[{"damage_healed":0,"gold_gain":0,"player_choice":"Rummage","damage_taken":0,"relics_obtained":["WarpedTongs"],"max_hp_gain":0,"max_hp_loss":0,"event_name":"Accursed Blacksmith","floor":11,"gold_loss":0,"cards_obtained":["Pain"]},{"damage_healed":0,"gold_gain":0,"player_choice":"Fight","damage_taken":0,"max_hp_gain":0,"max_hp_loss":0,"event_name":"Colosseum","floor":31,"gold_loss":0},{"damage_healed":0,"gold_gain":0,"player_choice":"Fought Nobs","damage_taken":0,"max_hp_gain":0,"max_hp_loss":0,"event_name":"Colosseum","floor":31,"gold_loss":0},{"damage_healed":0,"gold_gain":0,"player_choice":"Embrace Madness","damage_taken":28,"max_hp_gain":0,"max_hp_loss":0,"event_name":"Winding Halls","floor":49,"gold_loss":0,"cards_obtained":["Madness","Madness"]}],"is_beta":false,"boss_relics":[{"not_picked":["NightmareShop","REME_ChargedStone"],"picked":"ChiXiaoBlade"},{"not_picked":["conspire:SeveredTorchhead","GuanYuAspect"],"picked":"conspire:RoyalGoblet"}],"items_purged_floors":[5,7,14,14,21,21,28,28,36,46,53],"is_endless":false,"potions_floor_spawned":[13,18,20,24,27,31,35,38,42],"ascension_level":0}}