{"host":"9j57ssn5uf16ac10","time":1613873244,"event":{"mods":["2.2 Compatiblity","BaseMod","Colored Map","Colored Powertips","DeckTracker","Googly Eyes","Minty Spire (QoL Compilation)","StSLib","Unknown Chances"],"gold_per_floor":[109,123,77,77,90,90,50,84,111,138,138,201,201,220,220,344,344,360,285,285,308,26,26,45,45,116,116,116,137,137,137,137],"floor_reached":31,"language":"ENG","playtime":1280,"items_purged":[],"score":289,"play_id":"9f189d9a-b0ee-454d-a4f9-8dd9856b9951","local_time":"20210220210724","is_ascension_mode":true,"campfire_choices":[{"data":"Corpse Explosion","floor":6,"key":"SMITH"},{"floor":13,"key":"REST"},{"floor":15,"key":"REST"},{"floor":23,"key":"REST"},{"floor":25,"key":"REST"},{"data":"Apotheosis","floor":27,"key":"SMITH"},{"floor":30,"key":"REST"}],"circlet_count":0,"master_deck":["Strike_G","Strike_G","Strike_G","Strike_G","Defend_G","Defend_G","Defend_G","Defend_G","Defend_G","Survivor","Neutralize","Writhe","Endless Agony","Poisoned Stab+1","Poisoned Stab","Corpse Explosion+1","Footwork","Dash","Dodge and Roll","Blur","Wraith Form v2","Prepared","Apotheosis+1","Necronomicurse","Calculated Gamble+1"],"relics":["Ring of the Snake","The Specimen","Art of War","Snake Skull","Tiny Chest","Golden Idol","Velvet Choker","Calipers","White Beast Statue","Necronomicon"],"acts_visited":["Exordium","TheCity"],"potions_floor_usage":[8,10,16,24,29,29],"damage_taken":[{"damage":8,"enemies":"2 Louse","floor":1,"turns":4},{"damage":0,"enemies":"Cultist","floor":2,"turns":4},{"damage":10,"enemies":"Small Slimes","floor":5,"turns":2},{"damage":20,"enemies":"3 Sentries","floor":8,"turns":4},{"damage":17,"enemies":"Lagavulin","floor":10,"turns":5},{"damage":0,"enemies":"2 Fungi Beasts","floor":14,"turns":2},{"damage":46,"enemies":"Slime Boss","floor":16,"turns":12},{"damage":25,"enemies":"Spheric Guardian","floor":18,"turns":6},{"damage":18,"enemies":"2 Thieves","floor":21,"turns":4},{"damage":7,"enemies":"Centurion and Healer","floor":24,"turns":4},{"damage":26,"enemies":"Chosen and Byrds","floor":29,"turns":7},{"damage":32,"enemies":"Book of Stabbing","floor":31,"turns":5}],"seed_played":"-7374220870565486755","potions_obtained":[{"floor":1,"key":"PowerPotion"},{"floor":8,"key":"AttackPotion"},{"floor":10,"key":"Block Potion"},{"floor":14,"key":"DuplicationPotion"},{"floor":29,"key":"SteroidPotion"}],"is_trial":false,"path_per_floor":["M","M","$","?","M","R","$","E","T","E","?","?","R","M","R","B",null,"M","?","T","M","$","R","M","R","T","R","?","M","R","E"],"character_chosen":"THE_SILENT","items_purchased":["Poisoned Stab","Footwork","Apotheosis","Block Potion","Block Potion"],"campfire_rested":5,"item_purchase_floors":[3,7,22,22,22],"current_hp_per_floor":[62,62,62,62,52,52,52,32,32,15,15,15,34,34,53,7,65,40,40,40,22,22,41,34,53,53,53,37,11,30,0,0],"gold":137,"neow_bonus":"ONE_RARE_RELIC","is_daily":false,"chose_seed":false,"campfire_upgraded":2,"win_rate":0.0,"timestamp":1613873244,"path_taken":["M","M","$","?","?","R","?","E","T","E","?","?","R","M","R","BOSS","M","?","?","M","$","R","M","R","T","R","?","M","R","E"],"items_purchased_type":["Card","Card","Card","Potion","Potion"],"build_version":"2020-12-22","purchased_purges":0,"victory":false,"max_hp_per_floor":[70,70,70,70,70,70,70,70,70,70,65,65,65,65,65,65,65,65,65,65,65,65,65,65,65,65,65,65,65,65,65,65],"card_choices":[{"not_picked":["Finisher","Backflip"],"picked":"Endless Agony","floor":1},{"not_picked":["Backflip","Choke"],"picked":"Poisoned Stab","floor":2},{"not_picked":["Flying Knee","Tactician"],"picked":"Corpse Explosion","floor":5},{"not_picked":["Quick Slash","Terror"],"picked":"Dash","floor":8},{"not_picked":["Deflect","Leg Sweep"],"picked":"Dodge and Roll","floor":10},{"not_picked":["Dagger Spray","Sucker Punch"],"picked":"Blur","floor":14},{"not_picked":["Glass Knife","Phantasmal Killer"],"picked":"Wraith Form v2","floor":16},{"not_picked":["Accuracy","Skewer","Reflex"],"picked":"SKIP","floor":18},{"not_picked":["Well Laid Plans","Riddle With Holes"],"picked":"Prepared","floor":21},{"not_picked":["Deflect","Masterful Stab","Underhanded Strike"],"picked":"SKIP","floor":24},{"not_picked":["Dagger Spray","Sucker Punch"],"picked":"Calculated Gamble+1","floor":29}],"player_experience":533264,"relics_obtained":[{"floor":8,"key":"Art of War"},{"floor":9,"key":"Snake Skull"},{"floor":10,"key":"Tiny Chest"},{"floor":20,"key":"Calipers"},{"floor":26,"key":"White Beast Statue"},{"floor":28,"key":"Necronomicon"}],"event_choices":[{"damage_healed":0,"gold_gain":0,"player_choice":"Upgraded","damage_taken":0,"max_hp_gain":0,"max_hp_loss":0,"event_name":"Upgrade Shrine","floor":4,"gold_loss":0,"cards_upgraded":["Poisoned Stab"]},{"damage_healed":0,"gold_gain":0,"player_choice":"Lose Max HP","damage_taken":0,"relics_obtained":["Golden Idol"],"max_hp_gain":0,"max_hp_loss":5,"event_name":"Golden Idol","floor":11,"gold_loss":0},{"damage_healed":0,"gold_gain":63,"player_choice":"Gained Gold","damage_taken":0,"max_hp_gain":0,"max_hp_loss":0,"event_name":"Golden Wing","floor":12,"gold_loss":0},{"cards_removed":["Strike_G"],"damage_healed":0,"gold_gain":0,"player_choice":"Gave Gold","damage_taken":0,"max_hp_gain":0,"max_hp_loss":0,"event_name":"Beggar","floor":19,"gold_loss":75},{"damage_healed":0,"gold_gain":0,"player_choice":"Obtained Book","damage_taken":16,"max_hp_gain":0,"max_hp_loss":0,"event_name":"Cursed Tome","floor":28,"gold_loss":0}],"is_beta":false,"boss_relics":[{"not_picked":["Runic Dome","WristBlade"],"picked":"Velvet Choker"}],"items_purged_floors":[],"is_endless":false,"potions_floor_spawned":[1,8,10,14,29],"killed_by":"Book of Stabbing","ascension_level":4}}