{"host":"edm4685et2490z3f","time":1613894260,"event":{"mods":["BaseMod","Colored Map","Colored Powertips","Downfall","Lobotomy","LobotomyExtend","Marisa£®ÏF”Í°°ƒß¿Ì…≥£©","Minty Spire (QoL Compilation)","Replay The Spire","Shop Mod","StSLib","The Administrix","The Servant 0.9.4","UnlockEverythingMod","[IsaacMod]“‘»ˆº‚À˛"],"gold_per_floor":[116,116,136,151,151,151,167,200,276,276,401,401,420,0,0,0,0],"floor_reached":16,"language":"ZHS","playtime":956,"items_purged":[],"score":100,"play_id":"e57c2e67-7950-4404-9533-b22b5130725d","local_time":"20210221155740","is_ascension_mode":false,"campfire_choices":[{"data":"ChargingUp","floor":6,"key":"SMITH"},{"floor":10,"key":"REST"},{"data":"MasterSpark","floor":12,"key":"SMITH"},{"floor":15,"key":"REST"}],"circlet_count":0,"master_deck":["Strike_MRS","Strike_MRS","Strike_MRS","Strike_MRS","Defend_MRS","Defend_MRS","Defend_MRS","Defend_MRS","MasterSpark+1","DoctorFetus","Bloodbath","WitchLeyline","FairyFestival","UltimateShortwave","RedShoes","ChargingUp+1","ShyLook","EventHorizon","BeautyBeast","IllusionStar","DreamingCurrent","SprinkleStarSeal"],"relics":["MiniHakkero","HushsDoor","CogitoBucket","MaYiHuaBei","LetterFromLob","Golden Idol","GuppysTail","Singing Bowl","SkinProphecy","MerchantsRug","BelialBook"],"acts_visited":["Exordium"],"potions_floor_usage":[8,13,16,16],"damage_taken":[{"damage":1,"enemies":"Cultist","floor":1,"turns":3},{"damage":0,"enemies":"2 Louse","floor":3,"turns":3},{"damage":4,"enemies":"Small Slimes","floor":4,"turns":3},{"damage":0,"enemies":"Gremlin Gang","floor":7,"turns":3},{"damage":42,"enemies":"Lagavulin","floor":8,"turns":6},{"damage":31,"enemies":"3 Louse","floor":13,"turns":6},{"damage":60,"enemies":"The Guardian","floor":16,"turns":5}],"seed_played":"2067778638664380281","potions_obtained":[{"floor":1,"key":"AttackPotion"},{"floor":2,"key":"AttackPotion"},{"floor":2,"key":"Venom Potion"},{"floor":8,"key":"Energy Potion"}],"is_trial":false,"path_per_floor":["M","?","M","M","?","R","M","E","T","R","?","R","M","$","R","B"],"character_chosen":"MARISA","items_purchased":["MerchantsRug","SprinkleStarSeal","BelialBook","ChaosCard"],"campfire_rested":2,"item_purchase_floors":[14,14,14,14],"current_hp_per_floor":[74,74,74,70,69,69,69,29,29,49,51,51,23,23,44,0,0],"gold":0,"neow_bonus":"","is_daily":false,"chose_seed":false,"campfire_upgraded":2,"win_rate":0.0,"timestamp":1613894260,"path_taken":["M","?","M","M","?","R","?","E","T","R","?","R","M","$","R","BOSS"],"items_purchased_type":["Relic","Card","Relic","Card"],"build_version":"2020-12-22","purchased_purges":0,"victory":false,"max_hp_per_floor":[75,75,75,75,69,69,69,69,69,69,71,71,73,73,73,75,75],"card_choices":[{"not_picked":[],"picked":"DoctorFetus","floor":0},{"not_picked":["UniverseFragment","Woodsman"],"picked":"Bloodbath","floor":1},{"not_picked":["ChargingUp","EventHorizon"],"picked":"WitchLeyline","floor":1},{"not_picked":["MeatLantern","Funeral"],"picked":"FairyFestival","floor":3},{"not_picked":["MagicAbsorber","PowerUp"],"picked":"UltimateShortwave","floor":3},{"not_picked":["SpiderBud","MeatLantern"],"picked":"RedShoes","floor":4},{"not_picked":["GalacticHalo","StarBarrage"],"picked":"ChargingUp","floor":4},{"not_picked":["VoidDream","Scorched"],"picked":"ShyLook","floor":7},{"not_picked":["DoubleSpark","Bomb"],"picked":"EventHorizon","floor":7},{"not_picked":["MHz","Scorched"],"picked":"BeautyBeast","floor":8},{"not_picked":["NonDirectionalLaser","DC"],"picked":"IllusionStar","floor":8},{"not_picked":["Singularity","MachineGunSpark","LuminesStrike"],"picked":"Singing Bowl","floor":11},{"not_picked":["VoidDream","WhitesApple"],"picked":"DreamingCurrent","floor":13},{"not_picked":["UnstableBomb","AsteroidBelt","GravityBeat"],"picked":"Singing Bowl","floor":13}],"player_experience":49074,"relics_obtained":[{"floor":1,"key":"LetterFromLob"},{"floor":8,"key":"GuppysTail"},{"floor":9,"key":"Singing Bowl"}],"event_choices":[{"damage_healed":0,"gold_gain":0,"player_choice":"Got Potions","damage_taken":0,"max_hp_gain":0,"max_hp_loss":0,"event_name":"Lab","floor":2,"gold_loss":0},{"damage_healed":0,"gold_gain":0,"player_choice":"Lose Max HP","damage_taken":0,"relics_obtained":["Golden Idol"],"max_hp_gain":0,"max_hp_loss":6,"event_name":"Golden Idol","floor":5,"gold_loss":0}],"is_beta":false,"boss_relics":[],"items_purged_floors":[],"is_endless":false,"potions_floor_spawned":[1,4,8],"killed_by":"The Guardian","ascension_level":0}}