{"host":"0rxdudjy6rylha1k","time":1613945020,"event":{"mods":["Aspiration","BaseMod","Colored Map","Colored Powertips","Downfall","Highlight Path","Hubris","Minty Spire (QoL Compilation)","StSLib"],"gold_per_floor":[99,99,99,99,99,133,145,170,167,79,191,103,128,172,197,310,322,334,360,357,389,401,93,93,93,132,32,67,67,67,81,99,203,203,203,203,217,9,19,47,47,47,74,74,94,2,33,33,47,47,47,73,1,1,1,1],"floor_reached":57,"language":"ENG","playtime":13835,"items_purged":[],"score":1643,"play_id":"3a3b3c5f-fc68-4a07-9c5d-2bb541314413","local_time":"20210221150340","is_ascension_mode":true,"campfire_choices":[{"floor":1.0,"key":"RECALL"},{"floor":10.0,"key":"REST"},{"floor":12.0,"key":"REST"},{"data":"hubris:DuctTapeCard","floor":18.0,"key":"SMITH"},{"data":"Noxious Fumes","floor":25.0,"key":"SMITH"},{"data":"hexamod:HeatShield","floor":27.0,"key":"SMITH"},{"data":"Footwork","floor":30.0,"key":"SMITH"},{"data":"Bouncing Flask","floor":35.0,"key":"SMITH"},{"data":"Dagger Spray","floor":42,"key":"SMITH"},{"data":"hexamod:Rewind","floor":44,"key":"SMITH"},{"data":"Footwork","floor":54,"key":"SMITH"}],"circlet_count":0,"master_deck":["hexamod:Strike","hexamod:Strike","hexamod:Strike","hexamod:Defend","hexamod:Defend+1","hexamod:Defend+1","hexamod:Defend+1","hexamod:Sear+1","hexamod:HeatMetal+1","hexamod:SwordOfDarkness","hexamod:ShieldOfDarkness","hexamod:SuperheatedStrike","hexamod:HeatShield+1","hexamod:Rewind+1","hexamod:FirstSeal","hexamod:ApocalypticArmor+1","hexamod:AdvancingGuard+1","PiercingWail+1","hexamod:ThermalTransfer+1","Noxious Fumes+1","Slice+1","hexamod:FirstSeal","Footwork+1","Dagger Spray+1","Bouncing Flask+1","hubris:DuctTapeCard","Crippling Poison+1","hexamod:AdvancingGuard+1","Magnetism","Cloak And Dagger+1","Footwork+1"],"relics":["hexamod:SpiritBrand","downfall:HeartsMalice","hexamod:SoulConsumer","MawBank","Incense Burner","downfall:HeartBlessingRed","downfall:GremlinWheel","downfall:HeartBlessingGreen","bronze:BronzeIdol","hubris:DuctTape","aspiration:SilentSkillbook","hubris:BundleOfHerbs","aspiration:ChemicalBlood","downfall:HeartBlessingBlue","hexamod:TheBrokenSeal","Juzu Bracelet","Busted Crown","Toy Ornithopter","hubris:TenFootPole","MealTicket","Akabeko","Pantograph","Anchor","hubris:Metronome"],"acts_visited":["Exordium","TheCity","TheBeyond","TheEnding"],"potions_floor_usage":[36,39,40,40,40,45,45,45,47,49,50,50,50,52,52,55,56,56,56],"damage_taken":[{"damage":0.0,"enemies":"2 Louse","floor":2.0,"turns":1.0},{"damage":0.0,"enemies":"Small Slimes","floor":3.0,"turns":1.0},{"damage":0.0,"enemies":"Cultist","floor":5.0,"turns":1.0},{"damage":20.0,"enemies":"3 Sentries","floor":6.0,"turns":11.0},{"damage":0.0,"enemies":"3 Louse","floor":8.0,"turns":3.0},{"damage":5.0,"enemies":"downfall:FleeingMerchant","floor":9.0,"turns":4.0},{"damage":27.0,"enemies":"downfall:FleeingMerchant","floor":11.0,"turns":4.0},{"damage":1.0,"enemies":"Exordium Thugs","floor":13.0,"turns":4.0},{"damage":4.0,"enemies":"Gremlin Nob","floor":14.0,"turns":4.0},{"damage":7.0,"enemies":"Blue Slaver","floor":15.0,"turns":5.0},{"damage":43.0,"enemies":"SI_SHIV_ARCHETYPE","floor":16.0,"turns":14.0},{"damage":7.0,"enemies":"Chosen","floor":19.0,"turns":6.0},{"damage":0.0,"enemies":"downfall:FleeingMerchant","floor":20.0,"turns":4.0},{"damage":30.0,"enemies":"downfall:LooterAlt2","floor":21.0,"turns":7.0},{"damage":0.0,"enemies":"downfall:FleeingMerchant","floor":23.0,"turns":4.0},{"damage":58.0,"enemies":"Gremlin Leader","floor":26.0,"turns":10.0},{"damage":30.0,"enemies":"Slavers","floor":28.0,"turns":8.0},{"damage":0.0,"enemies":"Snecko","floor":31.0,"turns":3.0},{"damage":0.0,"enemies":"Centurion and Healer","floor":32.0,"turns":7.0},{"damage":20.0,"enemies":"WA_ARCHETYPE_CALM","floor":33.0,"turns":10.0},{"damage":0,"enemies":"3 Darklings","floor":36,"turns":1},{"damage":0,"enemies":"3 Shapes","floor":37,"turns":4},{"damage":1,"enemies":"downfall:FleeingMerchant","floor":38,"turns":4},{"damage":23,"enemies":"Jaw Worm Horde","floor":39,"turns":4},{"damage":17,"enemies":"Giant Head","floor":40,"turns":9},{"damage":23,"enemies":"Nemesis","floor":43,"turns":7},{"damage":4,"enemies":"Sphere and 2 Shapes","floor":45,"turns":4},{"damage":0,"enemies":"downfall:FleeingMerchant","floor":46,"turns":4},{"damage":35,"enemies":"Giant Head","floor":47,"turns":9},{"damage":3,"enemies":"3 Darklings","floor":49,"turns":5},{"damage":41,"enemies":"DF_ARCHETYPE_ORBS","floor":50,"turns":9},{"damage":47,"enemies":"downfall:CharBossMerchant","floor":52,"turns":9},{"damage":13,"enemies":"downfall:NeowBoss","floor":55,"turns":17},{"damage":83,"enemies":"downfall:NeowBossFinal","floor":56,"turns":12}],"seed_played":"8381750807216389722","potions_obtained":[{"floor":6.0,"key":"Fire Potion"},{"floor":13.0,"key":"hexamod:DoubleChargePotion"},{"floor":14.0,"key":"Weak Potion"},{"floor":16.0,"key":"Fire Potion"},{"floor":23.0,"key":"Energy Potion"},{"floor":26.0,"key":"Guardian:BlockOnCardUsePotion"},{"floor":26.0,"key":"ColorlessPotion"},{"floor":28.0,"key":"hexamod:DoubleChargePotion"},{"floor":31.0,"key":"Weak Potion"},{"floor":33.0,"key":"Weak Potion"},{"floor":37,"key":"AttackPotion"},{"floor":39,"key":"Explosive Potion"},{"floor":43,"key":"DistilledChaos"},{"floor":45,"key":"SteroidPotion"},{"floor":49,"key":"FearPotion"}],"is_trial":false,"path_per_floor":["R","M","M","?","M","E","T","M","$","R","?","R","M","E","M","B",null,"R","M","$","M","?","$","T","R","E","R","E","?","R","M","M","B",null,"R","M","M","$","M","E","T","R","E","R","M","$","E","$","M","B",null,"E","$","R","B","B",null],"character_chosen":"THE_SPIRIT","items_purchased":["hubris:BundleOfHerbs","Toy Ornithopter","Energy Potion","Magnetism","Pantograph","Footwork"],"campfire_rested":2,"item_purchase_floors":[23,38,38,46,46,53],"current_hp_per_floor":[63,63,63,56,56,40,40,40,39,60,37,58,61,61,54,29,60,60,70,70,58,58,70,70,70,55,65,90,90,90,90,90,88,90,90,90,90,90,85,90,90,90,78,78,90,90,84,90,90,81,88,69,84,84,90,54],"gold":1,"neow_bonus":"THREE_ENEMY_KILL","is_daily":false,"chose_seed":false,"campfire_upgraded":8,"win_rate":0.0,"timestamp":1613945020,"path_taken":["R","M","M","?","M","E","T","M","$","R","?","R","M","E","M","BOSS","R","M","$","?","?","?","T","R","E","R","E","?","R","M","M","BOSS","R","M","M","$","M","E","T","R","E","R","M","?","E","$","M","BOSS","E","$","R","BOSS","BOSS"],"items_purchased_type":["Relic","Relic","Potion","Card","Relic","Card"],"build_version":"2020-12-22","purchased_purges":0,"victory":true,"max_hp_per_floor":[70,70,70,70,70,70,70,70,70,70,70,70,70,70,70,70,70,70,70,70,70,70,70,70,70,70,80,90,90,90,90,90,90,90,90,90,90,90,90,90,90,90,90,90,90,90,90,90,90,90,90,90,90,90,90,90],"card_choices":[{"not_picked":["hexamod:BacktrackSmack","hexamod:SkipABeat"],"picked":"hexamod:HeatMetal","floor":2.0},{"not_picked":["hexamod:SuperheatedStrike","hexamod:EtherealExpedition"],"picked":"hexamod:SwordOfDarkness","floor":3.0},{"not_picked":["hexamod:GhostLash","hexamod:CatchUp"],"picked":"hexamod:ShieldOfDarkness","floor":5.0},{"not_picked":["hexamod:GhostOfSpireFuture","hexamod:FlamesFromBeyond"],"picked":"hexamod:SuperheatedStrike","floor":6.0},{"not_picked":["hexamod:SuperheatedStrike","hexamod:NightmareGuise"],"picked":"hexamod:EmpoweredFlame","floor":8.0},{"not_picked":["hexamod:HeatShield","hexamod:BacktrackSmack"],"picked":"hexamod:FifthSeal","floor":9.0},{"not_picked":["hexamod:SecondSeal","hexamod:FirstSeal"],"picked":"hexamod:SixthSeal","floor":11.0},{"not_picked":["hexamod:DynamicBlow","hexamod:Firestarter"],"picked":"hexamod:HeatShield","floor":13.0},{"not_picked":["hexamod:GhostLash","hexamod:AdvancingGuard"],"picked":"hexamod:Rewind","floor":14.0},{"not_picked":["hexamod:ThirdSeal","hexamod:SixthSeal"],"picked":"hexamod:FirstSeal","floor":15.0},{"not_picked":["hexamod:Again","hexamod:InspiringFlames"],"picked":"hexamod:FirstSeal","floor":15.0},{"not_picked":["hexamod:SecondSeal","hexamod:SixthSeal"],"picked":"hexamod:ThirdSeal","floor":16.0},{"not_picked":["hexamod:UnleashSpirits","hexamod:SixthSeal"],"picked":"hexamod:ApocalypticArmor","floor":16.0},{"not_picked":["hexamod:SpectersWail","hexamod:HeatMetal","Catalyst"],"picked":"hexamod:AdvancingGuard","floor":19.0},{"not_picked":["hexamod:RainOfEmbers","Concentrate","hexamod:SpectralSpark"],"picked":"PiercingWail+1","floor":19.0},{"not_picked":["Poisoned Stab","hexamod:FastForward","hexamod:HeatCrush"],"picked":"hexamod:ThermalTransfer+1","floor":20.0},{"not_picked":["Deflect","Sucker Punch","hubris:SlightOfHand"],"picked":"Noxious Fumes","floor":20.0},{"not_picked":["hexamod:SixthSeal","hexamod:ThirdSeal"],"picked":"hexamod:FourthSeal","floor":21.0},{"not_picked":["hexamod:SuperheatedStrike","Cloak And Dagger","Escape Plan","hexamod:AdvancingGuard"],"picked":"SKIP","floor":21.0},{"not_picked":["hexamod:FourthSeal","hexamod:ThirdSeal"],"picked":"hexamod:SecondSeal","floor":23.0},{"not_picked":["hexamod:GhostShield","Endless Agony+1","hexamod:GhostLash"],"picked":"Slice+1","floor":23.0},{"not_picked":["hexamod:Hexaguard","Bane","Quick Slash","Setup+1"],"picked":"SKIP","floor":26.0},{"not_picked":["hexamod:GhostShield","Flechettes","Reflex+1","Glass Knife"],"picked":"SKIP","floor":26.0},{"not_picked":["hexamod:ThirdSeal","hexamod:SecondSeal"],"picked":"hexamod:FirstSeal","floor":28.0},{"not_picked":["hexamod:GhostShield","hexamod:BurningTouch","hexamod:NightmareGuise","Doppelganger"],"picked":"SKIP","floor":28.0},{"not_picked":["Backflip","hexamod:HauntingEcho","hexamod:PhantomFireball"],"picked":"Dagger Spray","floor":31.0},{"not_picked":["hubris:SlightOfHand","Flying Knee","Dagger Throw"],"picked":"Bouncing Flask","floor":32.0},{"not_picked":["hexamod:HauntingEcho+1","hexamod:Again"],"picked":"SKIP","floor":37},{"not_picked":["Bane+1"],"picked":"Crippling Poison+1","floor":38},{"not_picked":["hexamod:PhantomCloak+1","Deadly Poison"],"picked":"SKIP","floor":39},{"not_picked":["hexamod:DynamicBlow","hubris:TrickCloak"],"picked":"SKIP","floor":40},{"not_picked":["hexamod:DynamicBlow","hexamod:SkipABeat+1"],"picked":"SKIP","floor":43},{"not_picked":["Prepared","hexamod:InspiringFlames"],"picked":"SKIP","floor":45},{"not_picked":["hexamod:RainOfEmbers"],"picked":"hexamod:AdvancingGuard+1","floor":46},{"not_picked":["hexamod:ThirdSeal"],"picked":"Cloak And Dagger+1","floor":47},{"not_picked":["hexamod:SoulSteal+1","hexamod:FirstSeal"],"picked":"SKIP","floor":49},{"not_picked":["Eviscerate+1","hexamod:FastForward"],"picked":"SKIP","floor":52}],"player_experience":3036372,"relics_obtained":[{"floor":6.0,"key":"MawBank"},{"floor":7.0,"key":"Incense Burner"},{"floor":11.0,"key":"downfall:GremlinWheel"},{"floor":12.0,"key":"bronze:BronzeIdol"},{"floor":14.0,"key":"hubris:DuctTape"},{"floor":26.0,"key":"aspiration:ChemicalBlood"},{"floor":28.0,"key":"Juzu Bracelet"},{"floor":40,"key":"hubris:TenFootPole"},{"floor":41,"key":"MealTicket"},{"floor":43,"key":"Akabeko"},{"floor":47,"key":"Anchor"},{"floor":52,"key":"hubris:Metronome"}],"event_choices":[{"damage_healed":0.0,"max_hp_gain":0.0,"max_hp_loss":0.0,"gold_gain":0.0,"event_name":"Scrap Ooze","player_choice":"Success","floor":4.0,"gold_loss":0.0,"damage_taken":7.0,"relics_obtained":["hexamod:SoulConsumer"]},{"damage_healed":0.0,"max_hp_gain":0.0,"max_hp_loss":0.0,"gold_gain":0.0,"event_name":"Wheel of Change","player_choice":"Relic","floor":12.0,"gold_loss":0.0,"damage_taken":0.0}],"is_beta":false,"boss_relics":[{"not_picked":["Coffee Dripper","Fusion Hammer"],"picked":"aspiration:SilentSkillbook"},{"not_picked":["hubris:HollowSoul","Tiny House"],"picked":"Busted Crown"}],"items_purged_floors":[],"is_endless":false,"potions_floor_spawned":[6,13,14,16,26,28,31,33,37,39,43,45,49],"ascension_level":8}}