{"host":"5zhjtp2pgwgfdund","time":1613881449,"event":{"mods":["2.2 Compatiblity","AchievementEnabler","Act Like it!","BaseMod","Colored Map","Colored Powertips","Downfall","Gensokyo","Infinite Spire","Minty Spire (QoL Compilation)","Replay The Spire","Shop Mod","StSLib","The Bug Knight","The Jungle"],"gold_per_floor":[99,119,154,168,168,168,168,203,203,220,220,238,238,253,263,263,263,263],"floor_reached":16,"language":"ENG","playtime":1449,"items_purged":[],"score":112,"play_id":"3be50a30-5eeb-4d2d-8acc-c5af3c2de5d6","local_time":"20210220232409","is_ascension_mode":false,"campfire_choices":[{"data":"sneckomod:DiceBoulder","floor":1,"key":"SMITH"},{"data":"sneckomod:DiceBoulder+1","floor":6,"key":"SMITH"},{"floor":9,"key":"REST"},{"data":"sneckomod:DiceBoulder+2","floor":11,"key":"SMITH"}],"circlet_count":0,"master_deck":["sneckomod:Strike","sneckomod:Strike","sneckomod:Strike","sneckomod:Defend","sneckomod:Defend","sneckomod:Defend","sneckomod:TailWhip","sneckomod:SnekBite","sneckomod:Unknown","sneckomod:Unknown","sneckomod:DiceBoulder+3","sneckomod:SerpentIdol","sneckomod:QuickBite","sneckomod:WideSting","sneckomod:QuickMove","sneckomod:WideSting","sneckomod:UnknownCommonAttack","sneckomod:ImprovisedAttack","sneckomod:RainOfDice"],"relics":["sneckomod:SneckoSoul","HollowMod:StagPassRelic","Mirror","Potion Belt","Gensokyo:CelestialsFlawlessClothing"],"acts_visited":["Gensokyo:Gensokyo"],"potions_floor_usage":[16,16],"damage_taken":[{"damage":0,"enemies":"Gensokyo:Python","floor":2,"turns":2},{"damage":15,"enemies":"Gensokyo:Aya","floor":3,"turns":6},{"damage":7,"enemies":"Gensokyo:Gryphon","floor":4,"turns":3},{"damage":34,"enemies":"Gensokyo:Cirno","floor":8,"turns":5},{"damage":2,"enemies":"Gensokyo:3_Fairies","floor":10,"turns":3},{"damage":8,"enemies":"Gensokyo:2_Rabbits","floor":12,"turns":4},{"damage":13,"enemies":"Gensokyo:Kitsune","floor":14,"turns":3},{"damage":11,"enemies":"Gensokyo:Python_and_Kodama","floor":15,"turns":3},{"damage":122,"enemies":"DF_ARCHETYPE_STREAMLINE","floor":16,"turns":11}],"seed_played":"-7719411966928500357","potions_obtained":[{"floor":2,"key":"champ:CounterPotion"},{"floor":3,"key":"bronze:BurnAndBuffPotion"},{"floor":12,"key":"Languid Potion"},{"floor":14,"key":"Weak Potion"}],"is_trial":false,"path_per_floor":["R","M","?","M","?","R","T","E","R","M","R","M","?","M","M","B"],"character_chosen":"THE_SNECKO","items_purchased":[],"campfire_rested":1,"item_purchase_floors":[],"current_hp_per_floor":[90,90,75,68,77,77,77,43,72,70,70,62,38,25,14,0,0,0],"gold":263,"neow_bonus":"THREE_CARDS","is_daily":false,"chose_seed":false,"campfire_upgraded":3,"win_rate":0.0,"timestamp":1613881449,"path_taken":["R","M","?","M","?","R","T","E","R","?","R","M","?","M","M","BOSS"],"items_purchased_type":[],"build_version":"2020-12-22","purchased_purges":0,"victory":false,"max_hp_per_floor":[90,90,90,90,99,99,99,99,99,99,99,99,99,99,99,99,99,99],"card_choices":[{"not_picked":["sneckomod:SlitherStrike","sneckomod:IronFang"],"picked":"sneckomod:DiceBoulder","floor":0},{"not_picked":["sneckomod:MasterEye","sneckomod:SoulDraw"],"picked":"sneckomod:SerpentIdol","floor":2},{"not_picked":["sneckomod:TrashToTreasure","sneckomod:UnknownDraw"],"picked":"sneckomod:QuickBite","floor":3},{"not_picked":["sneckomod:UnknownUncommonPower","sneckomod:UnknownStrike"],"picked":"sneckomod:WideSting","floor":4},{"not_picked":["sneckomod:UnknownWeak","sneckomod:UnknownCommonAttack"],"picked":"sneckomod:QuickMove","floor":8},{"not_picked":["sneckomod:SnekBeam","sneckomod:Unknown1Cost"],"picked":"sneckomod:WideSting","floor":10},{"not_picked":["sneckomod:SoulExchange","sneckomod:UnknownBlock"],"picked":"sneckomod:UnknownCommonAttack","floor":12},{"not_picked":["sneckomod:QuickBite","sneckomod:SoulDraw"],"picked":"sneckomod:ImprovisedAttack","floor":14},{"not_picked":["sneckomod:UnknownCommonSkill","sneckomod:QuickBite"],"picked":"sneckomod:RainOfDice","floor":15}],"player_experience":175580,"relics_obtained":[{"floor":3,"key":"HollowMod:StagPassRelic"},{"floor":7,"key":"Mirror"},{"floor":8,"key":"Potion Belt"}],"event_choices":[],"is_beta":false,"boss_relics":[],"items_purged_floors":[],"is_endless":false,"potions_floor_spawned":[2,3,12,14],"killed_by":"DF_ARCHETYPE_STREAMLINE","ascension_level":0}}