{"host":"szp1d6dso4pv7ddl","time":1613888592,"event":{"mods":["AchievementEnabler","Alarm Clock","BaseMod","Bestiary","Block Reminder","Colored Map","Colored Powertips","Curses Come First","Dark Map","Displayed Cursed Tome","Highlight Path","Minty Spire (QoL Compilation)","Permanent Neow","Quick Restart","Relic Sorter","Relic Stats","StSLib","Synergy Search"],"gold_per_floor":[119,136,136,50,0,0,19,37,37,37,52,52,13,13,13,87,87,103,103,114,114,133,133,162,162,233,258,107,132,132,160,160,232,232,244,256,256,156,156,156,186,198,198,198,230,67,67,80,80,80],"floor_reached":51,"language":"ENG","playtime":3277,"items_purged":["Rebound","Hyperbeam+1"],"score":1373,"play_id":"bd6daaf0-ca68-4bb4-bfa9-d40fccfff8fc","local_time":"20210220222312","is_ascension_mode":true,"campfire_choices":[{"data":"Storm","floor":10.0,"key":"SMITH"},{"data":"Coolheaded","floor":12.0,"key":"SMITH"},{"data":"Capacitor","floor":15.0,"key":"SMITH"},{"data":"Redo","floor":23.0,"key":"SMITH"},{"data":"Biased Cognition","floor":25.0,"key":"SMITH"},{"data":"Coolheaded","floor":30.0,"key":"SMITH"},{"data":"Dualcast","floor":32.0,"key":"SMITH"},{"data":"Multi-Cast","floor":40.0,"key":"SMITH"},{"data":"Force Field","floor":44,"key":"SMITH"},{"floor":47,"key":"REST"},{"data":"Barrage","floor":49,"key":"SMITH"}],"circlet_count":0,"master_deck":["AscendersBane","Dualcast+1","Storm+1","Melter","Conserve Battery","Electrodynamics","Self Repair+1","Go for the Eyes","Genetic Algorithm","Leap","Conserve Battery","Barrage+1","Coolheaded+1","Genetic Algorithm","Glacier","Capacitor+1","Biased Cognition+1","Redo+1","Auto Shields+1","Chill+1","Coolheaded+1","Multi-Cast+1","Consume+1","Force Field+1","Parasite","Double Energy+1","Ball Lightning","Compile Driver","Undo"],"relics":["Pandora\u0027s Box","Calipers","Gremlin Horn","Nuclear Battery","Potion Belt","Pear","Happy Flower","Letter Opener","Inserter","InkBottle","DataDisk","Sundial","Orrery"],"acts_visited":["Exordium","TheCity","TheBeyond"],"potions_floor_usage":[50,50,50],"damage_taken":[{"damage":2.0,"enemies":"Small Slimes","floor":1.0,"turns":2.0},{"damage":6.0,"enemies":"Cultist","floor":2.0,"turns":3.0},{"damage":3.0,"enemies":"Jaw Worm","floor":7.0,"turns":3.0},{"damage":13.0,"enemies":"Looter","floor":8.0,"turns":3.0},{"damage":4.0,"enemies":"Blue Slaver","floor":11.0,"turns":4.0},{"damage":12.0,"enemies":"Hexaghost","floor":16.0,"turns":13.0},{"damage":2.0,"enemies":"3 Byrds","floor":18.0,"turns":4.0},{"damage":9.0,"enemies":"2 Thieves","floor":20.0,"turns":2.0},{"damage":8.0,"enemies":"Chosen and Byrds","floor":22.0,"turns":5.0},{"damage":4.0,"enemies":"Book of Stabbing","floor":24.0,"turns":6.0},{"damage":4.0,"enemies":"Gremlin Leader","floor":29.0,"turns":7.0},{"damage":0.0,"enemies":"Slavers","floor":31.0,"turns":4.0},{"damage":28.0,"enemies":"Automaton","floor":33.0,"turns":11.0},{"damage":22.0,"enemies":"3 Shapes","floor":35.0,"turns":3.0},{"damage":33.0,"enemies":"3 Darklings","floor":36.0,"turns":5.0},{"damage":2,"enemies":"Giant Head","floor":41,"turns":13},{"damage":7,"enemies":"Writhing Mass","floor":42,"turns":8},{"damage":0,"enemies":"Reptomancer","floor":45,"turns":4},{"damage":0,"enemies":"4 Shapes","floor":48,"turns":3},{"damage":30,"enemies":"Awakened One","floor":50,"turns":15}],"seed_played":"-262595573227912609","potions_obtained":[{"floor":1.0,"key":"Ancient Potion"},{"floor":11.0,"key":"Explosive Potion"},{"floor":16.0,"key":"SkillPotion"},{"floor":29.0,"key":"FocusPotion"},{"floor":36.0,"key":"LiquidMemories"},{"floor":41,"key":"Explosive Potion"}],"is_trial":false,"path_per_floor":["M","M","?","$","?","?","M","M","T","R","M","R","$","?","R","B",null,"M","?","M","?","M","R","E","R","T","T","$","E","R","E","R","B",null,"M","M","?","$","?","R","E","M","T","R","E","$","R","M","R","B",null],"character_chosen":"DEFECT","items_purchased":["Barrage","Coolheaded","Capacitor","Chill","Orrery"],"campfire_rested":1,"item_purchase_floors":[4,4,13,28,46],"current_hp_per_floor":[62,63,63,63,63,42,49,46,46,46,52,52,52,57,57,55,71,76,76,67,67,69,69,75,75,85,85,85,86,86,86,86,68,82,70,47,47,47,47,47,55,58,58,58,68,68,86,86,86,66],"gold":80,"neow_bonus":"BOSS_RELIC","is_daily":false,"chose_seed":false,"campfire_upgraded":10,"win_rate":0.0,"timestamp":1613888592,"path_taken":["M","M","?","?","?","?","M","M","T","R","?","R","$","?","R","BOSS","M","?","M","?","M","R","E","R","T","?","?","E","R","E","R","BOSS","M","M","?","?","?","R","E","M","T","R","E","$","R","?","R","BOSS"],"items_purchased_type":["Card","Card","Card","Card","Relic"],"build_version":"2020-12-22","purchased_purges":2,"victory":true,"max_hp_per_floor":[71,71,71,71,71,71,71,71,71,71,71,71,71,76,76,76,76,76,76,76,76,76,76,76,76,86,86,86,86,86,86,86,86,86,86,86,86,86,86,86,86,86,86,86,86,86,86,86,86,86],"relic_stats":{"Inserter":[25],"Gremlin Horn":[22,22],"Happy Flower":[22],"counters":[20,118],"Sundial":[2],"Pandora\u0027s Box":["Storm","Melter","Conserve Battery","Electrodynamics","Self Repair","Go for the Eyes","Hyperbeam","Genetic Algorithm"],"Letter Opener":[289],"obtain_stats":[{"Potion Belt":24,"Calipers":3,"Pear":26,"Inserter":34,"Gremlin Horn":9,"Happy Flower":29,"Letter Opener":31,"Nuclear Battery":17,"DataDisk":43,"Sundial":45,"Orrery":46,"Pandora\u0027s Box":0,"Cracked Core":0,"InkBottle":41},{"Potion Belt":10,"Calipers":2,"Pear":10,"Inserter":13,"Gremlin Horn":4,"Happy Flower":11,"Letter Opener":12,"Nuclear Battery":6,"DataDisk":17,"Sundial":18,"Orrery":18,"Pandora\u0027s Box":0,"Cracked Core":0,"InkBottle":16},{"Potion Belt":45,"Calipers":5,"Pear":45,"Inserter":67,"Gremlin Horn":11,"Happy Flower":52,"Letter Opener":56,"Nuclear Battery":28,"DataDisk":96,"Sundial":100,"Orrery":100,"Pandora\u0027s Box":0,"Cracked Core":0,"InkBottle":88}],"InkBottle":[12]},"card_choices":[{"not_picked":["Go for the Eyes","Gash"],"picked":"Leap","floor":1.0},{"not_picked":["Steam","Recycle"],"picked":"Conserve Battery","floor":2.0},{"not_picked":["Conserve Battery","Loop"],"picked":"Genetic Algorithm","floor":7.0},{"not_picked":["Redo","Streamline","All For One"],"picked":"SKIP","floor":8.0},{"not_picked":["Redo","White Noise"],"picked":"Glacier","floor":11.0},{"not_picked":["Seek","Buffer"],"picked":"Biased Cognition","floor":16.0},{"not_picked":["Blizzard","Sweeping Beam"],"picked":"Redo","floor":18.0},{"not_picked":["Aggregate","Steam"],"picked":"Auto Shields+1","floor":20.0},{"not_picked":["Undo","Beam Cell+1"],"picked":"Rebound","floor":22.0},{"not_picked":["White Noise","Rebound","Creative AI"],"picked":"SKIP","floor":24.0},{"not_picked":["Skim","Chill"],"picked":"Coolheaded","floor":29.0},{"not_picked":["Rip and Tear","Seek","Conserve Battery"],"picked":"SKIP","floor":31.0},{"not_picked":["Hyperbeam","Creative AI"],"picked":"Multi-Cast","floor":33.0},{"not_picked":["Cold Snap","Fusion","Beam Cell"],"picked":"SKIP","floor":35.0},{"not_picked":["Coolheaded","Glacier"],"picked":"Consume+1","floor":36.0},{"not_picked":["Biased Cognition","Turbo"],"picked":"Force Field","floor":41},{"not_picked":["Barrage","Turbo","FTL"],"picked":"SKIP","floor":42},{"not_picked":["Glacier","Stack","Auto Shields"],"picked":"SKIP","floor":45},{"not_picked":["Steam","Heatsinks"],"picked":"Double Energy+1","floor":46},{"not_picked":["Stack","Echo Form"],"picked":"Ball Lightning","floor":46},{"not_picked":["Conserve Battery","Stack"],"picked":"Compile Driver","floor":46},{"not_picked":["Redo","Capacitor"],"picked":"Undo","floor":46},{"not_picked":["Rebound","Beam Cell","Hologram"],"picked":"SKIP","floor":48}],"player_experience":1617718,"relics_obtained":[{"floor":3.0,"key":"Calipers"},{"floor":9.0,"key":"Gremlin Horn"},{"floor":24.0,"key":"Potion Belt"},{"floor":26.0,"key":"Pear"},{"floor":29.0,"key":"Happy Flower"},{"floor":31.0,"key":"Letter Opener"},{"floor":41,"key":"InkBottle"},{"floor":43,"key":"DataDisk"},{"floor":45,"key":"Sundial"}],"event_choices":[{"damage_healed":0.0,"max_hp_gain":0.0,"max_hp_loss":0.0,"gold_gain":0.0,"event_name":"Wheel of Change","player_choice":"Relic","floor":3.0,"gold_loss":0.0,"damage_taken":0.0},{"damage_healed":0.0,"max_hp_gain":0.0,"max_hp_loss":0.0,"gold_gain":0.0,"event_name":"World of Goop","player_choice":"Left Gold","floor":5.0,"gold_loss":50.0,"damage_taken":0.0},{"damage_healed":0.0,"max_hp_gain":0.0,"max_hp_loss":0.0,"gold_gain":0.0,"event_name":"Shining Light","player_choice":"Entered Light","floor":6.0,"gold_loss":0.0,"damage_taken":21.0,"cards_upgraded":["Self Repair","Hyperbeam"]},{"damage_healed":0.0,"max_hp_gain":5.0,"max_hp_loss":0.0,"gold_gain":0.0,"event_name":"Big Fish","player_choice":"Donut","floor":14.0,"gold_loss":0.0,"damage_taken":0.0},{"damage_healed":0.0,"max_hp_gain":0.0,"max_hp_loss":0.0,"gold_gain":0.0,"event_name":"Ghosts","player_choice":"Ignored","floor":19.0,"gold_loss":0.0,"damage_taken":0.0},{"damage_healed":0.0,"max_hp_gain":0.0,"max_hp_loss":0.0,"gold_gain":0.0,"event_name":"The Mausoleum","player_choice":"Ignored","floor":21.0,"gold_loss":0.0,"damage_taken":0.0},{"damage_healed":0.0,"max_hp_gain":0.0,"max_hp_loss":0.0,"gold_gain":0.0,"event_name":"Accursed Blacksmith","player_choice":"Forge","floor":37.0,"gold_loss":0.0,"damage_taken":0.0,"cards_upgraded":["Chill"]},{"cards_removed":["Zap"],"damage_healed":0.0,"max_hp_gain":0.0,"max_hp_loss":0.0,"gold_gain":0.0,"event_name":"Bonfire Elementals","player_choice":"Offered Basic","floor":39.0,"gold_loss":0.0,"damage_taken":0.0}],"is_beta":false,"boss_relics":[{"not_picked":["Calling Bell","Fusion Hammer"],"picked":"Nuclear Battery"},{"not_picked":["Tiny House","Empty Cage"],"picked":"Inserter"}],"items_purged_floors":[28,38],"is_endless":false,"potions_floor_spawned":[1,11,16,18,22,29,36,41,42],"ascension_level":16}}