{"host":"1avr1135to2copjv","time":1613909555,"event":{"mods":["BaseMod","Colored Map","Colored Powertips","Filter the Spire","Minty Spire (QoL Compilation)","Relic Stats","StSLib","The Servant 0.9.4"],"gold_per_floor":[116,134,145,155,172,202,202,229,282,1,1,1,15,26,26,121,121,133,150,162,177,177,208,37,5,5,34,34,34,60,60,60,157,157,171,53,53,3,0,28,28,61,61,106,120,131,14,33,33,33,33,33,33,63,63],"floor_reached":56,"language":"ENG","playtime":3068,"items_purged":[],"score":1403,"play_id":"fbe20dce-0598-4108-aa79-25b0ea366d93","local_time":"20210221151235","is_ascension_mode":true,"campfire_choices":[{"data":"Defragment","floor":7,"key":"SMITH"},{"data":"Beam Cell","floor":12,"key":"SMITH"},{"data":"Fission","floor":15,"key":"SMITH"},{"data":"Consume","floor":29,"key":"SMITH"},{"data":"Amplify","floor":32,"key":"SMITH"},{"floor":41,"key":"RECALL"},{"data":"Loop","floor":49,"key":"SMITH"},{"data":"Consume","floor":52,"key":"SMITH"}],"circlet_count":0,"master_deck":["Zap","Dualcast","Leap","Rebound","Recycle","Defragment+1","Biased Cognition","Hyperbeam","Tempest","Sweeping Beam","Self Repair","Doom and Gloom","Steam","Conserve Battery","Beam Cell+1","Turbo","Coolheaded","Core Surge","Ball Lightning","Fission+1","Machine Learning","Barrage","Go for the Eyes+1","Undo+1","Loop+1","Chaos+1","Capacitor","Amplify+1","Melter","Consume+1","Consume+1","Buffer","Coolheaded+1","Barrage","Reinforced Body+1","Coolheaded+1","Chill+1","Loop","Leap+1"],"relics":["Pandora\u0027s Box","The Courier","Bird Faced Urn","Runic Capacitor","CultistMask","Nuclear Battery","Shuriken","Darkstone Periapt","Juzu Bracelet","Anchor","Toxic Egg 2","Snecko Eye","Medical Kit","Strawberry","Red Mask","Orichalcum","Potion Belt","Gremlin Horn","Du-Vu Doll","Chemical X","Art of War"],"acts_visited":["Exordium","TheCity","TheBeyond","TheEnding"],"potions_floor_usage":[20,27,30,30,48,55],"damage_taken":[{"damage":0,"enemies":"2 Louse","floor":1,"turns":1},{"damage":0,"enemies":"Cultist","floor":2,"turns":2},{"damage":2,"enemies":"Jaw Worm","floor":3,"turns":2},{"damage":1,"enemies":"Exordium Thugs","floor":4,"turns":2},{"damage":0,"enemies":"3 Louse","floor":5,"turns":2},{"damage":9,"enemies":"3 Sentries","floor":6,"turns":3},{"damage":23,"enemies":"Lagavulin","floor":8,"turns":5},{"damage":5,"enemies":"Blue Slaver","floor":13,"turns":3},{"damage":1,"enemies":"Gremlin Gang","floor":14,"turns":3},{"damage":23,"enemies":"Hexaghost","floor":16,"turns":7},{"damage":0,"enemies":"2 Thieves","floor":18,"turns":1},{"damage":16,"enemies":"Shell Parasite","floor":19,"turns":4},{"damage":6,"enemies":"Centurion and Healer","floor":20,"turns":2},{"damage":21,"enemies":"Snake Plant","floor":21,"turns":2},{"damage":33,"enemies":"Book of Stabbing","floor":23,"turns":5},{"damage":21,"enemies":"Gremlin Leader","floor":27,"turns":4},{"damage":35,"enemies":"Slavers","floor":30,"turns":3},{"damage":0,"enemies":"Automaton","floor":33,"turns":7},{"damage":8,"enemies":"Orb Walker","floor":35,"turns":3},{"damage":0,"enemies":"Giant Head","floor":40,"turns":9},{"damage":57,"enemies":"Reptomancer","floor":42,"turns":9},{"damage":52,"enemies":"2 Orb Walkers","floor":44,"turns":6},{"damage":0,"enemies":"3 Shapes","floor":45,"turns":4},{"damage":0,"enemies":"Maw","floor":46,"turns":7},{"damage":0,"enemies":"3 Darklings","floor":48,"turns":2},{"damage":39,"enemies":"Donu and Deca","floor":50,"turns":11},{"damage":17,"enemies":"Shield and Spear","floor":54,"turns":11},{"damage":81,"enemies":"The Heart","floor":55,"turns":9}],"seed_played":"-271418185466234027","potions_obtained":[{"floor":1,"key":"BlessingOfTheForge"},{"floor":5,"key":"Fire Potion"},{"floor":6,"key":"Explosive Potion"},{"floor":8,"key":"LiquidMemories"},{"floor":19,"key":"PowerPotion"},{"floor":20,"key":"GamblersBrew"},{"floor":27,"key":"DistilledChaos"},{"floor":35,"key":"SteroidPotion"},{"floor":46,"key":"PowerPotion"}],"is_trial":false,"path_per_floor":["M","M","M","M","M","E","R","E","T","$","?","R","M","M","R","B",null,"M","M","M","M","?","E","$","$","T","E","?","R","E","T","R","B",null,"M","$","?","?","?","E","R","E","T","?","M","M","$","M","R","B",null,"R","$","E","B",null],"character_chosen":"DEFECT","items_purchased":["Runic Capacitor","Coolheaded","Core Surge","Capacitor","Amplify","Melter","Medical Kit","Chemical X"],"campfire_rested":0,"item_purchase_floors":[10,10,10,24,24,25,36,47],"current_hp_per_floor":[75,75,73,72,75,66,66,50,50,50,50,50,47,55,55,45,75,75,72,75,65,85,67,67,67,67,67,67,67,53,53,53,74,85,85,85,81,88,88,88,88,50,50,26,43,71,71,88,88,64,88,88,88,88,26],"gold":63,"neow_bonus":"BOSS_RELIC","is_daily":false,"chose_seed":false,"campfire_upgraded":7,"win_rate":0.0,"timestamp":1613909555,"path_taken":["M","M","M","M","M","E","R","E","T","$","?","R","?","M","R","BOSS","M","M","M","M","?","E","?","$","T","E","?","R","E","?","R","BOSS","M","$","?","?","?","E","R","E","T","?","M","M","$","M","R","BOSS","R","$","E","BOSS"],"items_purchased_type":["Relic","Card","Card","Card","Card","Card","Relic","Relic"],"build_version":"2020-12-22","purchased_purges":0,"victory":true,"max_hp_per_floor":[75,75,75,75,75,75,75,75,75,75,75,75,75,75,75,75,75,75,75,75,75,85,85,85,85,85,85,85,85,85,85,85,85,85,85,85,81,88,88,88,88,88,88,88,88,88,88,88,88,88,88,88,88,88,88],"relic_stats":{"Darkstone Periapt":0,"Gremlin Horn":[6,6],"counters":[28,128],"Juzu Bracelet":1,"Orichalcum":[60],"Medical Kit":[19],"Shuriken":[15],"Bird Faced Urn":[161],"Snecko Eye":[125,143,132,141],"Pandora\u0027s Box":["Leap","Rebound","Recycle","Defragment","Biased Cognition","Hyperbeam","Tempest","Sweeping Beam"],"Art of War":[2],"Chemical X":[8],"obtain_stats":[{"Darkstone Periapt":26,"Potion Belt":42,"Gremlin Horn":43,"The Courier":6,"Runic Capacitor":10,"Juzu Bracelet":27,"Orichalcum":40,"Medical Kit":36,"Nuclear Battery":17,"Du-Vu Doll":44,"Anchor":30,"Shuriken":23,"Bird Faced Urn":8,"Strawberry":38,"Snecko Eye":34,"Pandora\u0027s Box":0,"CultistMask":11,"Red Mask":39,"Art of War":54,"Chemical X":47,"Toxic Egg 2":31,"Cracked Core":0},{"Darkstone Periapt":15,"Potion Belt":21,"Gremlin Horn":21,"The Courier":6,"Runic Capacitor":7,"Juzu Bracelet":16,"Orichalcum":20,"Medical Kit":19,"Nuclear Battery":10,"Du-Vu Doll":22,"Anchor":17,"Shuriken":15,"Bird Faced Urn":7,"Strawberry":19,"Snecko Eye":18,"Pandora\u0027s Box":0,"CultistMask":7,"Red Mask":19,"Art of War":27,"Chemical X":24,"Toxic Egg 2":17,"Cracked Core":0},{"Darkstone Periapt":44,"Potion Belt":79,"Gremlin Horn":79,"The Courier":12,"Runic Capacitor":17,"Juzu Bracelet":48,"Orichalcum":70,"Medical Kit":61,"Nuclear Battery":30,"Du-Vu Doll":85,"Anchor":51,"Shuriken":44,"Bird Faced Urn":17,"Strawberry":61,"Snecko Eye":58,"Pandora\u0027s Box":0,"CultistMask":17,"Red Mask":61,"Art of War":119,"Chemical X":96,"Toxic Egg 2":51,"Cracked Core":0}]},"card_choices":[{"not_picked":["Rebound","Hologram"],"picked":"Self Repair","floor":1},{"not_picked":["Lockon","Reinforced Body"],"picked":"Doom and Gloom","floor":2},{"not_picked":["Sweeping Beam","Streamline"],"picked":"Steam","floor":3},{"not_picked":["Go for the Eyes","Double Energy"],"picked":"Conserve Battery","floor":4},{"not_picked":["Double Energy","Beam Cell","Conserve Battery"],"picked":"SKIP","floor":5},{"not_picked":["Double Energy","Conserve Battery"],"picked":"Beam Cell","floor":5},{"not_picked":["Self Repair","Storm"],"picked":"Turbo","floor":6},{"not_picked":["Streamline","Redo"],"picked":"Thunder Strike","floor":8},{"not_picked":["Sweeping Beam","Go for the Eyes"],"picked":"Ball Lightning","floor":13},{"not_picked":["Stack","Sweeping Beam"],"picked":"Fission","floor":14},{"not_picked":["Hyperbeam","Biased Cognition"],"picked":"Machine Learning","floor":16},{"not_picked":["Stack+1","Ball Lightning+1"],"picked":"Barrage","floor":18},{"not_picked":["Sweeping Beam","Chill"],"picked":"Go for the Eyes+1","floor":19},{"not_picked":["Gash+1","Storm"],"picked":"Undo+1","floor":20},{"not_picked":["Auto Shields","Compile Driver+1"],"picked":"Loop","floor":21},{"not_picked":["Rebound","Conserve Battery"],"picked":"Chaos+1","floor":23},{"not_picked":["Reboot","Ball Lightning"],"picked":"Consume","floor":27},{"not_picked":["Leap","Aggregate"],"picked":"Consume","floor":30},{"not_picked":["Amplify+1","Machine Learning"],"picked":"Buffer","floor":33},{"not_picked":["Recycle+1","Beam Cell"],"picked":"Coolheaded+1","floor":35},{"not_picked":["Gash","Consume+1","Blizzard+1"],"picked":"SKIP","floor":40},{"not_picked":["Buffer","Gash+1"],"picked":"Barrage","floor":42},{"not_picked":["Cold Snap","Rebound"],"picked":"Reinforced Body+1","floor":44},{"not_picked":["Steam+1","Skim+1"],"picked":"Coolheaded+1","floor":45},{"not_picked":["Fusion+1","Compile Driver+1"],"picked":"Chill+1","floor":46},{"not_picked":["Beam Cell+1","Rebound"],"picked":"Loop","floor":48},{"not_picked":["Redo+1","Barrage"],"picked":"Leap+1","floor":54}],"player_experience":1082563,"relics_obtained":[{"floor":6,"key":"The Courier"},{"floor":8,"key":"Bird Faced Urn"},{"floor":23,"key":"Shuriken"},{"floor":26,"key":"Darkstone Periapt"},{"floor":27,"key":"Juzu Bracelet"},{"floor":30,"key":"Anchor"},{"floor":31,"key":"Toxic Egg 2"},{"floor":40,"key":"Orichalcum"},{"floor":42,"key":"Potion Belt"},{"floor":43,"key":"Gremlin Horn"},{"floor":44,"key":"Du-Vu Doll"},{"floor":54,"key":"Art of War"}],"event_choices":[{"damage_healed":0,"gold_gain":0,"player_choice":"Trade","damage_taken":0,"relics_obtained":["CultistMask"],"max_hp_gain":0,"max_hp_loss":0,"event_name":"FaceTrader","floor":11,"gold_loss":0},{"cards_removed":["Thunder Strike"],"damage_healed":10,"gold_gain":0,"player_choice":"Offered Rare","damage_taken":0,"max_hp_gain":10,"max_hp_loss":0,"event_name":"Bonfire Elementals","floor":22,"gold_loss":0},{"damage_healed":0,"gold_gain":0,"player_choice":"Ignored","damage_taken":0,"max_hp_gain":0,"max_hp_loss":0,"event_name":"Vampires","floor":28,"gold_loss":0},{"damage_healed":0,"gold_gain":0,"player_choice":"Max HP","damage_taken":0,"max_hp_gain":0,"max_hp_loss":4,"event_name":"Winding Halls","floor":37,"gold_loss":0},{"damage_healed":0,"gold_gain":0,"player_choice":"Paid Gold","damage_taken":0,"relics_obtained":["Strawberry"],"max_hp_gain":0,"max_hp_loss":0,"event_name":"WeMeetAgain","floor":38,"gold_loss":50},{"damage_healed":0,"gold_gain":0,"player_choice":"Paid","damage_taken":0,"relics_obtained":["Red Mask"],"max_hp_gain":0,"max_hp_loss":0,"event_name":"Tomb of Lord Red Mask","floor":39,"gold_loss":3},{"damage_healed":0,"gold_gain":0,"player_choice":"Fight","damage_taken":0,"max_hp_gain":0,"max_hp_loss":0,"event_name":"Mysterious Sphere","floor":44,"gold_loss":0}],"is_beta":false,"boss_relics":[{"not_picked":["Calling Bell","Inserter"],"picked":"Nuclear Battery"},{"not_picked":["Runic Dome","SacredBark"],"picked":"Snecko Eye"}],"items_purged_floors":[],"is_endless":false,"potions_floor_spawned":[1,5,6,8,18,19,20,27,35,46],"ascension_level":1}}