{"host":"czzthkrvfe6r7fjf","time":1613929193,"event":{"mods":["ATMod(∞¢Ë™Mod)","Act Like it!","BaseMod","Downfall","Gensokyo","GungeonMod","Marisa£®ÏF”Í°°ƒß¿Ì…≥£©","Minty Spire (QoL Compilation)","Quick Restart","StSLib","The Servant 0.9.4","Waifu the Spire","°æπ¶ƒ‹Mod°øªÏ„Á÷Æª∑–ﬁ∏¥≤π∂°"],"gold_per_floor":[115,126,126,139,9,42,53,87,136,446,462,462,392,409,409,506,506,523,542,432,432,682,714,714,741,741,768,344,344,344,35,35,130,130,145,157,207,254,354,379,415,470,470,470,575,669,669,278,278,328],"floor_reached":51,"language":"ZHS","playtime":1727,"items_purged":["Strike_R","Writhe"],"score":1319,"play_id":"cf1bbcd3-4447-4363-80b5-c83326dfd67c","local_time":"20210222013953","is_ascension_mode":true,"campfire_choices":[{"data":"Armaments","floor":12,"key":"SMITH"},{"data":"Disarm","floor":15,"key":"SMITH"},{"data":"Juggernaut","floor":24,"key":"SMITH"},{"data":"Offering","floor":29,"key":"SMITH"},{"data":"AT_BodySlamDance","floor":32,"key":"SMITH"},{"floor":44,"key":"RECALL"},{"data":"Bash","floor":47,"key":"SMITH"},{"floor":49,"key":"REST"}],"circlet_count":0,"master_deck":["Strike_R","Strike_R","Strike_R","Defend_R+1","Defend_R+1","Defend_R","Bash+1","AT_Dispersion+1","AT_BodySlamDance+1","Disarm+1","Armaments+1","Feed+1","Juggernaut+1","True Grit+1","Gensokyo:LockedMedkit","Offering+1"],"relics":["Burning Blood","AT_ATBox","NeowsBlessing","DemoMod:BlueGuonStone","DemoMod:MeltedRock","AT_BladeRuinedKing","Singing Bowl","Bronze Scales","Old Coin","Black Star","Incense Burner","DemoMod:Bottle","War Paint","MealTicket","DemoMod:PinkGuonStone","Matryoshka","AT_ArcaneBoots","Art of War","Gremlin Horn","TungstenRod","SacredBark","AT_Manta","Charon\u0027s Ashes","AT_EbonyIvory","AT_MibuBalloonWealth","DemoMod:GlassGuonStoneRelic","AT_ForceNature","Darkstone Periapt","Boot","Ornamental Fan","Mummified Hand","DemoMod:AgedBell","DemoMod:Relodestone"],"acts_visited":["Gensokyo:Gensokyo","Gensokyo:Gensokyoer","TheBeyond"],"potions_floor_usage":[16,16,16,28],"damage_taken":[{"damage":3.0,"enemies":"Gensokyo:3_Fairies","floor":1.0,"turns":1.0},{"damage":0.0,"enemies":"Gensokyo:Gryphon","floor":2.0,"turns":1.0},{"damage":0.0,"enemies":"Gensokyo:Python","floor":4.0,"turns":1.0},{"damage":12.0,"enemies":"Gensokyo:Aya","floor":6.0,"turns":5.0},{"damage":7.0,"enemies":"Gensokyo:Kitsune","floor":7.0,"turns":5.0},{"damage":7.0,"enemies":"Gensokyo:Mamizou","floor":8.0,"turns":8.0},{"damage":4,"enemies":"Gensokyo:Gryphon_and_Rabbit","floor":10,"turns":5},{"damage":1,"enemies":"Gensokyo:2_Rabbits","floor":11,"turns":4},{"damage":2,"enemies":"Gensokyo:3_Kodama","floor":14,"turns":4},{"damage":19,"enemies":"Gensokyo:Reimu","floor":16,"turns":4},{"damage":9,"enemies":"Gensokyo:3_Dogs","floor":18,"turns":5},{"damage":0,"enemies":"Gensokyo:2_Gloops","floor":19,"turns":5},{"damage":15,"enemies":"Gensokyo:Reisen","floor":23,"turns":6},{"damage":8,"enemies":"Gensokyo:Koishi","floor":25,"turns":4},{"damage":4,"enemies":"Gensokyo:Reisen","floor":27,"turns":3},{"damage":40,"enemies":"Gensokyo:Eternal_Rivals","floor":33,"turns":8},{"damage":5,"enemies":"Orb Walker","floor":35,"turns":1},{"damage":5,"enemies":"3 Darklings","floor":36,"turns":3},{"damage":25,"enemies":"Mind Bloom Boss Battle","floor":37,"turns":4},{"damage":16,"enemies":"2 Orb Walkers","floor":38,"turns":4},{"damage":21,"enemies":"Nemesis","floor":40,"turns":5},{"damage":10,"enemies":"Maw","floor":41,"turns":3},{"damage":10,"enemies":"Giant Head","floor":42,"turns":3},{"damage":4,"enemies":"Reptomancer","floor":45,"turns":1},{"damage":0,"enemies":"Sphere and 2 Shapes","floor":46,"turns":2},{"damage":4,"enemies":"Donu and Deca","floor":50,"turns":5}],"seed_played":"-5106860029032005704","potions_obtained":[{"floor":4.0,"key":"Weak Potion"},{"floor":8.0,"key":"Fire Potion"},{"floor":11,"key":"DistilledChaos"},{"floor":23,"key":"Ancient Potion"},{"floor":25,"key":"Energy Potion"},{"floor":36,"key":"Dexterity Potion"},{"floor":40,"key":"Weak Potion"}],"is_trial":false,"path_per_floor":["M","M","?","M","COS","E","M","E","T","M","M","R","?","M","R","B",null,"M","M","COS","?","?","E","R","E","T","E","$","R","?","$","R","B",null,"M","M","?","?","?","E","M","E","T","R","E","M","R","$","R","B",null],"character_chosen":"IRONCLAD","items_purchased":["Gremlin Horn","Fruit Juice","TungstenRod","DemoMod:Relodestone"],"campfire_rested":1,"item_purchase_floors":[28,28,31,48],"current_hp_per_floor":[80,80,80,80,80,74,73,74,74,78,89,89,89,96,96,83,93,96,106,106,106,100,97,97,102,102,106,120,120,120,120,120,88,114,117,120,103,99,99,90,92,90,90,90,98,106,106,121,156,160],"gold":328,"neow_bonus":"THREE_ENEMY_KILL","is_daily":false,"chose_seed":false,"campfire_upgraded":6,"win_rate":0.0,"timestamp":1613929193,"path_taken":["M","?","?","M","COS","E","M","E","T","?","M","R","?","M","R","BOSS","M","M","COS","?","?","E","R","E","T","E","?","R","?","?","R","BOSS","M","M","?","?","?","E","M","E","T","R","E","?","R","$","R","BOSS"],"items_purchased_type":["Relic","Potion","Relic","Relic"],"build_version":"2020-12-22","purchased_purges":2,"victory":true,"max_hp_per_floor":[80,80,80,80,80,80,80,82,82,84,90,90,90,96,96,96,96,102,106,106,106,100,106,106,113,113,115,120,120,120,120,120,122,122,124,126,128,134,134,140,146,148,148,148,154,156,156,156,156,160],"card_choices":[{"not_picked":["AT_IchimonjiDouble","Flex"],"picked":"AT_BodySlamDance","floor":1.0},{"not_picked":["Shrug It Off","Sentinel"],"picked":"Disarm","floor":2.0},{"not_picked":["Body Slam","Headbutt","Thunderclap"],"picked":"SKIP","floor":4.0},{"not_picked":["Cleave","Iron Wave"],"picked":"Armaments","floor":6.0},{"not_picked":["Headbutt","Clothesline"],"picked":"Feed","floor":7.0},{"not_picked":["Iron Wave","Heavy Blade","AT_IchimonjiDouble"],"picked":"Singing Bowl","floor":8.0},{"not_picked":["Exhume","Clash","Heavy Blade"],"picked":"Singing Bowl","floor":10},{"not_picked":["Heavy Blade","Reckless Charge","Twin Strike"],"picked":"Singing Bowl","floor":11},{"not_picked":["Reckless Charge","Iron Wave","Pommel Strike"],"picked":"Singing Bowl","floor":14},{"not_picked":["Barricade","Berserk"],"picked":"Juggernaut","floor":16},{"not_picked":["Armaments","Pommel Strike","Twin Strike+1"],"picked":"Singing Bowl","floor":18},{"not_picked":["Wild Strike","Havoc+1"],"picked":"True Grit+1","floor":19},{"not_picked":["Combust","Entrench","Limit Break"],"picked":"Singing Bowl","floor":23},{"not_picked":["Shrug It Off+1","Heavy Blade"],"picked":"Offering","floor":25},{"not_picked":["Twin Strike","Warcry+1","Corruption"],"picked":"Singing Bowl","floor":27},{"not_picked":["Brutality","Reaper","Corruption"],"picked":"Singing Bowl","floor":33},{"not_picked":["Wild Strike+1","AT_BodySlamDance+1","Twin Strike"],"picked":"Singing Bowl","floor":35},{"not_picked":["AT_BodySlamDance","Cleave","Clothesline+1"],"picked":"Singing Bowl","floor":36},{"not_picked":["Corruption","Clash+1","Sword Boomerang"],"picked":"Singing Bowl","floor":37},{"not_picked":["Wild Strike","Intimidate","Sentinel+1"],"picked":"Singing Bowl","floor":38},{"not_picked":["Warcry","AT_Dispersion","Body Slam+1"],"picked":"Singing Bowl","floor":40},{"not_picked":["Intimidate","Metallicize","Bloodletting"],"picked":"Singing Bowl","floor":41},{"not_picked":["Anger","Armaments","Second Wind"],"picked":"Singing Bowl","floor":42},{"not_picked":["Armaments+1","Twin Strike","Sentinel+1"],"picked":"Singing Bowl","floor":45},{"not_picked":["Warcry","Reaper","Uppercut"],"picked":"Singing Bowl","floor":46}],"player_experience":149489,"relics_obtained":[{"floor":6.0,"key":"DemoMod:MeltedRock"},{"floor":8.0,"key":"Singing Bowl"},{"floor":9.0,"key":"Bronze Scales"},{"floor":23,"key":"Incense Burner"},{"floor":23,"key":"DemoMod:Bottle"},{"floor":25,"key":"MealTicket"},{"floor":25,"key":"DemoMod:PinkGuonStone"},{"floor":26,"key":"Matryoshka"},{"floor":27,"key":"AT_SpeedBoots"},{"floor":27,"key":"Art of War"},{"floor":37,"key":"AT_Manta"},{"floor":38,"key":"Charon\u0027s Ashes"},{"floor":40,"key":"AT_EbonyIvory"},{"floor":40,"key":"AT_MibuBalloonWealth"},{"floor":42,"key":"AT_ForceNature"},{"floor":42,"key":"Darkstone Periapt"},{"floor":43,"key":"Boot"},{"floor":43,"key":"Ornamental Fan"},{"floor":45,"key":"Mummified Hand"},{"floor":45,"key":"DemoMod:AgedBell"}],"event_choices":[{"damage_healed":0,"gold_gain":0,"player_choice":"Fight","damage_taken":0,"max_hp_gain":0,"max_hp_loss":0,"event_name":"MindBloom","floor":37,"gold_loss":0},{"damage_healed":0,"gold_gain":0,"player_choice":"Fight","damage_taken":0,"max_hp_gain":0,"max_hp_loss":0,"event_name":"Mysterious Sphere","floor":38,"gold_loss":0},{"damage_healed":0,"gold_gain":100,"player_choice":"Pray","damage_taken":0,"max_hp_gain":0,"max_hp_loss":0,"event_name":"Golden Shrine","floor":39,"gold_loss":0}],"is_beta":false,"boss_relics":[{"not_picked":["Snecko Eye","bronze:MakeshiftBattery"],"picked":"Black Star"},{"not_picked":["Mark of Pain","Pandora\u0027s Box"],"picked":"SacredBark"}],"items_purged_floors":[28,48],"is_endless":false,"potions_floor_spawned":[4,8,11,14,23,25,36,40,42,45],"ascension_level":5}}