{"host":"y4fuci1jk2rsxnep","time":1613910598,"event":{"mods":["AchievementEnabler","BaseMod","Colored Powertips","Custom Start","Defuse TimeMaze Blight","Dio Mod","Downfall","Hermit","Hero for Fun","Hubris","Hunter ??","Infinite Spire","Minty Spire (QoL Compilation)","Quick Restart","Reliquary","Remove Card Discount Mod","Replay The Spire","StSLib","The Blackbeard","The Bug Knight","The Mystic","The Runesmith"],"gold_per_floor":[16,69,82,97,97,97,97,118,118,118,118,133,149,169,169,169,169],"floor_reached":16,"language":"ENG","playtime":1184,"items_purged":[],"score":110,"play_id":"a007971c-0640-4dcb-842c-96616baaa804","local_time":"20210221132958","is_ascension_mode":true,"campfire_choices":[{"data":"hermit:Brawl","floor":6,"key":"SMITH"},{"floor":11,"key":"REST"},{"floor":15,"key":"REST"}],"circlet_count":0,"master_deck":["hermit:Strike_Hermit","hermit:Strike_Hermit","hermit:Strike_Hermit","hermit:Strike_Hermit","hermit:Defend_Hermit","hermit:Defend_Hermit","hermit:Defend_Hermit","hermit:Defend_Hermit","hermit:Snapshot","hermit:Covet","hermit:GoldenBullet","hermit:Showdown","hermit:Brawl+1","hermit:ShadowCloak","hermit:Gestalt","hermit:ShadowCloak","hermit:Glare"],"relics":["hermit:Momento","Ice Cream","hubris:DisguiseKit","Odd Mushroom","Bottled Flame","hubris:TenFootPole"],"acts_visited":["Exordium"],"potions_floor_usage":[16,16],"damage_taken":[{"damage":0,"enemies":"Small Slimes","floor":1,"turns":3},{"damage":9,"enemies":"Jaw Worm","floor":3,"turns":4},{"damage":3,"enemies":"2 Louse","floor":4,"turns":2},{"damage":18,"enemies":"The Mushroom Lair","floor":8,"turns":5},{"damage":0,"enemies":"2 Fungi Beasts","floor":12,"turns":2},{"damage":16,"enemies":"Blue Slaver","floor":13,"turns":4},{"damage":0,"enemies":"Lots of Slimes","floor":14,"turns":4},{"damage":59,"enemies":"Slime Boss","floor":16,"turns":12}],"seed_played":"8393696132289261533","potions_obtained":[{"floor":1,"key":"SpeedPotion"},{"floor":8,"key":"hermit:Tonic"},{"floor":12,"key":"champ:CounterPotion"}],"is_trial":false,"path_per_floor":["M","?","M","M","?","R","?","?","T","?","R","M","M","M","R","B"],"character_chosen":"HERMIT","items_purchased":[],"campfire_rested":2,"item_purchase_floors":[],"current_hp_per_floor":[75,75,66,63,63,63,63,45,45,27,49,49,33,33,55,0,0],"gold":169,"neow_bonus":"ONE_RARE_RELIC","is_daily":false,"chose_seed":false,"campfire_upgraded":1,"win_rate":0.0,"timestamp":1613910598,"path_taken":["M","?","M","M","?","R","?","?","T","?","R","M","?","M","R","BOSS"],"items_purchased_type":[],"build_version":"2020-12-22","purchased_purges":0,"victory":false,"max_hp_per_floor":[75,75,75,75,75,75,75,75,75,75,75,75,75,75,75,75,75],"card_choices":[{"not_picked":["hermit:Manifest","hermit:Quickdraw"],"picked":"hermit:GoldenBullet","floor":1},{"not_picked":["hermit:Manifest","hermit:Ricochet"],"picked":"hermit:Showdown","floor":3},{"not_picked":["hermit:Misfire","hermit:ItchyTrigger"],"picked":"hermit:Brawl","floor":4},{"not_picked":["hermit:EyeOfTheStorm","hermit:Desperado","dioMod:ComposedMuda"],"picked":"hermit:Gestalt","floor":8},{"not_picked":["hermit:Headshot","hermit:HighCaliber","dioMod:DaggerToss"],"picked":"hermit:ShadowCloak","floor":12},{"not_picked":["hermit:Snipe","hermit:Feint","hermit:Ricochet","dioMod:CoffinBath"],"picked":"SKIP","floor":13},{"not_picked":["hermit:Desperado","hermit:Roulette","dioMod:Minions"],"picked":"hermit:Glare","floor":14}],"player_experience":683590,"relics_obtained":[{"floor":8,"key":"Odd Mushroom"},{"floor":9,"key":"Bottled Flame"}],"event_choices":[{"damage_healed":0,"gold_gain":53,"player_choice":"Gained Gold","damage_taken":0,"max_hp_gain":0,"max_hp_loss":0,"event_name":"Golden Wing","floor":2,"gold_loss":0},{"damage_healed":0,"gold_gain":0,"player_choice":"Fought Mushrooms","damage_taken":0,"max_hp_gain":0,"max_hp_loss":0,"event_name":"Mushrooms","floor":8,"gold_loss":0},{"damage_healed":0,"gold_gain":0,"player_choice":"Success","damage_taken":18,"relics_obtained":["hubris:TenFootPole"],"max_hp_gain":0,"max_hp_loss":0,"event_name":"Scrap Ooze","floor":10,"gold_loss":0}],"is_beta":false,"boss_relics":[],"items_purged_floors":[],"is_endless":false,"potions_floor_spawned":[1,8,12,14],"killed_by":"Slime Boss","ascension_level":4}}