{"host":"s9mizfpm0ux1oq2e","time":1613929502,"event":{"mods":["Aspiration","BaseMod","Downfall","Minty Spire (QoL Compilation)","Permanent Neow","Reliquary","Replay The Spire","Robot Space Explorer","Spire Arcade","StSLib","SuperFastMode","The Marked"],"gold_per_floor":[109,119,139,155,165,165,179,179,226,226,226,236,250,270,270,371,371,386,399,95,95,108,108,8,28,102,102,114,114,148,162,162,261,261,280,280,294,312,47,96,96,107,130,130,150,176,193,206,206,206,206,206,31,60,60,60],"floor_reached":55,"language":"ENG","playtime":2760,"items_purged":["RobotSpaceExplorer:Strike","RobotSpaceExplorer:Strike","RobotSpaceExplorer:Defend"],"score":664,"play_id":"04423bb3-c753-492d-a417-7edbaea899ca","local_time":"25640222004502","is_ascension_mode":false,"campfire_choices":[{"data":"RobotSpaceExplorer:MiniDrones","floor":6,"key":"SMITH"},{"data":"RobotSpaceExplorer:ScrapToss","floor":8,"key":"SMITH"},{"data":"RobotSpaceExplorer:Probe","floor":11,"key":"SMITH"},{"data":"RobotSpaceExplorer:MiniBoosters","floor":23,"key":"SMITH"},{"data":"RobotSpaceExplorer:StarDust","floor":27,"key":"SMITH"},{"data":"RobotSpaceExplorer:Discharger","floor":29,"key":"SMITH"},{"data":"RobotSpaceExplorer:MiniDrones","floor":32,"key":"SMITH"},{"floor":41,"key":"REST"},{"floor":44,"key":"RECALL"},{"data":"RobotSpaceExplorer:Exploration","floor":49,"key":"SMITH"},{"data":"RobotSpaceExplorer:Autoloader","floor":52,"key":"SMITH"}],"circlet_count":0,"master_deck":["RobotSpaceExplorer:Scan","RobotSpaceExplorer:MiniLasers","RobotSpaceExplorer:MiniDrones+1","RobotSpaceExplorer:Probe+1","RobotSpaceExplorer:Jetpack+1","RobotSpaceExplorer:ScrapToss+1","RobotSpaceExplorer:HighVoltage","RobotSpaceExplorer:MiniBoosters+1","RobotSpaceExplorer:PlasmaMissile","RobotSpaceExplorer:Discharger+1","RobotSpaceExplorer:StarDust+1","RobotSpaceExplorer:MiniDrones","RobotSpaceExplorer:MiniDrones+1","RobotSpaceExplorer:Arsenal","RobotSpaceExplorer:MakeshiftVolley+1","RobotSpaceExplorer:DualCore+1","RobotSpaceExplorer:Autoloader+1","RobotSpaceExplorer:FreezeRay","RobotSpaceExplorer:Discharger","RobotSpaceExplorer:Autoloader","RobotSpaceExplorer:PowerCollector","RobotSpaceExplorer:FreezingShield+1"],"relics":["RobotSpaceExplorer:RoboCore","aspiration:Nostalgia","Replay:M_StaffOfTheSnake","aspiration:ChemicalBlood","Runic Pyramid","Tiny Chest","Replay:Bottled Snecko","RobotSpaceExplorer:FoglandsKnife","Replay:Drink Me","Kunai","Bag of Marbles","Shuriken"],"acts_visited":["Exordium","TheCity","TheBeyond","TheEnding"],"potions_floor_usage":[16,16,19,33,33,33,38,42,47,50,50,50,54,54,55,55],"damage_taken":[{"damage":0,"enemies":"Cultist","floor":1,"turns":4},{"damage":0,"enemies":"2 Louse","floor":2,"turns":2},{"damage":2,"enemies":"Jaw Worm","floor":3,"turns":5},{"damage":2,"enemies":"Looter","floor":4,"turns":4},{"damage":14,"enemies":"Exordium Thugs","floor":5,"turns":6},{"damage":0,"enemies":"Lots of Slimes","floor":7,"turns":3},{"damage":0,"enemies":"3 Louse","floor":12,"turns":2},{"damage":4,"enemies":"Exordium Thugs","floor":13,"turns":4},{"damage":0,"enemies":"Blue Slaver","floor":14,"turns":3},{"damage":34,"enemies":"The Guardian","floor":16,"turns":11},{"damage":6,"enemies":"Chosen","floor":18,"turns":6},{"damage":2,"enemies":"2 Thieves","floor":19,"turns":2},{"damage":2,"enemies":"3 Cultists","floor":22,"turns":3},{"damage":0,"enemies":"Cultist and Chosen","floor":25,"turns":4},{"damage":0,"enemies":"Sentry and Sphere","floor":28,"turns":3},{"damage":0,"enemies":"Gremlin Leader","floor":30,"turns":6},{"damage":0,"enemies":"Chosen and Byrds","floor":31,"turns":3},{"damage":6,"enemies":"Collector","floor":33,"turns":7},{"damage":4,"enemies":"3 Shapes","floor":35,"turns":3},{"damage":11,"enemies":"Orb Walker","floor":37,"turns":3},{"damage":0,"enemies":"Writhing Mass","floor":38,"turns":5},{"damage":0,"enemies":"Spire Growth","floor":42,"turns":3},{"damage":0,"enemies":"Maw","floor":45,"turns":5},{"damage":0,"enemies":"3 Darklings","floor":47,"turns":2},{"damage":3,"enemies":"4 Shapes","floor":48,"turns":2},{"damage":41,"enemies":"Time Eater","floor":50,"turns":9},{"damage":37,"enemies":"Shield and Spear","floor":54,"turns":6},{"damage":23,"enemies":"The Heart","floor":55,"turns":3}],"seed_played":"2917894539453858640","potions_obtained":[{"floor":3,"key":"EssenceOfSteel"},{"floor":5,"key":"SkillPotion"},{"floor":14,"key":"RobotSpaceExplorer:LiquidFusion"},{"floor":25,"key":"AttackPotion"},{"floor":35,"key":"Adrenaline Potion"},{"floor":38,"key":"champ:CounterPotion"},{"floor":42,"key":"Death Potion"},{"floor":50,"key":"Adrenaline Potion"},{"floor":54,"key":"DistilledChaos"}],"is_trial":false,"path_per_floor":["M","M","M","M","M","R","M","R","T","?","R","M","M","M","R","B",null,"M","M","$","?","M","R","$","M","T","R","M","R","E","M","R","B",null,"M","?","M","M","$","?","R","M","T","R","M","T","M","M","R","B",null,"R","$","E","B"],"character_chosen":"RobotSpaceExplorer","items_purchased":["RobotSpaceExplorer:Discharger","Tiny Chest","RobotSpaceExplorer:Autoloader","RobotSpaceExplorer:PowerCollector","Dexterity Potion","SkillPotion"],"campfire_rested":1,"item_purchase_floors":[20,20,39,53,53,53],"current_hp_per_floor":[75,75,73,71,57,57,57,57,57,57,57,57,53,53,75,41,75,69,67,67,53,51,51,51,51,51,51,51,51,51,51,51,45,60,56,56,45,45,45,30,48,48,48,48,48,48,48,45,45,4,60,60,60,23,0,0],"gold":60,"neow_bonus":"NOSTALGIA","is_daily":false,"chose_seed":false,"campfire_upgraded":9,"win_rate":0.0,"timestamp":1613929502,"path_taken":["M","M","M","M","M","R","M","R","T","?","R","?","M","M","R","BOSS","M","M","$","?","M","R","$","M","T","R","M","R","E","M","R","BOSS","M","?","M","M","$","?","R","M","T","R","M","?","?","M","R","BOSS","R","$","E","BOSS"],"items_purchased_type":["Card","Relic","Card","Card","Potion","Potion"],"build_version":"2020-12-22","purchased_purges":3,"victory":false,"max_hp_per_floor":[75,75,75,75,75,75,75,75,75,75,75,75,75,75,75,75,75,75,75,75,80,80,80,80,80,80,80,80,80,80,80,80,80,60,60,60,60,60,60,60,60,60,60,60,60,60,60,60,60,60,60,60,60,60,60,60],"card_choices":[{"not_picked":["RobotSpaceExplorer:ShockKick","SashWhip","RobotSpaceExplorer:Smokescreen"],"picked":"SKIP","floor":1},{"not_picked":["InnerPeace","RobotSpaceExplorer:StunGrenade","ThirdEye"],"picked":"SKIP","floor":2},{"not_picked":["ThirdEye","RobotSpaceExplorer:Fix"],"picked":"RobotSpaceExplorer:MiniDrones","floor":3},{"not_picked":["RobotSpaceExplorer:ImprovisedAttack","Flying Knee"],"picked":"RobotSpaceExplorer:Probe","floor":4},{"not_picked":["Masterful Stab","RobotSpaceExplorer:MetalStrike"],"picked":"RobotSpaceExplorer:Jetpack","floor":5},{"not_picked":["CutThroughFate","Flying Knee"],"picked":"RobotSpaceExplorer:ScrapToss","floor":7},{"not_picked":["Nirvana","RobotSpaceExplorer:SwiftStep","Vengeance"],"picked":"SKIP","floor":12},{"not_picked":["RobotSpaceExplorer:SelfCleaning","RobotSpaceExplorer:Arsenal","RobotSpaceExplorer:SwiftStep"],"picked":"SKIP","floor":13},{"not_picked":["Predator","RobotSpaceExplorer:GlueSpray","RobotSpaceExplorer:Counterblock"],"picked":"SKIP","floor":14},{"not_picked":["Tools of the Trade","Adrenaline"],"picked":"RobotSpaceExplorer:HighVoltage","floor":16},{"not_picked":["RobotSpaceExplorer:ImprovisedAttack","RobotSpaceExplorer:Ammunition+1"],"picked":"RobotSpaceExplorer:MiniBoosters","floor":18},{"not_picked":["RobotSpaceExplorer:SurgingStrike","RobotSpaceExplorer:StunGrenade+1"],"picked":"RobotSpaceExplorer:PlasmaMissile","floor":19},{"not_picked":["RobotSpaceExplorer:BigMissile","RobotSpaceExplorer:FrostMissile","RobotSpaceExplorer:Counterblock"],"picked":"SKIP","floor":22},{"not_picked":["RobotSpaceExplorer:Ammunition+1","RobotSpaceExplorer:StunGrenade"],"picked":"RobotSpaceExplorer:StarDust","floor":25},{"not_picked":["RobotSpaceExplorer:FrostMissile","RobotSpaceExplorer:SurgingStrike"],"picked":"RobotSpaceExplorer:MiniDrones","floor":28},{"not_picked":["RobotSpaceExplorer:MetalStrike","RobotSpaceExplorer:Probe+1"],"picked":"RobotSpaceExplorer:MiniDrones","floor":30},{"not_picked":["RobotSpaceExplorer:ShockKick","RobotSpaceExplorer:Counterblock+1"],"picked":"RobotSpaceExplorer:Arsenal","floor":31},{"not_picked":["RobotSpaceExplorer:Arsenal","RobotSpaceExplorer:TrailblazerForm"],"picked":"RobotSpaceExplorer:Exploration","floor":33},{"not_picked":["RobotSpaceExplorer:Probe+1","RobotSpaceExplorer:MiniDrones+1"],"picked":"RobotSpaceExplorer:MakeshiftVolley+1","floor":35},{"not_picked":["RobotSpaceExplorer:Reload","RobotSpaceExplorer:GlueShot+1","RobotSpaceExplorer:ShockKick+1"],"picked":"SKIP","floor":37},{"not_picked":["RobotSpaceExplorer:Counterblock","RobotSpaceExplorer:Electroshield+1"],"picked":"RobotSpaceExplorer:DualCore+1","floor":38},{"not_picked":["RobotSpaceExplorer:Electropulse","RobotSpaceExplorer:ShovelStrike"],"picked":"RobotSpaceExplorer:FreezeRay","floor":40},{"not_picked":["RobotSpaceExplorer:SlimeMissile+1","RobotSpaceExplorer:GlueShot","RobotSpaceExplorer:ShockKick+1"],"picked":"SKIP","floor":42},{"not_picked":["RobotSpaceExplorer:SwiftStep+1","RobotSpaceExplorer:ScrapShield+1","RobotSpaceExplorer:StunGrenade"],"picked":"SKIP","floor":45},{"not_picked":["RobotSpaceExplorer:JunkDive+1","RobotSpaceExplorer:ToxicBomb+1"],"picked":"RobotSpaceExplorer:Discharger","floor":47},{"not_picked":["RobotSpaceExplorer:LaserBurst+1","RobotSpaceExplorer:MiniDrones+1"],"picked":"RobotSpaceExplorer:Autoloader","floor":48},{"not_picked":["RobotSpaceExplorer:JunkDive+1","RobotSpaceExplorer:Arsenal"],"picked":"RobotSpaceExplorer:FreezingShield+1","floor":54}],"player_experience":190633,"relics_obtained":[{"floor":9,"key":"aspiration:ChemicalBlood"},{"floor":26,"key":"Replay:Bottled Snecko"},{"floor":30,"key":"RobotSpaceExplorer:FoglandsKnife"},{"floor":40,"key":"Kunai"},{"floor":46,"key":"Bag of Marbles"},{"floor":54,"key":"Shuriken"}],"event_choices":[{"cards_removed":["RobotSpaceExplorer:Strike"],"damage_healed":0,"gold_gain":0,"player_choice":"Purged","damage_taken":0,"max_hp_gain":0,"max_hp_loss":0,"event_name":"Purifier","floor":10,"gold_loss":0},{"damage_healed":0,"gold_gain":0,"player_choice":"Shed Blood","damage_taken":19,"max_hp_gain":5,"max_hp_loss":0,"event_name":"Forgotten Altar","floor":21,"gold_loss":0},{"cards_removed":["RobotSpaceExplorer:Defend"],"damage_healed":0,"gold_gain":0,"player_choice":"Removed Skill","damage_taken":0,"max_hp_gain":0,"max_hp_loss":0,"event_name":"Falling","floor":36,"gold_loss":0}],"is_beta":false,"boss_relics":[{"not_picked":["Replay:Grab Bag","Coffee Dripper"],"picked":"Runic Pyramid"},{"not_picked":["ChewingGum","aspiration:RitualDagger"],"picked":"Replay:Drink Me"}],"items_purged_floors":[20,24,39],"is_endless":false,"potions_floor_spawned":[3,5,14,18,22,25,28,35,38,42,45],"killed_by":"The Heart","ascension_level":0}}