{"host":"glqsg3p5q4u9u1ra","time":1613878667,"event":{"mods":["Act Like it!","Arknights","BaseMod","Better Third Choice","BetterRewards","Colored Map","Downfall","Friendly Minions","GifTheSpireLib","Hallownest","Highlight Path","Infinite Spire","Mimic Mod","Minty Spire (QoL Compilation)","Pale of the Ancients","Reliquary","Replay The Spire","Ruina","Spicy Shops","Spire Birthday Party","StSLib","The Blue Laboratory","The Bug Knight","The Exalted","The Servant 0.9.4","Wandering Minibosses"],"gold_per_floor":[118,138,138,138,17,17,29,29,54,54,64,64,77,109,109,210,210,221,221,69,161,86,86,120,120,172,136,136,156,156,183,183,278,278,290,165,206,56,73,73,100,100,100,100,114,141,152,152,152,152,152],"floor_reached":50,"language":"ENG","playtime":2449,"items_purged":["ats:Strike V","ats:Strike G","ats:Strike S","ats:Defend","ats:Defend","Pain"],"score":502,"play_id":"10da3c43-8111-442e-a679-4c92eb5c67c5","local_time":"20210220193747","is_ascension_mode":true,"campfire_choices":[{"data":"ats:Sunburst","floor":6,"key":"SMITH"},{"data":"ats:Emotion Absorption","floor":8,"key":"SMITH"},{"data":"ats:Revitalization","floor":12,"key":"SMITH"},{"data":"ats:Revitalization","floor":15,"key":"SMITH"},{"data":"ats:Burning Ground","floor":23,"key":"SMITH"},{"data":"ats:Song Of Battle","floor":25,"key":"SMITH"},{"data":"infinitespire:Collect","floor":30,"key":"SMITH"},{"data":"ats:Calcification","floor":40,"key":"SMITH"},{"data":"ats:Shell Defense","floor":42,"key":"SMITH"},{"data":"Demonic Infusion","floor":49,"key":"SMITH"}],"circlet_count":0,"master_deck":["ats:Strike C","ats:Armor Crushing Shot","ats:Defend","ats:Defend","ats:Emotion Absorption+1","ats:Burning Ground+1","ats:Sunburst+1","ats:Shell Defense+1","ats:Revitalization+1","ats:Shell Defense","Madness","ats:Song Of Battle+1","ats:Revitalization+1","ruina:Mimicry","ats:Burning Ground+1","ats:Burning Ground+1","ats:Revitalization+1","ats:Apocalypse","infinitespire:Collect+1","ats:Shell Defense+1","ats:Guardian Obelisk","ats:Calcification+1","ats:Absolute Focus+1","ats:Song Of Battle+1","ats:Very Hot Blade","ats:Shell Defense+1","Go for the Eyes","Demonic Infusion+1","sneckomod:UnknownClassINFINITE_BLACK+1"],"relics":["ats:Sanity","ats:Originium","Ginger","reliquary:RedCape","Snack Pack","reliquary:RoseTintedGlasses","Lee\u0027s Waffle","Darkstone Periapt","ats:Emergency Defibrillator","Honey Jar","Turnip","War Paint","White Beast Statue","ReplayTheSpireMod:DimensionalGlitch","PrismaticShard","Bromod:ArcaneUltimatum","wanderingMiniBosses:ThiefScarf"],"acts_visited":["Exordium","Exordium","ruina:Briah"],"potions_floor_usage":[11,14,24,31,33,39,50,50,50,50,50,50],"damage_taken":[{"damage":1,"enemies":"Cultist","floor":1,"turns":3},{"damage":2,"enemies":"ats:Genji","floor":2,"turns":4},{"damage":6,"enemies":"2 Louse","floor":7,"turns":2},{"damage":6,"enemies":"Gremlin Gang","floor":11,"turns":3},{"damage":12,"enemies":"Looter","floor":13,"turns":3},{"damage":19,"enemies":"HollowMod:MossKnight","floor":14,"turns":10},{"damage":97,"enemies":"The Guardian","floor":16,"turns":13},{"damage":24,"enemies":"ruina:Nosferatu","floor":18,"turns":5},{"damage":35,"enemies":"Nightmare","floor":24,"turns":7},{"damage":21,"enemies":"ruina:BadWolf","floor":27,"turns":6},{"damage":19,"enemies":"ruina:KingOfGreed","floor":29,"turns":5},{"damage":61,"enemies":"ruina:Mountain","floor":31,"turns":7},{"damage":38,"enemies":"ruina:Ozma","floor":33,"turns":6},{"damage":15,"enemies":"Hallownest:Shield_Heavy","floor":35,"turns":4},{"damage":22,"enemies":"Hallownest:3_Siblings","floor":39,"turns":4},{"damage":32,"enemies":"Hallownest:eliteHiveKnight","floor":41,"turns":5},{"damage":22,"enemies":"Hallownest:2_Wing_and_1_Kings","floor":45,"turns":4},{"damage":0,"enemies":"Hallownest:eliteCollector","floor":46,"turns":1},{"damage":0,"enemies":"Hallownest:2_Wandering_and_1_Horned","floor":47,"turns":3},{"damage":28,"enemies":"Hallownest:BossHollowKnight","floor":50,"turns":6}],"seed_played":"-7983696068833019369","potions_obtained":[{"floor":1,"key":"blueLaboratory:LouseDecoction"},{"floor":7,"key":"blueLaboratory:ArtificerPotion"},{"floor":11,"key":"blueLaboratory:PyrophylliteBrew"},{"floor":18,"key":"ColorlessPotion"},{"floor":29,"key":"DuplicationPotion"},{"floor":31,"key":"blueLaboratory:RecallPotion"},{"floor":33,"key":"blueLaboratory:BubblePotion"},{"floor":35,"key":"SkillPotion"},{"floor":45,"key":"Fruit Juice"},{"floor":46,"key":"Block Potion"},{"floor":47,"key":"LifebloodPotion"}],"is_trial":false,"path_per_floor":["M","M","?","?","$","R","M","R","T","?","M","R","M","E","R","B",null,"M","?","$","?","$","R","NM","R","T","M","AVR","M","R","E","R_BF","B",null,"M","$","?","$","M","R","E","R","T","AVR","M","E","M","?","R","B"],"character_chosen":"DOCTOR_CLASS","items_purchased":["ats:Burning Ground","ats:Sunburst","ats:Revitalization","ats:Burning Ground+1","ats:Burning Ground"],"campfire_rested":0,"item_purchase_floors":[0,0,5,20,22],"current_hp_per_floor":[71,70,70,70,70,70,66,66,66,66,65,65,56,72,72,72,72,65,65,65,65,65,65,67,67,67,67,74,74,74,74,80,67,80,73,73,73,73,80,80,76,76,76,76,70,70,75,75,75,59,59],"gold":152,"neow_bonus":"","is_daily":false,"chose_seed":false,"campfire_upgraded":10,"win_rate":0.0,"timestamp":1613878667,"path_taken":["M","?","?","?","?","R","?","R","T","?","?","R","M","E","R","BOSS","M","?","$","?","$","R","NM","R","T","M","AVR","M","R","E","R_BF","BOSS","M","$","?","?","M","R","E","R","T","AVR","?","E","?","?","R","BOSS"],"items_purchased_type":["Card","Card","Card","Card","Card"],"build_version":"2020-12-22","purchased_purges":6,"victory":false,"max_hp_per_floor":[72,72,72,72,72,72,72,72,72,72,72,72,72,72,72,72,72,72,67,67,67,67,67,67,67,67,67,74,74,74,74,80,80,80,80,80,80,80,80,80,80,80,80,80,80,80,80,80,80,85,85],"card_choices":[{"not_picked":["ats:Explosion Area Strengthen","ats:Consecutive Shot Auto"],"picked":"ats:Shell Defense","floor":1},{"not_picked":["ats:Consecutive Shot Auto","ats:Soul Rend","ats:Beaten Up"],"picked":"SKIP","floor":2},{"not_picked":["ats:Closed Bolt Burst Fire","ats:Leaping Hammer"],"picked":"ats:Shell Defense","floor":7},{"not_picked":["ats:Echo Reverb","ats:Defend Order","ats:Flexible Camouflage"],"picked":"SKIP","floor":11},{"not_picked":["ats:Collapsing Strike","ats:Curse Doll"],"picked":"ats:Song Of Battle","floor":13},{"not_picked":["ats:Apocalypse","ats:Explosion Area Strengthen"],"picked":"ats:Revitalization","floor":14},{"not_picked":["ats:Defend Order","ats:Flexible Camouflage+1","ats:Powerful Strike+1"],"picked":"SKIP","floor":18},{"not_picked":["ruina:CrimsonScar","ruina:CobaltScar"],"picked":"ruina:Mimicry","floor":19},{"not_picked":["ats:Disruption Kick","ats:Hook Shot"],"picked":"ats:Revitalization+1","floor":24},{"not_picked":["ats:Flexible Camouflage+1","ats:Literary Storm"],"picked":"ats:Apocalypse","floor":27},{"not_picked":["ats:Rapid Magazine","ats:Cat Scratch"],"picked":"ats:Shell Defense","floor":29},{"not_picked":["ats:Curse Doll+1","ats:Cat Scratch"],"picked":"ats:Guardian Obelisk","floor":31},{"not_picked":["ats:True Silver Slash","ats:Ambush"],"picked":"ats:Calcification","floor":33},{"not_picked":["ats:Magnetic Hammer+1","ats:Guard Mode","ats:Sword Rain+1"],"picked":"ats:Absolute Focus","floor":35},{"not_picked":["ats:Assault Order+1","ats:Serious Mode","ats:Flexible Camouflage"],"picked":"ats:Song Of Battle+1","floor":37},{"not_picked":["ats:Apocalypse+1","ats:Guard Mode+1","ats:Sashimi Platter+1"],"picked":"ats:Very Hot Blade","floor":39},{"not_picked":["ats:Absolute Focus","ats:Explosion Area Strengthen","ats:Shadow Assault"],"picked":"ats:Shell Defense+1","floor":41},{"not_picked":["Crystallizer+1","Consecrate","Replay:AtTheReady+1"],"picked":"Go for the Eyes","floor":45},{"not_picked":["HollowMod:QuirrelsAssistance","hexamod:Hexaguard","Bromod:BriefRespite"],"picked":"Demonic Infusion","floor":46},{"not_picked":["Twin Strike+1","Thunderclap+1","Hidden Blade+1"],"picked":"sneckomod:UnknownClassINFINITE_BLACK+1","floor":47}],"player_experience":1169863,"relics_obtained":[{"floor":9,"key":"reliquary:Knoch"},{"floor":14,"key":"ats:Originium"},{"floor":14,"key":"Ginger"},{"floor":24,"key":"ats:Originium"},{"floor":24,"key":"Snack Pack"},{"floor":26,"key":"reliquary:RoseTintedGlasses"},{"floor":31,"key":"ats:Originium"},{"floor":31,"key":"Darkstone Periapt"},{"floor":37,"key":"Turnip"},{"floor":41,"key":"ats:Originium"},{"floor":41,"key":"War Paint"},{"floor":43,"key":"White Beast Statue"},{"floor":46,"key":"Bromod:ArcaneUltimatum"},{"floor":47,"key":"wanderingMiniBosses:ThiefScarf"}],"event_choices":[{"damage_healed":0,"gold_gain":0,"player_choice":"1 cards matched","damage_taken":0,"max_hp_gain":0,"max_hp_loss":0,"event_name":"Match and Keep!","floor":10,"gold_loss":0,"cards_obtained":["Madness"]}],"is_beta":false,"boss_relics":[{"not_picked":["ReplayTheSpireMod:SealedPack","Velvet Choker"],"picked":"reliquary:RedCape"},{"not_picked":["Philosopher\u0027s Stone","Runic Dome"],"picked":"Honey Jar"}],"items_purged_floors":[5,20,28,36,38,44],"is_endless":false,"potions_floor_spawned":[1,7,11,18,29,31,33,35,45,46,47],"killed_by":"Hallownest:BossHollowKnight","ascension_level":1}}