{"host":"c6m2gd7h1328eiwi","time":1613923174,"event":{"mods":["Act Like it!","Aspiration","BaseMod","Better Skull","BetterRewards","Challenge The Spire","Colored Map","Conspire","Downfall","Elementarium","Energized Spire","GifTheSpireLib","Halation","Hubris","Infinite Spire","Mimic Mod","Minty Spire (QoL Compilation)","Potionbrewer","Quick Restart","Reliquary","Replay The Spire","Ruina","Spikes Relics","Spires And Sneckos","StSLib","The Jungle","Wandering Minibosses"],"gold_per_floor":[119,168,182,182,193,221,221,75,75,103,33,67,67,67,67,171,271,289,304,304,304,304,304,159,170,170,180,180,215,118,134,134,234,234,244,260,260,271,285,285,0,17,67,84,84,84],"floor_reached":45,"language":"ENG","playtime":3780,"items_purged":[],"score":493,"play_id":"0eb1c400-ad09-4065-87ff-76b1e44471df","local_time":"20210221085934","is_ascension_mode":false,"campfire_choices":[{"data":"Barricade","floor":7,"key":"SMITH"},{"floor":13,"key":"REST"},{"floor":15,"key":"REST"},{"data":"Body Slam","floor":23,"key":"SMITH"},{"data":"Rupture","floor":32,"key":"SMITH"},{"floor":40,"key":"REST"}],"circlet_count":0,"master_deck":["Strike_R","Strike_R","Strike_R","Strike_R","Strike_R","Defend_R","Defend_R","Defend_R","Defend_R","Barricade+1","Disarm","ReplayTheSpireMod:Strike From Hell","Body Slam+1","Feel No Pain","Feed","Anger","Replay:Undeath\u0027s Touch","Feel No Pain","Cleave","Survivor+1","Neutralize+1","Double Tap","ReplayTheSpireMod:Strike From Hell","ReplayTheSpireMod:Strike From Hell","Double Tap","Warcry+1","Absolvement+1","Rupture+1","Anger","Perfected Strike+1","Juggernaut","Perfected Strike+1","Inflame","ReplayTheSpireMod:Uncanny Aura+1","Dark Embrace","Absolvement+1","Parasite","Perfected Strike+1","Infernal Blade+1"],"relics":["Burning Blood","Sundial","Lantern","Sling","reliquary:Firecrackers","hubris:BottledRain","infinitespire:CheckeredPen","Replay:Wanted Poster","Sandwich","Pen Nib","Toxic Egg 2","hubris:Towel","aspiration:Lifesprig","Replay:Grab Bag","Fusion Hammer","reliquary:BigHammer","SlaversCollar","Red Mask","reliquary:PartyBalloon"],"acts_visited":["Exordium","TheCity","TheBeyond"],"potions_floor_usage":[6,12,12,33,38,38,38],"damage_taken":[{"damage":2,"enemies":"Small Slimes","floor":1,"turns":6},{"damage":10,"enemies":"2 Louse","floor":3,"turns":5},{"damage":14,"enemies":"Jaw Worm","floor":5,"turns":4},{"damage":37,"enemies":"Lagavulin","floor":6,"turns":8},{"damage":19,"enemies":"3 Sentries","floor":10,"turns":8},{"damage":24,"enemies":"conspire:MimicChest","floor":12,"turns":7},{"damage":29,"enemies":"The Guardian","floor":16,"turns":19},{"damage":12,"enemies":"Chosen","floor":18,"turns":6},{"damage":37,"enemies":"2 Thieves","floor":19,"turns":5},{"damage":14,"enemies":"Centurion and Healer","floor":25,"turns":4},{"damage":19,"enemies":"3 Cultists","floor":27,"turns":4},{"damage":3,"enemies":"Nightmare","floor":29,"turns":6},{"damage":16,"enemies":"Cultist and Chosen","floor":31,"turns":3},{"damage":37,"enemies":"Champ","floor":33,"turns":8},{"damage":0,"enemies":"3 Darklings","floor":35,"turns":2},{"damage":5,"enemies":"Orb Walker","floor":36,"turns":2},{"damage":2,"enemies":"3 Darklings","floor":38,"turns":2},{"damage":0,"enemies":"Transient","floor":39,"turns":5},{"damage":16,"enemies":"Writhing Mass","floor":42,"turns":4},{"damage":40,"enemies":"4 Shapes","floor":44,"turns":4},{"damage":46,"enemies":"Sphere and 2 Shapes","floor":45,"turns":3}],"seed_played":"576722600882042611","potions_obtained":[{"floor":1,"key":"FearPotion"},{"floor":5,"key":"potionbrewer:HastePotion"},{"floor":10,"key":"ColorlessPotion"},{"floor":29,"key":"SteroidPotion"},{"floor":31,"key":"potionbrewer:AcidPotion"},{"floor":33,"key":"EssenceOfSteel"},{"floor":36,"key":"potionbrewer:AcidPotion"},{"floor":38,"key":"SpeedPotion"}],"is_trial":false,"path_per_floor":["M","?","M","?","M","E","R","$","T","E","$","?","R","?","R","B",null,"M","M","?","AVR","?","R","$","M","T","M","?","NM","$","M","R","B",null,"M","M","?","M","M","R","?","M","T","M","M"],"character_chosen":"IRONCLAD","items_purchased":["Sling","Feel No Pain","Pen Nib","Rupture","Anger"],"campfire_rested":3,"item_purchase_floors":[8,11,24,30,30],"current_hp_per_floor":[80,80,76,76,68,40,40,40,40,27,27,9,33,33,57,34,83,77,49,49,49,77,77,77,69,69,56,56,59,59,52,52,21,89,89,89,89,89,89,89,89,79,79,45,0,0],"gold":84,"neow_bonus":"ONE_RANDOM_RARE_CARD","is_daily":false,"chose_seed":false,"campfire_upgraded":3,"win_rate":0.0,"timestamp":1613923174,"path_taken":["M","?","M","?","M","E","R","$","T","E","$","?","R","?","R","BOSS","M","M","?","AVR","?","R","$","?","T","M","?","NM","?","M","R","BOSS","M","M","?","?","M","R","?","M","T","M","M"],"items_purchased_type":["Relic","Card","Relic","Card","Card"],"build_version":"2020-12-22","purchased_purges":0,"victory":false,"max_hp_per_floor":[80,80,80,80,80,83,83,83,83,83,83,83,83,83,83,83,83,83,86,86,86,86,86,86,86,86,86,86,86,86,89,89,89,89,89,89,89,89,89,89,89,89,89,89,89,89],"card_choices":[{"not_picked":["Replay:Undeath\u0027s Touch","Headbutt"],"picked":"Disarm","floor":1},{"not_picked":["Flex","hubris:ReadiedAction"],"picked":"ReplayTheSpireMod:Strike From Hell","floor":2},{"not_picked":["Replay:Undeath\u0027s Touch","Thunderclap"],"picked":"Body Slam","floor":2},{"not_picked":["Sword Boomerang","Shrug It Off"],"picked":"Feel No Pain","floor":3},{"not_picked":["Battle Trance","Dual Wield"],"picked":"Feed","floor":5},{"not_picked":["Clothesline","Warcry"],"picked":"Anger","floor":6},{"not_picked":["Clash","Rupture"],"picked":"Replay:Undeath\u0027s Touch","floor":10},{"not_picked":["Eclipse","hubris:ReadiedAction"],"picked":"Cleave","floor":12},{"not_picked":["Reaper","Corruption"],"picked":"Double Tap","floor":16},{"not_picked":["Clothesline+1","Massacre+1"],"picked":"ReplayTheSpireMod:Strike From Hell","floor":18},{"not_picked":["Clash+1","Headbutt"],"picked":"ReplayTheSpireMod:Strike From Hell","floor":19},{"not_picked":["Dropkick","Carnage+1"],"picked":"Double Tap","floor":25},{"not_picked":["Cleave","Perfected Strike"],"picked":"Warcry+1","floor":27},{"not_picked":["Warcry+1","Sword Boomerang"],"picked":"Absolvement+1","floor":29},{"not_picked":["Warcry+1","ReplayTheSpireMod:Limb From Limb+1"],"picked":"Perfected Strike+1","floor":31},{"not_picked":["Eclipse+1","Demon Form"],"picked":"Juggernaut","floor":33},{"not_picked":["Hemokinesis","Armaments+1"],"picked":"Perfected Strike+1","floor":35},{"not_picked":["Sword Boomerang+1","ReplayReversal+1"],"picked":"Inflame","floor":36},{"not_picked":["Iron Wave","Flex+1"],"picked":"Dark Embrace","floor":38},{"not_picked":["Run Through+1","Infernal Blade+1"],"picked":"Absolvement+1","floor":39},{"not_picked":["Absolvement+1","Eclipse+1"],"picked":"Perfected Strike+1","floor":42},{"not_picked":["Flame Barrier+1","ReplayTheSpireMod:Stacked+1"],"picked":"Infernal Blade+1","floor":44}],"player_experience":0,"relics_obtained":[{"floor":2,"key":"Sundial"},{"floor":6,"key":"Lantern"},{"floor":9,"key":"reliquary:Firecrackers"},{"floor":10,"key":"hubris:BottledRain"},{"floor":12,"key":"infinitespire:CheckeredPen"},{"floor":26,"key":"Toxic Egg 2"},{"floor":29,"key":"aspiration:Lifesprig"},{"floor":43,"key":"reliquary:PartyBalloon"}],"event_choices":[{"damage_healed":0,"gold_gain":0,"player_choice":"Obtain J.A.X.","damage_taken":0,"max_hp_gain":0,"max_hp_loss":0,"event_name":"Drug Dealer","floor":20,"gold_loss":0,"cards_obtained":["J.A.X."]},{"damage_healed":28,"gold_gain":0,"player_choice":"Heal","damage_taken":0,"max_hp_gain":0,"max_hp_loss":0,"event_name":"The Library","floor":22,"gold_loss":0},{"damage_healed":0,"gold_gain":0,"cards_transformed":["J.A.X."],"player_choice":"Transformed","damage_taken":0,"max_hp_gain":0,"max_hp_loss":0,"event_name":"Transmorgrifier","floor":37,"gold_loss":0,"cards_obtained":["ReplayTheSpireMod:Uncanny Aura"]},{"damage_healed":0,"gold_gain":0,"player_choice":"Paid","damage_taken":0,"relics_obtained":["Red Mask"],"max_hp_gain":0,"max_hp_loss":0,"event_name":"Tomb of Lord Red Mask","floor":41,"gold_loss":285}],"is_beta":false,"boss_relics":[{"not_picked":["reliquary:Craggleroot","aspiration:RitualDagger"],"picked":"Replay:Wanted Poster"},{"not_picked":["potionbrewer:BhaskarasWheel","energizedSpire:EnergizedDie"],"picked":"Replay:Grab Bag"},{"not_picked":["energizedSpire:TabascoSauce","halation:ForbiddenBikini"],"picked":"Fusion Hammer"},{"not_picked":["Velvet Choker","CosmicIsotope"],"picked":"reliquary:BigHammer"},{"not_picked":["halation:MonkeysPaw","Replay:Drink Me"],"picked":"SlaversCollar"}],"items_purged_floors":[],"is_endless":true,"potions_floor_spawned":[1,5,10,29,31,33,36,38],"killed_by":"Sphere and 2 Shapes","ascension_level":0}}