{"host":"xkc7tfemhzdc5j5t","time":1613901547,"event":{"mods":["AchievementEnabler","Act Like it!","BaseMod","BetterRewards","Colored Map","Colored Powertips","Downfall","Gensokyo","Hallownest","Hermit","Highlight Path","Infinite Spire","Marisa£®ÏF”Í°°ƒß¿Ì…≥£©","Minty Spire (QoL Compilation)","Prisma Mod","Quick Restart","Reimu£®≤©¿ˆ¡È√Œ£©","Replay The Spire","Shop Mod","StSLib","SuperFastMode","The Bug Knight","The Construct","The Cursed","The Disciple","The Hierophant","The Jungle","The Necromancer","The Runesmith","The Servant 0.9.4","Youmu£®ªÍ∆«—˝√Œ£©"],"gold_per_floor":[111,111,111,125,138,138,152,152,152,171,96,96,21,47,47,121,121,141,141,153,169,183,183,197,197,197,197,197],"floor_reached":27,"language":"ZHS","playtime":3332,"items_purged":["Strike_B"],"score":387,"play_id":"b4eaa6ef-3fb5-4496-aaef-73c7b555c560","local_time":"20210221175907","is_ascension_mode":true,"campfire_choices":[{"data":"Zap","floor":6,"key":"SMITH"},{"data":"Dualcast","floor":12,"key":"SMITH"},{"data":"Streamline","floor":15,"key":"SMITH"},{"floor":23,"key":"REST"},{"data":"Tempest","floor":25,"key":"SMITH"}],"circlet_count":0,"master_deck":["AscendersBane","Strike_B","Strike_B","Defend_B","Defend_B","Zap+1","Dualcast+1","Self Repair","Streamline+1","Tempest+1","Thunder Strike","Go for the Eyes","Conserve Battery","ReplayTheSpireMod:GoodbyeWorld","BasicCrystalCard","Sweeping Beam","Stack","Storm","Echo Form","Go for the Eyes+1","Leap"],"relics":["Cracked Core","NeowsBlessing","Tea:ReiMu","Ice Cream","Prayer Wheel","Honey Jar","Regal Pillow","Sundial"],"acts_visited":["Exordium","TheCity"],"potions_floor_usage":[7,16,16],"damage_taken":[{"damage":0,"enemies":"2 Louse","floor":1,"turns":1},{"damage":0,"enemies":"Small Slimes","floor":4,"turns":1},{"damage":0,"enemies":"Cultist","floor":5,"turns":1},{"damage":1,"enemies":"3 Louse","floor":7,"turns":2},{"damage":12,"enemies":"2 Fungi Beasts","floor":10,"turns":3},{"damage":35,"enemies":"3 Sentries","floor":14,"turns":7},{"damage":43,"enemies":"Fading Forest","floor":16,"turns":11},{"damage":12,"enemies":"Chosen","floor":18,"turns":3},{"damage":22,"enemies":"Centurion and Healer","floor":20,"turns":5},{"damage":21,"enemies":"Snecko","floor":21,"turns":4},{"damage":12,"enemies":"Chosen and Byrds","floor":22,"turns":5},{"damage":26,"enemies":"Centurion and Healer","floor":24,"turns":3},{"damage":34,"enemies":"Slavers","floor":27,"turns":1}],"seed_played":"-2046582309990797421","potions_obtained":[{"floor":1,"key":"Fire Potion"},{"floor":5,"key":"Death Potion"},{"floor":7,"key":"Block Potion"},{"floor":18,"key":"Dexterity Potion"},{"floor":21,"key":"LiquidMemories"},{"floor":22,"key":"SteroidPotion"},{"floor":24,"key":"bronze:BurnAndBuffPotion"}],"is_trial":false,"path_per_floor":["M","?","?","M","M","R","M","?","T","M","?","R","$","E","R","B",null,"M","?","M","M","M","R","M","R","T","E"],"character_chosen":"DEFECT","items_purchased":[],"campfire_rested":1,"item_purchase_floors":[],"current_hp_per_floor":[64,64,64,64,71,71,70,63,63,58,58,58,58,30,51,23,59,54,54,39,25,20,56,30,30,30,0,0],"gold":197,"neow_bonus":"THREE_ENEMY_KILL","is_daily":false,"chose_seed":false,"campfire_upgraded":4,"win_rate":0.0,"timestamp":1613901547,"path_taken":["M","?","?","?","M","R","M","?","T","M","?","R","$","E","R","BOSS","M","?","M","M","?","R","M","R","T","E"],"items_purchased_type":[],"build_version":"2020-12-22","purchased_purges":1,"victory":false,"max_hp_per_floor":[71,71,71,71,71,71,71,71,71,71,71,71,71,71,71,71,71,71,71,71,71,71,71,71,71,71,71,71],"card_choices":[{"not_picked":["Cold Snap","Beam Cell"],"picked":"Self Repair","floor":1},{"not_picked":["Go for the Eyes","Chaos"],"picked":"Streamline","floor":4},{"not_picked":["Reprogram","Redo","Stack"],"picked":"SKIP","floor":5},{"not_picked":["Melter","Static Discharge"],"picked":"Tempest","floor":7},{"not_picked":["Go for the Eyes","Aggregate","Lockon"],"picked":"SKIP","floor":10},{"not_picked":["Beam Cell","Rip and Tear"],"picked":"ReplayTheSpireMod:Fabricate Wheel","floor":14},{"not_picked":["Hyperbeam","Seek"],"picked":"Thunder Strike","floor":16},{"not_picked":["Coolheaded+1","Cold Snap","Hello World"],"picked":"Go for the Eyes","floor":18},{"not_picked":["Darkness","Stack","FTL"],"picked":"Conserve Battery","floor":18},{"not_picked":["Rebound","Turbo","Redo"],"picked":"ReplayTheSpireMod:GoodbyeWorld","floor":20},{"not_picked":["Steam Power","Darkness","ReplayTheSpireMod:GoodbyeWorld"],"picked":"BasicCrystalCard","floor":20},{"not_picked":["ReplayTheSpireMod:System Scan","Go for the Eyes","Steam Power"],"picked":"Sweeping Beam","floor":21},{"not_picked":["Streamline","Undo","Lockon"],"picked":"Stack","floor":21},{"not_picked":["Turbo","Reinforced Body","Streamline"],"picked":"Storm","floor":22},{"not_picked":["Recycle","Hologram","Capacitor"],"picked":"Echo Form","floor":22},{"not_picked":["Darkness","Barrage+1","Undo"],"picked":"Go for the Eyes+1","floor":24},{"not_picked":["BasicCrystalCard","Coolheaded","Cold Snap"],"picked":"Leap","floor":24}],"player_experience":795745,"relics_obtained":[{"floor":9,"key":"Tea:ReiMu"},{"floor":14,"key":"Ice Cream"},{"floor":26,"key":"Sundial"}],"event_choices":[{"cards_removed":["Defend_B"],"damage_healed":0,"gold_gain":0,"player_choice":"Offered Basic","damage_taken":0,"max_hp_gain":0,"max_hp_loss":0,"event_name":"Bonfire Elementals","floor":3,"gold_loss":0},{"cards_removed":["Strike_B"],"damage_healed":0,"gold_gain":0,"player_choice":"Card Removal","damage_taken":7,"max_hp_gain":0,"max_hp_loss":0,"event_name":"Golden Wing","floor":8,"gold_loss":0},{"cards_removed":["Defend_B"],"damage_healed":0,"gold_gain":0,"player_choice":"Card Removal","damage_taken":0,"max_hp_gain":0,"max_hp_loss":0,"event_name":"The Cleric","floor":11,"gold_loss":75},{"damage_healed":0,"gold_gain":0,"player_choice":"Gave Potion","damage_taken":0,"relics_obtained":["Regal Pillow"],"max_hp_gain":0,"max_hp_loss":0,"event_name":"WeMeetAgain","floor":19,"gold_loss":0}],"is_beta":false,"boss_relics":[{"not_picked":["Tiny House","ReplayTheSpireMod:DimensionalGlitch"],"picked":"Honey Jar"}],"items_purged_floors":[13],"is_endless":false,"potions_floor_spawned":[1,5,7,18,21,22,24],"killed_by":"Slavers","ascension_level":16}}