{"host":"xz7n3qy1zq36rzpg","time":1613951435,"event":{"mods":["BaseMod","Colored Map","Colored Powertips","Highlight Path","Minty Spire (QoL Compilation)","Quick Restart","Shop Mod"],"gold_per_floor":[119,119,143,166,181,220,65,65,65,65,105,36,36,56,56,180,180,199,43,43,43,59,59,97,112,112,147,168,168,187,187,187,187,187],"floor_reached":33,"language":"ENG","playtime":1799,"items_purged":["Defend_G"],"score":400,"play_id":"8729193d-5153-4cce-9e86-acd6649d948d","local_time":"20210222005035","is_ascension_mode":true,"campfire_choices":[{"floor":8.0,"key":"REST"},{"data":"Blade Dance","floor":10.0,"key":"SMITH"},{"data":"Bouncing Flask","floor":13.0,"key":"SMITH"},{"floor":15.0,"key":"REST"},{"data":"Blur","floor":23.0,"key":"SMITH"},{"floor":32.0,"key":"REST"}],"circlet_count":0,"master_deck":["Strike_G","Strike_G+1","Strike_G","Strike_G+1","Defend_G","Defend_G","Defend_G","Defend_G","Survivor","Neutralize+1","Deadly Poison","Underhanded Strike","Blade Dance+1","Catalyst","Acrobatics","Quick Slash+1","Bouncing Flask+1","Footwork","Glass Knife+1","Finisher+1","Infinite Blades","Shame","Blur+1","Poisoned Stab+1","Backflip+1","Bouncing Flask+1","Deadly Poison","Glass Knife+1"],"relics":["Ring of the Snake","Golden Idol","Pear","Whetstone","Molten Egg 2","HornCleat","Sozu","FossilizedHelix","Centennial Puzzle","Gremlin Horn","Snake Skull"],"acts_visited":["Exordium","TheCity"],"potions_floor_usage":[],"damage_taken":[{"damage":0.0,"enemies":"2 Louse","floor":1.0,"turns":2.0},{"damage":1.0,"enemies":"Jaw Worm","floor":3.0,"turns":3.0},{"damage":0.0,"enemies":"Cultist","floor":4.0,"turns":3.0},{"damage":23.0,"enemies":"Large Slime","floor":5.0,"turns":8.0},{"damage":23.0,"enemies":"Lagavulin","floor":6.0,"turns":6.0},{"damage":0.0,"enemies":"Gremlin Nob","floor":11.0,"turns":2.0},{"damage":22.0,"enemies":"Lots of Slimes","floor":14.0,"turns":3.0},{"damage":13.0,"enemies":"Hexaghost","floor":16.0,"turns":8.0},{"damage":1.0,"enemies":"Chosen","floor":18.0,"turns":3.0},{"damage":2.0,"enemies":"3 Byrds","floor":22.0,"turns":5.0},{"damage":29.0,"enemies":"Gremlin Leader","floor":24.0,"turns":7.0},{"damage":0.0,"enemies":"Centurion and Healer","floor":25.0,"turns":5.0},{"damage":14.0,"enemies":"Slavers","floor":27.0,"turns":4.0},{"damage":0.0,"enemies":"Cultist and Chosen","floor":28.0,"turns":4.0},{"damage":0.0,"enemies":"Chosen and Byrds","floor":30.0,"turns":3.0},{"damage":49,"enemies":"Automaton","floor":33,"turns":6}],"seed_played":"-7392536181930856373","potions_obtained":[{"floor":1.0,"key":"Strength Potion"},{"floor":3.0,"key":"FearPotion"},{"floor":6.0,"key":"ColorlessPotion"},{"floor":16.0,"key":"ColorlessPotion"}],"is_trial":false,"path_per_floor":["M","?","M","M","M","E","$","R","T","R","E","$","R","M","R","B",null,"M","$","$","?","M","R","E","M","T","E","M","?","M","?","R","B"],"character_chosen":"THE_SILENT","items_purchased":["Whetstone","Bouncing Flask","Infinite Blades"],"campfire_rested":3,"item_purchase_floors":[7,12,19],"current_hp_per_floor":[70,65,64,64,41,28,28,50,50,50,50,50,50,28,50,37,66,65,65,65,65,63,63,34,34,34,20,20,20,20,20,42,0,0],"gold":187,"neow_bonus":"UPGRADE_CARD","is_daily":false,"chose_seed":false,"campfire_upgraded":3,"win_rate":0.0,"timestamp":1613951435,"path_taken":["M","?","M","M","M","E","$","R","T","R","E","?","R","M","R","BOSS","M","?","$","?","M","R","E","M","T","E","M","?","?","?","R","BOSS"],"items_purchased_type":["Relic","Card","Card"],"build_version":"2020-12-22","purchased_purges":1,"victory":false,"max_hp_per_floor":[70,65,65,65,65,75,75,75,75,75,75,75,75,75,75,75,75,75,75,75,75,75,75,75,75,75,75,75,75,75,75,75,75,75],"card_choices":[{"not_picked":["Reflex","Sucker Punch"],"picked":"Deadly Poison","floor":1.0},{"not_picked":["Outmaneuver","Catalyst"],"picked":"Underhanded Strike","floor":3.0},{"not_picked":["Acrobatics","Outmaneuver"],"picked":"Blade Dance","floor":4.0},{"not_picked":["Sucker Punch","Flechettes"],"picked":"Catalyst","floor":5.0},{"not_picked":["Prepared","Escape Plan"],"picked":"Acrobatics","floor":6.0},{"not_picked":["Catalyst","Sucker Punch+1"],"picked":"Quick Slash+1","floor":11.0},{"not_picked":["Bane+1","Quick Slash+1"],"picked":"Footwork","floor":14.0},{"not_picked":["Night Terror","Unload+1"],"picked":"Glass Knife+1","floor":16.0},{"not_picked":["Sucker Punch+1","Dash+1"],"picked":"Finisher+1","floor":18.0},{"not_picked":["Concentrate","Distraction"],"picked":"Blur","floor":22.0},{"not_picked":["Underhanded Strike+1","Slice+1"],"picked":"Poisoned Stab+1","floor":24.0},{"not_picked":["Reflex","Expertise"],"picked":"Backflip+1","floor":25.0},{"not_picked":["Flying Knee+1","Reflex","Choke+1"],"picked":"SKIP","floor":27.0},{"not_picked":["Flying Knee+1","Backflip"],"picked":"Bouncing Flask+1","floor":28.0},{"not_picked":["Masterful Stab+1","Catalyst"],"picked":"Deadly Poison","floor":30.0}],"player_experience":557266,"relics_obtained":[{"floor":6.0,"key":"Pear"},{"floor":9.0,"key":"Molten Egg 2"},{"floor":11.0,"key":"HornCleat"},{"floor":24.0,"key":"Centennial Puzzle"},{"floor":26.0,"key":"Gremlin Horn"},{"floor":27.0,"key":"Snake Skull"}],"event_choices":[{"damage_healed":0.0,"max_hp_gain":0.0,"max_hp_loss":5.0,"gold_gain":0.0,"event_name":"Golden Idol","player_choice":"Lose Max HP","floor":2.0,"gold_loss":0.0,"damage_taken":0.0,"relics_obtained":["Golden Idol"]},{"damage_healed":0.0,"max_hp_gain":0.0,"max_hp_loss":0.0,"gold_gain":0.0,"event_name":"Addict","player_choice":"Stole Relic","floor":21.0,"gold_loss":0.0,"damage_taken":0.0,"relics_obtained":["FossilizedHelix"],"cards_obtained":["Shame"]},{"cards_removed":["Strike_G"],"damage_healed":0.0,"max_hp_gain":0.0,"max_hp_loss":0.0,"gold_gain":0.0,"event_name":"Purifier","player_choice":"Purged","floor":29.0,"gold_loss":0.0,"damage_taken":0.0},{"damage_healed":0.0,"max_hp_gain":0.0,"max_hp_loss":0.0,"gold_gain":0.0,"event_name":"Duplicator","player_choice":"Copied","floor":31.0,"gold_loss":0.0,"damage_taken":0.0,"cards_obtained":["Glass Knife"]}],"is_beta":false,"boss_relics":[{"not_picked":["Coffee Dripper","SacredBark"],"picked":"Sozu"}],"items_purged_floors":[19],"is_endless":false,"potions_floor_spawned":[1,3,6,16,18,25,27,30],"killed_by":"Automaton","ascension_level":5}}