{"host":"avjwtc49fhlk6kym","time":1613874674,"event":{"mods":["AchievementEnabler","BaseMod","Better Match","Better Note","Better Third Choice","Colored Map","Colored Powertips","Displayed Cursed Tome","Highlight Path","Minty Spire (QoL Compilation)","Permanent Neow","Quick Restart","StSLib"],"gold_per_floor":[109,39,39,59,76,106,106,134,161,177,177,31,31,61,61,158,158,168,178,195,195,59,59,59,0,0,13,13,30,61,77,77,173,223,239,239,255,255,74,99,116,116,116],"floor_reached":42,"language":"ENG","playtime":2213,"items_purged":["Shame"],"score":554,"play_id":"517dda05-9b36-4045-9ee8-75618ab92923","local_time":"20210220213114","is_ascension_mode":true,"campfire_choices":[{"data":"LessonLearned","floor":7.0,"key":"SMITH"},{"floor":11.0,"key":"REST"},{"data":"Trip","floor":13.0,"key":"SMITH"},{"data":"Eruption","floor":15.0,"key":"SMITH"},{"floor":24,"key":"REST"},{"floor":28,"key":"REST"},{"floor":32,"key":"REST"}],"circlet_count":0,"master_deck":["Strike_P","Strike_P","Strike_P","Defend_P+1","Defend_P","Defend_P","Defend_P","Eruption+1","Vigilance","Trip+1","Evaluate+1","Wireheading","LikeWater","BowlingBash","LessonLearned+1","PathToVictory","PathToVictory","Brilliance","CrushJoints+1","Consecrate+1","Establishment+1","Writhe","Wallop+1","Swivel+1","Wallop+1","LessonLearned","CrushJoints","ThirdEye+1","InnerPeace+1","PathToVictory"],"relics":["PureWater","Anchor","Centennial Puzzle","Mango","Vajra","Bronze Scales","PreservedInsect","Cursed Key","Damaru","The Courier","InkBottle","Tiny House","Medical Kit","TeardropLocket"],"acts_visited":["Exordium","TheCity","TheBeyond"],"potions_floor_usage":[29,33,35,35,37,37,37,40],"damage_taken":[{"damage":0.0,"enemies":"Cultist","floor":1.0,"turns":3.0},{"damage":0.0,"enemies":"2 Louse","floor":4.0,"turns":4.0},{"damage":2.0,"enemies":"Jaw Worm","floor":5.0,"turns":4.0},{"damage":27.0,"enemies":"Gremlin Nob","floor":6.0,"turns":4.0},{"damage":21.0,"enemies":"3 Sentries","floor":8.0,"turns":14.0},{"damage":0.0,"enemies":"2 Fungi Beasts","floor":10.0,"turns":2.0},{"damage":43.0,"enemies":"The Guardian","floor":16.0,"turns":9.0},{"damage":22.0,"enemies":"2 Thieves","floor":18.0,"turns":4.0},{"damage":12.0,"enemies":"3 Byrds","floor":19.0,"turns":3.0},{"damage":19.0,"enemies":"Sentry and Sphere","floor":20.0,"turns":6.0},{"damage":20,"enemies":"Cultist and Chosen","floor":27,"turns":5},{"damage":0,"enemies":"Chosen and Byrds","floor":29,"turns":4},{"damage":18,"enemies":"Book of Stabbing","floor":30,"turns":4},{"damage":4,"enemies":"3 Cultists","floor":31,"turns":4},{"damage":38,"enemies":"Champ","floor":33,"turns":9},{"damage":0,"enemies":"Orb Walker","floor":35,"turns":2},{"damage":2,"enemies":"3 Shapes","floor":37,"turns":3},{"damage":0,"enemies":"Giant Head","floor":40,"turns":6},{"damage":67,"enemies":"Transient","floor":41,"turns":5},{"damage":31,"enemies":"Spire Growth","floor":42,"turns":4}],"seed_played":"-3196310128288712576","potions_obtained":[{"floor":1.0,"key":"DistilledChaos"},{"floor":5.0,"key":"GamblersBrew"},{"floor":8.0,"key":"Dexterity Potion"},{"floor":18.0,"key":"DuplicationPotion"},{"floor":27,"key":"Fire Potion"},{"floor":33,"key":"EntropicBrew"},{"floor":34,"key":"DistilledChaos"},{"floor":37,"key":"Energy Potion"}],"is_trial":false,"path_per_floor":["M","$","?","M","M","E","R","E","T","M","R","$","R","?","R","B",null,"M","M","M","?","$","?","R","?","T","M","R","M","E","M","R","B",null,"M","?","M","?","$","E","M","M"],"character_chosen":"WATCHER","items_purchased":["Wireheading","Bronze Scales","Establishment","Medical Kit"],"campfire_rested":4,"item_purchase_floors":[2,12,22,39],"current_hp_per_floor":[72,72,72,72,70,43,43,36,36,36,61,61,61,61,61,18,86,64,52,33,33,33,33,58,58,58,38,63,63,45,41,66,28,91,91,91,89,89,89,89,22,0,0],"gold":116,"neow_bonus":"RANDOM_COLORLESS","is_daily":false,"chose_seed":false,"campfire_upgraded":3,"win_rate":0.0,"timestamp":1613874674,"path_taken":["M","$","?","M","M","E","R","E","T","?","R","$","R","?","R","BOSS","M","M","M","?","?","?","R","?","T","M","R","M","E","M","R","BOSS","M","?","M","?","$","E","?","M"],"items_purchased_type":["Card","Relic","Card","Relic"],"build_version":"2020-12-22","purchased_purges":1,"victory":false,"max_hp_per_floor":[72,72,72,72,72,72,72,86,86,86,86,86,86,86,86,86,86,86,86,86,86,86,86,86,86,86,86,86,86,86,86,86,86,91,91,91,91,91,91,91,91,91,91],"card_choices":[{"not_picked":["Impatience","Flash of Steel"],"picked":"Trip","floor":0.0},{"not_picked":["CarveReality","Collect"],"picked":"Evaluate","floor":1.0},{"not_picked":["FollowUp","Perseverance"],"picked":"LikeWater","floor":4.0},{"not_picked":["Crescendo","FlurryOfBlows"],"picked":"BowlingBash","floor":5.0},{"not_picked":["Wish","LikeWater"],"picked":"LessonLearned","floor":6.0},{"not_picked":["BowlingBash","Evaluate"],"picked":"PathToVictory","floor":8.0},{"not_picked":["WaveOfTheHand","Perseverance"],"picked":"PathToVictory","floor":10.0},{"not_picked":["Omniscience","Blasphemy"],"picked":"Brilliance","floor":16.0},{"not_picked":["SignatureMove","Perseverance"],"picked":"CrushJoints","floor":18.0},{"not_picked":["SashWhip","EmptyBody","EmptyMind+1"],"picked":"SKIP","floor":19.0},{"not_picked":["Adaptation","Prostrate"],"picked":"Consecrate+1","floor":20.0},{"not_picked":["Prostrate+1","BowlingBash"],"picked":"Wallop+1","floor":27},{"not_picked":["ReachHeaven","CarveReality"],"picked":"Swivel+1","floor":29},{"not_picked":["Alpha","Weave","EmptyBody+1"],"picked":"SKIP","floor":30},{"not_picked":["Consecrate","Prostrate"],"picked":"Wallop+1","floor":31},{"not_picked":["Wish","Blasphemy"],"picked":"LessonLearned","floor":33},{"not_picked":["Worship","Prostrate+1"],"picked":"CrushJoints","floor":34},{"not_picked":["ClearTheMind+1","SignatureMove"],"picked":"Worship+1","floor":35},{"not_picked":["DeceiveReality","Evaluate"],"picked":"ThirdEye+1","floor":37},{"not_picked":["Vengeance","DeceiveReality+1"],"picked":"InnerPeace+1","floor":40},{"not_picked":["Evaluate+1","ConjureBlade"],"picked":"PathToVictory","floor":41}],"player_experience":460586,"relics_obtained":[{"floor":6.0,"key":"Centennial Puzzle"},{"floor":8.0,"key":"Mango"},{"floor":9.0,"key":"Vajra"},{"floor":26,"key":"The Courier"},{"floor":30,"key":"InkBottle"},{"floor":40,"key":"TeardropLocket"}],"event_choices":[{"damage_healed":0.0,"max_hp_gain":0.0,"max_hp_loss":0.0,"gold_gain":0.0,"event_name":"WeMeetAgain","player_choice":"Gave Potion","floor":3.0,"gold_loss":0.0,"damage_taken":0.0,"relics_obtained":["Anchor"]},{"damage_healed":0.0,"max_hp_gain":0.0,"max_hp_loss":0.0,"gold_gain":30.0,"event_name":"Dead Adventurer","player_choice":"Searched \u00272\u0027 times","floor":14.0,"gold_loss":0.0,"damage_taken":0.0,"relics_obtained":["PreservedInsect"]},{"cards_removed":["Strike_P"],"damage_healed":0.0,"max_hp_gain":0.0,"max_hp_loss":0.0,"gold_gain":0.0,"event_name":"Bonfire Elementals","player_choice":"Offered Basic","floor":21.0,"gold_loss":0.0,"damage_taken":0.0},{"damage_healed":0,"gold_gain":0,"player_choice":"Stole Relic","damage_taken":0,"relics_obtained":["Damaru"],"max_hp_gain":0,"max_hp_loss":0,"event_name":"Addict","floor":23,"gold_loss":0,"cards_obtained":["Shame"]},{"damage_healed":0,"gold_gain":0,"player_choice":"Paid Fearfully","damage_taken":0,"max_hp_gain":0,"max_hp_loss":0,"event_name":"Masked Bandits","floor":25,"gold_loss":59},{"cards_removed":["Worship"],"damage_healed":0,"gold_gain":0,"player_choice":"Removed Skill","damage_taken":0,"max_hp_gain":0,"max_hp_loss":0,"event_name":"Falling","floor":36,"gold_loss":0},{"damage_healed":0,"gold_gain":0,"player_choice":"Upgraded","damage_taken":0,"max_hp_gain":0,"max_hp_loss":0,"event_name":"Upgrade Shrine","floor":38,"gold_loss":0,"cards_upgraded":["Establishment"]}],"is_beta":false,"boss_relics":[{"not_picked":["Runic Pyramid","SacredBark"],"picked":"Cursed Key"},{"not_picked":["Sozu","Velvet Choker"],"picked":"Tiny House"}],"items_purged_floors":[39],"is_endless":false,"potions_floor_spawned":[1,5,8,18,27,33,37],"killed_by":"Spire Growth","ascension_level":2}}