{"host":"as7albp2mcgkylj3","time":1613921526,"event":{"mods":["2.2 Compatiblity","AchievementEnabler","BaseMod","Colored Map","DeckTracker","Googly Eyes","Highlight Path","Minty Spire (QoL Compilation)","StSLib","SuperFastMode"],"gold_per_floor":[117,133,133,208,208,208,133,152,152,152,162,162,62,79,79,177,177,177],"floor_reached":17,"language":"ITA","playtime":198,"items_purged":["Strike_P","Defend_P"],"score":145,"play_id":"2c54a7ce-2dd1-4783-98d4-c6a400242210","local_time":"20210221163206","is_ascension_mode":false,"campfire_choices":[{"data":"Eruption","floor":6,"key":"SMITH"},{"floor":10,"key":"REST"},{"data":"Strike_P","floor":12,"key":"SMITH"},{"floor":15,"key":"REST"}],"circlet_count":0,"master_deck":["Strike_P+1","Strike_P","Strike_P","Defend_P","Defend_P","Defend_P","Eruption+1","Vigilance"],"relics":["PureWater"],"acts_visited":["Exordium","TheCity"],"potions_floor_usage":[16,16],"damage_taken":[{"damage":3,"enemies":"Jaw Worm","floor":1,"turns":2},{"damage":7,"enemies":"2 Louse","floor":2,"turns":2},{"damage":0,"enemies":"Small Slimes","floor":8,"turns":2},{"damage":13,"enemies":"Blue Slaver","floor":11,"turns":4},{"damage":26,"enemies":"Large Slime","floor":14,"turns":4},{"damage":40,"enemies":"Slime Boss","floor":16,"turns":10}],"seed_played":"-8076411363448219596","potions_obtained":[{"floor":2,"key":"SteroidPotion"},{"floor":11,"key":"Ambrosia"},{"floor":16,"key":"AttackPotion"}],"is_trial":false,"path_per_floor":["M","M","?","?","?","R","$","M","T","R","M","R","$","M","R","B",null],"character_chosen":"WATCHER","items_purchased":[],"campfire_rested":2,"item_purchase_floors":[],"current_hp_per_floor":[76,69,69,58,58,58,58,58,58,79,66,66,66,40,63,23,79,79],"gold":177,"neow_bonus":"TEN_PERCENT_HP_BONUS","is_daily":false,"chose_seed":false,"campfire_upgraded":2,"win_rate":0.0,"timestamp":1613921526,"path_taken":["M","M","?","?","?","R","$","M","T","R","M","R","$","M","R","BOSS"],"items_purchased_type":[],"build_version":"2020-12-22","purchased_purges":2,"victory":false,"max_hp_per_floor":[79,79,79,79,79,79,79,79,79,79,79,79,79,79,79,79,79,79],"card_choices":[{"not_picked":["BowlingBash","Crescendo","ThirdEye"],"picked":"SKIP","floor":1},{"not_picked":["Worship","Evaluate","BowlingBash"],"picked":"SKIP","floor":2},{"not_picked":["DeceiveReality","Weave","Protect"],"picked":"SKIP","floor":8},{"not_picked":["WheelKick","Protect","SashWhip"],"picked":"SKIP","floor":11},{"not_picked":["Pray","CrushJoints","TalkToTheHand"],"picked":"SKIP","floor":14}],"player_experience":484678,"relics_obtained":[],"event_choices":[{"damage_healed":0,"gold_gain":0,"player_choice":"Ignored","damage_taken":0,"max_hp_gain":0,"max_hp_loss":0,"event_name":"Golden Idol","floor":3,"gold_loss":0},{"damage_healed":0,"gold_gain":75,"player_choice":"Gather Gold","damage_taken":11,"max_hp_gain":0,"max_hp_loss":0,"event_name":"World of Goop","floor":4,"gold_loss":0},{"damage_healed":0,"gold_gain":0,"player_choice":"Fled","damage_taken":0,"max_hp_gain":0,"max_hp_loss":0,"event_name":"Scrap Ooze","floor":5,"gold_loss":0}],"is_beta":false,"boss_relics":[{"not_picked":["Philosopher\u0027s Stone","SacredBark","Snecko Eye"]}],"items_purged_floors":[7,13],"is_endless":false,"potions_floor_spawned":[2,11,16],"ascension_level":0}}