{"host":"22njw49i2r7r2wa8","time":1613901531,"event":{"mods":["2.2 Compatiblity","BaseMod","Colored Map","Minty Spire (QoL Compilation)"],"gold_per_floor":[112,112,112,122,122,122,153,180,192,204,216,239,251,293,305,317,317],"floor_reached":16,"language":"ENG","playtime":902,"items_purged":[],"score":173,"play_id":"3119cb27-14d5-4b27-b5d5-e2658c479b11","local_time":"20210221015851","is_ascension_mode":true,"campfire_choices":[{"data":"Neutralize","floor":6,"key":"SMITH"},{"data":"Dagger Spray","floor":11,"key":"SMITH"},{"data":"Flying Knee","floor":13,"key":"SMITH"},{"data":"Flying Knee","floor":15,"key":"SMITH"}],"circlet_count":0,"master_deck":["Strike_G","Strike_G","Strike_G","Strike_G","Defend_G","Defend_G","Defend_G","Defend_G","Defend_G","Survivor","Neutralize+1","Flying Knee+1","Dagger Spray+1","Flying Knee+1","Calculated Gamble+1","Infinite Blades"],"relics":["Ring of the Snake","NeowsBlessing","Letter Opener","MawBank","Toxic Egg 2","Mummified Hand"],"acts_visited":["Exordium"],"potions_floor_usage":[14,16],"damage_taken":[{"damage":0,"enemies":"2 Louse","floor":1,"turns":1},{"damage":0,"enemies":"Jaw Worm","floor":4,"turns":1},{"damage":0,"enemies":"3 Sentries","floor":7,"turns":1},{"damage":1,"enemies":"Small Slimes","floor":8,"turns":3},{"damage":1,"enemies":"Blue Slaver","floor":12,"turns":5},{"damage":20,"enemies":"Lagavulin","floor":14,"turns":6},{"damage":51,"enemies":"Hexaghost","floor":16,"turns":11}],"seed_played":"5612234818713196385","potions_obtained":[{"floor":1,"key":"Explosive Potion"},{"floor":12,"key":"Fruit Juice"}],"is_trial":false,"path_per_floor":["M","?","?","M","?","R","E","M","T","$","R","M","R","E","R","B"],"character_chosen":"THE_SILENT","items_purchased":[],"campfire_rested":0,"item_purchase_floors":[],"current_hp_per_floor":[63,56,38,38,61,61,61,60,60,60,60,59,59,44,44,0,0],"gold":317,"neow_bonus":"THREE_ENEMY_KILL","is_daily":false,"chose_seed":false,"campfire_upgraded":4,"win_rate":0.0,"timestamp":1613901531,"path_taken":["M","?","?","M","?","R","E","M","T","?","R","M","R","E","R","BOSS"],"items_purchased_type":[],"build_version":"2020-12-22","purchased_purges":0,"victory":false,"max_hp_per_floor":[70,70,70,70,70,70,70,70,70,70,70,70,70,75,75,75,75],"card_choices":[{"not_picked":["Quick Slash","Backflip"],"picked":"Flying Knee","floor":1},{"not_picked":["Expertise","Outmaneuver","Setup"],"picked":"SKIP","floor":4},{"not_picked":["Accuracy","Calculated Gamble"],"picked":"Dagger Spray","floor":7},{"not_picked":["Skewer","Bane"],"picked":"Flying Knee","floor":8},{"not_picked":["Choke","Underhanded Strike"],"picked":"Calculated Gamble+1","floor":12},{"not_picked":["Cloak And Dagger+1","Dodge and Roll+1"],"picked":"Infinite Blades","floor":14}],"player_experience":521076,"relics_obtained":[{"floor":7,"key":"MawBank"},{"floor":9,"key":"Toxic Egg 2"},{"floor":14,"key":"Mummified Hand"}],"event_choices":[{"cards_removed":["Strike_G"],"damage_healed":0,"gold_gain":0,"player_choice":"Card Removal","damage_taken":7,"max_hp_gain":0,"max_hp_loss":0,"event_name":"Golden Wing","floor":2,"gold_loss":0},{"damage_healed":0,"gold_gain":0,"player_choice":"Success","damage_taken":18,"relics_obtained":["Letter Opener"],"max_hp_gain":0,"max_hp_loss":0,"event_name":"Scrap Ooze","floor":3,"gold_loss":0},{"damage_healed":23,"gold_gain":0,"player_choice":"Banana","damage_taken":0,"max_hp_gain":0,"max_hp_loss":0,"event_name":"Big Fish","floor":5,"gold_loss":0}],"is_beta":false,"boss_relics":[],"items_purged_floors":[],"is_endless":false,"potions_floor_spawned":[1,12],"killed_by":"Hexaghost","ascension_level":6}}