{"host":"fbdlh90rovbiajun","time":1613887225,"event":{"mods":["AchievementEnabler","BaseMod","Colored Map","Keyboard Shortcuts","Minty Spire (QoL Compilation)","SuperFastMode"],"gold_per_floor":[118,118,118,132,18,18,38,38,88,88,163,192,192,211,211,307,361,381,392,392,410,104,104,120,154,154,154,104,114,41,41,41,144,144,164,514,343,358,0,0,31,31,83,109,125,125,138,165,165,165,165,165,13,47,47,47],"floor_reached":55,"language":"KOR","playtime":1609,"items_purged":["Strike_P","Halt"],"score":1036,"play_id":"e4e2122a-cbd5-4630-aa85-7aa77f669d0a","local_time":"20210221150025","is_ascension_mode":true,"campfire_choices":[{"data":"Eruption","floor":6.0,"key":"SMITH"},{"data":"SandsOfTime","floor":8.0,"key":"SMITH"},{"data":"Vigilance","floor":10.0,"key":"SMITH"},{"floor":13.0,"key":"REST"},{"floor":15.0,"key":"RECALL"},{"data":"Omniscience","floor":23.0,"key":"SMITH"},{"data":"Vault","floor":27.0,"key":"SMITH"},{"data":"Blasphemy","floor":32.0,"key":"SMITH"},{"floor":40.0,"key":"REST"},{"floor":42.0,"key":"REST"},{"data":"Ragnarok","floor":46.0,"key":"SMITH"},{"floor":49.0,"key":"REST"},{"floor":52.0,"key":"REST"}],"circlet_count":0,"master_deck":["Eruption+1","Vigilance+1","SandsOfTime+1","Blasphemy+1","Vault+1","Ragnarok","Halt+1","Ragnarok+1","Omniscience+1"],"relics":["PureWater","NeowsBlessing","Eternal Feather","CeramicFish","Toy Ornithopter","Pandora\u0027s Box","Membership Card","Blood Vial","Vajra","Boot","Melange","Black Star","Old Coin","Medical Kit","Red Mask","Kunai","Smiling Mask","Orichalcum","PreservedInsect","Lizard Tail","Question Card","Gremlin Horn","Mango","Pen Nib","Bag of Preparation"],"acts_visited":["Exordium","TheCity","TheBeyond","TheEnding"],"potions_floor_usage":[],"damage_taken":[{"damage":0.0,"enemies":"Jaw Worm","floor":1.0,"turns":1.0},{"damage":0.0,"enemies":"2 Louse","floor":4.0,"turns":2.0},{"damage":0.0,"enemies":"Cultist","floor":7.0,"turns":1.0},{"damage":27.0,"enemies":"Gremlin Nob","floor":12.0,"turns":3.0},{"damage":0.0,"enemies":"Large Slime","floor":14.0,"turns":4.0},{"damage":47.0,"enemies":"The Guardian","floor":16.0,"turns":9.0},{"damage":0.0,"enemies":"Spheric Guardian","floor":18.0,"turns":4.0},{"damage":0.0,"enemies":"Chosen","floor":19.0,"turns":3.0},{"damage":0.0,"enemies":"Snecko","floor":24.0,"turns":1.0},{"damage":6.0,"enemies":"Book of Stabbing","floor":25.0,"turns":4.0},{"damage":0.0,"enemies":"Sentry and Sphere","floor":29.0,"turns":1.0},{"damage":17.0,"enemies":"Collector","floor":33.0,"turns":4.0},{"damage":0.0,"enemies":"3 Darklings","floor":35.0,"turns":2.0},{"damage":54.0,"enemies":"Mind Bloom Boss Battle","floor":36.0,"turns":5.0},{"damage":8.0,"enemies":"3 Shapes","floor":38.0,"turns":2.0},{"damage":3.0,"enemies":"Nemesis","floor":41.0,"turns":4.0},{"damage":18.0,"enemies":"Giant Head","floor":44.0,"turns":7.0},{"damage":1.0,"enemies":"Transient","floor":45.0,"turns":6.0},{"damage":24.0,"enemies":"4 Shapes","floor":47.0,"turns":1.0},{"damage":0.0,"enemies":"Nemesis","floor":48.0,"turns":1.0},{"damage":66.0,"enemies":"Time Eater","floor":50.0,"turns":4.0},{"damage":0.0,"enemies":"Shield and Spear","floor":54.0,"turns":2.0},{"damage":134,"enemies":"The Heart","floor":55,"turns":4}],"seed_played":"8188759438862226664","potions_obtained":[{"floor":4.0,"key":"Dexterity Potion"},{"floor":7.0,"key":"Weak Potion"},{"floor":19.0,"key":"StancePotion"},{"floor":25.0,"key":"SmokeBomb"},{"floor":33.0,"key":"SteroidPotion"},{"floor":41.0,"key":"DistilledChaos"},{"floor":44.0,"key":"LiquidMemories"}],"is_trial":false,"path_per_floor":["M","?","?","M","$","R","M","R","T","R","?","E","R","M","R","B",null,"M","M","?","?","$","R","M","E","T","R","$","M","$","?","R","B",null,"M","?","$","M","?","R","E","R","T","E","M","R","M","E","R","B",null,"R","$","E","B"],"character_chosen":"WATCHER","items_purchased":["SandsOfTime","Membership Card","Blood Vial","Vajra","Melange","Medical Kit","FearPotion","FairyPotion","Weak Potion","Mango"],"campfire_rested":5,"item_purchase_floors":[5,22,22,22,30,37,37,37,37,53],"current_hp_per_floor":[72,65,53,53,53,56,56,59,59,62,51,24,48,48,51,9,56,56,56,56,56,56,62,64,60,60,66,66,68,68,68,71,55,68,70,18,18,12,12,36,35,59,59,43,44,47,25,27,51,21,59,72,86,86,0,0],"gold":47,"neow_bonus":"THREE_ENEMY_KILL","is_daily":false,"chose_seed":false,"campfire_upgraded":7,"win_rate":0.0,"timestamp":1613887225,"path_taken":["M","?","?","M","$","R","M","R","T","R","?","E","R","M","R","BOSS","M","M","?","?","$","R","M","E","T","R","$","M","$","?","R","BOSS","M","?","?","?","?","R","E","R","T","E","M","R","M","E","R","BOSS","R","$","E","BOSS"],"items_purchased_type":["Card","Relic","Relic","Relic","Relic","Relic","Potion","Potion","Potion","Relic"],"build_version":"2020-12-22","purchased_purges":2,"victory":false,"max_hp_per_floor":[72,72,72,72,72,72,72,72,72,72,72,72,72,72,72,72,72,72,72,72,72,72,72,72,72,72,72,72,72,72,72,72,72,72,72,72,72,72,72,72,72,72,72,72,72,72,72,72,72,72,72,72,86,86,86,86],"card_choices":[{"not_picked":["FlyingSleeves","Fasting2","SignatureMove"],"picked":"SKIP","floor":1.0},{"not_picked":["Indignation","FlyingSleeves","JustLucky"],"picked":"SKIP","floor":4.0},{"not_picked":["Protect","FlyingSleeves","BowlingBash"],"picked":"SKIP","floor":7.0},{"not_picked":["Vault","ClearTheMind","Weave"],"picked":"SKIP","floor":12.0},{"not_picked":["FlyingSleeves","SignatureMove","CutThroughFate"],"picked":"SKIP","floor":14.0},{"not_picked":["Prostrate+1","Crescendo"],"picked":"Halt+1","floor":18.0},{"not_picked":["Protect","LikeWater","CarveReality"],"picked":"SKIP","floor":19.0},{"not_picked":["BowlingBash","ThirdEye","Sanctity"],"picked":"SKIP","floor":24.0},{"not_picked":["Wish","BowlingBash","PathToVictory"],"picked":"SKIP","floor":25.0},{"not_picked":["SashWhip","JustLucky","CrushJoints+1"],"picked":"SKIP","floor":29.0},{"not_picked":["ClearTheMind+1","Halt","Crescendo"],"picked":"SKIP","floor":35.0},{"not_picked":["FlyingSleeves","Fasting2+1","BowlingBash"],"picked":"SKIP","floor":38.0},{"not_picked":["Nirvana+1","PathToVictory+1","Scrawl"],"picked":"SKIP","floor":41.0},{"not_picked":["FearNoEvil+1","Indignation","Weave+1"],"picked":"SKIP","floor":44.0},{"not_picked":["FlurryOfBlows","Meditate+1","Evaluate+1"],"picked":"SKIP","floor":45.0},{"not_picked":["PathToVictory","Nirvana","Prostrate+1"],"picked":"SKIP","floor":47.0},{"not_picked":["Wish","Wallop","FollowUp+1"],"picked":"SKIP","floor":48.0},{"not_picked":["SandsOfTime+1","Prostrate+1","CarveReality+1","FlurryOfBlows"],"picked":"SKIP","floor":54.0}],"player_experience":115559,"relics_obtained":[{"floor":9.0,"key":"CeramicFish"},{"floor":12.0,"key":"Toy Ornithopter"},{"floor":25.0,"key":"Boot"},{"floor":36.0,"key":"Old Coin"},{"floor":41.0,"key":"Kunai"},{"floor":41.0,"key":"Smiling Mask"},{"floor":43.0,"key":"Orichalcum"},{"floor":44.0,"key":"PreservedInsect"},{"floor":44.0,"key":"Lizard Tail"},{"floor":48.0,"key":"Question Card"},{"floor":48.0,"key":"Gremlin Horn"},{"floor":54.0,"key":"Pen Nib"},{"floor":54.0,"key":"Bag of Preparation"}],"event_choices":[{"cards_removed":["Defend_P"],"damage_healed":0.0,"max_hp_gain":0.0,"max_hp_loss":0.0,"gold_gain":0.0,"event_name":"Golden Wing","player_choice":"Card Removal","floor":2.0,"gold_loss":0.0,"damage_taken":7.0},{"damage_healed":0.0,"max_hp_gain":0.0,"max_hp_loss":0.0,"gold_gain":0.0,"event_name":"Scrap Ooze","player_choice":"Success","floor":3.0,"gold_loss":0.0,"damage_taken":12.0,"relics_obtained":["Eternal Feather"]},{"damage_healed":0.0,"max_hp_gain":0.0,"max_hp_loss":0.0,"gold_gain":75.0,"event_name":"World of Goop","player_choice":"Gather Gold","floor":11.0,"gold_loss":0.0,"damage_taken":11.0},{"damage_healed":0.0,"max_hp_gain":0.0,"max_hp_loss":0.0,"gold_gain":0.0,"event_name":"Vampires","player_choice":"Ignored","floor":20.0,"gold_loss":0.0,"damage_taken":0.0},{"damage_healed":0.0,"max_hp_gain":0.0,"max_hp_loss":0.0,"gold_gain":0.0,"cards_transformed":["Pray","Crescendo"],"event_name":"Drug Dealer","player_choice":"Became Test Subject","floor":21.0,"gold_loss":0.0,"damage_taken":0.0,"cards_obtained":["Ragnarok","Omniscience"]},{"damage_healed":0.0,"max_hp_gain":0.0,"max_hp_loss":0.0,"gold_gain":0.0,"event_name":"Back to Basics","player_choice":"Simplicity","floor":31.0,"gold_loss":0.0,"damage_taken":0.0,"cards_upgraded":[]},{"damage_healed":0.0,"max_hp_gain":0.0,"max_hp_loss":0.0,"gold_gain":0.0,"event_name":"MindBloom","player_choice":"Fight","floor":36.0,"gold_loss":0.0,"damage_taken":0.0},{"damage_healed":0.0,"max_hp_gain":0.0,"max_hp_loss":0.0,"gold_gain":0.0,"event_name":"Tomb of Lord Red Mask","player_choice":"Paid","floor":39.0,"gold_loss":358.0,"damage_taken":0.0,"relics_obtained":["Red Mask"]}],"is_beta":false,"boss_relics":[{"not_picked":["Snecko Eye","Runic Dome"],"picked":"Pandora\u0027s Box"},{"not_picked":["Empty Cage","Cursed Key"],"picked":"Black Star"}],"items_purged_floors":[5,28],"is_endless":false,"potions_floor_spawned":[4,7,19,25,33,38,41,44],"killed_by":"The Heart","ascension_level":5}}