{"host":"ztzf20fs6w35ztzf","time":1613919159,"event":{"mods":["AchievementEnabler","AlwaysNeverKeys","BaseMod","BetterRewards","Colored Powertips","DeckTracker","Downfall","Grow up Mod","Lobotomy","Minty Spire (QoL Compilation)","Rare Cards Sparkle","Remove Card Discount Mod","Replay The Spire","StSLib","SuperFastMode"],"gold_per_floor":[110,110,110,260,281,314,314,314,314],"floor_reached":8,"language":"ENG","playtime":193,"items_purged":[],"score":150,"play_id":"1c66a472-fe1c-4792-b650-1602d73609ac","local_time":"20210221225239","is_ascension_mode":true,"campfire_choices":[{"floor":7,"key":"REST"}],"circlet_count":0,"master_deck":["AscendersBane","Strike_R","Strike_R","Strike_R","Strike_R","Strike_R","Defend_R","Defend_R","Defend_R","Defend_R","Bash","Freischutz","Heavy Blade","Doubt","Bloodbath","Yin"],"relics":["Burning Blood","CogitoBucket","Calipers","Golden Idol","Replay:Bottled Snecko"],"acts_visited":["Exordium"],"potions_floor_usage":[],"damage_taken":[{"damage":7,"enemies":"Cultist","floor":1,"turns":4},{"damage":15,"enemies":"2 Louse","floor":5,"turns":3},{"damage":105,"enemies":"Gremlin Nob","floor":6,"turns":7},{"damage":85,"enemies":"3 Sentries","floor":8,"turns":9}],"seed_played":"-5594804809958380372","potions_obtained":[{"floor":6,"key":"Elixir"}],"is_trial":false,"path_per_floor":["M","?","?","?","M","E","R","E"],"character_chosen":"IRONCLAD","items_purchased":[],"campfire_rested":1,"item_purchase_floors":[],"current_hp_per_floor":[87,92,102,112,113,26,76,0,0],"gold":314,"neow_bonus":"","is_daily":false,"chose_seed":false,"campfire_upgraded":0,"win_rate":0.0,"timestamp":1613919159,"path_taken":["M","?","?","?","M","E","R","E"],"items_purchased_type":[],"build_version":"2020-12-22","purchased_purges":0,"victory":false,"max_hp_per_floor":[95,105,105,115,125,135,145,145,145],"card_choices":[{"not_picked":["OldLady","Variant"],"picked":"Freischutz","floor":1},{"not_picked":["Warcry","ReplayTheSpireMod:Corrosion Curse"],"picked":"Heavy Blade","floor":1},{"not_picked":["MeatLantern","Murderer"],"picked":"Bloodbath","floor":5},{"not_picked":["Exhume","ReplayTheSpireMod:Strike From Hell","Replay:Undeath\u0027s Touch"],"picked":"SKIP","floor":5},{"not_picked":["CrumblingArmor","MHz"],"picked":"Yin","floor":6},{"not_picked":["Sentinel","Armaments","Reckless Charge"],"picked":"SKIP","floor":6}],"player_experience":149706,"relics_obtained":[{"floor":6,"key":"Replay:Bottled Snecko"}],"event_choices":[{"damage_healed":0,"gold_gain":0,"player_choice":"Success","damage_taken":5,"relics_obtained":["Calipers"],"max_hp_gain":0,"max_hp_loss":0,"event_name":"Scrap Ooze","floor":2,"gold_loss":0},{"damage_healed":0,"gold_gain":0,"player_choice":"Lose Max HP","damage_taken":0,"relics_obtained":["Golden Idol"],"max_hp_gain":0,"max_hp_loss":10,"event_name":"Golden Idol","floor":3,"gold_loss":0},{"damage_healed":0,"gold_gain":150,"player_choice":"AGREE","damage_taken":0,"max_hp_gain":0,"max_hp_loss":0,"event_name":"Liars Game","floor":4,"gold_loss":0,"cards_obtained":["Doubt"]}],"is_beta":false,"boss_relics":[],"items_purged_floors":[],"is_endless":false,"potions_floor_spawned":[6],"killed_by":"3 Sentries","ascension_level":17}}