{"host":"xm0tf1maiknh0fp9","time":1613928534,"event":{"mods":["BaseMod","Colored Map","Colored Powertips","Googly Eyes","Minty Spire (QoL Compilation)","Replay The Spire","StSLib"],"gold_per_floor":[211,286,297,315,315,325,351,351,404,433,433,433,474,71,71,185,244,272,281,281,294,312,312,312],"floor_reached":23,"language":"ENG","playtime":586,"items_purged":["Strike_B"],"score":219,"play_id":"92ba455a-637e-4db6-a76f-fb90465d6d9d","local_time":"20210221122854","is_ascension_mode":true,"campfire_choices":[{"floor":8.0,"key":"REST"},{"data":"Redo","floor":12.0,"key":"SMITH"},{"floor":15.0,"key":"REST"}],"circlet_count":0,"master_deck":["Strike_B","Strike_B","Defend_B","Defend_B","Defend_B","Defend_B","Zap","Dualcast","Gash","ReplayTheSpireMod:Calculation Training","Gash","Redo+1","FTL+1","Core Surge","Biased Cognition","Go for the Eyes","ReplayTheSpireMod:Reroute Power+1","J.A.X."],"relics":["Cracked Core","Darkstone Periapt","Potion Belt","Bronze Scales","Ring of Fury","CeramicFish","Membership Card","Replay:Wax Seal","ReplayTheSpireMod:Ninjato","Tiny House"],"acts_visited":["Exordium","TheCity"],"potions_floor_usage":[21],"damage_taken":[{"damage":1.0,"enemies":"Jaw Worm","floor":1.0,"turns":3.0},{"damage":5.0,"enemies":"Small Slimes","floor":3.0,"turns":4.0},{"damage":0.0,"enemies":"2 Louse","floor":4.0,"turns":1.0},{"damage":5.0,"enemies":"2 Fungi Beasts","floor":6.0,"turns":4.0},{"damage":22.0,"enemies":"Lagavulin","floor":7.0,"turns":7.0},{"damage":4.0,"enemies":"3 Sentries","floor":10.0,"turns":5.0},{"damage":19.0,"enemies":"Lagavulin","floor":13.0,"turns":4.0},{"damage":16.0,"enemies":"Slime Boss","floor":16.0,"turns":5.0},{"damage":10,"enemies":"Shell Parasite","floor":18,"turns":2},{"damage":10,"enemies":"Spheric Guardian","floor":21,"turns":3},{"damage":29,"enemies":"Centurion and Healer","floor":22,"turns":6},{"damage":25,"enemies":"Book of Stabbing","floor":23,"turns":3}],"seed_played":"-6729526131979332280","potions_obtained":[{"floor":4.0,"key":"Fire Potion"},{"floor":7.0,"key":"Fire Potion"},{"floor":10.0,"key":"Languid Potion"},{"floor":13.0,"key":"DistilledChaos"},{"floor":17,"key":"GamblersBrew"},{"floor":22,"key":"Ancient Potion"}],"is_trial":false,"path_per_floor":["M","?","M","M","?","M","E","R","T","E","?","R","E","$","R","B",null,"M","?","?","M","M","E"],"character_chosen":"DEFECT","items_purchased":["Membership Card","Replay:Wax Seal","ReplayTheSpireMod:Ninjato","Core Surge"],"campfire_rested":2,"item_purchase_floors":[14,14,14,14],"current_hp_per_floor":[74,63,58,58,58,53,31,53,53,49,49,49,30,30,52,36,80,70,70,55,45,16,0,0],"gold":312,"neow_bonus":"HUNDRED_GOLD","is_daily":false,"chose_seed":false,"campfire_upgraded":1,"win_rate":0.0,"timestamp":1613928534,"path_taken":["M","?","M","M","?","M","E","R","T","E","?","R","E","$","R","BOSS","M","?","?","M","M","E"],"items_purchased_type":["Relic","Relic","Relic","Card"],"build_version":"2020-12-22","purchased_purges":1,"victory":false,"max_hp_per_floor":[75,75,75,75,75,75,75,75,75,75,75,75,75,75,75,75,80,80,80,85,85,85,85,85],"card_choices":[{"not_picked":["Rebound","Coolheaded","Cold Snap"],"picked":"SKIP","floor":1.0},{"not_picked":["Storm","Leap"],"picked":"Gash","floor":3.0},{"not_picked":["Sweeping Beam","Coolheaded"],"picked":"ReplayTheSpireMod:Calculation Training","floor":4.0},{"not_picked":["ReplaySolidLightProjector","Sweeping Beam"],"picked":"Gash","floor":6.0},{"not_picked":["Ball Lightning","ReplayTheSpireMod:Repulse","Leap"],"picked":"SKIP","floor":7.0},{"not_picked":["Compile Driver","Glacier"],"picked":"Redo","floor":10.0},{"not_picked":["Blizzard","Rip and Tear"],"picked":"FTL","floor":13.0},{"not_picked":["Meteor Strike","ReplayRNGCard"],"picked":"Biased Cognition","floor":16.0},{"not_picked":["Conserve Battery","Ball Lightning"],"picked":"Go for the Eyes","floor":17},{"not_picked":["Beam Cell","Hologram+1"],"picked":"ReplayTheSpireMod:Reroute Power+1","floor":18},{"not_picked":["Panic Button","Barrage","Turbo"],"picked":"SKIP","floor":21},{"not_picked":["FIFO Queue+1","Reinforced Body","Compile Driver"],"picked":"SKIP","floor":22}],"player_experience":188618,"relics_obtained":[{"floor":7.0,"key":"Darkstone Periapt"},{"floor":9.0,"key":"Potion Belt"},{"floor":10.0,"key":"Bronze Scales"},{"floor":11.0,"key":"Ring of Fury"},{"floor":13.0,"key":"CeramicFish"}],"event_choices":[{"damage_healed":0.0,"max_hp_gain":0.0,"max_hp_loss":0.0,"gold_gain":75.0,"event_name":"World of Goop","player_choice":"Gather Gold","floor":2.0,"gold_loss":0.0,"damage_taken":11.0},{"cards_removed":["Strike_B"],"damage_healed":0.0,"max_hp_gain":0.0,"max_hp_loss":0.0,"gold_gain":0.0,"event_name":"Living Wall","player_choice":"Forget","floor":5.0,"gold_loss":0.0,"damage_taken":0.0},{"damage_healed":0,"gold_gain":0,"player_choice":"Obtain J.A.X.","damage_taken":0,"max_hp_gain":0,"max_hp_loss":0,"event_name":"Drug Dealer","floor":19,"gold_loss":0,"cards_obtained":["J.A.X."]},{"damage_healed":0,"gold_gain":0,"player_choice":"Shed Blood","damage_taken":20,"max_hp_gain":5,"max_hp_loss":0,"event_name":"Forgotten Altar","floor":20,"gold_loss":0}],"is_beta":false,"boss_relics":[{"not_picked":["Pandora\u0027s Box","Runic Dome"],"picked":"Tiny House"}],"items_purged_floors":[14],"is_endless":false,"potions_floor_spawned":[4,7,10,13,22],"killed_by":"Book of Stabbing","ascension_level":1}}