{"host":"qc1sjgtdjonvdsd8","time":1613893928,"event":{"mods":["BaseMod","Colored Map","Colored Powertips","Curses Come First","Minty Spire (QoL Compilation)","Replay The Spire","StSLib"],"gold_per_floor":[118,118,168,243,257,257,275,290,313,313,324,339,339,349,349,451,451,376,301,301,301,60,60,60,60],"floor_reached":24,"language":"ENG","playtime":2012,"items_purged":["Strike_G","Defend_G"],"score":264,"play_id":"d685a5ab-99cc-466e-8b47-a30338c60191","local_time":"20210220235208","is_ascension_mode":true,"campfire_choices":[{"data":"Prepared","floor":6,"key":"SMITH"},{"data":"ReplayTheSpireMod:Speed Training","floor":10,"key":"SMITH"},{"floor":13,"key":"REST"},{"data":"Neutralize","floor":15,"key":"SMITH"},{"data":"After Image","floor":23,"key":"SMITH"}],"circlet_count":0,"master_deck":["Defend_G","Defend_G","Defend_G","Survivor","Neutralize+1","Prepared+1","Deflect","Acrobatics","ReplayTheSpireMod:Speed Training+1","ReplayTheSpireMod:Speed Training","Backflip","Deflect","After Image+1","Bite","Bite","Bite","Bite","Bite","A Thousand Cuts"],"relics":["Ring of the Snake","Unceasing Top","White Beast Statue","ReplayTheSpireMod:Lightbulb","Ring of Chaos"],"acts_visited":["Exordium","TheCity"],"potions_floor_usage":[8,11,12,16,16,16,24],"damage_taken":[{"damage":0,"enemies":"Jaw Worm","floor":1,"turns":5},{"damage":0,"enemies":"2 Louse","floor":5,"turns":3},{"damage":0,"enemies":"Small Slimes","floor":7,"turns":3},{"damage":2,"enemies":"Exordium Wildlife","floor":8,"turns":8},{"damage":4,"enemies":"Gremlin Gang","floor":11,"turns":5},{"damage":3,"enemies":"Red Slaver","floor":12,"turns":6},{"damage":4,"enemies":"Looter","floor":14,"turns":4},{"damage":25,"enemies":"The Guardian","floor":16,"turns":17},{"damage":9,"enemies":"2 Thieves","floor":18,"turns":5},{"damage":55,"enemies":"Gremlin Leader","floor":24,"turns":10}],"seed_played":"8750704982789279698","potions_obtained":[{"floor":1,"key":"Ancient Potion"},{"floor":3,"key":"PowerPotion"},{"floor":5,"key":"PowerPotion"},{"floor":8,"key":"DuplicationPotion"},{"floor":11,"key":"SteroidPotion"},{"floor":12,"key":"Death Potion"},{"floor":16,"key":"FearPotion"},{"floor":18,"key":"SteroidPotion"}],"is_trial":false,"path_per_floor":["M","?","?","?","M","R","M","M","T","R","M","M","R","M","R","B",null,"M","$","?","?","$","R","E"],"character_chosen":"THE_SILENT","items_purchased":["A Thousand Cuts"],"campfire_rested":1,"item_purchase_floors":[22],"current_hp_per_floor":[63,63,48,37,37,37,37,35,35,35,31,28,46,42,42,17,52,43,43,43,43,43,43,13,13],"gold":60,"neow_bonus":"ONE_RARE_RELIC","is_daily":false,"chose_seed":false,"campfire_upgraded":4,"win_rate":0.0,"timestamp":1613893928,"path_taken":["M","?","?","?","M","R","M","M","T","R","?","?","R","M","R","BOSS","M","$","?","?","?","R","E"],"items_purchased_type":["Card"],"build_version":"2020-12-22","purchased_purges":2,"victory":false,"max_hp_per_floor":[63,63,63,63,63,63,63,63,63,63,63,63,63,63,63,63,63,63,63,44,44,44,44,44,44],"card_choices":[{"not_picked":["Deadly Poison","Accuracy"],"picked":"Prepared","floor":1},{"not_picked":["ReplayTheSpireMod:Shiv Toss","Dodge and Roll"],"picked":"Deflect","floor":3},{"not_picked":["Outmaneuver","Dagger Spray"],"picked":"Acrobatics","floor":5},{"not_picked":["Bouncing Flask","Catalyst","Sneak Up"],"picked":"SKIP","floor":7},{"not_picked":["Bane","Leg Sweep"],"picked":"ReplayTheSpireMod:Speed Training","floor":8},{"not_picked":["Underhanded Strike","Distraction"],"picked":"ReplayTheSpireMod:Speed Training","floor":11},{"not_picked":["Quick Slash","Underhanded Strike"],"picked":"Backflip","floor":12},{"not_picked":["ReplayTheSpireMod:Scrap Shanks","Cloak And Dagger"],"picked":"Deflect","floor":14},{"not_picked":["Glass Knife","Unload"],"picked":"After Image","floor":16},{"not_picked":["Underhanded Strike","Skewer","Backflip"],"picked":"SKIP","floor":18}],"player_experience":327863,"relics_obtained":[{"floor":3,"key":"White Beast Statue"},{"floor":9,"key":"ReplayTheSpireMod:Lightbulb"}],"event_choices":[{"damage_healed":0,"gold_gain":0,"player_choice":"Ignored","damage_taken":0,"max_hp_gain":0,"max_hp_loss":0,"event_name":"Shining Light","floor":2,"gold_loss":0},{"damage_healed":0,"gold_gain":75,"player_choice":"Gather Gold","damage_taken":11,"max_hp_gain":0,"max_hp_loss":0,"event_name":"World of Goop","floor":4,"gold_loss":0},{"damage_healed":0,"gold_gain":0,"player_choice":"Became a vampire","damage_taken":0,"max_hp_gain":0,"max_hp_loss":19,"event_name":"Vampires","floor":20,"gold_loss":0,"cards_obtained":["Bite","Bite","Bite","Bite","Bite"]},{"cards_removed":["Defend_G"],"damage_healed":0,"gold_gain":0,"player_choice":"Elegance","damage_taken":0,"max_hp_gain":0,"max_hp_loss":0,"event_name":"Back to Basics","floor":21,"gold_loss":0}],"is_beta":false,"boss_relics":[{"not_picked":["Velvet Choker","Ectoplasm"],"picked":"Ring of Chaos"}],"items_purged_floors":[19,22],"is_endless":false,"potions_floor_spawned":[1,5,7,8,11,12,14,16,18],"killed_by":"Gremlin Leader","ascension_level":6}}