{"host":"0dgh6dagbcoaqfos","time":1613870502,"event":{"mods":["2.2 Compatiblity","Act Like it!","AlwaysNeverKeys","BaseMod","BetterRewards","CapriCore","Jorbs\u0027s Wanderer Trilogy","Lobotomy","LobotomyExtend","Minty Spire (QoL Compilation)","Ruina","StSLib"],"gold_per_floor":[113,113,130,143,43,69,69,85,85,99,126,126,74,85,85,187,187,187,32,32,32,32,32,32,32,32,32,32,32,32,32,32,32,32],"floor_reached":33,"language":"ENG","playtime":2213,"items_purged":[],"score":302,"play_id":"9debfc2c-3b01-46b2-93ee-8f7cb6fd22a9","local_time":"20210220192142","is_ascension_mode":false,"campfire_choices":[{"floor":7,"key":"REST"},{"floor":15,"key":"REST"},{"data":"Rainbow","floor":24,"key":"SMITH"},{"floor":29,"key":"REST"},{"floor":32,"key":"REST"}],"circlet_count":0,"master_deck":["Strike_B","Strike_B","Strike_B","Strike_B","Defend_B","Defend_B","Defend_B","Defend_B","Zap","Dualcast","Rainbow+1","Compile Driver","Melter","Cold Snap","Barrage+1","Rip and Tear","Genetic Algorithm","Parasite","Streamline","Seek","Sweeping Beam","Redo+1","Barrage+1","Streamline+1","Fission"],"relics":["Cracked Core","Orichalcum","Dream Catcher","Sundial","Ectoplasm","Runic Capacitor","StoneCalendar","Darkstone Periapt"],"acts_visited":["Exordium","Exordium"],"potions_floor_usage":[6,6,14,16,18,28,28,28],"damage_taken":[{"damage":6,"enemies":"Jaw Worm","floor":1,"turns":3},{"damage":4,"enemies":"Cultist","floor":3,"turns":3},{"damage":0,"enemies":"2 Louse","floor":4,"turns":1},{"damage":31,"enemies":"3 Sentries","floor":6,"turns":7},{"damage":0,"enemies":"2 Fungi Beasts","floor":8,"turns":2},{"damage":11,"enemies":"3 Louse","floor":10,"turns":3},{"damage":14,"enemies":"Lagavulin","floor":11,"turns":7},{"damage":0,"enemies":"Lots of Slimes","floor":14,"turns":3},{"damage":41,"enemies":"The Guardian","floor":16,"turns":9},{"damage":13,"enemies":"ruina:BadWolf","floor":18,"turns":4},{"damage":14,"enemies":"ruina:ServantOfWrath","floor":23,"turns":6},{"damage":15,"enemies":"ruina:3_Bats","floor":25,"turns":5},{"damage":11,"enemies":"ruina:Woodsman","floor":28,"turns":3},{"damage":10,"enemies":"ruina:KnightOfDespair","floor":30,"turns":4},{"damage":23,"enemies":"ruina:KingOfGreed","floor":31,"turns":4},{"damage":40,"enemies":"ruina:Red_and_Wolf","floor":33,"turns":6}],"seed_played":"-7981180453362138170","potions_obtained":[{"floor":4,"key":"SpeedPotion"},{"floor":6,"key":"EssenceOfDarkness"},{"floor":10,"key":"DuplicationPotion"},{"floor":16,"key":"DistilledChaos"},{"floor":18,"key":"BlessingOfTheForge"},{"floor":23,"key":"PowerPotion"},{"floor":28,"key":"Fruit Juice"}],"is_trial":false,"path_per_floor":["M","?","M","M","$","E","R","M","T","M","E","?","$","M","R","B",null,"M","$","?","?","?","E","R","M","T","?","M","R","M","M","R","B"],"character_chosen":"DEFECT","items_purchased":["Barrage","AttackPotion","Block Potion","Runic Capacitor"],"campfire_rested":4,"item_purchase_floors":[5,5,13,19],"current_hp_per_floor":[48,48,44,44,44,13,35,35,35,24,10,28,28,28,50,9,75,62,62,74,74,74,60,60,45,45,19,13,40,30,7,34,0,0],"gold":32,"neow_bonus":"THREE_RARE_CARDS","is_daily":false,"chose_seed":false,"campfire_upgraded":1,"win_rate":0.0,"timestamp":1613870502,"path_taken":["M","?","M","M","$","E","R","M","T","M","E","?","?","?","R","BOSS","M","$","?","?","?","E","R","M","T","?","M","R","M","?","R","BOSS"],"items_purchased_type":["Card","Potion","Potion","Relic"],"build_version":"2020-12-22","purchased_purges":0,"victory":false,"max_hp_per_floor":[75,75,75,75,75,75,75,75,75,75,75,75,75,75,75,75,75,75,75,87,87,87,87,87,87,87,87,92,92,92,92,92,92,92],"card_choices":[{"not_picked":["Core Surge","Reboot"],"picked":"Rainbow","floor":0},{"not_picked":["Reprogram","Auto Shields"],"picked":"Compile Driver","floor":1},{"not_picked":["BootSequence","Sweeping Beam"],"picked":"Melter","floor":3},{"not_picked":["Hologram","Gash"],"picked":"Cold Snap","floor":4},{"not_picked":["Thunder Strike","Hologram"],"picked":"Rip and Tear","floor":6},{"not_picked":["Sweeping Beam","Storm"],"picked":"Genetic Algorithm","floor":8},{"not_picked":["Storm","Beam Cell","Capacitor"],"picked":"SKIP","floor":10},{"not_picked":["Hologram","Biased Cognition","Redo"],"picked":"SKIP","floor":11},{"not_picked":["Stack","Steam"],"picked":"Streamline","floor":14},{"not_picked":["Machine Learning","Multi-Cast"],"picked":"Seek","floor":16},{"not_picked":["Go for the Eyes","Lockon"],"picked":"Sweeping Beam","floor":18},{"not_picked":["Steam","BootSequence"],"picked":"Redo+1","floor":23},{"not_picked":["Rebound","Compile Driver","Leap+1"],"picked":"SKIP","floor":25},{"not_picked":["Go for the Eyes","Self Repair","Chaos"],"picked":"SKIP","floor":28},{"not_picked":["Coolheaded","Gash+1"],"picked":"Streamline+1","floor":29},{"not_picked":["Go for the Eyes","Cold Snap+1","Beam Cell"],"picked":"SKIP","floor":30},{"not_picked":["Hologram+1","Steam+1"],"picked":"Fission","floor":31}],"player_experience":363890,"relics_obtained":[{"floor":6,"key":"Orichalcum"},{"floor":9,"key":"Dream Catcher"},{"floor":11,"key":"Sundial"},{"floor":23,"key":"StoneCalendar"},{"floor":26,"key":"Darkstone Periapt"}],"event_choices":[{"damage_healed":0,"gold_gain":0,"player_choice":"Ignored","damage_taken":0,"max_hp_gain":0,"max_hp_loss":0,"event_name":"Golden Wing","floor":2,"gold_loss":0},{"damage_healed":18,"gold_gain":0,"player_choice":"Healed and dodged fight","damage_taken":0,"max_hp_gain":0,"max_hp_loss":0,"event_name":"Mushrooms","floor":12,"gold_loss":0,"cards_obtained":["Parasite"]}],"is_beta":false,"boss_relics":[{"not_picked":["Fusion Hammer","Runic Pyramid"],"picked":"Ectoplasm"}],"items_purged_floors":[],"is_endless":false,"potions_floor_spawned":[4,6,10,16,18,23,28],"killed_by":"ruina:Red_and_Wolf","ascension_level":0}}