{"host":"4qp30tywltrhkmjj","time":1613912472,"event":{"mods":["2.2 Compatiblity","AchievementEnabler","Act Like it!","Ascension Unlocker","Aspiration","BaseMod","Beaked The Cultist","Bestiary","Better Altar","Better Match","Better Note","Better Skull","Better Third Choice","BetterRewards","CCEM2","CapriCore","Challenge The Spire","Colored Map","Colored Powertips","Conjunction","Conspire","Defuse TimeMaze Blight","Displayed Cursed Tome","Downfall","EXCEPTION","Emptier Cage","Energized Spire","Exacting","Gold Saver","Halation","Highlight Path","Hubris","Infinite Spire","Jedi Mod","Lobotomy","LobotomyExtend","Minty Spire (QoL Compilation)","Poor People Problems","Replay The Spire","Reworked Bosses","Ruina","SacredBarkPlus","Shop Mod","Spicy Shops","Spire Arcade","StSLib","The Animator","The Blue Laboratory","Transform Curses","Uncapped","Unceasing Turn Reminder","Wandering Minibosses","Yuri Mod"],"gold_per_floor":[536,568,568,594,610,637,637,668,744,744,776,811,840,406,406,511,511,537,537,537,537,556,589,589,600,673,698,716,744,744,744,744,848,848,883,883,808,808,808,824,835,835,865,765,791,842,842,842,842,842],"floor_reached":49,"language":"ENG","playtime":5050,"items_purged":[],"score":593,"play_id":"192596fe-b1b9-48c2-8802-c6f68a828229","local_time":"20210221140111","is_ascension_mode":true,"campfire_choices":[{"data":"animator:Layla","floor":7,"key":"SMITH"},{"floor":10,"key":"REST"},{"floor":15,"key":"RECALL"},{"data":"Pot Of Greed","floor":24,"key":"SMITH"},{"data":"Pot Of Greed","floor":32,"key":"SMITH"},{"data":"Pot Of Greed","floor":42,"key":"SMITH"},{"data":"Pot Of Greed","floor":48,"key":"SMITH"}],"circlet_count":0,"master_deck":["animator:Strike_HitsugiNoChaika","animator:Defend_HitsugiNoChaika","animator:Strike","animator:Strike","animator:Strike","animator:Defend","animator:Defend","animator:Defend","animator:AcuraAkari","animator:Gillette","ReplayTheSpireMod:Book of Names","animator:Darkness","animator:AcuraTooru","animator:Berserker","animator:Shalltear","OSAHOGD","animator:YachiyoNanami","Mercenary","Woodsman","animator:Emonzaemon","animator:Saitama","Pot Of Greed+1","Pot Of Greed+1","animator:Biyorigo","CENSORED","Pot Of Greed+1","animator:Viivi","ruina:BlindRage","animator:Viivi","animator:FeridBathory","animator:Verdia","Writhe","animator:Biyorigo","animator:WinryRockbell","animator:Ainz+1","animator:Viivi","animator:Azekura+1","Pot Of Greed+1"],"relics":["animator:LivingPicture","animator:TheMissingPiece","animator:PurgingStone","CogitoBucket","LetterFromLob","aspiration:Lifesprig","Bag of Preparation","infinitespire:EmpoweringShard","Turnip","AspirationHeart","CCEMRelics:DissonantTune","Grinning Jar","hubris:OldNail","Runic Dome","Dream Catcher","Letter Opener","CCEMRelics:FakeTeeth","Ice Cream","ruina:Goodbye","Black Star","energizedSpire:MagnifyingGlass","AtMidnight","SkinProphecy","Replay:Rubber Ducky","CCEMRelics:FiftyFTOfRope","jedi:cryingmask","animator:EngravedStaff"],"acts_visited":["Exordium","ruina:Briah","TheBeyond"],"potions_floor_usage":[6,13,18,18,25,27,29,33,43,49],"damage_taken":[{"damage":1.0,"enemies":"Cultist","floor":1.0,"turns":4.0},{"damage":0,"enemies":"2 Louse","floor":2,"turns":3},{"damage":6,"enemies":"Jaw Worm","floor":4,"turns":3},{"damage":9,"enemies":"Red Slaver","floor":5,"turns":3},{"damage":21,"enemies":"Lagavulin","floor":6,"turns":5},{"damage":23,"enemies":"Gremlin Nob","floor":8,"turns":4},{"damage":8,"enemies":"3 Sentries","floor":11,"turns":6},{"damage":0,"enemies":"Blue Slaver","floor":12,"turns":5},{"damage":7,"enemies":"Gremlin Nob","floor":13,"turns":4},{"damage":6,"enemies":"The Guardian","floor":16,"turns":6},{"damage":1,"enemies":"ruina:3_Bats","floor":18,"turns":4},{"damage":6,"enemies":"ruina:BadWolf","floor":22,"turns":6},{"damage":61,"enemies":"ruina:RoadHome","floor":23,"turns":7},{"damage":24,"enemies":"ruina:Woodsman","floor":25,"turns":6},{"damage":8,"enemies":"ruina:ServantOfWrath","floor":27,"turns":4},{"damage":27,"enemies":"ruina:KnightOfDespair","floor":28,"turns":4},{"damage":9,"enemies":"ruina:RoadHome","floor":29,"turns":4},{"damage":1,"enemies":"ruina:Ozma","floor":33,"turns":7},{"damage":0,"enemies":"3 Shapes","floor":35,"turns":5},{"damage":26,"enemies":"Orb Walker","floor":40,"turns":3},{"damage":18,"enemies":"4 Shapes","floor":41,"turns":2},{"damage":47,"enemies":"Nemesis","floor":43,"turns":7},{"damage":39,"enemies":"2 Orb Walkers","floor":46,"turns":5},{"damage":44,"enemies":"Giant Head","floor":49,"turns":1}],"seed_played":"-7897368365376328437","potions_obtained":[{"floor":1.0,"key":"Toxic Potion"},{"floor":2,"key":"Milkshake"},{"floor":11,"key":"SpeedPotion"},{"floor":11,"key":"blueLaboratory:HorrorPotion"},{"floor":12,"key":"Fruit Juice"},{"floor":16,"key":"blueLaboratory:BubblePotion"},{"floor":18,"key":"blueLaboratory:TrueEctoplasm"},{"floor":25,"key":"jedi:StrikingPotion"},{"floor":28,"key":"DistilledChaos"},{"floor":29,"key":"Block Potion"},{"floor":41,"key":"blueLaboratory:PolymorphPotion"},{"floor":46,"key":"blueLaboratory:FruitPunch"}],"is_trial":false,"path_per_floor":["M","M","?","M","M","E","R","E","T","R","E","M","E","$","R_BF","B",null,"M","?","?","T","M","E","R","M","T","E","M","E","?","?","R","B",null,"M","?","?","PTL","PTL","M","M","R","E","NS","T","?","?","R","E"],"character_chosen":"THE_ANIMATOR","items_purchased":["animator:Saitama","Grinning Jar","hubris:OldNail"],"campfire_rested":1,"item_purchase_floors":[14,14,14],"current_hp_per_floor":[65,65,49,43,35,24,24,1,1,21,13,23,27,27,27,27,82,82,94,87,87,87,59,59,51,51,63,65,82,82,66,66,66,66,66,66,66,66,66,54,62,62,44,44,44,39,39,39,0,0],"gold":842,"neow_bonus":"","is_daily":false,"chose_seed":false,"campfire_upgraded":5,"win_rate":0.0,"timestamp":1613912471,"path_taken":["M","?","?","M","M","E","R","E","T","R","E","M","E","$","R_BF","BOSS","M","?","?","?","M","E","R","?","T","E","M","E","?","?","R","BOSS","M","?","?","PTL","PTL","M","M","R","E","NS","T","?","?","R","E"],"items_purchased_type":["Card","Relic","Relic"],"build_version":"2020-12-22","purchased_purges":0,"victory":false,"max_hp_per_floor":[66,66,66,66,67,67,67,67,67,67,67,77,82,82,82,82,82,82,94,87,87,87,87,87,87,87,87,88,88,88,66,66,66,66,66,66,66,66,66,68,70,70,72,72,72,74,74,74,78,78],"card_choices":[{"not_picked":["animator:Kazuma","animator:Tatsumaki"],"picked":"animator:Layla","floor":1.0},{"not_picked":["animator:Scar","animator:Sloth","animator:PandorasActor"],"picked":"SKIP","floor":1.0},{"not_picked":["animator:Bozes","animator:Azekura","animator:Togame"],"picked":"SKIP","floor":2},{"not_picked":["hubris:InfiniteBlow","infinitespire:Execution"],"picked":"ReplayTheSpireMod:Book of Names","floor":3},{"not_picked":["animator:Shigure","animator:Assassin"],"picked":"animator:Darkness","floor":4},{"not_picked":["animator:ChaikaBohdan","animator:Layla"],"picked":"animator:AcuraTooru","floor":5},{"not_picked":["animator:HighElfArcher","animator:Shuna"],"picked":"animator:Berserker","floor":6},{"not_picked":["Yin","RedShoes"],"picked":"DespairKnight","floor":6},{"not_picked":["animator:Entoma","animator:TsurugaMeisai"],"picked":"animator:Shalltear","floor":8},{"not_picked":["GalaxyChild","UniverseFragment"],"picked":"OSAHOGD","floor":8},{"not_picked":["animator:Assassin","animator:Tet"],"picked":"animator:YachiyoNanami","floor":11},{"not_picked":["Scarecrow","LittlePrince"],"picked":"Mercenary","floor":11},{"not_picked":["Laetitia","CrumblingArmor"],"picked":"Woodsman","floor":12},{"not_picked":["BeautyBeast","WallGazer","MHz"],"picked":"Singing Bowl","floor":13},{"not_picked":["animator:Tet","animator:GuildGirl"],"picked":"animator:Emonzaemon","floor":13},{"not_picked":["animator:Saber","animator:ChaikaTrabant"],"picked":"animator:Biyorigo","floor":16},{"not_picked":["NakedNest","CrumblingArmor","SnowQueen"],"picked":"Singing Bowl","floor":18},{"not_picked":["SingingMachine","Bloodbath"],"picked":"CENSORED","floor":18},{"not_picked":["animator:Genos","animator:Nanami"],"picked":"animator:Viivi","floor":18},{"not_picked":["ruina:HomingInstinct","ruina:Harvest"],"picked":"ruina:BlindRage","floor":20},{"not_picked":["ShyLook","SpiderBud","BlackArmy"],"picked":"Singing Bowl","floor":22},{"not_picked":["animator:Hitei+1","animator:Millim","animator:Guy+1"],"picked":"SKIP","floor":22},{"not_picked":["Scorched","QueenOfHatred","CherryBlossoms"],"picked":"Singing Bowl","floor":23},{"not_picked":["animator:Gillette","animator:Fredrika"],"picked":"animator:Viivi","floor":23},{"not_picked":["Scorched","BeautyBeast","RedShoes"],"picked":"Singing Bowl","floor":25},{"not_picked":["animator:Mitsuba","animator:YaoHaDucy+1","animator:Chung"],"picked":"SKIP","floor":25},{"not_picked":["BigBadWolf","FairyFestival","MHz"],"picked":"Singing Bowl","floor":27},{"not_picked":["animator:Mitsuba","animator:Verdia","animator:FeridBathory"],"picked":"SKIP","floor":27},{"not_picked":["animator:Scar","animator:Verdia"],"picked":"animator:FeridBathory","floor":27},{"not_picked":["animator:YachiyoNanami","animator:YaoHaDucy"],"picked":"animator:Verdia","floor":28},{"not_picked":["LongBird","Bloodbath","Murderer"],"picked":"Singing Bowl","floor":29},{"not_picked":["animator:Eris","animator:PinaCoLada"],"picked":"animator:Biyorigo","floor":33},{"not_picked":["Bloodbath","HappyTeddy","FairyFestival"],"picked":"Singing Bowl","floor":33},{"not_picked":["Rudolta","HeroicMonk","Porccubus"],"picked":"Singing Bowl","floor":35},{"not_picked":["animator:Megumin","animator:KrulTepes"],"picked":"animator:WinryRockbell","floor":35},{"not_picked":["animator:Eris+1","animator:Sora+1"],"picked":"animator:Ainz+1","floor":37},{"not_picked":["SingingMachine","BlackSwan","Bloodbath"],"picked":"Singing Bowl","floor":40},{"not_picked":["animator:Verdia+1","animator:MetalKnight+1","animator:Fredrika+1"],"picked":"SKIP","floor":40},{"not_picked":["animator:ZankiKiguchi+1","animator:Elsword"],"picked":"animator:GazelDwargon+1","floor":41},{"not_picked":["LongBird","BigBird","Bloodbath"],"picked":"Singing Bowl","floor":41},{"not_picked":["Variant","FieryBird","RedShoes"],"picked":"Singing Bowl","floor":43},{"not_picked":["animator:Guy","animator:ChaikaBohdan"],"picked":"animator:Viivi","floor":43},{"not_picked":["PunishingBird","SingingMachine","HeroicMonk"],"picked":"Singing Bowl","floor":46},{"not_picked":["animator:Genos","animator:Viivi+1"],"picked":"animator:Azekura+1","floor":46}],"player_experience":569424,"relics_obtained":[{"floor":1.0,"key":"LetterFromLob"},{"floor":6,"key":"aspiration:Lifesprig"},{"floor":8,"key":"Bag of Preparation"},{"floor":9,"key":"infinitespire:EmpoweringShard"},{"floor":11,"key":"Turnip"},{"floor":13,"key":"CCEMRelics:DissonantTune"},{"floor":23,"key":"Dream Catcher"},{"floor":26,"key":"Letter Opener"},{"floor":27,"key":"CCEMRelics:FakeTeeth"},{"floor":29,"key":"Ice Cream"},{"floor":35,"key":"AtMidnight"},{"floor":43,"key":"Replay:Rubber Ducky"},{"floor":43,"key":"CCEMRelics:FiftyFTOfRope"},{"floor":45,"key":"jedi:cryingmask"},{"floor":46,"key":"animator:EngravedStaff"}],"event_choices":[{"damage_healed":0,"gold_gain":0,"player_choice":"Leave","damage_taken":0,"max_hp_gain":0,"max_hp_loss":0,"event_name":"conspire:Investor","floor":36,"gold_loss":0},{"damage_healed":0,"gold_gain":0,"player_choice":"2","damage_taken":0,"max_hp_gain":0,"max_hp_loss":0,"event_name":"betterMatch:BetterMatch","floor":37,"gold_loss":0,"cards_obtained":["betterMatch:RareCard","betterMatch:CommonCard"]},{"damage_healed":0,"gold_gain":0,"player_choice":"Fight","damage_taken":0,"max_hp_gain":0,"max_hp_loss":0,"event_name":"Mysterious Sphere","floor":46,"gold_loss":0},{"damage_healed":0,"gold_gain":0,"player_choice":"Ignored","damage_taken":0,"max_hp_gain":0,"max_hp_loss":0,"event_name":"Tomb of Lord Red Mask","floor":47,"gold_loss":0}],"is_beta":false,"boss_relics":[{"not_picked":["halation:Yufonium","halation:CatFaceCupcake"],"picked":"Runic Dome"},{"not_picked":["aspiration:IroncladSkillbook","CCEMRelics:GreenEgg"],"picked":"energizedSpire:MagnifyingGlass"}],"items_purged_floors":[],"is_endless":false,"potions_floor_spawned":[1,2,11,12,16,18,25,28,29,41,46],"killed_by":"Giant Head","ascension_level":1}}