{"host":"ufhw4cf0hh51lveu","time":1613880649,"event":{"mods":["BaseMod","DeckTracker","Lobotomy","Minty Spire (QoL Compilation)","SuperFastMode"],"gold_per_floor":[113,188,188,201,211,11,26,26,49,49,49,64,64,82,82,180,180,200,215,215,215,234,234,253,34,84,50,50,25,31,31,31,127,127,106,99,90,90,108,108,8,8,81,82,82,82],"floor_reached":45,"language":"KOR","playtime":1688,"items_purged":["Strike_B+1","Parasite"],"score":459,"play_id":"ec86adb3-6be2-45f1-83aa-23052f576082","local_time":"20210221131049","is_ascension_mode":false,"campfire_choices":[{"data":"Defragment","floor":8,"key":"SMITH"},{"data":"Dualcast","floor":11,"key":"SMITH"},{"data":"Cold Snap","floor":13,"key":"SMITH"},{"data":"Coolheaded","floor":15,"key":"SMITH"},{"data":"Electrodynamics","floor":23,"key":"SMITH"},{"data":"Defragment","floor":32,"key":"SMITH"},{"data":"Defragment","floor":40,"key":"SMITH"},{"data":"Redo","floor":42,"key":"SMITH"}],"circlet_count":0,"master_deck":["Strike_B+1","Strike_B+1","Defend_B+1","Defend_B+1","Defend_B+1","Defend_B+1","Zap+1","Dualcast+1","OldLady","Gash","Ball Lightning","ShyLook","Defragment+1","Cold Snap+1","Cold Snap","UniverseFragment","Sweeping Beam","CherryBlossoms","Coolheaded+1","VoidDream","Electrodynamics+1","Wellcheers","Sweeping Beam","Streamline","Freischutz","Auto Shields+1","Defragment+1","Ghostly","Ghostly","Ghostly","Ghostly","Ghostly","Auto Shields","LongBird","Redo+1","Aggregate+1","OSAHOGD","Defragment+1"],"relics":["FrozenCore","CogitoBucket","RabbitCall","MealTicket","Happy Flower","CultistMask","Juzu Bracelet","War Paint","Empty Cage","Pantograph"],"acts_visited":["Exordium","TheCity","TheBeyond"],"potions_floor_usage":[14,14,16,19,24,30,35,39,45],"damage_taken":[{"damage":1,"enemies":"Cultist","floor":1,"turns":3},{"damage":2,"enemies":"2 Louse","floor":4,"turns":2},{"damage":5,"enemies":"Small Slimes","floor":5,"turns":3},{"damage":9,"enemies":"2 Fungi Beasts","floor":7,"turns":3},{"damage":1,"enemies":"Lots of Slimes","floor":12,"turns":4},{"damage":1,"enemies":"Exordium Thugs","floor":14,"turns":4},{"damage":24,"enemies":"Hexaghost","floor":16,"turns":9},{"damage":7,"enemies":"3 Byrds","floor":18,"turns":5},{"damage":0,"enemies":"Spheric Guardian","floor":19,"turns":4},{"damage":0,"enemies":"Cultist and Chosen","floor":22,"turns":5},{"damage":66,"enemies":"Centurion and Healer","floor":24,"turns":7},{"damage":0,"enemies":"Sentry and Sphere","floor":29,"turns":5},{"damage":0,"enemies":"Cultist and Chosen","floor":30,"turns":6},{"damage":23,"enemies":"Automaton","floor":33,"turns":10},{"damage":14,"enemies":"3 Darklings","floor":35,"turns":5},{"damage":9,"enemies":"Orb Walker","floor":36,"turns":7},{"damage":0,"enemies":"Writhing Mass","floor":37,"turns":7},{"damage":0,"enemies":"Maw","floor":39,"turns":8},{"damage":3,"enemies":"Spire Growth","floor":44,"turns":8},{"damage":44,"enemies":"Nemesis","floor":45,"turns":9}],"seed_played":"-1089215324408061035","potions_obtained":[{"floor":4,"key":"Energy Potion"},{"floor":5,"key":"SteroidPotion"},{"floor":7,"key":"Swift Potion"},{"floor":18,"key":"Swift Potion"},{"floor":19,"key":"Ancient Potion"},{"floor":22,"key":"Dexterity Potion"},{"floor":30,"key":"SpeedPotion"},{"floor":37,"key":"PowerPotion"},{"floor":44,"key":"Explosive Potion"}],"is_trial":false,"path_per_floor":["M","?","?","M","M","$","M","R","T","?","R","M","R","M","R","B",null,"M","M","?","?","M","R","M","$","T","$","?","M","M","?","R","B",null,"M","M","M","?","M","R","$","R","T","M","E"],"character_chosen":"DEFECT","items_purchased":["MealTicket","Cold Snap","Juzu Bracelet","Defragment"],"campfire_rested":0,"item_purchase_floors":[6,6,25,27],"current_hp_per_floor":[74,63,75,73,68,68,59,59,59,59,59,58,58,57,57,33,75,68,68,68,68,68,68,8,23,23,38,37,37,37,33,33,13,42,28,22,25,25,28,28,39,39,39,36,0,0],"gold":82,"neow_bonus":"","is_daily":false,"chose_seed":false,"campfire_upgraded":8,"win_rate":0.0,"timestamp":1613880649,"path_taken":["M","?","?","M","M","$","M","R","T","?","R","M","R","M","R","BOSS","M","M","?","?","?","R","M","$","T","$","?","M","M","?","R","BOSS","M","M","M","?","M","R","$","R","T","M","E"],"items_purchased_type":["Relic","Card","Relic","Card"],"build_version":"2020-12-22","purchased_purges":2,"victory":false,"max_hp_per_floor":[75,75,75,75,75,75,75,75,75,75,75,75,75,75,75,75,75,75,75,75,75,75,75,75,75,75,75,37,37,37,42,42,42,42,42,42,42,42,42,42,39,39,39,39,39,39],"card_choices":[{"not_picked":["VoidDream","BeautyBeast"],"picked":"OldLady","floor":1},{"not_picked":["Steam","Fusion"],"picked":"Gash","floor":1},{"not_picked":["BlackSwan","GreedKing"],"picked":"Alriune","floor":4},{"not_picked":["Leap","Heatsinks"],"picked":"Ball Lightning","floor":4},{"not_picked":["Porccubus","UniverseFragment"],"picked":"ShyLook","floor":5},{"not_picked":["Reinforced Body","Loop"],"picked":"Defragment","floor":5},{"not_picked":["Core Surge","Beam Cell"],"picked":"Cold Snap","floor":7},{"not_picked":["BigBadWolf","CherryBlossoms"],"picked":"UniverseFragment","floor":12},{"not_picked":["Turbo","Conserve Battery"],"picked":"Sweeping Beam","floor":12},{"not_picked":["HeroicMonk","BlueStar"],"picked":"CherryBlossoms","floor":14},{"not_picked":["White Noise","Undo"],"picked":"Coolheaded","floor":14},{"not_picked":["Scarecrow","FieryBird","WallGazer"],"picked":"Singing Bowl","floor":16},{"not_picked":["Rudolta","DespairKnight"],"picked":"VoidDream","floor":16},{"not_picked":["Amplify","Fission"],"picked":"Electrodynamics","floor":16},{"not_picked":["Stack","Barrage","White Noise"],"picked":"SKIP","floor":18},{"not_picked":["FairyFestival","Murderer"],"picked":"Wellcheers","floor":19},{"not_picked":["Hello World","Conserve Battery"],"picked":"Sweeping Beam","floor":19},{"not_picked":["Chill+1","Static Discharge"],"picked":"Streamline","floor":22},{"not_picked":["Rudolta","BigBadWolf"],"picked":"Freischutz","floor":24},{"not_picked":["Turbo","Reprogram+1"],"picked":"Auto Shields+1","floor":24},{"not_picked":["Meteor Strike","Doom and Gloom"],"picked":"Auto Shields","floor":29},{"not_picked":["Steam","Barrage","White Noise"],"picked":"SKIP","floor":30},{"not_picked":["LittlePrince","HappyTeddy","BodiesMountain"],"picked":"Singing Bowl","floor":33},{"not_picked":["OSAHOGD","Laetitia"],"picked":"LongBird","floor":35},{"not_picked":["Rebound+1","Gash"],"picked":"Redo","floor":35},{"not_picked":["GalaxyChild","BigBird","Mercenary"],"picked":"Singing Bowl","floor":36},{"not_picked":["Sweeping Beam","Steam+1"],"picked":"Aggregate+1","floor":36},{"not_picked":["SingingMachine","Murderer"],"picked":"OSAHOGD","floor":37},{"not_picked":["Sweeping Beam+1","Electrodynamics","Compile Driver"],"picked":"SKIP","floor":37},{"not_picked":["FieryBird","Funeral","PunishingBird"],"picked":"Singing Bowl","floor":39},{"not_picked":["Turbo","Coolheaded"],"picked":"Defragment","floor":39},{"not_picked":["Woodsman","HeroicMonk","Laetitia"],"picked":"Singing Bowl","floor":44},{"not_picked":["Steam","Sweeping Beam","Beam Cell"],"picked":"SKIP","floor":44}],"player_experience":68087,"relics_obtained":[{"floor":9,"key":"Happy Flower"},{"floor":26,"key":"War Paint"},{"floor":43,"key":"Pantograph"}],"event_choices":[{"damage_healed":0,"gold_gain":75,"player_choice":"Gather Gold","damage_taken":11,"max_hp_gain":0,"max_hp_loss":0,"event_name":"World of Goop","floor":2,"gold_loss":0},{"damage_healed":25,"gold_gain":0,"player_choice":"Banana","damage_taken":0,"max_hp_gain":0,"max_hp_loss":0,"event_name":"Big Fish","floor":3,"gold_loss":0},{"damage_healed":0,"gold_gain":0,"player_choice":"Trade","damage_taken":0,"relics_obtained":["CultistMask"],"max_hp_gain":0,"max_hp_loss":0,"event_name":"FaceTrader","floor":10,"gold_loss":0},{"damage_healed":0,"gold_gain":0,"player_choice":"Simplicity","damage_taken":0,"max_hp_gain":0,"max_hp_loss":0,"event_name":"Back to Basics","floor":20,"gold_loss":0,"cards_upgraded":["Strike_B","Strike_B","Strike_B","Strike_B","Defend_B","Defend_B","Defend_B","Defend_B"]},{"damage_healed":0,"gold_gain":0,"player_choice":"0 cards matched","damage_taken":0,"max_hp_gain":0,"max_hp_loss":0,"event_name":"Match and Keep!","floor":21,"gold_loss":0,"cards_obtained":[]},{"damage_healed":0,"gold_gain":0,"player_choice":"Became a Ghost","damage_taken":0,"max_hp_gain":0,"max_hp_loss":38,"event_name":"Ghosts","floor":28,"gold_loss":0,"cards_obtained":["Ghostly","Ghostly","Ghostly","Ghostly","Ghostly"]},{"damage_healed":0,"gold_gain":0,"player_choice":"Shed Blood","damage_taken":9,"max_hp_gain":5,"max_hp_loss":0,"event_name":"Forgotten Altar","floor":31,"gold_loss":0},{"damage_healed":0,"gold_gain":0,"player_choice":"Ignored","damage_taken":0,"max_hp_gain":0,"max_hp_loss":0,"event_name":"SecretPortal","floor":38,"gold_loss":0}],"is_beta":false,"boss_relics":[{"not_picked":["Coffee Dripper","Runic Pyramid"],"picked":"FrozenCore"},{"not_picked":["Cursed Key","Fusion Hammer"],"picked":"Empty Cage"}],"items_purged_floors":[25,41],"is_endless":false,"potions_floor_spawned":[4,5,7,18,19,22,30,37,44],"killed_by":"Nemesis","ascension_level":0}}