{"host":"gop1q6bv59twswbp","time":1613876109,"event":{"mods":["AlwaysNeverKeys","BaseMod","Downfall","Hermit","Minty Spire (QoL Compilation)","Permanent Neow","Rare Cards Sparkle","StSLib","The Cursed"],"gold_per_floor":[0,12,28,128,41,41,93,106,106,120,20,39,39,71,81,177,177,77,90,24,24,34,34,85,85,119,19,30,48,65,98,112,217,217,217,227,243,236,254,254,254,282,292,342,342,374,374,374,386,386,386,411,90,90,90,90],"floor_reached":57,"language":"ENG","playtime":5890,"items_purged":[],"score":1329,"play_id":"cfc612e4-1797-4d07-a3ac-ec8e66f815a7","local_time":"20210220215509","is_ascension_mode":false,"campfire_choices":[{"data":"Guardian:Suspension","floor":1,"key":"SMITH"},{"data":"Guardian:FierceBash","floor":11,"key":"SMITH"},{"data":"Guardian:PiercingHide","floor":13,"key":"SMITH"},{"data":"Guardian:Orbwalk","floor":18,"key":"SMITH"},{"data":"Guardian:RevengeProtocol","floor":23,"key":"SMITH"},{"data":"Guardian:CompilePackage","floor":27,"key":"SMITH"},{"data":"Guardian:FastForward","floor":35,"key":"SMITH"},{"data":"Guardian:BodySlam","floor":40,"key":"SMITH"},{"data":"Guardian:BronzeArmor","floor":45,"key":"SMITH"},{"data":"Guardian:PrimingBeam","floor":47,"key":"SMITH"},{"floor":54,"key":"REST"}],"circlet_count":0,"master_deck":["Guardian:Strike_Guardian","Guardian:Strike_Guardian","Guardian:Strike_Guardian","Guardian:Defend_Guardian","Guardian:Defend_Guardian","Guardian:CurlUp","Guardian:TwinSlam","Guardian:Suspension+1","Guardian:Reroute","Guardian:ShieldCharger","Guardian:TimeBomb","Guardian:Orbwalk+1","Guardian:FierceBash+1","Guardian:Incinerate","Guardian:PiercingHide+1","Guardian:BodySlam+1","Guardian:RevengeProtocol+1","Guardian:TemporalShield+1","Guardian:TemporalStrike","Guardian:CompilePackage+1","Guardian:BronzeOrb","Guardian:ChargeUp+1","Guardian:BronzeArmor+1","Guardian:FastForward+1","Guardian:ChargeCore+1","Guardian:PrimingBeam+1","downfall:Aged","Guardian:Incinerate","Parasite","Guardian:PrimingBeam+1"],"relics":["Guardian:ModeShifter","Boot","downfall:HeartBlessingGreen","sneckomod:BlankCard","sneckomod:SneckoTalon","downfall:HeartBlessingRed","Potion Belt","Gremlin Horn","downfall:HeartBlessingBlue","Shuriken","Cursed Key","Vajra","TheAbacus","Smiling Mask","Pen Nib","FossilizedHelix","Bag of Preparation","Akabeko","Guardian:DefensiveModeMoreBlock"],"acts_visited":["TheCity","TheBeyond","TheEnding"],"potions_floor_usage":[10,15,26,26,26,26,26,26,26,32,38,38,38,52,52,55,56,56,56],"damage_taken":[{"damage":1,"enemies":"Cultist","floor":2,"turns":3},{"damage":6,"enemies":"Jaw Worm","floor":3,"turns":3},{"damage":0,"enemies":"downfall:FleeingMerchant","floor":5,"turns":4},{"damage":0,"enemies":"Small Slimes","floor":8,"turns":3},{"damage":12,"enemies":"Gremlin Gang","floor":10,"turns":3},{"damage":0,"enemies":"Large Slime","floor":12,"turns":4},{"damage":0,"enemies":"3 Sentries","floor":14,"turns":5},{"damage":0,"enemies":"Red Slaver","floor":15,"turns":1},{"damage":15,"enemies":"IC_STATUS_ARCHETYPE","floor":16,"turns":8},{"damage":0,"enemies":"Spheric Guardian","floor":19,"turns":2},{"damage":0,"enemies":"downfall:FleeingMerchant","floor":20,"turns":4},{"damage":12,"enemies":"Shell Parasite","floor":22,"turns":5},{"damage":0,"enemies":"Book of Stabbing","floor":26,"turns":5},{"damage":0,"enemies":"Snake Plant","floor":28,"turns":3},{"damage":6,"enemies":"3 Cultists","floor":29,"turns":4},{"damage":0,"enemies":"Chosen and Byrds","floor":30,"turns":4},{"damage":0,"enemies":"Gremlin Leader","floor":31,"turns":6},{"damage":18,"enemies":"Cultist and Chosen","floor":32,"turns":5},{"damage":14,"enemies":"DF_ARCHETYPE_CLAW","floor":33,"turns":6},{"damage":0,"enemies":"3 Darklings","floor":36,"turns":5},{"damage":0,"enemies":"Orb Walker","floor":37,"turns":4},{"damage":0,"enemies":"downfall:FleeingMerchant","floor":38,"turns":4},{"damage":3,"enemies":"4 Shapes","floor":39,"turns":3},{"damage":7,"enemies":"Giant Head","floor":42,"turns":6},{"damage":0,"enemies":"Writhing Mass","floor":43,"turns":4},{"damage":15,"enemies":"Writhing Mass","floor":44,"turns":5},{"damage":0,"enemies":"Reptomancer","floor":46,"turns":4},{"damage":0,"enemies":"Spire Growth","floor":49,"turns":3},{"damage":37,"enemies":"WA_ARCHETYPE_DIVINITY","floor":50,"turns":11},{"damage":38,"enemies":"downfall:CharBossMerchant","floor":52,"turns":7},{"damage":29,"enemies":"downfall:NeowBoss","floor":55,"turns":13},{"damage":24,"enemies":"downfall:NeowBossFinal","floor":56,"turns":8}],"seed_played":"6930306699701800150","potions_obtained":[{"floor":8,"key":"AttackPotion"},{"floor":9,"key":"PowerPotion"},{"floor":9,"key":"EntropicBrew"},{"floor":12,"key":"Fire Potion"},{"floor":22,"key":"SpeedPotion"},{"floor":30,"key":"Guardian:StasisDiscoveryPotion"},{"floor":31,"key":"Ancient Potion"},{"floor":33,"key":"SneckoOil"},{"floor":36,"key":"sneckomod:MuddlingPotion"},{"floor":37,"key":"Energy Potion"},{"floor":39,"key":"ColorlessPotion"},{"floor":43,"key":"Dexterity Potion"}],"is_trial":false,"path_per_floor":["R","M","M","?","$","?","T","M","?","M","R","M","R","E","M","B",null,"R","M","$","?","M","R","T","?","E","R","M","M","M","E","M","B",null,"R","M","M","$","M","R","T","E","M","?","R","E","R","?","M","B",null,"E","$","R","B","B",null],"character_chosen":"GUARDIAN","items_purchased":["Guardian:Gem_Yellow","Guardian:TemporalStrike","Guardian:Gem_Yellow","Vajra","TheAbacus","Guardian:DefensiveModeMoreBlock","Dexterity Potion","Ancient Potion","Weak Potion"],"campfire_rested":1,"item_purchase_floors":[5,20,38,38,38,53,53,53,53],"current_hp_per_floor":[80,79,73,73,73,73,73,73,73,61,61,61,61,61,61,46,80,80,80,80,80,68,68,68,68,68,78,78,72,72,72,54,40,90,90,90,90,90,87,87,87,80,80,65,65,65,65,65,65,28,90,52,52,79,50,26],"gold":90,"neow_bonus":"TRANSFORM_TWO_CARDS","is_daily":false,"chose_seed":false,"campfire_upgraded":10,"win_rate":0.0,"timestamp":1613876109,"path_taken":["R","M","M","?","?","?","T","?","?","M","R","M","R","E","M","BOSS","R","M","?","?","M","R","T","?","E","R","M","M","?","E","M","BOSS","R","M","M","$","M","R","T","E","M","?","R","E","R","?","M","BOSS","E","$","R","BOSS","BOSS"],"items_purchased_type":["Card","Card","Card","Relic","Relic","Relic","Potion","Potion","Potion"],"build_version":"2020-12-22","purchased_purges":0,"victory":true,"max_hp_per_floor":[80,80,80,80,80,80,80,80,80,80,80,80,80,80,80,80,80,80,80,80,80,80,80,80,80,80,90,90,90,90,90,90,90,90,90,90,90,90,90,90,90,90,90,90,90,90,90,90,90,90,90,90,90,90,90,90],"card_choices":[{"not_picked":["Guardian:CrystalBeam","Guardian:Repulse"],"picked":"Guardian:ShieldCharger","floor":2},{"not_picked":["Guardian:Emergency","Guardian:RefractedBeam"],"picked":"Guardian:TimeBomb","floor":3},{"not_picked":["Guardian:Gem_Green","Guardian:PrismaticBeam"],"picked":"Guardian:Orbwalk","floor":5},{"not_picked":["Guardian:Gem_Red","Guardian:PiercingHide"],"picked":"Guardian:FierceBash","floor":8},{"not_picked":["Guardian:Reroute","Guardian:BodySlam"],"picked":"Guardian:Incinerate","floor":10},{"not_picked":["Guardian:Reroute","Guardian:GuardianWhirl"],"picked":"Guardian:PiercingHide","floor":12},{"not_picked":["Guardian:GatlingBeam","Guardian:Gem_Fragmented"],"picked":"Guardian:BodySlam","floor":14},{"not_picked":["Guardian:VentSteam","Guardian:Gem_Crimson"],"picked":"Guardian:Gem_White","floor":15},{"not_picked":["Guardian:GemFire","Guardian:ConstructionForm"],"picked":"Guardian:RevengeProtocol","floor":16},{"not_picked":["Guardian:Gem_Lightblue","Guardian:Suspension"],"picked":"Guardian:TemporalShield+1","floor":19},{"not_picked":["Guardian:ShieldSpikes","Guardian:Suspension+1"],"picked":"Guardian:Gem_Cyan","floor":20},{"not_picked":["Guardian:Gem_Fragmented","Guardian:PrismaticBeam","Guardian:ChargeCore+1"],"picked":"SKIP","floor":22},{"not_picked":["Guardian:TimeBomb","Guardian:GemFire"],"picked":"Guardian:CompilePackage","floor":26},{"not_picked":["Guardian:PrismaticBeam","Guardian:Gem_Red"],"picked":"Guardian:BronzeOrb","floor":28},{"not_picked":["Guardian:PiercingHide","Guardian:CrystalBeam","Guardian:Reroute+1"],"picked":"SKIP","floor":29},{"not_picked":["Guardian:Reroute+1","Guardian:ChargeCore"],"picked":"Guardian:ChargeUp+1","floor":30},{"not_picked":["Guardian:TemporalShield+1","Guardian:SentryBeam"],"picked":"Guardian:Gem_Green","floor":31},{"not_picked":["Guardian:ShieldSpikes","Guardian:Gem_Green"],"picked":"Guardian:BronzeArmor","floor":32},{"not_picked":["Guardian:ExploitGems","Guardian:SphericShield"],"picked":"Guardian:FastForward","floor":33},{"not_picked":["Guardian:PiercingHide","Guardian:CrystalBeam"],"picked":"Guardian:ChargeCore+1","floor":36},{"not_picked":["Guardian:Gem_Green","Guardian:TemporalStrike"],"picked":"Guardian:Gem_Yellow","floor":37},{"not_picked":["Guardian:DecasProtection+1","Guardian:Gem_Lightblue"],"picked":"Guardian:PrimingBeam+1","floor":38},{"not_picked":["Guardian:PiercingHide+1","Guardian:RefractedBeam+1"],"picked":"Guardian:GemFinder","floor":39},{"not_picked":["Guardian:Gem_Green","Guardian:Gem_Lightblue"],"picked":"Guardian:Gem_Cyan","floor":42},{"not_picked":["Guardian:ShieldCharger","Guardian:Gem_Lightblue"],"picked":"Guardian:Incinerate","floor":42},{"not_picked":["Guardian:Gem_Green","Guardian:Gem_Red"],"picked":"Guardian:Gem_Cyan","floor":43},{"not_picked":["Guardian:Gem_Green","Guardian:Gem_Lightblue"],"picked":"Guardian:Gem_Cyan","floor":43},{"not_picked":["Guardian:SpikerProtocol+1","Guardian:Suspension","Guardian:Preprogram+1"],"picked":"SKIP","floor":43},{"not_picked":["Guardian:Gem_Purple","Guardian:Gem_Orange"],"picked":"Guardian:PrimingBeam","floor":46},{"not_picked":["Guardian:BronzeArmor","Guardian:Incinerate","Guardian:Gem_Green"],"picked":"SKIP","floor":49},{"not_picked":["Guardian:CrystalBeam","Guardian:ShieldCharger"],"picked":"Guardian:Gem_Red","floor":52}],"player_experience":960770,"relics_obtained":[{"floor":7,"key":"Boot"},{"floor":14,"key":"sneckomod:BlankCard"},{"floor":24,"key":"Potion Belt"},{"floor":26,"key":"Gremlin Horn"},{"floor":31,"key":"Shuriken"},{"floor":41,"key":"Smiling Mask"},{"floor":42,"key":"Pen Nib"},{"floor":44,"key":"FossilizedHelix"},{"floor":46,"key":"Bag of Preparation"},{"floor":52,"key":"Akabeko"}],"event_choices":[{"cards_removed":["Guardian:Defend_Guardian"],"damage_healed":0,"gold_gain":0,"player_choice":"Offered Basic","damage_taken":0,"max_hp_gain":0,"max_hp_loss":0,"event_name":"Bonfire Elementals","floor":6,"gold_loss":0},{"damage_healed":0,"gold_gain":0,"player_choice":"Got Potions","damage_taken":0,"max_hp_gain":0,"max_hp_loss":0,"event_name":"Lab","floor":9,"gold_loss":0},{"damage_healed":0,"gold_gain":0,"player_choice":"Leave","damage_taken":0,"max_hp_gain":0,"max_hp_loss":0,"event_name":"FaceTrader","floor":25,"gold_loss":0},{"cards_removed":["Guardian:GemFinder"],"damage_healed":0,"gold_gain":0,"player_choice":"Removed Power","damage_taken":0,"max_hp_gain":0,"max_hp_loss":0,"event_name":"Falling","floor":48,"gold_loss":0}],"is_beta":false,"boss_relics":[{"not_picked":["Black Star","Guardian:StasisSlotReductionRelic"],"picked":"sneckomod:SneckoTalon"},{"not_picked":["bronze:MakeshiftBattery","SlaversCollar"],"picked":"Cursed Key"}],"items_purged_floors":[],"is_endless":false,"potions_floor_spawned":[8,12,14,22,30,31,33,36,37,39,43],"ascension_level":0}}