{"host":"py7qdianp3jrm8dm","time":1613924150,"event":{"mods":["AchievementEnabler","BaseMod","Bestiary","Downfall","Highlight Path","Minty Spire (QoL Compilation)","StSLib"],"gold_per_floor":[109,129,154,1,1,1,31,31,82,82,21,57,29,53,53,158,158,177,21,49,17,45,45,45],"floor_reached":23,"language":"ENG","playtime":1040,"items_purged":[],"score":340,"play_id":"3af6a8ed-9156-4010-b590-166f13e87534","local_time":"20210221161550","is_ascension_mode":true,"campfire_choices":[{"data":"Prostrate","floor":8,"key":"SMITH"},{"data":"Prostrate","floor":10,"key":"SMITH"},{"data":"Perseverance","floor":15,"key":"SMITH"}],"circlet_count":0,"master_deck":["Strike_P","Strike_P","Strike_P","Defend_P","Defend_P","Defend_P","Defend_P","Eruption","Vigilance","Prostrate+1","Evaluate","Prostrate+1","CutThroughFate","Evaluate","CutThroughFate","Perseverance+1","Consecrate","Ragnarok","Prostrate","WaveOfTheHand","Evaluate","Nirvana","FollowUp"],"relics":["PureWater","NeowsBlessing","Regal Pillow","Anchor","Gremlin Horn","CeramicFish","Mercury Hourglass","Philosopher\u0027s Stone","Membership Card"],"acts_visited":["Exordium","TheCity"],"potions_floor_usage":[23,23],"damage_taken":[{"damage":0,"enemies":"Cultist","floor":1,"turns":1},{"damage":0,"enemies":"Small Slimes","floor":2,"turns":1},{"damage":0,"enemies":"Gremlin Nob","floor":7,"turns":1},{"damage":29,"enemies":"3 Sentries","floor":12,"turns":13},{"damage":0,"enemies":"2 Louse","floor":14,"turns":2},{"damage":0,"enemies":"Slime Boss","floor":16,"turns":6},{"damage":22,"enemies":"Chosen","floor":18,"turns":5},{"damage":0,"enemies":"Shell Parasite","floor":20,"turns":3},{"damage":16,"enemies":"Snecko","floor":22,"turns":4},{"damage":72,"enemies":"Book of Stabbing","floor":23,"turns":6}],"seed_played":"1832482302454698971","potions_obtained":[{"floor":1,"key":"FairyPotion"},{"floor":7,"key":"LiquidBronze"},{"floor":12,"key":"Regen Potion"},{"floor":14,"key":"Weak Potion"},{"floor":22,"key":"FearPotion"}],"is_trial":false,"path_per_floor":["M","M","T","$","?","?","E","R","T","R","$","E","$","M","R","B",null,"M","$","M","$","M","E"],"character_chosen":"WATCHER","items_purchased":["Anchor","CutThroughFate","Evaluate","Perseverance","Membership Card","WaveOfTheHand","Nirvana"],"campfire_rested":0,"item_purchase_floors":[4,11,11,13,19,19,21],"current_hp_per_floor":[72,72,72,72,77,70,70,70,70,70,70,41,41,41,41,41,68,46,46,46,46,30,0,0],"gold":45,"neow_bonus":"THREE_ENEMY_KILL","is_daily":false,"chose_seed":false,"campfire_upgraded":3,"win_rate":0.0,"timestamp":1613924150,"path_taken":["M","M","?","$","?","?","E","R","T","R","$","E","?","?","R","BOSS","M","$","M","$","M","E"],"items_purchased_type":["Relic","Card","Card","Card","Relic","Card","Card"],"build_version":"2020-12-22","purchased_purges":0,"victory":false,"max_hp_per_floor":[72,72,72,72,77,77,77,77,77,77,77,77,77,77,77,77,77,77,77,77,77,77,77,77],"card_choices":[{"not_picked":["EmptyBody","Weave"],"picked":"Prostrate","floor":1},{"not_picked":["Indignation","Wallop"],"picked":"Evaluate","floor":2},{"not_picked":["Judgement","WindmillStrike"],"picked":"Prostrate","floor":7},{"not_picked":["Weave","EmptyBody"],"picked":"CutThroughFate","floor":12},{"not_picked":["Swivel","SashWhip"],"picked":"Consecrate","floor":14},{"not_picked":["SpiritShield","Wish"],"picked":"Ragnarok","floor":16},{"not_picked":["Protect","FollowUp"],"picked":"Prostrate","floor":18},{"not_picked":["SignatureMove","Vengeance"],"picked":"Evaluate","floor":20},{"not_picked":["ClearTheMind","SashWhip"],"picked":"FollowUp","floor":22}],"player_experience":639455,"relics_obtained":[{"floor":3,"key":"Regal Pillow"},{"floor":7,"key":"Gremlin Horn"},{"floor":9,"key":"CeramicFish"},{"floor":12,"key":"Mercury Hourglass"}],"event_choices":[{"damage_healed":0,"gold_gain":0,"player_choice":"Donut","damage_taken":0,"max_hp_gain":5,"max_hp_loss":0,"event_name":"Big Fish","floor":5,"gold_loss":0},{"cards_removed":["Strike_P"],"damage_healed":0,"gold_gain":0,"player_choice":"Card Removal","damage_taken":7,"max_hp_gain":0,"max_hp_loss":0,"event_name":"Golden Wing","floor":6,"gold_loss":0}],"is_beta":false,"boss_relics":[{"not_picked":["Tiny House","Empty Cage"],"picked":"Philosopher\u0027s Stone"}],"items_purged_floors":[],"is_endless":false,"potions_floor_spawned":[1,7,12,14,20,22],"killed_by":"Book of Stabbing","ascension_level":5}}