{"host":"v0dnu0zs4qo0v13s","time":1613933941,"event":{"mods":["BaseMod","Colored Map","Colored Powertips","Minty Spire (QoL Compilation)","Relic Stats","StSLib","SuperFastMode","everything is the same but u backflip on backflip"],"gold_per_floor":[115,115,129,4,14,14,46,46,46,46,46,71,84,101,101,203,203,223,223,42,42,61,61,105,134,134,158,158,184,218,13,13,124,124,152,198,226,39,59,59,118,154,178,198,237,26,26,0,0,0],"floor_reached":51,"language":"ENG","playtime":4310,"items_purged":["Strike_G+1","Defend_G+1"],"score":951,"play_id":"8fbc2e7f-b110-42ec-8944-d4810a8c7b2c","local_time":"20210221135901","is_ascension_mode":true,"campfire_choices":[{"floor":6.0,"key":"REST"},{"data":"Corpse Explosion","floor":8.0,"key":"SMITH"},{"data":"Noxious Fumes","floor":11.0,"key":"SMITH"},{"floor":15.0,"key":"REST"},{"data":"Envenom","floor":23.0,"key":"SMITH"},{"data":"Adrenaline","floor":28.0,"key":"SMITH"},{"data":"Ghostly","floor":32.0,"key":"SMITH"},{"floor":40,"key":"REST"},{"data":"Ghostly","floor":47,"key":"SMITH"},{"data":"Ghostly","floor":49,"key":"SMITH"}],"circlet_count":0,"master_deck":["Strike_G+1","Strike_G+1","Strike_G+1","Strike_G+1","Defend_G+1","Defend_G+1","Defend_G+1","Defend_G+1","Survivor","Neutralize","Outmaneuver+1","Dagger Spray","Corpse Explosion+1","Noxious Fumes+1","PiercingWail","Regret","Adrenaline+1","Concentrate","Envenom+1","Terror","Concentrate","Ghostly+1","Ghostly+1","Ghostly+1","Ghostly","Ghostly","Eviscerate","Accuracy","Cloak And Dagger","Phantasmal Killer","Quick Slash+1","Reflex+1","Predator","Footwork","Burst","Riddle With Holes","Dash+1","After Image","Blade Dance","Caltrops","Poisoned Stab+1","Backstab+1","Dagger Throw","Noxious Fumes","Infinite Blades","Acrobatics"],"relics":["Runic Pyramid","Question Card","Pantograph","Bag of Marbles","Strawberry","SlaversCollar","Anchor","CeramicFish","Bird Faced Urn","The Specimen","Philosopher\u0027s Stone","Mango","Du-Vu Doll","Snake Skull","Red Mask"],"acts_visited":["Exordium","TheCity","TheBeyond"],"potions_floor_usage":[45,50,50],"damage_taken":[{"damage":7.0,"enemies":"Jaw Worm","floor":1.0,"turns":3.0},{"damage":4.0,"enemies":"Small Slimes","floor":3.0,"turns":4.0},{"damage":0.0,"enemies":"2 Louse","floor":5.0,"turns":2.0},{"damage":4.0,"enemies":"3 Sentries","floor":7.0,"turns":4.0},{"damage":24.0,"enemies":"Blue Slaver","floor":13.0,"turns":4.0},{"damage":8.0,"enemies":"Large Slime","floor":14.0,"turns":6.0},{"damage":44.0,"enemies":"Slime Boss","floor":16.0,"turns":13.0},{"damage":0.0,"enemies":"2 Thieves","floor":18.0,"turns":1.0},{"damage":1.0,"enemies":"Shell Parasite","floor":22.0,"turns":5.0},{"damage":5.0,"enemies":"Gremlin Leader","floor":24.0,"turns":6.0},{"damage":8.0,"enemies":"Sentry and Sphere","floor":25.0,"turns":7.0},{"damage":1.0,"enemies":"Snecko","floor":27.0,"turns":6.0},{"damage":5.0,"enemies":"Snake Plant","floor":29.0,"turns":5.0},{"damage":3.0,"enemies":"Slavers","floor":30.0,"turns":5.0},{"damage":5.0,"enemies":"Champ","floor":33.0,"turns":10.0},{"damage":0.0,"enemies":"Orb Walker","floor":35.0,"turns":3.0},{"damage":21.0,"enemies":"2 Orb Walkers","floor":36.0,"turns":6.0},{"damage":23.0,"enemies":"3 Darklings","floor":37.0,"turns":5.0},{"damage":7,"enemies":"Transient","floor":39,"turns":5},{"damage":0,"enemies":"Mind Bloom Boss Battle","floor":41,"turns":7},{"damage":27,"enemies":"Giant Head","floor":42,"turns":9},{"damage":3,"enemies":"Sphere and 2 Shapes","floor":44,"turns":5},{"damage":7,"enemies":"Reptomancer","floor":45,"turns":6},{"damage":5,"enemies":"Awakened One","floor":50,"turns":7}],"seed_played":"4148499288413503647","potions_obtained":[{"floor":1.0,"key":"FearPotion"},{"floor":5.0,"key":"Energy Potion"},{"floor":7.0,"key":"SteroidPotion"},{"floor":16.0,"key":"Poison Potion"},{"floor":29.0,"key":"DuplicationPotion"},{"floor":30.0,"key":"Poison Potion"},{"floor":33.0,"key":"SkillPotion"},{"floor":35.0,"key":"AttackPotion"},{"floor":42,"key":"SteroidPotion"},{"floor":44,"key":"Dexterity Potion"},{"floor":45,"key":"CunningPotion"}],"is_trial":false,"path_per_floor":["M","?","M","$","M","R","E","R","T","?","R","T","M","M","R","B",null,"M","?","$","?","M","R","E","M","T","M","R","M","E","$","R","B",null,"M","?","M","$","M","R","?","E","T","M","E","$","R","?","R","B",null],"character_chosen":"THE_SILENT","items_purchased":["Corpse Explosion","Block Potion","Anchor","Concentrate","Predator","Footwork","After Image","Blade Dance","Infinite Blades","Acrobatics"],"campfire_rested":3,"item_purchase_floors":[4,4,20,20,31,31,38,38,46,46],"current_hp_per_floor":[56,42,38,38,38,59,55,55,55,55,55,62,38,30,53,33,66,66,66,66,38,37,37,32,24,24,29,29,30,31,31,31,35,37,38,37,22,22,25,40,52,31,31,34,37,37,37,37,37,52],"gold":0,"neow_bonus":"BOSS_RELIC","is_daily":false,"chose_seed":false,"campfire_upgraded":7,"win_rate":0.0,"timestamp":1613933941,"path_taken":["M","?","M","$","M","R","E","R","T","?","R","?","M","M","R","BOSS","M","?","$","?","M","R","E","M","T","M","R","M","E","$","R","BOSS","M","?","M","$","M","R","?","E","T","M","E","$","R","?","R","BOSS"],"items_purchased_type":["Card","Potion","Relic","Card","Card","Card","Card","Card","Card","Card"],"build_version":"2020-12-22","purchased_purges":2,"victory":true,"max_hp_per_floor":[70,70,70,70,70,70,70,70,70,70,70,77,77,77,77,77,77,77,77,77,38,38,38,38,38,38,38,38,38,38,38,38,38,38,38,52,52,52,52,52,52,52,52,52,52,52,52,52,52,52],"relic_stats":{"counters":[24,134],"Pantograph":58,"CeramicFish":171,"Bird Faced Urn":[70],"Snake Skull":[62],"Question Card":19,"obtain_stats":[{"The Specimen":30,"CeramicFish":24,"Mango":36,"Snake Skull":43,"Question Card":7,"Du-Vu Doll":41,"SlaversCollar":17,"Anchor":20,"Pantograph":9,"Strawberry":12,"Bird Faced Urn":26,"Philosopher\u0027s Stone":34,"Bag of Marbles":10,"Red Mask":48,"Ring of the Snake":0,"Runic Pyramid":0},{"The Specimen":14,"CeramicFish":10,"Mango":17,"Snake Skull":21,"Question Card":4,"Du-Vu Doll":20,"SlaversCollar":7,"Anchor":8,"Pantograph":4,"Strawberry":4,"Bird Faced Urn":11,"Philosopher\u0027s Stone":15,"Bag of Marbles":4,"Red Mask":23,"Ring of the Snake":0,"Runic Pyramid":0},{"The Specimen":71,"CeramicFish":48,"Mango":90,"Snake Skull":116,"Question Card":13,"Du-Vu Doll":107,"SlaversCollar":36,"Anchor":37,"Pantograph":13,"Strawberry":13,"Bird Faced Urn":55,"Philosopher\u0027s Stone":81,"Bag of Marbles":13,"Red Mask":127,"Ring of the Snake":0,"Runic Pyramid":0}]},"card_choices":[{"not_picked":["Expertise","Sucker Punch"],"picked":"Outmaneuver","floor":1.0},{"not_picked":["Acrobatics","Slice"],"picked":"Dagger Spray","floor":3.0},{"not_picked":["PiercingWail","Distraction"],"picked":"Noxious Fumes","floor":5.0},{"not_picked":["Deadly Poison","Backflip"],"picked":"PiercingWail","floor":7.0},{"not_picked":["Deflect","Blur","Blade Dance"],"picked":"Adrenaline","floor":13.0},{"not_picked":["PiercingWail","Deflect","Sucker Punch"],"picked":"Concentrate","floor":14.0},{"not_picked":["Die Die Die","Night Terror","Glass Knife"],"picked":"Envenom","floor":16.0},{"not_picked":["Dagger Throw","Setup","Sucker Punch"],"picked":"Terror","floor":18.0},{"not_picked":["Expertise","Terror+1","Flying Knee"],"picked":"Eviscerate","floor":22.0},{"not_picked":["Outmaneuver","Masterful Stab","Dagger Spray"],"picked":"Accuracy","floor":24.0},{"not_picked":["Prepared","PiercingWail","Flying Knee"],"picked":"Cloak And Dagger","floor":25.0},{"not_picked":["Poisoned Stab","Flechettes","Concentrate"],"picked":"Phantasmal Killer","floor":27.0},{"not_picked":["Underhanded Strike+1","Heel Hook","Concentrate+1"],"picked":"Quick Slash+1","floor":29.0},{"not_picked":["Dagger Spray","Sucker Punch","Slice+1"],"picked":"Reflex+1","floor":30.0},{"not_picked":["Doppelganger","Night Terror","Venomology"],"picked":"Burst","floor":33.0},{"not_picked":["Dodge and Roll+1","Prepared+1","Skewer+1"],"picked":"Riddle With Holes","floor":35.0},{"not_picked":["Outmaneuver","Dodge and Roll","PiercingWail+1"],"picked":"Dash+1","floor":37.0},{"not_picked":["Cloak And Dagger+1","Prepared+1","Accuracy+1"],"picked":"Caltrops","floor":39},{"not_picked":["Unload","Prepared+1","Noxious Fumes"],"picked":"Poisoned Stab+1","floor":41},{"not_picked":["Expertise","Dagger Spray+1","Outmaneuver+1"],"picked":"Backstab+1","floor":42},{"not_picked":["Dagger Spray","Deadly Poison","Backflip+1"],"picked":"Dagger Throw","floor":44},{"not_picked":["Underhanded Strike+1","Quick Slash+1","Outmaneuver+1"],"picked":"Noxious Fumes","floor":45}],"player_experience":767969,"relics_obtained":[{"floor":7.0,"key":"Question Card"},{"floor":9.0,"key":"Pantograph"},{"floor":12.0,"key":"Strawberry"},{"floor":24.0,"key":"CeramicFish"},{"floor":26.0,"key":"Bird Faced Urn"},{"floor":30.0,"key":"The Specimen"},{"floor":36.0,"key":"Mango"},{"floor":41,"key":"Du-Vu Doll"},{"floor":43,"key":"Snake Skull"}],"event_choices":[{"damage_healed":0.0,"max_hp_gain":0.0,"max_hp_loss":0.0,"gold_gain":0.0,"event_name":"Shining Light","player_choice":"Entered Light","floor":2.0,"gold_loss":0.0,"damage_taken":14.0,"cards_upgraded":["Defend_G","Outmaneuver"]},{"damage_healed":0.0,"max_hp_gain":0.0,"max_hp_loss":0.0,"gold_gain":0.0,"event_name":"Big Fish","player_choice":"Box","floor":10.0,"gold_loss":0.0,"damage_taken":0.0,"relics_obtained":["Bag of Marbles"],"cards_obtained":["Regret"]},{"damage_healed":0.0,"max_hp_gain":0.0,"max_hp_loss":0.0,"gold_gain":0.0,"event_name":"Back to Basics","player_choice":"Simplicity","floor":19.0,"gold_loss":0.0,"damage_taken":0.0,"cards_upgraded":["Strike_G","Strike_G","Strike_G","Strike_G","Strike_G","Defend_G","Defend_G","Defend_G","Defend_G"]},{"damage_healed":0.0,"max_hp_gain":0.0,"max_hp_loss":39.0,"gold_gain":0.0,"event_name":"Ghosts","player_choice":"Became a Ghost","floor":21.0,"gold_loss":0.0,"damage_taken":0.0,"cards_obtained":["Ghostly","Ghostly","Ghostly","Ghostly","Ghostly"]},{"damage_healed":0.0,"max_hp_gain":0.0,"max_hp_loss":0.0,"gold_gain":0.0,"event_name":"Mysterious Sphere","player_choice":"Fight","floor":36.0,"gold_loss":0.0,"damage_taken":0.0},{"damage_healed":0,"gold_gain":0,"player_choice":"Fight","damage_taken":0,"max_hp_gain":0,"max_hp_loss":0,"event_name":"MindBloom","floor":41,"gold_loss":0},{"damage_healed":0,"gold_gain":0,"player_choice":"Paid","damage_taken":0,"relics_obtained":["Red Mask"],"max_hp_gain":0,"max_hp_loss":0,"event_name":"Tomb of Lord Red Mask","floor":48,"gold_loss":26}],"is_beta":false,"boss_relics":[{"not_picked":["Coffee Dripper","Black Star"],"picked":"SlaversCollar"},{"not_picked":["Runic Dome","Snecko Eye"],"picked":"Philosopher\u0027s Stone"}],"items_purged_floors":[31,46],"is_endless":false,"potions_floor_spawned":[1,5,7,16,29,30,33,35,42,44,45],"ascension_level":6}}