{"host":"Ringo","time":1613916078,"event":{"mods":["BaseMod","Colored Map","Conspire","Dota2Spire","Hubris","Minty Spire (QoL Compilation)","Replay The Spire","StSLib","The Construct","[IsaacMod]ÒÔÈö¼âËþ","¡¾ÒÅÎï¿¨ÅÆ¡¿REMEMod"],"gold_per_floor":[118,118,118,118,133,164,202,271,271,314,347,390,390,451,451,547,547,561,654,473,500,450,486,527,566,566,605,675,727,774,817,829,936,948,1028,1096,1108,763,798,839,879,910,910,976,976,1007,1047,1078,1078,1078,1108],"floor_reached":52,"language":"ZHS","playtime":1370,"items_purged":[],"score":4357,"play_id":"aee808da-6c85-419c-b048-65a2dd0b802e","local_time":"20210221220118","daily_mods":["SealedDeck","Vintage","Red Cards","Green Cards","Colorless Cards","Heirloom","Time Dilation","Flight","Elite Swarm","Lethality","Binary"],"is_ascension_mode":true,"campfire_choices":[{"data":"ReplayTheSpireMod:Corrosion Curse","floor":15,"key":"SMITH"},{"data":"Armaments","floor":32,"key":"SMITH"},{"data":"Replay:Undeath\u0027s Touch","floor":49,"key":"SMITH"}],"circlet_count":0,"master_deck":["AscendersBane","ReplayTheSpireMod:Corrosion Curse+1","Twin Strike","Cloak And Dagger","Underhanded Strike","Acrobatics+1","ReplayTheSpireMod:Private Reserves+1","Replay:Undeath\u0027s Touch+1","Prepared","Reflex","ReplayTheSpireMod:Uncanny Aura+1","Darkness+1","REME_AllRoundStrike+1","Footwork","Dramatic Entrance+1","Thunderclap","Armaments+1","ReplayTheSpireMod:Stacked","Pommel Strike"],"relics":["Busted Crown","HushsDoor","REME_ComplimentaryCards","replay:Trail_Library","Tingsha","DeadEye","Mirror","Golden Idol","Ninja Scroll","War Paint","Dota2Spire:HandOfMidas","Dota2Spire:OrchidMalevolence","Dota2Spire:Vanguard","Gambling Chip","Replay:Accelerometer","Replay:Bottled Flurry","Sizzling Blood","hubris:Spice","hubris:Backtick","Dota2Spire:Butterfly","hubris:Metronome","Dota2Spire:AghanimScepter","ReplayTheSpireMod:Lightbulb","SalivaCoin","GuppysTail","BlankCard","hubris:CuriousFeather","MawBank","conspire:DecoderRing","ChampionBelt","construct:FoamFinger","Membership Card","conspire:BottledYoYo","Pocketwatch","HornCleat","Kunai"],"acts_visited":["Exordium","TheCity","TheBeyond"],"potions_floor_usage":[16,16,19,51],"damage_taken":[{"damage":0,"enemies":"Jaw Worm","floor":1,"turns":1},{"damage":0,"enemies":"Small Slimes","floor":5,"turns":1},{"damage":0,"enemies":"Gremlin Nob","floor":6,"turns":1},{"damage":0,"enemies":"Lagavulin","floor":7,"turns":1},{"damage":0,"enemies":"Replay:BlueRogue","floor":8,"turns":1},{"damage":0,"enemies":"Lagavulin","floor":10,"turns":1},{"damage":0,"enemies":"Gremlin Nob","floor":11,"turns":1},{"damage":0,"enemies":"Replay:BlueRogue","floor":12,"turns":1},{"damage":0,"enemies":"3 Sentries","floor":14,"turns":2},{"damage":0,"enemies":"The Guardian","floor":16,"turns":2},{"damage":0,"enemies":"Chosen","floor":18,"turns":1},{"damage":2,"enemies":"Hiden Room Battle","floor":19,"turns":2},{"damage":0,"enemies":"REME_1_Revenger","floor":23,"turns":1},{"damage":0,"enemies":"conspire:Head Lice","floor":24,"turns":1},{"damage":0,"enemies":"Replay:Snechameleon","floor":25,"turns":1},{"damage":0,"enemies":"Slavers","floor":27,"turns":1},{"damage":0,"enemies":"Gremlin Leader","floor":28,"turns":1},{"damage":0,"enemies":"Book of Stabbing","floor":29,"turns":1},{"damage":0,"enemies":"conspire:Head Lice","floor":30,"turns":1},{"damage":0,"enemies":"REME_1_Revenger","floor":31,"turns":1},{"damage":0,"enemies":"Champ","floor":33,"turns":1},{"damage":0,"enemies":"Giant Head","floor":35,"turns":1},{"damage":0,"enemies":"R_Hoarder","floor":39,"turns":1},{"damage":0,"enemies":"Giant Head","floor":40,"turns":1},{"damage":0,"enemies":"R_Hoarder","floor":41,"turns":1},{"damage":0,"enemies":"Nemesis","floor":42,"turns":1},{"damage":0,"enemies":"R_Hoarder","floor":44,"turns":1},{"damage":0,"enemies":"Nemesis","floor":46,"turns":1},{"damage":0,"enemies":"R_Hoarder","floor":47,"turns":1},{"damage":0,"enemies":"Reptomancer","floor":48,"turns":1},{"damage":0,"enemies":"hubris:GrandSnecko","floor":50,"turns":1},{"damage":0,"enemies":"Time Eater","floor":51,"turns":1}],"seed_played":"-1982926921895897745","potions_obtained":[{"floor":1,"key":"Dota2Spire:HealingSalve"},{"floor":6,"key":"Fire Potion"},{"floor":16,"key":"Dota2Spire:HealingSalve"},{"floor":24,"key":"Cursed Concoction"},{"floor":25,"key":"SteroidPotion"},{"floor":28,"key":"Adrenaline Potion"},{"floor":44,"key":"DistilledChaos"}],"is_trial":true,"path_per_floor":["M","?","?","?","M","E","E","E","T","E","E","E","?","E","R","B",null,"M","?","$","T","?","E","E","E","T","E","E","E","E","E","R","B",null,"M","?","?","$","M","E","E","E","T","E","?","M","E","E","R","B","B",null],"character_chosen":"THE_SILENT","items_purchased":["REME_AllRoundStrike","Footwork","Dramatic Entrance","Membership Card","hubris:Spice","ReplayTheSpireMod:Stacked"],"campfire_rested":0,"item_purchase_floors":[17,20,20,38,38,38],"current_hp_per_floor":[59,59,59,59,59,59,59,59,59,59,59,59,63,72,72,72,67,67,57,57,57,57,61,73,75,67,67,67,67,59,51,51,51,51,51,36,36,36,35,35,27,27,27,19,19,19,11,3,3,3,3],"gold":1108,"neow_bonus":"","is_daily":false,"chose_seed":false,"campfire_upgraded":3,"win_rate":0.0,"timestamp":1613916078,"path_taken":["M","?","?","?","M","E","E","E","T","E","E","E","?","E","R","BOSS","M","?","$","?","?","E","E","E","T","E","E","E","E","E","R","BOSS","M","?","?","$","?","E","E","E","T","E","?","?","E","E","R","BOSS","BOSS"],"items_purchased_type":["Card","Card","Card","Relic","Relic","Card"],"build_version":"2020-12-18","purchased_purges":0,"victory":true,"max_hp_per_floor":[66,66,60,60,60,60,60,60,60,60,60,60,64,72,72,72,67,67,67,67,67,67,67,75,75,67,67,67,67,59,51,51,51,51,51,51,51,43,35,35,27,27,27,19,19,19,11,3,3,3,3],"card_choices":[],"player_experience":733596,"relics_obtained":[{"floor":1,"key":"Mirror"},{"floor":5,"key":"Ninja Scroll"},{"floor":6,"key":"War Paint"},{"floor":7,"key":"Dota2Spire:HandOfMidas"},{"floor":8,"key":"Dota2Spire:OrchidMalevolence"},{"floor":9,"key":"Dota2Spire:Vanguard"},{"floor":10,"key":"Gambling Chip"},{"floor":11,"key":"Replay:Accelerometer"},{"floor":12,"key":"Replay:Bottled Flurry"},{"floor":14,"key":"hubris:Spice"},{"floor":18,"key":"hubris:Metronome"},{"floor":19,"key":"Dota2Spire:AghanimScepter"},{"floor":19,"key":"ReplayTheSpireMod:Lightbulb"},{"floor":21,"key":"SalivaCoin"},{"floor":23,"key":"GuppysTail"},{"floor":24,"key":"hubris:Spice"},{"floor":25,"key":"BlankCard"},{"floor":26,"key":"hubris:Spice"},{"floor":27,"key":"hubris:CuriousFeather"},{"floor":28,"key":"MawBank"},{"floor":29,"key":"conspire:DecoderRing"},{"floor":30,"key":"hubris:Spice"},{"floor":31,"key":"hubris:Spice"},{"floor":35,"key":"construct:FoamFinger"},{"floor":39,"key":"hubris:Spice"},{"floor":40,"key":"conspire:BottledYoYo"},{"floor":41,"key":"hubris:Spice"},{"floor":42,"key":"Pocketwatch"},{"floor":43,"key":"HornCleat"},{"floor":44,"key":"hubris:Spice"},{"floor":46,"key":"Kunai"},{"floor":47,"key":"hubris:Spice"},{"floor":48,"key":"hubris:Spice"}],"event_choices":[{"damage_healed":0,"gold_gain":0,"player_choice":"Grow","damage_taken":0,"max_hp_gain":0,"max_hp_loss":0,"event_name":"Living Wall","floor":2,"gold_loss":0,"cards_upgraded":["ReplayTheSpireMod:Uncanny Aura"]},{"damage_healed":0,"gold_gain":0,"player_choice":"Lose Max HP","damage_taken":0,"relics_obtained":["Golden Idol"],"max_hp_gain":0,"max_hp_loss":6,"event_name":"Golden Idol","floor":3,"gold_loss":0},{"damage_healed":0,"gold_gain":0,"player_choice":"Upgraded","damage_taken":0,"max_hp_gain":0,"max_hp_loss":0,"event_name":"Upgrade Shrine","floor":4,"gold_loss":0,"cards_upgraded":["ReplayTheSpireMod:Private Reserves"]},{"damage_healed":0,"gold_gain":0,"player_choice":"Fight","damage_taken":0,"max_hp_gain":0,"max_hp_loss":0,"event_name":"HidenRoomEvent","floor":19,"gold_loss":0},{"damage_healed":0,"gold_gain":0,"player_choice":"Upgraded Two","damage_taken":0,"max_hp_gain":0,"max_hp_loss":0,"event_name":"Designer","floor":22,"gold_loss":50,"cards_upgraded":["Dramatic Entrance","REME_AllRoundStrike"]},{"damage_healed":0,"gold_gain":0,"player_choice":"Ignored","damage_taken":0,"max_hp_gain":0,"max_hp_loss":0,"event_name":"SecretPortal","floor":45,"gold_loss":0}],"is_beta":true,"boss_relics":[{"not_picked":["hubris:GrandSneckoEye","Replay:Grab Bag"],"picked":"hubris:Backtick"},{"not_picked":[]},{"not_picked":["Honey Jar","hubris:Spice"],"picked":"ChampionBelt"},{"not_picked":[]}],"items_purged_floors":[],"is_endless":false,"potions_floor_spawned":[1,6,10,12,16,24,25,28,29,39,40,44,48],"ascension_level":20}}