{"host":"6p0attdrtjqaih7v","time":1613887975,"event":{"mods":["2.2 Compatiblity","AchievementEnabler","BaseMod","Better Skull","Better Third Choice","Card Filter","Colored Powertips","Hermit","Highlight Path","Hubris","Key Reminder","Minty Spire (QoL Compilation)","Permanent Neow","Quick Restart","Random Character Button","Relic Filter","Relic Stats","Reliquary","Replay The Spire","Robot Space Explorer","StSLib","The Construct","The Gatherer","The Hayseed","The Runesmith","The Witch"],"gold_per_floor":[111,122,122,139,152,187,187,219,242,267,267,41,41,76,76,172,172,182,182,197,213,213,213,243,243,243,271,271,288,305,331,331,436,436,452,470,395,395,108,135,147,211,249,261,299,311,358,384,396,408,420,432,9,36,36,36],"floor_reached":55,"language":"ENG","playtime":3256,"items_purged":["Runesmith:Strike_RS","Runesmith:Strike_RS","Runesmith:Strike_RS"],"score":923,"play_id":"39d8fcd6-d0b3-49b8-aab8-c84bab0316bc","local_time":"20210221011255","is_ascension_mode":true,"campfire_choices":[{"data":"Runesmith:HeatedChisel","floor":7,"key":"SMITH"},{"data":"Runesmith:BackupBattery","floor":13,"key":"SMITH"},{"data":"Runesmith:HeatExchange","floor":15,"key":"SMITH"},{"data":"Runesmith:GrandSlam","floor":23,"key":"SMITH"},{"data":"Runesmith:Firewall","floor":28,"key":"SMITH"},{"data":"Runesmith:CraftMagma","floor":32,"key":"SMITH"},{"data":"Runesmith:BackupBattery+2","floor":41,"key":"SMITH"},{"floor":49,"key":"RECALL"},{"data":"Runesmith:CraftPrismatica","floor":52,"key":"SMITH"}],"circlet_count":0,"master_deck":["Runesmith:Defend_RS","Runesmith:Defend_RS","Runesmith:Defend_RS","Runesmith:Defend_RS","Runesmith:CraftFirestone","Runesmith:Fortify","Runesmith:HammerThrow","Runesmith:HeatExchange+1","Runesmith:EarthShield","Runesmith:HeatedChisel+1","Runesmith:BackupBattery+3","Runesmith:FissionHammer+1","Runesmith:Firestorm+1","Runesmith:CraftSpiculum","Runesmith:GrandSlam+1","Runesmith:GoWithTheFlow","Runesmith:EarthShield","Runesmith:RuneHurl","Runesmith:Firewall+1","Runesmith:CraftMagma+1","Runesmith:HammerThrow","Runesmith:CraftPrismatica+1","Runesmith:EnergizedChisel+1","Runesmith:RuneHurl","Runesmith:Empowerment","Runesmith:GoWithTheFlow+1","Runesmith:GenerateForcefield","Runesmith:LithiumIon+1","Runesmith:HeatedChisel+1","Runesmith:Firestorm","Runesmith:Superposition","Runesmith:EarthShield+1"],"relics":["Runesmith:BrokenRuby","Tiny Chest","Eternal Feather","Torii","Bag of Marbles","Meat on the Bone","Guide Book","Blue Candle","Replay:Grab Bag","Velvet Choker","hubris:Backtick","hubris:GlazedTorus","reliquary:HotPoker","Boot","reliquary:Bookmark","hubris:Metronome","Sundial","Runesmith:EmergencyProvisions","SlaversCollar","PreservedInsect","MawBank","Replay:Baseball","Omamori","StrikeDummy","Runesmith:MiniCore","Anchor","reliquary:Firecrackers"],"acts_visited":["Exordium","TheCity","TheBeyond","TheEnding"],"potions_floor_usage":[8,25,45,45,50,55,55,55],"damage_taken":[{"damage":3,"enemies":"Small Slimes","floor":1,"turns":4},{"damage":0,"enemies":"Cultist","floor":2,"turns":3},{"damage":0,"enemies":"2 Louse","floor":4,"turns":2},{"damage":1,"enemies":"Blue Slaver","floor":5,"turns":5},{"damage":35,"enemies":"Gremlin Nob","floor":6,"turns":5},{"damage":0,"enemies":"Replay:BlueRogue","floor":8,"turns":4},{"damage":3,"enemies":"Lagavulin","floor":10,"turns":6},{"damage":3,"enemies":"3 Sentries","floor":14,"turns":4},{"damage":13,"enemies":"Hexaghost","floor":16,"turns":8},{"damage":15,"enemies":"3 Byrds","floor":18,"turns":4},{"damage":2,"enemies":"Shell Parasite","floor":20,"turns":3},{"damage":1,"enemies":"Cultist and Chosen","floor":21,"turns":6},{"damage":16,"enemies":"Gremlin Leader","floor":24,"turns":7},{"damage":14,"enemies":"Slavers","floor":27,"turns":3},{"damage":16,"enemies":"Snake Plant","floor":29,"turns":3},{"damage":14,"enemies":"Shelled Parasite and Fungi","floor":30,"turns":4},{"damage":24,"enemies":"Automaton","floor":33,"turns":7},{"damage":1,"enemies":"Orb Walker","floor":35,"turns":2},{"damage":0,"enemies":"3 Shapes","floor":36,"turns":6},{"damage":1,"enemies":"R_Hoarder","floor":40,"turns":5},{"damage":1,"enemies":"Giant Head","floor":45,"turns":6},{"damage":1,"enemies":"R_Hoarder","floor":47,"turns":7},{"damage":9,"enemies":"Jaw Worm Horde","floor":48,"turns":3},{"damage":25,"enemies":"Awakened One","floor":50,"turns":11},{"damage":43,"enemies":"Shield and Spear","floor":54,"turns":4},{"damage":60,"enemies":"The Heart","floor":55,"turns":6}],"seed_played":"1244275060012572063","potions_obtained":[{"floor":4,"key":"Fruit Juice"},{"floor":6,"key":"Fire Potion"},{"floor":14,"key":"Milkshake"},{"floor":24,"key":"Reflective Coating"},{"floor":30,"key":"Block Potion"},{"floor":33,"key":"GamblersBrew"},{"floor":36,"key":"Swift Potion"},{"floor":47,"key":"Elixir"},{"floor":48,"key":"LiquidBronze"}],"is_trial":false,"path_per_floor":["M","M","?","M","M","E","R","E","T","E","?","$","R","E","R","B",null,"M","T","M","M","?","R","E","$","T","E","R","M","M","T","R","B",null,"M","M","$","?","$","E","R","?","T","?","E","T","E","M","R","B",null,"R","$","E","B"],"character_chosen":"RUNESMITH_CLASS","items_purchased":["Runesmith:Firestorm","Guide Book","reliquary:Bookmark","Runesmith:Empowerment","PreservedInsect","Anchor","Runesmith:Firestorm","Runesmith:Superposition","LiquidBronze","BlessingOfTheForge"],"campfire_rested":0,"item_purchase_floors":[12,12,25,39,39,53,53,53,53,53],"current_hp_per_floor":[67,67,70,70,69,34,40,40,40,37,37,37,46,43,52,39,70,55,55,53,52,52,64,48,38,38,36,48,44,42,42,54,42,75,74,74,74,74,74,73,75,57,57,57,56,56,55,46,61,36,71,71,71,40,0,0],"gold":36,"neow_bonus":"RANDOM_COMMON_RELIC","is_daily":false,"chose_seed":false,"campfire_upgraded":8,"win_rate":0.0,"timestamp":1613887975,"path_taken":["M","M","?","M","?","E","R","E","T","E","?","$","R","E","R","BOSS","M","?","M","M","?","R","E","?","T","E","R","?","M","?","R","BOSS","M","M","$","?","$","E","R","?","T","?","E","?","E","M","R","BOSS","R","$","E","BOSS"],"items_purchased_type":["Card","Relic","Relic","Card","Relic","Relic","Card","Card","Potion","Potion"],"build_version":"2020-12-22","purchased_purges":3,"victory":false,"max_hp_per_floor":[70,70,70,70,70,70,70,70,70,70,70,70,70,70,70,70,70,70,70,70,70,70,70,70,75,75,75,75,75,75,75,75,75,75,75,75,75,75,75,75,75,75,75,71,71,71,71,71,71,71,71,71,71,71,71,71],"relic_stats":{"Torii":69,"counters":[26,128],"Sundial":[4],"Blue Candle":[0],"Tiny Chest":3,"Eternal Feather":77,"PreservedInsect":362,"Boot":[7],"MawBank":156,"obtain_stats":[{"hubris:Metronome":26,"Torii":8,"Runesmith:MiniCore":47,"reliquary:Firecrackers":54,"Boot":24,"reliquary:HotPoker":19,"hubris:Backtick":17,"Sundial":27,"Tiny Chest":0,"hubris:GlazedTorus":17,"Runesmith:BrokenRuby":0,"Guide Book":12,"Blue Candle":14,"Replay:Grab Bag":17,"Velvet Choker":17,"Eternal Feather":6,"PreservedInsect":39,"Omamori":45,"Runesmith:EmergencyProvisions":31,"MawBank":40,"reliquary:Bookmark":25,"keyreminder:keyreminder":43,"SlaversCollar":34,"Replay:Baseball":42,"Anchor":53,"Bag of Marbles":9,"StrikeDummy":46,"Meat on the Bone":10},{"hubris:Metronome":13,"Torii":6,"Runesmith:MiniCore":22,"reliquary:Firecrackers":25,"Boot":13,"reliquary:HotPoker":10,"hubris:Backtick":9,"Sundial":14,"Tiny Chest":0,"hubris:GlazedTorus":9,"Runesmith:BrokenRuby":0,"Guide Book":7,"Blue Candle":8,"Replay:Grab Bag":9,"Velvet Choker":9,"Eternal Feather":5,"PreservedInsect":19,"Omamori":21,"Runesmith:EmergencyProvisions":16,"MawBank":20,"reliquary:Bookmark":13,"keyreminder:keyreminder":20,"SlaversCollar":17,"Replay:Baseball":20,"Anchor":24,"Bag of Marbles":6,"StrikeDummy":21,"Meat on the Bone":7},{"hubris:Metronome":61,"Torii":23,"Runesmith:MiniCore":104,"reliquary:Firecrackers":122,"Boot":61,"reliquary:HotPoker":45,"hubris:Backtick":41,"Sundial":64,"Tiny Chest":0,"hubris:GlazedTorus":41,"Runesmith:BrokenRuby":0,"Guide Book":29,"Blue Candle":33,"Replay:Grab Bag":41,"Velvet Choker":41,"Eternal Feather":19,"PreservedInsect":86,"Omamori":97,"Runesmith:EmergencyProvisions":71,"MawBank":91,"reliquary:Bookmark":61,"keyreminder:keyreminder":91,"SlaversCollar":78,"Replay:Baseball":91,"Anchor":118,"Bag of Marbles":23,"StrikeDummy":97,"Meat on the Bone":29}],"Meat on the Bone":60},"card_choices":[{"not_picked":["Runesmith:CraftMagma","Runesmith:ShiftingStrike"],"picked":"Runesmith:HammerThrow","floor":1},{"not_picked":["Runesmith:Repurpose","Runesmith:EarthShield"],"picked":"Runesmith:HeatExchange","floor":2},{"not_picked":["Runesmith:HeatExchange","Runesmith:CreatorForm"],"picked":"Runesmith:EarthShield","floor":4},{"not_picked":["Runesmith:NegativeSpace","Runesmith:UnstableHammer"],"picked":"Runesmith:HeatedChisel","floor":5},{"not_picked":["Runesmith:Retool","Runesmith:CraftReservo","Runesmith:CraftProtectio"],"picked":"SKIP","floor":6},{"not_picked":["Runesmith:CraftIncendium","Runesmith:ElementalConversion"],"picked":"Runesmith:BackupBattery","floor":8},{"not_picked":["Runesmith:BackupBattery","Runesmith:UnstableHammer"],"picked":"Runesmith:FissionHammer","floor":10},{"not_picked":["Runesmith:HammerThrow","Runesmith:Malloc"],"picked":"Runesmith:CraftSpiculum","floor":14},{"not_picked":["Runesmith:FissionHammer","Runesmith:LastStand"],"picked":"Runesmith:GrandSlam","floor":16},{"not_picked":["Runesmith:NegativeSpace","Runesmith:CraftVitae"],"picked":"Runesmith:GoWithTheFlow","floor":18},{"not_picked":["Runesmith:LithiumIon","Runesmith:FrozenChisel"],"picked":"Runesmith:EarthShield","floor":20},{"not_picked":["Runesmith:HeatedChisel","Runesmith:HammerAndChisel","Runesmith:Overpower"],"picked":"SKIP","floor":21},{"not_picked":["Runesmith:Overpower","Runesmith:StaticCage"],"picked":"Runesmith:Firewall","floor":24},{"not_picked":["Runesmith:ChiselStab+1","Runesmith:CraftProtectio+1"],"picked":"Runesmith:CraftMagma","floor":27},{"not_picked":["Runesmith:MakeshiftArmor","Runesmith:ShiftingStrike","Runesmith:EarthShield+1"],"picked":"SKIP","floor":29},{"not_picked":["Runesmith:MakeshiftArmor","Runesmith:ChiselStab+1"],"picked":"Runesmith:HammerThrow","floor":30},{"not_picked":["Runesmith:Duplicate","Runesmith:Supernova"],"picked":"Runesmith:CraftPrismatica","floor":33},{"not_picked":["Runesmith:CraftVitae","Runesmith:NanitesCloud+1"],"picked":"Runesmith:EnergizedChisel+1","floor":35},{"not_picked":["Runesmith:OneForEveryone","Runesmith:Overpower"],"picked":"Runesmith:RuneHurl","floor":36},{"not_picked":["Runesmith:MakeshiftArmor","Runesmith:WhiteBalance","Runesmith:UnstableHammer+1"],"picked":"SKIP","floor":40},{"not_picked":["Runesmith:NegativeSpace+1","Runesmith:BackupBattery+1"],"picked":"Runesmith:GoWithTheFlow+1","floor":42},{"not_picked":["Runesmith:BackupBattery","Runesmith:Refine+1"],"picked":"Runesmith:GenerateForcefield","floor":42},{"not_picked":["Runesmith:BackupBattery","Runesmith:PoweredAnvil","Runesmith:UnstableHammer+1"],"picked":"SKIP","floor":45},{"not_picked":["Runesmith:CraftMagma+1","Runesmith:UnstableHammer+1"],"picked":"Runesmith:LithiumIon+1","floor":47},{"not_picked":["Runesmith:BackupBattery+1","Runesmith:CraftVitae"],"picked":"Runesmith:HeatedChisel+1","floor":48},{"not_picked":["Runesmith:MakeshiftArmor","Runesmith:Electrocute"],"picked":"Runesmith:EarthShield+1","floor":54}],"player_experience":1221808,"relics_obtained":[{"floor":6,"key":"Eternal Feather"},{"floor":8,"key":"Torii"},{"floor":9,"key":"Bag of Marbles"},{"floor":10,"key":"Meat on the Bone"},{"floor":14,"key":"Blue Candle"},{"floor":19,"key":"reliquary:HotPoker"},{"floor":24,"key":"Boot"},{"floor":26,"key":"hubris:Metronome"},{"floor":27,"key":"Sundial"},{"floor":31,"key":"Runesmith:EmergencyProvisions"},{"floor":40,"key":"MawBank"},{"floor":42,"key":"Replay:Baseball"},{"floor":45,"key":"Omamori"},{"floor":46,"key":"StrikeDummy"},{"floor":47,"key":"Runesmith:MiniCore"},{"floor":54,"key":"reliquary:Firecrackers"}],"event_choices":[{"damage_healed":3,"gold_gain":0,"player_choice":"Full Heal","damage_taken":0,"max_hp_gain":0,"max_hp_loss":0,"event_name":"Wheel of Change","floor":3,"gold_loss":0},{"cards_removed":["Runesmith:Strike_RS"],"damage_healed":0,"gold_gain":0,"player_choice":"Offered Basic","damage_taken":0,"max_hp_gain":0,"max_hp_loss":0,"event_name":"Bonfire Elementals","floor":11,"gold_loss":0},{"damage_healed":0,"gold_gain":0,"player_choice":"Read","damage_taken":0,"max_hp_gain":0,"max_hp_loss":0,"event_name":"The Library","floor":22,"gold_loss":0,"cards_obtained":["Runesmith:RuneHurl"]},{"damage_healed":0,"gold_gain":0,"player_choice":"Max HP","damage_taken":0,"max_hp_gain":0,"max_hp_loss":4,"event_name":"Winding Halls","floor":44,"gold_loss":0}],"is_beta":false,"boss_relics":[{"not_picked":["Fusion Hammer","Runesmith:PocketReactor"],"picked":"Replay:Grab Bag"},{"not_picked":["ChewingGum","Ectoplasm"],"picked":"Velvet Choker"},{"not_picked":["Snecko Eye","Replay:Drink Me"],"picked":"hubris:Backtick"},{"not_picked":["Empty Cage","reliquary:WritOfMandamus"],"picked":"SlaversCollar"}],"items_purged_floors":[25,37,39],"is_endless":false,"potions_floor_spawned":[4,6,14,24,30,33,36,47,48,54],"killed_by":"The Heart","ascension_level":2}}