{"host":"jpzdg3po3tjxdjri","time":1613906925,"event":{"mods":["BaseMod","Better Third Choice","Colored Map","Colored Powertips","Minty Spire (QoL Compilation)","StSLib"],"gold_per_floor":[363,375,387,43,43,73,73,99,123,157,157,177,143,178,178,282,282,298,130,130,149,149,183,183,201,201,132,132,50,50,50,50,145,145,158,177,192,192,18,50,50,50,50,50,63,80,80,113,113,113,113,113,38,70,70],"floor_reached":56,"language":"ENG","playtime":3077,"items_purged":[],"score":1478,"play_id":"a70d10c8-1569-4700-976e-96c86aaba657","local_time":"20210221112845","is_ascension_mode":true,"campfire_choices":[{"data":"Perfected Strike","floor":7,"key":"SMITH"},{"floor":11,"key":"REST"},{"floor":15,"key":"DIG"},{"data":"Corruption","floor":24,"key":"SMITH"},{"floor":28,"key":"RECALL"},{"floor":32,"key":"DIG"},{"floor":41,"key":"DIG"},{"floor":44,"key":"DIG"},{"data":"Feel No Pain","floor":49,"key":"SMITH"},{"floor":52,"key":"DIG"}],"circlet_count":0,"master_deck":["Strike_R+1","Strike_R+1","Strike_R+1","Strike_R+1","Strike_R+1","Defend_R+1","Defend_R+1","Defend_R+1","Defend_R+1","Perfected Strike+1","Battle Trance","Immolate","Rampage","Pommel Strike","Disarm","Armaments","Pommel Strike","Dark Embrace","Battle Trance","Corruption+1","Disarm","Perfected Strike+1","Flex","Rampage","Sever Soul+1","Pommel Strike+1","Inflame","Feel No Pain+1","Shrug It Off","Double Tap","Fire Breathing+1","Headbutt","Burning Pact","Pommel Strike","Bloodletting","Normality","Pommel Strike+1","Barricade","Hemokinesis+1","Disarm+1","Shockwave+1"],"relics":["Burning Blood","Dead Branch","Pen Nib","Toy Ornithopter","Strawberry","Shovel","Blue Candle","Snecko Eye","DollysMirror","MutagenicStrength","Red Skull","Darkstone Periapt","White Beast Statue","Cursed Key","Anchor","ClockworkSouvenir","Happy Flower","Bottled Lightning","Toxic Egg 2","Bag of Preparation","Ornamental Fan","Gremlin Horn","Bag of Marbles"],"acts_visited":["Exordium","TheCity","TheBeyond","TheEnding"],"potions_floor_usage":[16,16,18,45,54,55],"damage_taken":[{"damage":6,"enemies":"Jaw Worm","floor":1,"turns":4},{"damage":1,"enemies":"Cultist","floor":2,"turns":3},{"damage":0,"enemies":"2 Louse","floor":3,"turns":2},{"damage":30,"enemies":"Gremlin Nob","floor":6,"turns":4},{"damage":13,"enemies":"3 Sentries","floor":8,"turns":4},{"damage":22,"enemies":"Lagavulin","floor":10,"turns":4},{"damage":16,"enemies":"Large Slime","floor":12,"turns":4},{"damage":0,"enemies":"3 Sentries","floor":14,"turns":1},{"damage":8,"enemies":"Hexaghost","floor":16,"turns":6},{"damage":0,"enemies":"Shell Parasite","floor":18,"turns":3},{"damage":0,"enemies":"2 Thieves","floor":21,"turns":1},{"damage":9,"enemies":"Book of Stabbing","floor":23,"turns":6},{"damage":0,"enemies":"Snecko","floor":25,"turns":2},{"damage":39,"enemies":"Champ","floor":33,"turns":8},{"damage":1,"enemies":"3 Shapes","floor":35,"turns":1},{"damage":3,"enemies":"3 Darklings","floor":36,"turns":3},{"damage":9,"enemies":"Maw","floor":37,"turns":5},{"damage":10,"enemies":"Giant Head","floor":40,"turns":5},{"damage":4,"enemies":"Spire Growth","floor":45,"turns":4},{"damage":3,"enemies":"3 Darklings","floor":46,"turns":2},{"damage":4,"enemies":"Reptomancer","floor":48,"turns":5},{"damage":4,"enemies":"Awakened One","floor":50,"turns":6},{"damage":69,"enemies":"Shield and Spear","floor":54,"turns":5},{"damage":42,"enemies":"The Heart","floor":55,"turns":7}],"seed_played":"-2269924030399371499","potions_obtained":[{"floor":1,"key":"DuplicationPotion"},{"floor":6,"key":"SteroidPotion"},{"floor":14,"key":"ColorlessPotion"},{"floor":18,"key":"Fruit Juice"},{"floor":21,"key":"SkillPotion"},{"floor":33,"key":"SteroidPotion"},{"floor":35,"key":"Weak Potion"},{"floor":40,"key":"Energy Potion"},{"floor":45,"key":"Fruit Juice"},{"floor":46,"key":"LiquidMemories"},{"floor":54,"key":"EssenceOfSteel"}],"is_trial":false,"path_per_floor":["M","M","M","$","?","E","R","E","T","E","R","M","$","E","R","B",null,"M","$","?","M","?","E","R","M","T","$","R","$","?","?","R","B",null,"M","M","M","?","$","E","R","$","T","R","M","M","?","E","R","B",null,"R","$","E","B",null],"character_chosen":"IRONCLAD","items_purchased":["Rampage","Dead Branch","Dark Embrace","DollysMirror","Flex","Inflame","Feel No Pain","Shrug It Off","ClockworkSouvenir","Pommel Strike","Disarm+1"],"campfire_rested":1,"item_purchase_floors":[4,4,13,19,19,27,29,29,39,39,53],"current_hp_per_floor":[56,61,67,67,67,43,43,36,36,27,53,43,43,49,49,57,87,92,92,92,92,92,89,89,92,92,92,92,92,92,74,74,41,97,97,97,94,94,94,90,90,90,96,96,108,108,108,108,108,108,108,108,108,48,17],"gold":70,"neow_bonus":"TWO_FIFTY_GOLD","is_daily":false,"chose_seed":false,"campfire_upgraded":3,"win_rate":0.0,"timestamp":1613906925,"path_taken":["M","M","M","$","?","E","R","E","T","E","R","M","$","E","R","BOSS","M","$","?","M","?","E","R","M","T","?","R","$","?","?","R","BOSS","M","M","M","?","$","E","R","?","T","R","M","?","?","E","R","BOSS","R","$","E","BOSS"],"items_purchased_type":["Card","Relic","Card","Relic","Card","Card","Card","Card","Relic","Card","Card"],"build_version":"2020-12-22","purchased_purges":0,"victory":true,"max_hp_per_floor":[80,80,80,80,80,80,80,80,80,87,87,87,87,87,87,87,87,92,92,92,92,92,92,92,92,92,92,92,92,92,97,97,97,97,97,97,97,97,97,97,97,97,103,103,108,108,108,108,108,108,108,108,108,108,108],"card_choices":[{"not_picked":["Infernal Blade","Iron Wave"],"picked":"Perfected Strike","floor":1},{"not_picked":["Sword Boomerang","Warcry"],"picked":"Battle Trance","floor":2},{"not_picked":["Iron Wave","Sword Boomerang"],"picked":"Immolate","floor":3},{"not_picked":["Heavy Blade","Uppercut"],"picked":"Pommel Strike","floor":6},{"not_picked":["Infernal Blade","Body Slam"],"picked":"Disarm","floor":8},{"not_picked":["Hemokinesis","Body Slam"],"picked":"Armaments","floor":10},{"not_picked":["Clothesline","Thunderclap"],"picked":"Pommel Strike","floor":12},{"not_picked":["Dark Embrace","Clash"],"picked":"Battle Trance","floor":14},{"not_picked":["Impervious","Feed"],"picked":"Corruption","floor":16},{"not_picked":["Armaments","Body Slam"],"picked":"Disarm","floor":18},{"not_picked":["Hemokinesis+1","Infernal Blade"],"picked":"Rampage","floor":21},{"not_picked":["Twin Strike","Shrug It Off"],"picked":"Sever Soul+1","floor":23},{"not_picked":["Clash","Warcry"],"picked":"Pommel Strike+1","floor":25},{"not_picked":["Reaper","Exhume"],"picked":"Double Tap","floor":33},{"not_picked":["Wild Strike+1","Anger+1"],"picked":"Fire Breathing+1","floor":35},{"not_picked":["Heavy Blade","Rupture"],"picked":"Headbutt","floor":36},{"not_picked":["Bloodletting","Flex"],"picked":"Burning Pact","floor":37},{"not_picked":["Dropkick","Flame Barrier+1"],"picked":"Bloodletting","floor":40},{"not_picked":["Disarm+1","Heavy Blade+1"],"picked":"Pommel Strike+1","floor":45},{"not_picked":["Carnage","Headbutt"],"picked":"Barricade","floor":46},{"not_picked":["Heavy Blade","Combust"],"picked":"Hemokinesis+1","floor":48},{"not_picked":["Sword Boomerang+1","Intimidate+1"],"picked":"Shockwave+1","floor":54}],"player_experience":922948,"relics_obtained":[{"floor":6,"key":"Pen Nib"},{"floor":8,"key":"Toy Ornithopter"},{"floor":10,"key":"Strawberry"},{"floor":14,"key":"Shovel"},{"floor":15,"key":"Blue Candle"},{"floor":23,"key":"Red Skull"},{"floor":26,"key":"Darkstone Periapt"},{"floor":32,"key":"White Beast Statue"},{"floor":40,"key":"Happy Flower"},{"floor":41,"key":"Bottled Lightning"},{"floor":43,"key":"Toxic Egg 2"},{"floor":44,"key":"Bag of Preparation"},{"floor":48,"key":"Ornamental Fan"},{"floor":52,"key":"Gremlin Horn"},{"floor":54,"key":"Bag of Marbles"}],"event_choices":[{"cards_removed":["Bash"],"damage_healed":0,"gold_gain":0,"player_choice":"Purged","damage_taken":0,"max_hp_gain":0,"max_hp_loss":0,"event_name":"Purifier","floor":5,"gold_loss":0},{"damage_healed":0,"gold_gain":0,"player_choice":"Inject Mutagens","damage_taken":0,"relics_obtained":["MutagenicStrength"],"max_hp_gain":0,"max_hp_loss":0,"event_name":"Drug Dealer","floor":20,"gold_loss":0},{"damage_healed":0,"gold_gain":0,"player_choice":"Simplicity","damage_taken":0,"max_hp_gain":0,"max_hp_loss":9,"event_name":"betterThird:BetterWriting","floor":22,"gold_loss":0},{"damage_healed":0,"gold_gain":0,"player_choice":"Ignored","damage_taken":0,"max_hp_gain":0,"max_hp_loss":0,"event_name":"Vampires","floor":30,"gold_loss":0},{"damage_healed":0,"gold_gain":0,"player_choice":"Shed Blood","damage_taken":23,"max_hp_gain":5,"max_hp_loss":0,"event_name":"Forgotten Altar","floor":31,"gold_loss":0},{"damage_healed":0,"gold_gain":0,"player_choice":"Gave Potion","damage_taken":0,"relics_obtained":["Anchor"],"max_hp_gain":0,"max_hp_loss":0,"event_name":"WeMeetAgain","floor":38,"gold_loss":0},{"damage_healed":0,"gold_gain":0,"player_choice":"Bought 0 Potions","damage_taken":0,"max_hp_gain":0,"max_hp_loss":0,"event_name":"The Woman in Blue","floor":47,"gold_loss":0}],"is_beta":false,"boss_relics":[{"not_picked":["Runic Dome","SlaversCollar"],"picked":"Snecko Eye"},{"not_picked":["Busted Crown","Calling Bell"],"picked":"Cursed Key"}],"items_purged_floors":[],"is_endless":false,"potions_floor_spawned":[1,6,14,18,21,33,35,36,37,40,45,46,48,54],"ascension_level":1}}