{"host":"f8krwbl1oysf3v6f","time":1613889999,"event":{"mods":["AchievementEnabler","BaseMod","Colored Map","DeckTracker","Minty Spire (QoL Compilation)","Permanent Neow","READ ME - Snecko Mod","StSLib","SuperFastMode","Td1madao Mod"],"gold_per_floor":[116,134,151,169,182,182,215,215,290,315,315,315,326,326,326,430,430,445,544,557,557,0,0,13,13,13,13,48,59,71,98,98,202,202,213,40,56,76,91,91,108,108,135,170,182,198,209,223,223,223,223,223,70,70,70],"floor_reached":54,"language":"KOR","playtime":2635,"items_purged":["Clash+1","Parasite"],"score":1251,"play_id":"2557d564-5a00-46a7-88a1-87f385bd4eca","local_time":"20210221154639","is_ascension_mode":true,"campfire_choices":[{"data":"Cleave","floor":6.0,"key":"SMITH"},{"data":"Shrug It Off","floor":8,"key":"SMITH"},{"data":"Fire Breathing","floor":11,"key":"SMITH"},{"data":"Power Through","floor":15,"key":"SMITH"},{"data":"Evolve","floor":23,"key":"SMITH"},{"data":"Flame Barrier","floor":25,"key":"SMITH"},{"data":"Entrench","floor":32,"key":"SMITH"},{"data":"Purity","floor":40,"key":"SMITH"},{"data":"Impervious","floor":42,"key":"SMITH"},{"floor":49,"key":"RECALL"},{"data":"Power Through","floor":52,"key":"SMITH"}],"circlet_count":0,"master_deck":["AscendersBane","Strike_R+1","Strike_R+1","Strike_R","Defend_R","Defend_R","Defend_R","Defend_R","Bash","Cleave+1","Shrug It Off+1","Shockwave+1","Flex+1","Fire Breathing+1","Power Through+1","Reaper","Iron Wave","Evolve+1","Flame Barrier+1","Entrench+1","Disarm+1","Entrench+1","Power Through+1","Rage","Entrench+1","Impervious+1","Barricade+1","Fire Breathing+1","Purity+1","Bloodletting+1","Shrug It Off+1","Entrench+1","Sentinel","Body Slam+1","True Grit+1","Burning Pact+1","Dark Embrace"],"relics":["Burning Blood","Orichalcum","InkBottle","Meat on the Bone","Du-Vu Doll","The Courier","SacredBark","Prayer Wheel","Eternal Feather","Pear","Whetstone","Regal Pillow","Empty Cage","Centennial Puzzle"],"acts_visited":["Exordium","TheCity","TheBeyond","TheEnding"],"potions_floor_usage":[7,13,16,30,33,53],"damage_taken":[{"damage":11.0,"enemies":"Jaw Worm","floor":1.0,"turns":5.0},{"damage":6.0,"enemies":"Small Slimes","floor":2.0,"turns":3.0},{"damage":0.0,"enemies":"Cultist","floor":3.0,"turns":3.0},{"damage":4.0,"enemies":"Large Slime","floor":4.0,"turns":6.0},{"damage":6.0,"enemies":"2 Fungi Beasts","floor":5.0,"turns":3.0},{"damage":18,"enemies":"Lagavulin","floor":7,"turns":6},{"damage":18,"enemies":"3 Sentries","floor":10,"turns":6},{"damage":13,"enemies":"Lots of Slimes","floor":13,"turns":3},{"damage":55,"enemies":"Hexaghost","floor":16,"turns":11},{"damage":37,"enemies":"3 Byrds","floor":18,"turns":8},{"damage":20,"enemies":"2 Thieves","floor":20,"turns":5},{"damage":22,"enemies":"Snecko","floor":24,"turns":7},{"damage":0,"enemies":"Gremlin Leader","floor":28,"turns":1},{"damage":7,"enemies":"Snake Plant","floor":29,"turns":5},{"damage":41,"enemies":"3 Cultists","floor":30,"turns":7},{"damage":0,"enemies":"Slavers","floor":31,"turns":1},{"damage":84,"enemies":"Automaton","floor":33,"turns":15},{"damage":6,"enemies":"3 Shapes","floor":35,"turns":4},{"damage":16,"enemies":"Orb Walker","floor":37,"turns":6},{"damage":10,"enemies":"Writhing Mass","floor":38,"turns":12},{"damage":22,"enemies":"Maw","floor":39,"turns":14},{"damage":47,"enemies":"4 Shapes","floor":41,"turns":7},{"damage":4,"enemies":"Nemesis","floor":44,"turns":11},{"damage":33,"enemies":"3 Darklings","floor":45,"turns":11},{"damage":54,"enemies":"Spire Growth","floor":46,"turns":12},{"damage":21,"enemies":"Jaw Worm Horde","floor":47,"turns":2},{"damage":0,"enemies":"Sphere and 2 Shapes","floor":48,"turns":1},{"damage":41,"enemies":"Time Eater","floor":50,"turns":12},{"damage":107,"enemies":"Shield and Spear","floor":54,"turns":3}],"seed_played":"5864744530859726826","potions_obtained":[{"floor":2.0,"key":"PowerPotion"},{"floor":5.0,"key":"BloodPotion"},{"floor":10,"key":"ElixirPotion"},{"floor":16,"key":"SkillPotion"},{"floor":18,"key":"Weak Potion"},{"floor":28,"key":"Regen Potion"},{"floor":38,"key":"EntropicBrew"}],"is_trial":false,"path_per_floor":["M","M","M","M","M","R","E","R","T","E","R","?","M","T","R","B",null,"M","?","M","?","$","R","M","R","T","$","E","M","M","E","R","B",null,"M","$","M","M","M","R","M","R","T","E","M","M","M","M","R","B",null,"R","$","E"],"character_chosen":"IRONCLAD","items_purchased":["Evolve","Flame Barrier","Prayer Wheel","Eternal Feather","Purity","AttackPotion","Dark Embrace","Block Potion"],"campfire_rested":0,"item_purchase_floors":[22,22,22,22,36,36,53,53],"current_hp_per_floor":[67,67,73,75,75,75,63,63,63,51,51,51,60,60,60,23,66,49,49,47,47,47,59,50,62,72,72,78,77,54,60,75,24,74,74,74,64,60,62,80,51,69,69,77,75,39,36,54,75,52,81,90,87,0,0],"gold":70,"neow_bonus":"RANDOM_COMMON_RELIC","is_daily":false,"chose_seed":false,"campfire_upgraded":10,"win_rate":0.0,"timestamp":1613889999,"path_taken":["M","M","M","M","M","R","E","R","T","E","R","?","M","?","R","BOSS","M","?","M","?","$","R","M","R","T","$","E","M","M","E","R","BOSS","M","$","M","M","M","R","M","R","T","E","M","M","?","M","R","BOSS","R","$","E"],"items_purchased_type":["Card","Card","Relic","Relic","Card","Potion","Card","Potion"],"build_version":"2020-12-22","purchased_purges":2,"victory":false,"max_hp_per_floor":[80,80,80,80,80,80,80,80,80,80,80,80,80,80,80,80,80,80,80,80,80,80,80,80,80,90,90,90,90,90,90,90,90,90,90,90,90,90,90,90,90,90,90,90,90,90,90,90,90,90,90,90,87,87,87],"card_choices":[{"not_picked":["Anger","Pummel"],"picked":"Cleave","floor":1.0},{"not_picked":["Sever Soul","Feel No Pain"],"picked":"Shrug It Off","floor":2.0},{"not_picked":["Clash","Combust"],"picked":"Shockwave","floor":3.0},{"not_picked":["Perfected Strike","Feel No Pain"],"picked":"Flex","floor":4.0},{"not_picked":["Clash","Rage","Wild Strike"],"picked":"SKIP","floor":5.0},{"not_picked":["Demon Form","Reckless Charge"],"picked":"Fire Breathing","floor":7},{"not_picked":["Sword Boomerang","Cleave","Reckless Charge"],"picked":"SKIP","floor":10},{"not_picked":["Evolve","Reckless Charge"],"picked":"Power Through","floor":13},{"not_picked":["Double Tap","Offering"],"picked":"Reaper","floor":16},{"not_picked":["Clothesline","Twin Strike"],"picked":"Iron Wave","floor":18},{"not_picked":["Cleave","Anger+1"],"picked":"Clash+1","floor":20},{"not_picked":["Sword Boomerang","True Grit"],"picked":"Entrench+1","floor":24},{"not_picked":["Demon Form","Heavy Blade","Twin Strike+1"],"picked":"SKIP","floor":24},{"not_picked":["Heavy Blade","Carnage"],"picked":"Disarm+1","floor":28},{"not_picked":["Twin Strike+1","Armaments"],"picked":"Entrench","floor":29},{"not_picked":["Shrug It Off","Shockwave"],"picked":"Power Through","floor":29},{"not_picked":["Inflame","Searing Blow"],"picked":"Rage","floor":30},{"not_picked":["Anger+1","Bludgeon","Wild Strike"],"picked":"SKIP","floor":30},{"not_picked":["Anger+1","Bludgeon","Wild Strike"],"picked":"SKIP","floor":30},{"not_picked":["Twin Strike+1","Reckless Charge+1"],"picked":"Entrench+1","floor":31},{"not_picked":["Corruption","Demon Form"],"picked":"Impervious","floor":33},{"not_picked":["Clash+1","Ghostly Armor+1"],"picked":"Fire Breathing+1","floor":35},{"not_picked":["Cleave","Intimidate","Pummel+1"],"picked":"SKIP","floor":35},{"not_picked":["Rage+1","Dropkick+1"],"picked":"Bloodletting+1","floor":37},{"not_picked":["Sword Boomerang","Evolve","True Grit+1"],"picked":"SKIP","floor":37},{"not_picked":["Havoc+1","Armaments+1"],"picked":"Shrug It Off+1","floor":38},{"not_picked":["Flex+1","Armaments+1"],"picked":"Entrench+1","floor":38},{"not_picked":["Ghostly Armor+1","Evolve"],"picked":"Sentinel","floor":39},{"not_picked":["Infernal Blade+1","Heavy Blade+1","Intimidate"],"picked":"SKIP","floor":39},{"not_picked":["Havoc+1","Evolve+1","Headbutt"],"picked":"SKIP","floor":41},{"not_picked":["Thunderclap","Cleave","Flex"],"picked":"SKIP","floor":41},{"not_picked":["Warcry","True Grit","Feed"],"picked":"SKIP","floor":44},{"not_picked":["Whirlwind","Reckless Charge+1"],"picked":"Body Slam+1","floor":45},{"not_picked":["Wild Strike+1","Shrug It Off+1","Twin Strike"],"picked":"SKIP","floor":45},{"not_picked":["Perfected Strike","Shrug It Off","Dual Wield+1"],"picked":"SKIP","floor":46},{"not_picked":["Immolate","Armaments+1","Evolve"],"picked":"SKIP","floor":46},{"not_picked":["Twin Strike","Thunderclap+1","Wild Strike+1"],"picked":"SKIP","floor":47},{"not_picked":["Spot Weakness+1","Rampage","Uppercut"],"picked":"SKIP","floor":47},{"not_picked":["Disarm+1","Infernal Blade+1"],"picked":"True Grit+1","floor":48},{"not_picked":["Carnage+1","Thunderclap+1"],"picked":"Burning Pact+1","floor":48}],"player_experience":248085,"relics_obtained":[{"floor":7,"key":"InkBottle"},{"floor":9,"key":"Meat on the Bone"},{"floor":10,"key":"Du-Vu Doll"},{"floor":14,"key":"The Courier"},{"floor":26,"key":"Pear"},{"floor":28,"key":"Whetstone"},{"floor":31,"key":"Regal Pillow"},{"floor":44,"key":"Centennial Puzzle"}],"event_choices":[{"damage_healed":0,"gold_gain":0,"player_choice":"Grow","damage_taken":0,"max_hp_gain":0,"max_hp_loss":0,"event_name":"Living Wall","floor":12,"gold_loss":0,"cards_upgraded":["Shockwave"]},{"damage_healed":0,"gold_gain":99,"player_choice":"Stole From Cult","damage_taken":0,"max_hp_gain":0,"max_hp_loss":0,"event_name":"Nest","floor":19,"gold_loss":0},{"damage_healed":0,"gold_gain":0,"player_choice":"Upgraded","damage_taken":0,"max_hp_gain":0,"max_hp_loss":0,"event_name":"Upgrade Shrine","floor":21,"gold_loss":0,"cards_upgraded":["Flex"]}],"is_beta":false,"boss_relics":[{"not_picked":["Runic Pyramid","Philosopher\u0027s Stone"],"picked":"SacredBark"},{"not_picked":["Fusion Hammer","Black Star"],"picked":"Empty Cage"}],"items_purged_floors":[36,53],"is_endless":false,"potions_floor_spawned":[2,5,10,16,18,28,29,38,39,41,45,47],"killed_by":"Shield and Spear","ascension_level":11}}