{"host":"b1k9tvirjqaexfiq","time":1613886059,"event":{"mods":["AchievementEnabler","Act Like it!","BaseMod","Bestiary","Better Third Choice","BetterRewards","Bossed Relics","CapriCore","Colored Powertips","Conspire","Curses Come First","Energized Spire","Filter the Spire","Highlight Path","Hubris","Infinite Spire","Luminous","Marisa????????","Marked Mod","Minty Spire (QoL Compilation)","Permanent Neow","Quick Restart","Rare Cards Sparkle","Reliquary","Replay The Spire","Ruina","Shop Mod","StSLib","The Animator","The Bug Knight","The Cursed","The Immortal","The Marked","The Servant 0.9.4","Together in Spire","Waifu the Spire","??????REMEMod"],"gold_per_floor":[111,186,202,216,226,226,256,256,280,280,307,307,10,10,10,111,111,127,52,72,12,27,59,22,22,22],"floor_reached":25,"language":"ENG","playtime":1358,"items_purged":[],"score":275,"play_id":"1392db29-3ace-49de-bf14-69cf7fb6d4d7","local_time":"20210220234059","is_ascension_mode":true,"campfire_choices":[{"data":"theMarked:EternalStudent","floor":6,"key":"SMITH"},{"data":"Metallicize","floor":8,"key":"SMITH"},{"floor":10,"key":"REST"},{"data":"Disarm","floor":12,"key":"SMITH"},{"data":"hubris:ReadiedAction","floor":15,"key":"SMITH"}],"circlet_count":0,"master_deck":["Strike_R","Strike_R","Strike_R","Strike_R","Defend_R","Defend_R","Defend_R","Defend_R","Bash","theMarked:EternalStudent+1","Disarm+1","Shrug It Off","Armaments","hubris:ReadiedAction+1","Metallicize+1","Pommel Strike","hubris:EnhanceAbility","Inflame","Battle Trance","REME_ACTH","conspire:ExplosiveBarrier","Heavy Blade","ReplayReversal+1","REME_Scribble","Perfected Strike+1"],"relics":["Burning Blood","REME_ComplimentaryCards","reliquary:Stiletto","ReplayTheSpireMod:TigerMarble","PreservedInsect","Champion Belt","reliquary:BigHammer","Bottled Lightning"],"acts_visited":["Exordium","TheCity"],"potions_floor_usage":[7,22,23,25],"damage_taken":[{"damage":10,"enemies":"Small Slimes","floor":1,"turns":5},{"damage":0,"enemies":"Jaw Worm","floor":3,"turns":5},{"damage":0,"enemies":"2 Louse","floor":4,"turns":3},{"damage":7,"enemies":"2 Fungi Beasts","floor":5,"turns":6},{"damage":26,"enemies":"3 Sentries","floor":7,"turns":8},{"damage":3,"enemies":"Gremlin Nob","floor":11,"turns":3},{"damage":34,"enemies":"Slime Boss","floor":16,"turns":9},{"damage":30,"enemies":"3 Byrds","floor":18,"turns":8},{"damage":0,"enemies":"Chosen","floor":20,"turns":4},{"damage":51,"enemies":"Shelled Parasite and Fungi","floor":22,"turns":8},{"damage":9,"enemies":"conspire:Head Lice","floor":23,"turns":7},{"damage":39,"enemies":"Nightmare","floor":25,"turns":9}],"seed_played":"730316476363348442","potions_obtained":[{"floor":3,"key":"Ancient Potion"},{"floor":4,"key":"ColorlessPotion"},{"floor":11,"key":"SpeedPotion"},{"floor":18,"key":"LiquidMemories"},{"floor":22,"key":"SkillPotion"}],"is_trial":false,"path_per_floor":["M","?","M","M","M","R","E","R","T","R","E","R","$","?","R","B",null,"M","?","M","?","M","E","$","NM"],"character_chosen":"IRONCLAD","items_purchased":["hubris:EnhanceAbility","Inflame","Battle Trance","Perfected Strike+1"],"campfire_rested":1,"item_purchase_floors":[13,13,13,24],"current_hp_per_floor":[76,65,71,77,76,76,56,56,56,80,80,80,80,85,85,57,85,61,61,67,67,38,35,35,0,0],"gold":22,"neow_bonus":"RANDOM_COMMON_RELIC","is_daily":false,"chose_seed":false,"campfire_upgraded":4,"win_rate":0.0,"timestamp":1613886059,"path_taken":["M","?","M","M","M","R","E","R","T","R","E","R","$","?","R","BOSS","M","?","M","?","M","E","?","NM"],"items_purchased_type":["Card","Card","Card","Card"],"build_version":"2020-12-22","purchased_purges":0,"victory":false,"max_hp_per_floor":[80,80,80,80,80,80,80,80,80,80,80,80,80,85,85,85,85,85,85,85,85,85,85,85,87,87],"card_choices":[{"not_picked":["Replay:Undeath\u0027s Touch","Clash"],"picked":"Disarm","floor":1},{"not_picked":["Power Through","Massacre"],"picked":"Shrug It Off","floor":3},{"not_picked":["True Grit","Clothesline"],"picked":"Armaments","floor":4},{"not_picked":["Searing Blow","Replay:Undeath\u0027s Touch"],"picked":"hubris:ReadiedAction","floor":5},{"not_picked":["Hemogenesis","True Grit"],"picked":"Metallicize","floor":7},{"not_picked":["REME_Fury","Wild Strike"],"picked":"Pommel Strike","floor":11},{"not_picked":["REME_Fury","conspire:Purge"],"picked":"REME_ACTH","floor":16},{"not_picked":["hubris:ReadiedAction","Burning Pact"],"picked":"conspire:ExplosiveBarrier","floor":18},{"not_picked":["Pommel Strike","Headbutt"],"picked":"Heavy Blade","floor":20},{"not_picked":["Armaments+1","ReplayTheSpireMod:Stacked"],"picked":"ReplayReversal+1","floor":22},{"not_picked":["REME_Scribble","Havoc+1","Hemokinesis+1"],"picked":"SKIP","floor":23},{"not_picked":["Havoc+1","Hemokinesis+1"],"picked":"REME_Scribble","floor":23}],"player_experience":94927,"relics_obtained":[{"floor":7,"key":"ReplayTheSpireMod:TigerMarble"},{"floor":9,"key":"PreservedInsect"},{"floor":11,"key":"Champion Belt"},{"floor":23,"key":"Bottled Lightning"}],"event_choices":[{"damage_healed":0,"gold_gain":75,"player_choice":"Gold","damage_taken":11,"max_hp_gain":0,"max_hp_loss":0,"event_name":"betterThird:BetterGoop","floor":2,"gold_loss":0},{"damage_healed":0,"gold_gain":0,"player_choice":"Donut","damage_taken":0,"max_hp_gain":5,"max_hp_loss":0,"event_name":"Big Fish","floor":14,"gold_loss":0},{"cards_removed":["Strike_R"],"damage_healed":0,"gold_gain":0,"player_choice":"Gave Gold","damage_taken":0,"max_hp_gain":0,"max_hp_loss":0,"event_name":"Beggar","floor":19,"gold_loss":75}],"is_beta":false,"boss_relics":[{"not_picked":["REME_DuelDisc","energizedSpire:DeadBattery"],"picked":"reliquary:BigHammer"}],"items_purged_floors":[],"is_endless":false,"potions_floor_spawned":[3,4,11,18,20,22],"killed_by":"Nightmare","ascension_level":4}}