{"host":"sav7uxregyirlf69","time":1613869599,"event":{"mods":["AchievementEnabler","BaseMod","Colored Map","DeckTracker","Keyboard Shortcuts","Minty Spire (QoL Compilation)","READ ME - Guardian Mod","StSLib","SuperFastMode"],"gold_per_floor":[13,13,28,28,28,28,43,64,91,126,126,149,149,74,74,169,169,190,215,233,233,249,249,249,272,319,331,331],"floor_reached":27,"language":"KOR","playtime":436,"items_purged":["Defend_G"],"score":430,"play_id":"7a2eaade-0e70-42ee-ad4c-786a7eaa81a8","local_time":"20210221100639","is_ascension_mode":true,"campfire_choices":[{"data":"Glass Knife","floor":6.0,"key":"SMITH"},{"data":"Envenom","floor":11.0,"key":"SMITH"},{"data":"Neutralize","floor":13.0,"key":"SMITH"},{"data":"Footwork","floor":15.0,"key":"SMITH"},{"floor":23.0,"key":"REST"}],"circlet_count":0,"master_deck":["AscendersBane","Strike_G","Strike_G","Defend_G","Defend_G","Defend_G","Survivor","Neutralize+1","Footwork+1","Riddle With Holes","Glass Knife+1","Envenom+1","Corpse Explosion","Outmaneuver+1","Well Laid Plans+1","Finisher+1","Dash+1","Ghostly","Ghostly","Ghostly","PiercingWail+1","Catalyst"],"relics":["Ring of the Snake","Lizard Tail","Golden Idol","Nunchaku","Tiny Chest","Astrolabe","Sundial","MawBank"],"acts_visited":["Exordium","TheCity"],"potions_floor_usage":[27],"damage_taken":[{"damage":2.0,"enemies":"Small Slimes","floor":1.0,"turns":6.0},{"damage":2.0,"enemies":"Jaw Worm","floor":3.0,"turns":5.0},{"damage":0.0,"enemies":"Cultist","floor":7.0,"turns":3.0},{"damage":2.0,"enemies":"Blue Slaver","floor":8.0,"turns":3.0},{"damage":8.0,"enemies":"Gremlin Nob","floor":10.0,"turns":3.0},{"damage":7.0,"enemies":"3 Louse","floor":12.0,"turns":4.0},{"damage":33.0,"enemies":"Slime Boss","floor":16.0,"turns":12.0},{"damage":19.0,"enemies":"2 Thieves","floor":18.0,"turns":2.0},{"damage":4.0,"enemies":"3 Byrds","floor":19.0,"turns":2.0},{"damage":50.0,"enemies":"Sentry and Sphere","floor":20.0,"turns":8.0},{"damage":6.0,"enemies":"3 Cultists","floor":22.0,"turns":4.0},{"damage":2.0,"enemies":"Cultist and Chosen","floor":25.0,"turns":7.0},{"damage":12,"enemies":"Slavers","floor":27,"turns":4}],"seed_played":"-473460073754645349","potions_obtained":[{"floor":1.0,"key":"Block Potion"},{"floor":12.0,"key":"Strength Potion"},{"floor":16.0,"key":"Regen Potion"},{"floor":18.0,"key":"Block Potion"},{"floor":25.0,"key":"Block Potion"}],"is_trial":false,"path_per_floor":["M","?","M","?","$","R","M","M","T","E","R","M","R","$","R","B",null,"M","M","M","?","M","R","T","M","T","E"],"character_chosen":"THE_SILENT","items_purchased":[],"campfire_rested":1,"item_purchase_floors":[],"current_hp_per_floor":[57,57,55,55,55,55,55,53,53,45,45,38,38,38,38,5,46,27,28,9,9,3,12,12,10,10,0,0],"gold":331,"neow_bonus":"ONE_RARE_RELIC","is_daily":false,"chose_seed":false,"campfire_upgraded":4,"win_rate":0.0,"timestamp":1613869599,"path_taken":["M","?","M","?","$","R","M","M","T","E","R","M","R","?","R","BOSS","M","M","?","?","M","R","?","M","T","E"],"items_purchased_type":[],"build_version":"2020-12-22","purchased_purges":1,"victory":false,"max_hp_per_floor":[66,60,60,60,60,60,60,60,60,60,60,60,60,60,60,60,60,60,60,60,30,30,30,30,30,30,30,30],"card_choices":[{"not_picked":["Escape Plan","Bane"],"picked":"Footwork","floor":1.0},{"not_picked":["Prepared","Deflect"],"picked":"Riddle With Holes","floor":3.0},{"not_picked":["Bane","Poisoned Stab"],"picked":"Envenom","floor":7.0},{"not_picked":["Eviscerate","PiercingWail","Underhanded Strike"],"picked":"SKIP","floor":8.0},{"not_picked":["Flying Knee","Calculated Gamble","Backflip"],"picked":"SKIP","floor":10.0},{"not_picked":["Catalyst","Blur","Outmaneuver"],"picked":"SKIP","floor":12.0},{"not_picked":["Envenom","Grand Finale"],"picked":"Corpse Explosion","floor":16.0},{"not_picked":["Endless Agony","Cloak And Dagger","Flying Knee"],"picked":"SKIP","floor":18.0},{"not_picked":["Deadly Poison","Dagger Spray","Outmaneuver"],"picked":"SKIP","floor":19.0},{"not_picked":["Dodge and Roll","Prepared"],"picked":"Dash+1","floor":20.0},{"not_picked":["Reflex","Terror"],"picked":"PiercingWail+1","floor":22.0},{"not_picked":["Bullet Time","Concentrate+1"],"picked":"Catalyst","floor":25.0}],"player_experience":1637525,"relics_obtained":[{"floor":9.0,"key":"Nunchaku"},{"floor":10.0,"key":"Tiny Chest"},{"floor":24.0,"key":"Sundial"},{"floor":26.0,"key":"MawBank"}],"event_choices":[{"damage_healed":0.0,"max_hp_gain":0.0,"max_hp_loss":6.0,"gold_gain":0.0,"event_name":"Golden Idol","player_choice":"Lose Max HP","floor":2.0,"gold_loss":0.0,"damage_taken":0.0,"relics_obtained":["Golden Idol"]},{"damage_healed":0.0,"max_hp_gain":0.0,"max_hp_loss":0.0,"gold_gain":0.0,"cards_transformed":["Strike_G"],"event_name":"Living Wall","player_choice":"Change","floor":4.0,"gold_loss":0.0,"damage_taken":0.0,"cards_obtained":["Glass Knife"]},{"damage_healed":0.0,"max_hp_gain":0.0,"max_hp_loss":30.0,"gold_gain":0.0,"event_name":"Ghosts","player_choice":"Became a Ghost","floor":21.0,"gold_loss":0.0,"damage_taken":0.0,"cards_obtained":["Ghostly","Ghostly","Ghostly"]}],"is_beta":false,"boss_relics":[{"not_picked":["Busted Crown","Calling Bell"],"picked":"Astrolabe"}],"items_purged_floors":[14],"is_endless":false,"potions_floor_spawned":[1,12,16,18,25],"killed_by":"Slavers","ascension_level":20}}