{"host":"9ndbo4kgsfoemf7y","time":1613885762,"event":{"mods":["AchievementEnabler","BaseMod","Colored Map","DeckTracker","Keyboard Shortcuts","Minty Spire (QoL Compilation)","Permanent Neow","Quick Restart","Relic Stats","StSLib","SuperFastMode"],"gold_per_floor":[11,21,34,49,49,84,84,116,116,132,132,19,48,59,59,161,161,175,175,175,244,260,260,270,270,324,354,354,17,44,62,62,159,159,169,0,16,66,116,147,147,41,41,41,41,91,153,167,167,167],"floor_reached":51,"language":"KOR","playtime":2277,"items_purged":["Strike_B"],"score":1203,"play_id":"111ba90a-7dbd-4105-9fdc-67be3e9f0c4e","local_time":"20210221143602","is_ascension_mode":true,"campfire_choices":[{"floor":7,"key":"REST"},{"data":"Apotheosis","floor":11,"key":"SMITH"},{"data":"Hologram","floor":15,"key":"SMITH"},{"data":"Ghostly","floor":23,"key":"SMITH"},{"data":"Ghostly","floor":25,"key":"SMITH"},{"data":"Ghostly","floor":28,"key":"SMITH"},{"floor":32,"key":"REST"},{"floor":41,"key":"REST"},{"floor":45,"key":"DIG"},{"floor":49,"key":"DIG"}],"circlet_count":0,"master_deck":["AscendersBane","Strike_B","Strike_B","Strike_B","Defend_B","Defend_B","Defend_B","Defend_B","Zap","Apotheosis+1","Leap","Go for the Eyes","Redo","Loop","Auto Shields","Hologram+1","Coolheaded","Defragment","Double Energy","Echo Form","Electrodynamics","Redo+1","Ghostly+1","Ghostly+1","Ghostly+1","Ghostly","Ghostly","Sweeping Beam","Barrage+1","Aggregate","Defragment","Glacier","Biased Cognition","Beam Cell+1","Reinforced Body","Heatsinks+1","Hologram+1"],"relics":["Cracked Core","Strawberry","MealTicket","Mercury Hourglass","Dead Branch","Nuclear Battery","SsserpentHead","Happy Flower","Oddly Smooth Stone","OrangePellets","Regal Pillow","Inserter","Red Mask","Art of War","Bag of Marbles","Shovel","Nunchaku","HornCleat","Centennial Puzzle"],"acts_visited":["Exordium","TheCity","TheBeyond"],"potions_floor_usage":[6,8,13,30,37],"damage_taken":[{"damage":0,"enemies":"Cultist","floor":1,"turns":3},{"damage":7,"enemies":"Jaw Worm","floor":2,"turns":3},{"damage":4,"enemies":"2 Louse","floor":3,"turns":3},{"damage":12,"enemies":"Exordium Thugs","floor":4,"turns":4},{"damage":22,"enemies":"3 Sentries","floor":6,"turns":7},{"damage":4,"enemies":"Lagavulin","floor":8,"turns":8},{"damage":0,"enemies":"3 Louse","floor":10,"turns":2},{"damage":2,"enemies":"Gremlin Nob","floor":13,"turns":3},{"damage":2,"enemies":"Exordium Wildlife","floor":14,"turns":3},{"damage":14,"enemies":"Slime Boss","floor":16,"turns":8},{"damage":18,"enemies":"Shell Parasite","floor":18,"turns":5},{"damage":2,"enemies":"Chosen","floor":21,"turns":4},{"damage":0,"enemies":"Snecko","floor":22,"turns":7},{"damage":0,"enemies":"Centurion and Healer","floor":24,"turns":5},{"damage":9,"enemies":"Gremlin Leader","floor":27,"turns":8},{"damage":19,"enemies":"Slavers","floor":30,"turns":4},{"damage":12,"enemies":"Sentry and Sphere","floor":31,"turns":4},{"damage":0,"enemies":"Automaton","floor":33,"turns":9},{"damage":0,"enemies":"3 Shapes","floor":35,"turns":5},{"damage":37,"enemies":"3 Darklings","floor":37,"turns":4},{"damage":29,"enemies":"Giant Head","floor":40,"turns":11},{"damage":9,"enemies":"4 Shapes","floor":47,"turns":6},{"damage":2,"enemies":"Jaw Worm Horde","floor":48,"turns":5},{"damage":2,"enemies":"Donu and Deca","floor":50,"turns":11}],"seed_played":"4306772880411844229","potions_obtained":[{"floor":3,"key":"LiquidBronze"},{"floor":4,"key":"Swift Potion"},{"floor":6,"key":"AttackPotion"},{"floor":8,"key":"SkillPotion"},{"floor":10,"key":"EssenceOfDarkness"},{"floor":18,"key":"SpeedPotion"},{"floor":21,"key":"CultistPotion"},{"floor":31,"key":"PowerPotion"},{"floor":37,"key":"GamblersBrew"},{"floor":48,"key":"ColorlessPotion"}],"is_trial":false,"path_per_floor":["M","M","M","M","?","E","R","E","T","M","R","$","E","M","R","B",null,"M","?","?","M","M","R","M","R","T","E","R","$","E","M","R","B",null,"M","?","M","?","?","E","R","$","T","$","R","T","M","M","R","B",null],"character_chosen":"DEFECT","items_purchased":["Defragment","Double Energy","OrangePellets","Aggregate","Defragment","Bag of Marbles"],"campfire_rested":3,"item_purchase_floors":[12,12,29,29,29,42],"current_hp_per_floor":[68,61,57,45,38,23,47,43,43,43,43,58,56,54,54,40,72,54,41,41,39,39,39,39,39,39,30,30,41,22,10,37,37,40,40,40,3,3,36,7,32,36,36,36,36,36,27,25,25,23],"gold":167,"neow_bonus":"RANDOM_COLORLESS_2","is_daily":false,"chose_seed":false,"campfire_upgraded":5,"win_rate":0.0,"timestamp":1613885762,"path_taken":["M","?","M","M","?","E","R","E","T","?","R","$","E","M","R","BOSS","M","?","?","?","M","R","M","R","T","E","R","$","E","M","R","BOSS","M","?","M","?","?","E","R","?","T","$","R","?","?","M","R","BOSS"],"items_purchased_type":["Card","Card","Relic","Card","Card","Relic"],"build_version":"2020-12-22","purchased_purges":1,"victory":true,"max_hp_per_floor":[75,75,75,75,75,82,82,82,82,82,82,82,82,82,82,82,82,82,41,41,41,41,41,41,41,41,41,41,41,41,41,41,41,41,41,41,41,41,36,36,36,36,36,36,36,36,36,36,36,36],"relic_stats":{"Regal Pillow":30,"Inserter":[21],"Happy Flower":[22],"counters":[24,129],"Dead Branch":[82],"Mercury Hourglass":[431],"SsserpentHead":350,"OrangePellets":[3],"Nunchaku":[2],"Centennial Puzzle":[3],"Shovel":2,"MealTicket":30,"Art of War":[4],"obtain_stats":[{"Regal Pillow":30,"Inserter":34,"Happy Flower":26,"Dead Branch":13,"Oddly Smooth Stone":27,"Mercury Hourglass":9,"Nuclear Battery":17,"SsserpentHead":20,"OrangePellets":29,"Nunchaku":45,"Centennial Puzzle":49,"Shovel":43,"HornCleat":46,"Strawberry":6,"MealTicket":8,"Red Mask":36,"Art of War":40,"Bag of Marbles":42,"Cracked Core":0},{"Regal Pillow":16,"Inserter":18,"Happy Flower":14,"Dead Branch":8,"Oddly Smooth Stone":15,"Mercury Hourglass":6,"Nuclear Battery":10,"SsserpentHead":11,"OrangePellets":15,"Nunchaku":21,"Centennial Puzzle":23,"Shovel":21,"HornCleat":21,"Strawberry":5,"MealTicket":6,"Red Mask":19,"Art of War":21,"Bag of Marbles":21,"Cracked Core":0},{"Regal Pillow":75,"Inserter":88,"Happy Flower":63,"Dead Branch":33,"Oddly Smooth Stone":71,"Mercury Hourglass":28,"Nuclear Battery":43,"SsserpentHead":48,"OrangePellets":71,"Nunchaku":107,"Centennial Puzzle":118,"Shovel":107,"HornCleat":107,"Strawberry":20,"MealTicket":28,"Red Mask":92,"Art of War":107,"Bag of Marbles":107,"Cracked Core":0}]},"card_choices":[{"not_picked":["Chrysalis","HandOfGreed"],"picked":"Apotheosis","floor":0},{"not_picked":["Stack","Steam"],"picked":"Leap","floor":1},{"not_picked":["Compile Driver","Ball Lightning"],"picked":"Go for the Eyes","floor":2},{"not_picked":["Compile Driver","Turbo"],"picked":"Redo","floor":3},{"not_picked":["Hologram","Beam Cell"],"picked":"Loop","floor":4},{"not_picked":["Gash","Force Field"],"picked":"Auto Shields","floor":6},{"not_picked":["Compile Driver","Turbo"],"picked":"Hologram","floor":8},{"not_picked":["Auto Shields","Compile Driver"],"picked":"Coolheaded","floor":10},{"not_picked":["Scrape","Stack"],"picked":"Echo Form","floor":13},{"not_picked":["Barrage","Darkness","Redo"],"picked":"SKIP","floor":14},{"not_picked":["Hyperbeam","Thunder Strike"],"picked":"Electrodynamics","floor":16},{"not_picked":["Go for the Eyes","Turbo+1"],"picked":"Redo+1","floor":18},{"not_picked":["Streamline+1","Turbo+1"],"picked":"Sweeping Beam","floor":21},{"not_picked":["Compile Driver","Beam Cell"],"picked":"Barrage+1","floor":22},{"not_picked":["Barrage","Leap+1","Creative AI"],"picked":"SKIP","floor":24},{"not_picked":["Rebound","Steam","Turbo"],"picked":"SKIP","floor":27},{"not_picked":["Rebound","Turbo"],"picked":"Glacier","floor":30},{"not_picked":["Sweeping Beam","Streamline","Stack"],"picked":"SKIP","floor":31},{"not_picked":["Meteor Strike","Fission"],"picked":"Biased Cognition","floor":33},{"not_picked":["Hologram+1","Fusion+1"],"picked":"Beam Cell+1","floor":35},{"not_picked":["Compile Driver","Sweeping Beam"],"picked":"Reinforced Body","floor":37},{"not_picked":["Reprogram+1","Steam"],"picked":"Heatsinks+1","floor":40},{"not_picked":["Melter+1","Scrape"],"picked":"Hologram+1","floor":47},{"not_picked":["Rebound","Ball Lightning+1","Barrage"],"picked":"SKIP","floor":48}],"player_experience":874724,"relics_obtained":[{"floor":6,"key":"Strawberry"},{"floor":8,"key":"MealTicket"},{"floor":9,"key":"Mercury Hourglass"},{"floor":13,"key":"Dead Branch"},{"floor":26,"key":"Happy Flower"},{"floor":27,"key":"Oddly Smooth Stone"},{"floor":30,"key":"Regal Pillow"},{"floor":40,"key":"Art of War"},{"floor":43,"key":"Shovel"},{"floor":45,"key":"Nunchaku"},{"floor":46,"key":"HornCleat"},{"floor":49,"key":"Centennial Puzzle"}],"event_choices":[{"damage_healed":0,"gold_gain":0,"player_choice":"Damaged","damage_taken":7,"max_hp_gain":0,"max_hp_loss":0,"event_name":"Wheel of Change","floor":5,"gold_loss":0},{"damage_healed":0,"gold_gain":0,"player_choice":"Became a Ghost","damage_taken":0,"max_hp_gain":0,"max_hp_loss":41,"event_name":"Ghosts","floor":19,"gold_loss":0,"cards_obtained":["Ghostly","Ghostly","Ghostly","Ghostly","Ghostly"]},{"damage_healed":0,"gold_gain":0,"player_choice":"Trade","damage_taken":0,"relics_obtained":["SsserpentHead"],"max_hp_gain":0,"max_hp_loss":0,"event_name":"FaceTrader","floor":20,"gold_loss":0},{"damage_healed":0,"gold_gain":0,"player_choice":"Paid","damage_taken":0,"relics_obtained":["Red Mask"],"max_hp_gain":0,"max_hp_loss":0,"event_name":"Tomb of Lord Red Mask","floor":36,"gold_loss":219},{"cards_removed":["Dualcast"],"damage_healed":0,"gold_gain":0,"player_choice":"Removed Skill","damage_taken":0,"max_hp_gain":0,"max_hp_loss":0,"event_name":"Falling","floor":38,"gold_loss":0},{"damage_healed":36,"gold_gain":0,"player_choice":"Heal","damage_taken":0,"max_hp_gain":0,"max_hp_loss":5,"event_name":"The Moai Head","floor":39,"gold_loss":0}],"is_beta":false,"boss_relics":[{"not_picked":["Ectoplasm","Runic Pyramid"],"picked":"Nuclear Battery"},{"not_picked":["Astrolabe","Empty Cage"],"picked":"Inserter"}],"items_purged_floors":[29],"is_endless":false,"potions_floor_spawned":[3,4,6,8,10,18,21,22,31,37,40,48],"ascension_level":10}}