{"host":"df48i9djcn92c5sx","time":1613912856,"event":{"mods":["Act Like it!","Arknights","BaseMod","Decade(王小明)","Downfall","Gensokyo","Marisa（F雨　魔理沙）","Minty Spire (QoL Compilation)","READ ME - Guardian Mod","READ ME - Snecko Mod","Reimu（博丽灵梦）","Remilia（蕾米莉亚）","Shop Mod","StSLib","The Jungle","The Servant 0.9.4"],"gold_per_floor":[99,99,99,99,109,109,109,109,128,128,128,39,39,65,79,79,79,79],"floor_reached":16,"language":"ZHS","playtime":530,"items_purged":[],"score":106,"play_id":"1b0014ed-0a94-41d8-bdd8-adacf780afd1","local_time":"20210221210736","is_ascension_mode":true,"campfire_choices":[{"data":"champ:Taunt","floor":1,"key":"SMITH"},{"data":"champ:StanceDance","floor":6,"key":"SMITH"},{"data":"champ:ArenaPreparation","floor":8,"key":"SMITH"},{"data":"champ:TornadoPunch","floor":10,"key":"SMITH"},{"data":"champ:IgnorePain","floor":13,"key":"SMITH"}],"circlet_count":0,"master_deck":["champ:Strike","champ:Strike","champ:Strike","champ:Strike","champ:Defend","champ:Defend","champ:Defend","champ:Defend","champ:Execute","champ:Taunt+1","champ:ShieldWall","champ:StanceDance+1","champ:ArenaPreparation+1","champ:TornadoPunch+1","champ:IgnorePain+1","champ:EnchantCrown","champ:Endure"],"relics":["champ:ChampionCrown","downfall:HeartsMalice","Pantograph","champ:DefensiveTrainingManual"],"acts_visited":["Exordium"],"potions_floor_usage":[14,16],"damage_taken":[{"damage":0,"enemies":"Small Slimes","floor":2,"turns":1},{"damage":0,"enemies":"Cultist","floor":3,"turns":1},{"damage":0,"enemies":"2 Louse","floor":4,"turns":1},{"damage":29,"enemies":"Blue Slaver","floor":5,"turns":5},{"damage":18,"enemies":"3 Louse","floor":9,"turns":3},{"damage":15,"enemies":"downfall:FleeingMerchant","floor":12,"turns":4},{"damage":15,"enemies":"Gremlin Nob","floor":14,"turns":4},{"damage":8,"enemies":"Large Slime","floor":15,"turns":6},{"damage":51,"enemies":"WA_ARCHETYPE_RETAIN","floor":16,"turns":6}],"seed_played":"955245890623574596","potions_obtained":[{"floor":5,"key":"Weak Potion"},{"floor":15,"key":"bronze:BurnAndBuffPotion"}],"is_trial":false,"path_per_floor":["R","M","M","M","M","R","T","R","M","R","?","$","R","E","M","B"],"character_chosen":"THE_CHAMP","items_purchased":["champ:IgnorePain"],"campfire_rested":0,"item_purchase_floors":[12],"current_hp_per_floor":[90,90,90,90,81,81,81,81,63,63,48,48,48,33,25,0,0,0],"gold":79,"neow_bonus":"THREE_ENEMY_KILL","is_daily":false,"chose_seed":false,"campfire_upgraded":5,"win_rate":0.0,"timestamp":1613912856,"path_taken":["R","M","M","M","M","R","T","R","M","R","?","?","R","E","M","BOSS"],"items_purchased_type":["Card"],"build_version":"2020-12-22","purchased_purges":0,"victory":false,"max_hp_per_floor":[90,90,90,90,90,90,90,90,90,90,90,90,90,90,90,90,90,90],"card_choices":[{"not_picked":["champ:BladeFlurry","champ:GutPunch","champ:DeathBlow"],"picked":"SKIP","floor":2},{"not_picked":["champ:Circumvent","champ:FlashCut"],"picked":"champ:ShieldWall","floor":3},{"not_picked":["champ:PreemptiveStrike","champ:PerfectedStrike"],"picked":"champ:StanceDance","floor":4},{"not_picked":["champ:StanceDance","champ:Circumvent"],"picked":"champ:ArenaPreparation","floor":5},{"not_picked":["champ:DeathBlow","champ:ShieldSigil"],"picked":"champ:TornadoPunch","floor":9},{"not_picked":["champ:GladiatorStyle","champ:ShieldWall","champ:PreemptiveStrike"],"picked":"SKIP","floor":12},{"not_picked":["champ:DefensiveShout","champ:GutPunch"],"picked":"champ:EnchantCrown","floor":14},{"not_picked":["champ:EnGarde","champ:IronFortress"],"picked":"champ:Endure","floor":15}],"player_experience":1604617,"relics_obtained":[{"floor":7,"key":"Pantograph"},{"floor":14,"key":"champ:DefensiveTrainingManual"}],"event_choices":[],"is_beta":false,"boss_relics":[],"items_purged_floors":[],"is_endless":false,"potions_floor_spawned":[5,15],"killed_by":"WA_ARCHETYPE_RETAIN","ascension_level":2}}