{"host":"jgl9m63d23sfproq","time":1613871814,"event":{"mods":["Act Like it!","Aspiration","BaseMod","Colored Map","Conspire","DeckTracker","Downfall","Hermit","Minty Spire (QoL Compilation)","Replay The Spire","Robot Space Explorer","StSLib","The Bug Knight","The Cursed","The Runesmith","The Servant 0.9.4"],"gold_per_floor":[117,117,217,233,253,253,253,349,376,410,410,430,463,481,481,481,481],"floor_reached":16,"language":"ZHS","playtime":578,"items_purged":[],"score":110,"play_id":"2eda6af6-4e00-4aa7-9384-9f7172d7c8f0","local_time":"20210221094334","is_ascension_mode":false,"campfire_choices":[{"floor":6,"key":"RECALL"},{"floor":15,"key":"REST"}],"circlet_count":0,"master_deck":["Strike_G","Strike_G","Strike_G","Strike_G","Strike_G","Defend_G","Defend_G","Defend_G","Defend_G","Defend_G","Survivor","Neutralize","Blade Dance+1","Hidden Blade","Endless Agony","Escape Plan","Escape Plan","Hidden Blade","Cloak And Dagger"],"relics":["Ring of the Snake","NeowsBlessing","ReplayTheSpireMod:Ring of Collecting","Replay:Rubber Ducky","Bronze Scales","Toy Ornithopter"],"acts_visited":["Exordium"],"potions_floor_usage":[13],"damage_taken":[{"damage":0,"enemies":"Jaw Worm","floor":1,"turns":1},{"damage":0,"enemies":"2 Louse","floor":4,"turns":1},{"damage":0,"enemies":"Cultist","floor":5,"turns":1},{"damage":23,"enemies":"3 Sentries","floor":10,"turns":10},{"damage":0,"enemies":"3 Louse","floor":12,"turns":2},{"damage":15,"enemies":"Lagavulin","floor":13,"turns":7},{"damage":0,"enemies":"Large Slime","floor":14,"turns":6},{"damage":55,"enemies":"Fading Forest","floor":16,"turns":7}],"seed_played":"271701557522593808","potions_obtained":[{"floor":10,"key":"ColorlessPotion"},{"floor":14,"key":"champ:CounterPotion"}],"is_trial":false,"path_per_floor":["M","?","?","M","M","R","?","?","T","E","?","M","E","M","R","B"],"character_chosen":"THE_SILENT","items_purchased":[],"campfire_rested":1,"item_purchase_floors":[],"current_hp_per_floor":[70,75,75,75,75,75,75,57,57,34,34,34,19,19,41,0,0],"gold":481,"neow_bonus":"THREE_ENEMY_KILL","is_daily":false,"chose_seed":false,"campfire_upgraded":0,"win_rate":0.0,"timestamp":1613871814,"path_taken":["M","?","?","M","?","R","?","?","T","E","?","M","E","M","R","BOSS"],"items_purchased_type":[],"build_version":"2020-12-22","purchased_purges":0,"victory":false,"max_hp_per_floor":[70,75,75,75,75,75,75,75,75,75,75,75,75,75,75,75,75],"card_choices":[{"not_picked":["Cloak And Dagger","Slice"],"picked":"Blade Dance","floor":1},{"not_picked":["Setup","Outmaneuver"],"picked":"Hidden Blade","floor":4},{"not_picked":["PiercingWail","Backflip","Dagger Throw"],"picked":"SKIP","floor":5},{"not_picked":["Deflect","Hidden Blade"],"picked":"Endless Agony","floor":8},{"not_picked":["Replay:Poison Smokescreen","Quick Slash"],"picked":"Escape Plan","floor":8},{"not_picked":["Hidden Blade","Finisher"],"picked":"Escape Plan","floor":8},{"not_picked":["Grand Finale","Prepared"],"picked":"Hidden Blade","floor":10},{"not_picked":["Footwork","Catalyst"],"picked":"Cloak And Dagger","floor":12},{"not_picked":["Outmaneuver","Distraction","Acrobatics"],"picked":"SKIP","floor":13},{"not_picked":["Dodge and Roll","Concentrate","Dagger Spray"],"picked":"SKIP","floor":14}],"player_experience":36049,"relics_obtained":[{"floor":7,"key":"ReplayTheSpireMod:Ring of Collecting"},{"floor":9,"key":"Replay:Rubber Ducky"},{"floor":10,"key":"Bronze Scales"},{"floor":13,"key":"Toy Ornithopter"}],"event_choices":[{"damage_healed":0,"gold_gain":0,"player_choice":"Donut","damage_taken":0,"max_hp_gain":5,"max_hp_loss":0,"event_name":"Big Fish","floor":2,"gold_loss":0},{"damage_healed":0,"gold_gain":100,"player_choice":"Pray","damage_taken":0,"max_hp_gain":0,"max_hp_loss":0,"event_name":"Golden Shrine","floor":3,"gold_loss":0},{"damage_healed":0,"gold_gain":0,"player_choice":"Forge","damage_taken":0,"max_hp_gain":0,"max_hp_loss":0,"event_name":"Accursed Blacksmith","floor":11,"gold_loss":0,"cards_upgraded":["Blade Dance"]}],"is_beta":false,"boss_relics":[],"items_purged_floors":[],"is_endless":false,"potions_floor_spawned":[10,14],"killed_by":"Fading Forest","ascension_level":0}}