{"host":"kda2p2afd6bvz6qo","time":1613872124,"event":{"mods":["BaseMod","Colored Map","Minty Spire (QoL Compilation)","Relic Stats"],"gold_per_floor":[110,110,110,122,43,78,151,185,209,11,26,56,56,68,68,169,169,184,184,184,195,214,246,15,42,67,86,86,104,104,104,104,201,201,216,229,229,275,124,152,171,171,198,216,216,245,245,279,279,279,279,279,31,61,61],"floor_reached":56,"language":"ENG","playtime":2803,"items_purged":["Strike_R"],"score":1887,"play_id":"de8fbc1b-7473-4de4-ba59-cfb1d3813f9d","local_time":"20210221014844","is_ascension_mode":true,"campfire_choices":[{"data":"Flame Barrier","floor":13.0,"key":"SMITH"},{"data":"Berserk","floor":15.0,"key":"SMITH"},{"data":"Pommel Strike","floor":28.0,"key":"SMITH"},{"data":"Shockwave","floor":30.0,"key":"SMITH"},{"data":"Uppercut","floor":32.0,"key":"SMITH"},{"floor":42.0,"key":"DIG"},{"floor":45.0,"key":"DIG"},{"floor":49.0,"key":"RECALL"},{"floor":52.0,"key":"DIG"}],"circlet_count":0,"master_deck":["Strike_R","Strike_R","Strike_R","Strike_R","Defend_R+1","Defend_R+1","Defend_R","Defend_R","Bash","True Grit+1","Uppercut+1","Hemokinesis","Pommel Strike+1","Sword Boomerang","Flame Barrier+1","Berserk+1","Immolate","Clothesline","Warcry+1","Barricade","Disarm+1","Shockwave+1","Impervious","Entrench+1","Shrug It Off","Clothesline+1","Heavy Blade","Cleave+1","Carnage+1","Demon Form"],"relics":["Coffee Dripper","Bag of Preparation","Turnip","Letter Opener","Nunchaku","Red Skull","Anchor","Centennial Puzzle","Snecko Eye","MutagenicStrength","Ginger","ClockworkSouvenir","Regal Pillow","War Paint","Mark of Pain","WingedGreaves","Shovel","Medical Kit","Bag of Marbles","Molten Egg 2","Shuriken","Charon\u0027s Ashes","Pantograph","InkBottle","Bottled Tornado","Art of War"],"acts_visited":["Exordium","TheCity","TheBeyond","TheEnding"],"potions_floor_usage":[55],"damage_taken":[{"damage":5.0,"enemies":"Small Slimes","floor":1.0,"turns":3.0},{"damage":3.0,"enemies":"Jaw Worm","floor":4.0,"turns":3.0},{"damage":26.0,"enemies":"Lagavulin","floor":6.0,"turns":7.0},{"damage":8.0,"enemies":"Gremlin Nob","floor":8.0,"turns":3.0},{"damage":0.0,"enemies":"2 Louse","floor":11.0,"turns":1.0},{"damage":13.0,"enemies":"Lagavulin","floor":12.0,"turns":5.0},{"damage":0.0,"enemies":"Exordium Wildlife","floor":14.0,"turns":2.0},{"damage":2.0,"enemies":"Slime Boss","floor":16.0,"turns":3.0},{"damage":6.0,"enemies":"Spheric Guardian","floor":18.0,"turns":4.0},{"damage":2.0,"enemies":"3 Byrds","floor":21.0,"turns":2.0},{"damage":0.0,"enemies":"Shelled Parasite and Fungi","floor":22.0,"turns":2.0},{"damage":0.0,"enemies":"Slavers","floor":23.0,"turns":3.0},{"damage":21.0,"enemies":"Gremlin Leader","floor":25.0,"turns":4.0},{"damage":0.0,"enemies":"Cultist and Chosen","floor":27.0,"turns":3.0},{"damage":0.0,"enemies":"Centurion and Healer","floor":29.0,"turns":3.0},{"damage":1.0,"enemies":"Collector","floor":33.0,"turns":4.0},{"damage":0.0,"enemies":"3 Darklings","floor":35.0,"turns":4.0},{"damage":0.0,"enemies":"3 Shapes","floor":36.0,"turns":2.0},{"damage":3.0,"enemies":"2 Orb Walkers","floor":38.0,"turns":4.0},{"damage":0.0,"enemies":"Giant Head","floor":40.0,"turns":7.0},{"damage":0.0,"enemies":"Maw","floor":41.0,"turns":5.0},{"damage":2.0,"enemies":"Writhing Mass","floor":44.0,"turns":8.0},{"damage":13.0,"enemies":"Nemesis","floor":46.0,"turns":7.0},{"damage":0.0,"enemies":"Giant Head","floor":48.0,"turns":5.0},{"damage":47.0,"enemies":"Awakened One","floor":50.0,"turns":9.0},{"damage":4.0,"enemies":"Shield and Spear","floor":54.0,"turns":5.0},{"damage":75,"enemies":"The Heart","floor":55,"turns":7}],"seed_played":"-6161226005667761129","potions_obtained":[{"floor":6.0,"key":"ElixirPotion"},{"floor":11.0,"key":"Swift Potion"},{"floor":12.0,"key":"Energy Potion"},{"floor":25.0,"key":"SteroidPotion"},{"floor":27.0,"key":"BlessingOfTheForge"},{"floor":29.0,"key":"Dexterity Potion"},{"floor":33.0,"key":"FearPotion"},{"floor":36.0,"key":"DuplicationPotion"},{"floor":46.0,"key":"ElixirPotion"}],"is_trial":false,"path_per_floor":["M","?","?","M","$","E","T","E","T","$","M","E","R","M","R","B",null,"M","?","?","M","M","E","$","E","T","M","R","M","R","?","R","B",null,"M","M","T","?","$","E","M","R","T","M","R","E","?","E","R","B",null,"R","$","E","B",null],"character_chosen":"IRONCLAD","items_purchased":["Uppercut","Anchor","Sword Boomerang","ClockworkSouvenir","Medical Kit","Bottled Tornado"],"campfire_rested":0,"item_purchase_floors":[5,10,10,24,39,53],"current_hp_per_floor":[67,67,64,61,61,35,35,27,27,27,27,14,14,14,14,12,63,57,57,42,40,40,40,40,19,19,19,19,19,19,19,19,18,68,68,68,68,65,65,65,65,65,65,63,63,50,50,50,50,28,71,71,71,67,10],"gold":61,"neow_bonus":"BOSS_RELIC","is_daily":false,"chose_seed":false,"campfire_upgraded":5,"win_rate":0.0,"timestamp":1613872124,"path_taken":["M","?","?","M","$","E","?","E","T","?","M","E","R","M","R","BOSS","M","?","?","M","M","E","$","E","T","M","R","M","R","?","R","BOSS","M","M","?","?","$","E","?","R","T","M","R","E","?","E","R","BOSS","R","$","E","BOSS"],"items_purchased_type":["Card","Relic","Card","Relic","Relic","Relic"],"build_version":"2020-12-22","purchased_purges":1,"victory":true,"max_hp_per_floor":[80,80,80,80,80,80,80,80,80,80,80,80,80,80,80,80,80,80,80,85,85,85,85,85,85,85,85,85,85,85,85,85,85,85,85,85,85,85,85,85,85,85,85,85,85,85,85,85,85,85,85,85,85,85,85],"relic_stats":{"Regal Pillow":0,"counters":[27,115],"Charon\u0027s Ashes":[108],"Bag of Preparation":[52],"Letter Opener":[134],"Ginger":[13],"War Paint":["Defend_R","Defend_R"],"Medical Kit":[16],"Nunchaku":[19],"Centennial Puzzle":[33],"Shovel":3,"Shuriken":[13],"Pantograph":43,"Snecko Eye":[160,203,161,168],"Turnip":[11],"Art of War":[0],"obtain_stats":[{"Regal Pillow":25,"Bag of Preparation":3,"Ginger":23,"Bottled Tornado":53,"Burning Blood":0,"ClockworkSouvenir":24,"Nunchaku":8,"Centennial Puzzle":12,"Shovel":38,"Pantograph":48,"WingedGreaves":37,"Red Skull":9,"InkBottle":52,"Charon\u0027s Ashes":46,"Letter Opener":7,"War Paint":26,"Medical Kit":39,"Anchor":10,"Shuriken":45,"MutagenicStrength":19,"Snecko Eye":17,"Molten Egg 2":42,"Turnip":6,"Mark of Pain":34,"Coffee Dripper":0,"Bag of Marbles":40,"Art of War":54},{"Regal Pillow":13,"Bag of Preparation":1,"Ginger":12,"Bottled Tornado":25,"Burning Blood":0,"ClockworkSouvenir":12,"Nunchaku":4,"Centennial Puzzle":6,"Shovel":19,"Pantograph":24,"WingedGreaves":18,"Red Skull":4,"InkBottle":25,"Charon\u0027s Ashes":23,"Letter Opener":3,"War Paint":13,"Medical Kit":19,"Anchor":4,"Shuriken":22,"MutagenicStrength":9,"Snecko Eye":8,"Molten Egg 2":21,"Turnip":3,"Mark of Pain":16,"Coffee Dripper":0,"Bag of Marbles":20,"Art of War":26},{"Regal Pillow":42,"Bag of Preparation":3,"Ginger":38,"Bottled Tornado":103,"Burning Blood":0,"ClockworkSouvenir":38,"Nunchaku":16,"Centennial Puzzle":22,"Shovel":62,"Pantograph":94,"WingedGreaves":58,"Red Skull":16,"InkBottle":103,"Charon\u0027s Ashes":89,"Letter Opener":13,"War Paint":42,"Medical Kit":62,"Anchor":16,"Shuriken":82,"MutagenicStrength":31,"Snecko Eye":27,"Molten Egg 2":74,"Turnip":13,"Mark of Pain":52,"Coffee Dripper":0,"Bag of Marbles":69,"Art of War":108}],"InkBottle":[5]},"card_choices":[{"not_picked":["Perfected Strike","Combust"],"picked":"True Grit","floor":1.0},{"not_picked":["Anger","Sword Boomerang"],"picked":"Spot Weakness","floor":4.0},{"not_picked":["Rampage","Twin Strike"],"picked":"Hemokinesis","floor":6.0},{"not_picked":["Havoc","Combust"],"picked":"Pommel Strike","floor":8.0},{"not_picked":["Thunderclap","Pummel"],"picked":"Flame Barrier","floor":11.0},{"not_picked":["Intimidate","Carnage"],"picked":"Berserk","floor":12.0},{"not_picked":["Sword Boomerang","Rampage","Thunderclap"],"picked":"SKIP","floor":14.0},{"not_picked":["Demon Form","Exhume"],"picked":"Immolate","floor":16.0},{"not_picked":["Twin Strike","Sword Boomerang"],"picked":"Clothesline","floor":18.0},{"not_picked":["Armaments","Havoc"],"picked":"Warcry+1","floor":21.0},{"not_picked":["Warcry","Sword Boomerang","Flex+1"],"picked":"SKIP","floor":22.0},{"not_picked":["Sword Boomerang","Sentinel+1"],"picked":"Barricade","floor":23.0},{"not_picked":["Perfected Strike+1","Warcry"],"picked":"Disarm","floor":25.0},{"not_picked":["Pommel Strike","Twin Strike+1","Sentinel"],"picked":"SKIP","floor":27.0},{"not_picked":["True Grit","Metallicize"],"picked":"Shockwave","floor":29.0},{"not_picked":["Berserk","Barricade"],"picked":"Impervious","floor":33.0},{"not_picked":["Spot Weakness","True Grit"],"picked":"Entrench+1","floor":35.0},{"not_picked":["Havoc","Twin Strike"],"picked":"Shrug It Off","floor":36.0},{"not_picked":["Perfected Strike+1","Havoc"],"picked":"Clothesline+1","floor":38.0},{"not_picked":["Fiend Fire","Warcry+1"],"picked":"Heavy Blade","floor":40.0},{"not_picked":["Clash","Heavy Blade+1"],"picked":"Cleave+1","floor":41.0},{"not_picked":["Fire Breathing+1","Intimidate+1"],"picked":"Carnage+1","floor":44.0},{"not_picked":["Sever Soul+1","Clash+1"],"picked":"Demon Form","floor":46.0},{"not_picked":["Flex+1","Power Through","Perfected Strike+1"],"picked":"SKIP","floor":48.0},{"not_picked":["True Grit","Fiend Fire+1","Intimidate"],"picked":"SKIP","floor":54.0}],"player_experience":276207,"relics_obtained":[{"floor":6.0,"key":"Turnip"},{"floor":7.0,"key":"Letter Opener"},{"floor":8.0,"key":"Nunchaku"},{"floor":9.0,"key":"Red Skull"},{"floor":12.0,"key":"Centennial Puzzle"},{"floor":23.0,"key":"Ginger"},{"floor":25.0,"key":"Regal Pillow"},{"floor":26.0,"key":"War Paint"},{"floor":37.0,"key":"WingedGreaves"},{"floor":38.0,"key":"Shovel"},{"floor":40.0,"key":"Bag of Marbles"},{"floor":42.0,"key":"Molten Egg 2"},{"floor":45.0,"key":"Shuriken"},{"floor":46.0,"key":"Charon\u0027s Ashes"},{"floor":48.0,"key":"Pantograph"},{"floor":52.0,"key":"InkBottle"},{"floor":54.0,"key":"Art of War"}],"event_choices":[{"damage_healed":0.0,"max_hp_gain":0.0,"max_hp_loss":0.0,"gold_gain":0.0,"event_name":"Living Wall","player_choice":"Grow","floor":2.0,"gold_loss":0.0,"damage_taken":0.0,"cards_upgraded":["True Grit"]},{"damage_healed":0.0,"max_hp_gain":0.0,"max_hp_loss":0.0,"gold_gain":0.0,"event_name":"Scrap Ooze","player_choice":"Success","floor":3.0,"gold_loss":0.0,"damage_taken":3.0,"relics_obtained":["Bag of Preparation"]},{"damage_healed":0.0,"max_hp_gain":0.0,"max_hp_loss":0.0,"gold_gain":0.0,"event_name":"Drug Dealer","player_choice":"Inject Mutagens","floor":19.0,"gold_loss":0.0,"damage_taken":0.0,"relics_obtained":["MutagenicStrength"]},{"damage_healed":0.0,"max_hp_gain":5.0,"max_hp_loss":0.0,"gold_gain":0.0,"event_name":"Forgotten Altar","player_choice":"Shed Blood","floor":20.0,"gold_loss":0.0,"damage_taken":20.0},{"damage_healed":0.0,"max_hp_gain":0.0,"max_hp_loss":0.0,"gold_gain":0.0,"event_name":"Upgrade Shrine","player_choice":"Upgraded","floor":31.0,"gold_loss":0.0,"damage_taken":0.0,"cards_upgraded":["Disarm"]},{"damage_healed":0.0,"max_hp_gain":0.0,"max_hp_loss":0.0,"gold_gain":0.0,"event_name":"Mysterious Sphere","player_choice":"Fight","floor":38.0,"gold_loss":0.0,"damage_taken":0.0},{"cards_removed":["Spot Weakness"],"damage_healed":0.0,"max_hp_gain":0.0,"max_hp_loss":0.0,"gold_gain":0.0,"event_name":"Falling","player_choice":"Removed Skill","floor":47.0,"gold_loss":0.0,"damage_taken":0.0}],"is_beta":false,"boss_relics":[{"not_picked":["Ectoplasm","Fusion Hammer"],"picked":"Snecko Eye"},{"not_picked":["SacredBark","Runic Dome"],"picked":"Mark of Pain"}],"items_purged_floors":[24],"is_endless":false,"potions_floor_spawned":[6,11,12,25,27,29,33,36,46,48,54],"ascension_level":8}}