{"host":"93bjq340p293ukqy","time":1613933075,"event":{"mods":["BaseMod","Hermit","Minty Spire (QoL Compilation)","StSLib","The Cursed"],"gold_per_floor":[117,117,130,141,141,166,183,358,438,453,403,403,423,453,453,550,550,568,568,568,4,4,33,33,33,58,71,100,120,120,120,120,216,216,231,249,267,282,282,282,314,314,364,364,364],"floor_reached":44,"language":"ENG","playtime":2884,"items_purged":["Decay"],"score":709,"play_id":"783478af-8e7a-42d5-9d8c-7816222377e8","local_time":"20210221204435","is_ascension_mode":true,"campfire_choices":[{"floor":12.0,"key":"REST"},{"data":"Noxious Fumes","floor":15.0,"key":"SMITH"},{"floor":24.0,"key":"REST"},{"floor":32.0,"key":"REST"},{"floor":40,"key":"REST"},{"floor":42,"key":"RECALL"}],"circlet_count":0,"master_deck":["Defend_G","Defend_G","Defend_G","Defend_G","Defend_G","Survivor","Neutralize","Backflip","Noxious Fumes+1","Well Laid Plans","Blur","Tools of the Trade","Doubt","Tactician","Crippling Poison","Acrobatics","A Thousand Cuts","Infinite Blades","Terror","Dagger Throw+1","Bite","Bite","Bite","Bite","Bite","Catalyst","Noxious Fumes+1","Prepared","Writhe","Storm of Steel","Finisher+1","Caltrops+1","Leg Sweep+1","Noxious Fumes+1","Crippling Poison+1"],"relics":["Ring of the Snake","Tingsha","Turnip","Anchor","Eternal Feather","Juzu Bracelet","Fusion Hammer","Enchiridion","StoneCalendar","ClockworkSouvenir","Darkstone Periapt","Bronze Scales","Dream Catcher","Frozen Egg 2","Ice Cream","SlaversCollar","Ancient Tea Set","Oddly Smooth Stone"],"acts_visited":["Exordium","TheCity","TheBeyond"],"potions_floor_usage":[38,44,44],"damage_taken":[{"damage":0.0,"enemies":"2 Louse","floor":1.0,"turns":4.0},{"damage":0.0,"enemies":"Small Slimes","floor":3.0,"turns":5.0},{"damage":0.0,"enemies":"Jaw Worm","floor":4.0,"turns":4.0},{"damage":20.0,"enemies":"3 Sentries","floor":6.0,"turns":8.0},{"damage":7.0,"enemies":"Exordium Wildlife","floor":7.0,"turns":6.0},{"damage":0.0,"enemies":"3 Louse","floor":10.0,"turns":6.0},{"damage":1.0,"enemies":"Looter","floor":13.0,"turns":4.0},{"damage":14.0,"enemies":"Lagavulin","floor":14.0,"turns":8.0},{"damage":7.0,"enemies":"The Guardian","floor":16.0,"turns":11.0},{"damage":0.0,"enemies":"Shell Parasite","floor":18.0,"turns":7.0},{"damage":0.0,"enemies":"Spheric Guardian","floor":22.0,"turns":3.0},{"damage":18.0,"enemies":"Book of Stabbing","floor":23.0,"turns":7.0},{"damage":16.0,"enemies":"Snecko","floor":27.0,"turns":5.0},{"damage":19.0,"enemies":"Slavers","floor":28.0,"turns":4.0},{"damage":16.0,"enemies":"Centurion and Healer","floor":29.0,"turns":6.0},{"damage":48.0,"enemies":"Automaton","floor":33.0,"turns":8.0},{"damage":23,"enemies":"3 Shapes","floor":35,"turns":5},{"damage":4,"enemies":"Orb Walker","floor":36,"turns":4},{"damage":19,"enemies":"Sphere and 2 Shapes","floor":37,"turns":5},{"damage":1,"enemies":"4 Shapes","floor":38,"turns":6},{"damage":10,"enemies":"Giant Head","floor":41,"turns":7},{"damage":63,"enemies":"Reptomancer","floor":44,"turns":2}],"seed_played":"-5223532805660528561","potions_obtained":[{"floor":3.0,"key":"DistilledChaos"},{"floor":4.0,"key":"Weak Potion"},{"floor":6.0,"key":"Fruit Juice"},{"floor":10.0,"key":"Poison Potion"},{"floor":14.0,"key":"GhostInAJar"},{"floor":16.0,"key":"SmokeBomb"},{"floor":18.0,"key":"DuplicationPotion"},{"floor":33.0,"key":"Block Potion"},{"floor":36,"key":"SpeedPotion"},{"floor":41,"key":"PowerPotion"}],"is_trial":false,"path_per_floor":["M","?","M","M","$","E","M","?","T","M","?","R","M","E","R","B",null,"M","?","?","$","M","E","R","?","T","M","E","M","T","?","R","B",null,"M","M","M","M","?","R","E","R","T","E"],"character_chosen":"THE_SILENT","items_purchased":["StoneCalendar","Terror","ClockworkSouvenir"],"campfire_rested":4,"item_purchase_floors":[21,21,21],"current_hp_per_floor":[63,60,60,60,60,40,38,38,38,38,38,67,66,52,64,57,65,65,65,49,49,49,31,63,47,47,37,24,26,26,32,53,11,43,28,32,17,20,20,53,49,53,53,0,0],"gold":364,"neow_bonus":"ONE_RARE_RELIC","is_daily":false,"chose_seed":false,"campfire_upgraded":1,"win_rate":0.0,"timestamp":1613933075,"path_taken":["M","?","M","M","$","E","M","?","T","M","?","R","M","E","R","BOSS","M","?","?","$","M","E","R","?","T","M","E","M","?","?","R","BOSS","M","M","M","M","?","R","E","R","T","E"],"items_purchased_type":["Relic","Card","Relic"],"build_version":"2020-12-22","purchased_purges":1,"victory":false,"max_hp_per_floor":[63,63,63,63,63,63,68,68,68,68,68,68,68,68,68,68,68,68,68,68,68,68,68,68,47,47,47,47,47,47,53,53,53,53,53,53,53,53,53,53,53,53,53,53,53],"card_choices":[{"not_picked":["Flying Knee","Quick Slash"],"picked":"Backflip","floor":1.0},{"not_picked":["Dagger Spray","Sucker Punch"],"picked":"Noxious Fumes","floor":3.0},{"not_picked":["Riddle With Holes","Slice"],"picked":"Well Laid Plans","floor":4.0},{"not_picked":["Escape Plan","Heel Hook"],"picked":"Blur","floor":6.0},{"not_picked":["Terror","Flechettes"],"picked":"Tools of the Trade","floor":7.0},{"not_picked":["Bane","Slice"],"picked":"Tactician","floor":10.0},{"not_picked":["Poisoned Stab","Dagger Spray"],"picked":"Crippling Poison","floor":13.0},{"not_picked":["Bane","Sucker Punch"],"picked":"Acrobatics","floor":14.0},{"not_picked":["Doppelganger","Phantasmal Killer"],"picked":"A Thousand Cuts","floor":16.0},{"not_picked":["Finisher","Distraction"],"picked":"Infinite Blades","floor":18.0},{"not_picked":["Quick Slash","Bouncing Flask"],"picked":"Dagger Throw+1","floor":23.0},{"not_picked":["Cloak And Dagger","Flying Knee"],"picked":"Catalyst","floor":27.0},{"not_picked":["A Thousand Cuts","Outmaneuver"],"picked":"Noxious Fumes+1","floor":28.0},{"not_picked":["Flying Knee","Escape Plan"],"picked":"Prepared","floor":29.0},{"not_picked":["Glass Knife","Phantasmal Killer"],"picked":"Storm of Steel","floor":33.0},{"not_picked":["Sucker Punch+1","Accuracy+1"],"picked":"Finisher+1","floor":35},{"not_picked":["Heel Hook","Deflect"],"picked":"Caltrops+1","floor":36},{"not_picked":["Noxious Fumes+1","Masterful Stab"],"picked":"Leg Sweep+1","floor":37},{"not_picked":["Bane","Backflip"],"picked":"Noxious Fumes+1","floor":38},{"not_picked":["Dodge and Roll+1","Endless Agony"],"picked":"Crippling Poison+1","floor":41}],"player_experience":266305,"relics_obtained":[{"floor":6.0,"key":"Anchor"},{"floor":9.0,"key":"Eternal Feather"},{"floor":14.0,"key":"Juzu Bracelet"},{"floor":20.0,"key":"Enchiridion"},{"floor":23.0,"key":"Darkstone Periapt"},{"floor":26.0,"key":"Bronze Scales"},{"floor":28.0,"key":"Dream Catcher"},{"floor":30.0,"key":"Frozen Egg 2"},{"floor":41,"key":"Ancient Tea Set"},{"floor":43,"key":"Oddly Smooth Stone"}],"event_choices":[{"damage_healed":0.0,"max_hp_gain":0.0,"max_hp_loss":0.0,"gold_gain":0.0,"event_name":"Scrap Ooze","player_choice":"Success","floor":2.0,"gold_loss":0.0,"damage_taken":3.0,"relics_obtained":["Turnip"]},{"damage_healed":0.0,"max_hp_gain":0.0,"max_hp_loss":0.0,"gold_gain":175.0,"event_name":"Liars Game","player_choice":"AGREE","floor":8.0,"gold_loss":0.0,"damage_taken":0.0,"cards_obtained":["Doubt"]},{"cards_removed":["Strike_G"],"damage_healed":0.0,"max_hp_gain":0.0,"max_hp_loss":0.0,"gold_gain":0.0,"event_name":"The Cleric","player_choice":"Card Removal","floor":11.0,"gold_loss":50.0,"damage_taken":0.0},{"damage_healed":0.0,"max_hp_gain":0.0,"max_hp_loss":0.0,"gold_gain":0.0,"event_name":"Forgotten Altar","player_choice":"Smashed Altar","floor":19.0,"gold_loss":0.0,"damage_taken":0.0,"cards_obtained":["Decay"]},{"damage_healed":0.0,"max_hp_gain":0.0,"max_hp_loss":0.0,"gold_gain":0.0,"event_name":"Cursed Tome","player_choice":"Obtained Book","floor":20.0,"gold_loss":0.0,"damage_taken":16.0},{"damage_healed":0.0,"max_hp_gain":0.0,"max_hp_loss":21.0,"gold_gain":0.0,"event_name":"Vampires","player_choice":"Became a vampire","floor":25.0,"gold_loss":0.0,"damage_taken":0.0,"cards_obtained":["Bite","Bite","Bite","Bite","Bite"]},{"damage_healed":0.0,"max_hp_gain":0.0,"max_hp_loss":0.0,"gold_gain":0.0,"event_name":"The Mausoleum","player_choice":"Opened","floor":31.0,"gold_loss":0.0,"damage_taken":0.0,"relics_obtained":["Ice Cream"],"cards_obtained":["Writhe"]},{"damage_healed":0,"gold_gain":0,"player_choice":"Ignored","damage_taken":0,"max_hp_gain":0,"max_hp_loss":0,"event_name":"Tomb of Lord Red Mask","floor":39,"gold_loss":0}],"is_beta":false,"boss_relics":[{"not_picked":["Tiny House","WristBlade"],"picked":"Fusion Hammer"},{"not_picked":["Ring of the Serpent","Philosopher\u0027s Stone"],"picked":"SlaversCollar"}],"items_purged_floors":[21],"is_endless":false,"potions_floor_spawned":[3,4,6,10,14,16,18,22,33,36,41],"killed_by":"Reptomancer","ascension_level":7}}