{"host":"ovivighfa421z0zp","time":1613885729,"event":{"mods":["BaseMod","Colored Map","DeckTracker","Keyboard Shortcuts","Minty Spire (QoL Compilation)","Permanent Neow","Quick Restart","Replay The Spire","StSLib","SuperFastMode","The Cursed"],"gold_per_floor":[109,127,204,222,222,222,242,242,292,318,12,27,27,27,27,151,151,169,169,188,202,202,241,261,261,261,386,407,451,108,123,123,248,248,262,595,605,1604,990,1020,1020,1048,1072,1092,1092,1112,52,71,0,0],"floor_reached":51,"language":"KOR","playtime":4015,"items_purged":["TheCursedMod:Strike_TheCursed","TheCursedMod:Strike_TheCursed","Normality","Normality"],"score":1330,"play_id":"7be1202d-d433-47b0-8b74-79d6fcc49c4f","local_time":"20210221143529","is_ascension_mode":true,"campfire_choices":[{"floor":6.0,"key":"REST"},{"floor":8.0,"key":"REST"},{"data":"TheCursedMod:Strike_TheCursed","floor":15.0,"key":"PURGE"},{"floor":25.0,"key":"REST"},{"data":"TheCursedMod:Defend_TheCursed","floor":41.0,"key":"PURGE"}],"circlet_count":0,"master_deck":["AscendersBane","TheCursedMod:Defend_TheCursed","TheCursedMod:CursedWand+1","TheCursedMod:CleanUpWorkshop+1","TheCursedMod:Dregs","Master of Strategy+1","TheCursedMod:SpitefulPlan","TheCursedMod:SoulCrush","ReplayTheSpireMod:Splinters","TheCursedMod:CursedArmor","TheCursedMod:CircleOfAbyss","TheCursedMod:CursedBlade","TheCursedMod:SpitefulPlan","TheCursedMod:StingEye","TheCursedMod:CursedSpellbook","TheCursedMod:NeowsMight+1","TheCursedMod:LuckyCharm","TheCursedMod:SpitefulStrike","Regret","Injury","TheCursedMod:CollectTribute","TheCursedMod:ReleasedKnowledge","TheCursedMod:LuckyCharm","TheCursedMod:RapidMovement","TheCursedMod:NeowsMight+1","TheCursedMod:AshesToAshes+1","TheCursedMod:CircleOfCorruption+1","TheCursedMod:WearCloak+1","TheCursedMod:ManaBullet","TheCursedMod:ManaBullet","TheCursedMod:Obscuration+1","Panache","Apotheosis","Finesse","TheCursedMod:Wield+1","TheCursedMod:TacticalStrike","TheCursedMod:Wield","TheCursedMod:VoidForm","TheCursedMod:ReleasedKnowledge+1","Secret Technique","ReplayTheSpireMod:Splinters","TheCursedMod:LuckyCharm","TheCursedMod:AshesToAshes","TheCursedMod:RavingStaff","TheCursedMod:RapidMovement+1","Parasite","TheCursedMod:PrepareRite+1","TheCursedMod:VoidForm","Master of Strategy","TheCursedMod:SurpriseAttack","TheCursedMod:SurpriseAttack","TheCursedMod:DemonSword"],"relics":["TheCursedMod:BlackMagic101","Dream Catcher","Juzu Bracelet","Ancient Tea Set","Guide Book","Akabeko","Fusion Hammer","Nilry\u0027s Codex","Eternal Feather","ReplayTheSpireMod:Shallot","Pondfish Scales","TheCursedMod:BloodyHarpoon","Gremlin Horn","ReplayTheSpireMod:ShopPack","Runic Pyramid","War Paint","ReplayTheSpireMod:CursedCoin","Blue Doll","Peace Pipe","Smiling Mask","Vajra","TheCursedMod:DemonicMark","TheCursedMod:PinkPellets","Snack Pack","Lantern","Red Mask"],"acts_visited":["Exordium","TheCity","TheBeyond"],"potions_floor_usage":[50],"damage_taken":[{"damage":3.0,"enemies":"Cultist","floor":1.0,"turns":4.0},{"damage":4.0,"enemies":"Small Slimes","floor":2.0,"turns":4.0},{"damage":6.0,"enemies":"Jaw Worm","floor":4.0,"turns":6.0},{"damage":0.0,"enemies":"2 Fungi Beasts","floor":7.0,"turns":2.0},{"damage":9.0,"enemies":"Lagavulin","floor":10.0,"turns":8.0},{"damage":0.0,"enemies":"Exordium Thugs","floor":12.0,"turns":4.0},{"damage":13.0,"enemies":"Fading Forest","floor":16.0,"turns":11.0},{"damage":4.0,"enemies":"Spheric Guardian","floor":18.0,"turns":5.0},{"damage":4.0,"enemies":"Chosen","floor":20.0,"turns":4.0},{"damage":0.0,"enemies":"Snake Plant","floor":21.0,"turns":6.0},{"damage":8.0,"enemies":"Slavers","floor":23.0,"turns":5.0},{"damage":0.0,"enemies":"Cultist and Chosen","floor":24.0,"turns":4.0},{"damage":0.0,"enemies":"Colosseum Slavers","floor":27.0,"turns":1.0},{"damage":4.0,"enemies":"Colosseum Nobs","floor":27.0,"turns":4.0},{"damage":0.0,"enemies":"Chosen and Byrds","floor":28.0,"turns":4.0},{"damage":0.0,"enemies":"Gremlin Leader","floor":29.0,"turns":4.0},{"damage":0.0,"enemies":"Centurion and Healer","floor":31.0,"turns":3.0},{"damage":0.0,"enemies":"Automaton","floor":33.0,"turns":5.0},{"damage":8.0,"enemies":"Orb Walker","floor":35.0,"turns":2.0},{"damage":6.0,"enemies":"3 Shapes","floor":37.0,"turns":4.0},{"damage":0.0,"enemies":"Nemesis","floor":40.0,"turns":3.0},{"damage":1,"enemies":"Giant Head","floor":42,"turns":7},{"damage":0,"enemies":"Maw","floor":44,"turns":5},{"damage":0,"enemies":"Writhing Mass","floor":46,"turns":2},{"damage":0,"enemies":"3 Darklings","floor":48,"turns":1},{"damage":3,"enemies":"Replay:Hell Engine","floor":50,"turns":3}],"seed_played":"3285469188810723612","potions_obtained":[{"floor":1.0,"key":"Weak Potion"},{"floor":4.0,"key":"Adrenaline Potion"},{"floor":12.0,"key":"DuplicationPotion"},{"floor":28.0,"key":"Milkshake"},{"floor":35.0,"key":"TheCursedMod:DregsPotion"}],"is_trial":false,"path_per_floor":["M","M","?","M","?","R","M","R","T","E","$","M","?","?","R_BF","B",null,"M","?","M","M","?","E","M","R","T","?","M","E","$","M","R_BF","B",null,"M","?","M","?","$","E","R","E","T","M","T","M","$","M","R_BF","B",null],"character_chosen":"THE_CURSED","items_purchased":["Guide Book","TheCursedMod:LuckyCharm","TheCursedMod:ManaBullet","ReplayTheSpireMod:ShopPack","TheCursedMod:Obscuration+1","Secret Technique","War Paint","ReplayTheSpireMod:CursedCoin","TheCursedMod:LuckyCharm","Blue Doll","TheCursedMod:AshesToAshes","TheCursedMod:RavingStaff","TheCursedMod:PinkPellets","Snack Pack","Lantern","TheCursedMod:PrepareRite+1","TheCursedMod:VoidForm","Master of Strategy","LiquidMemories","TheCursedMod:SurpriseAttack"],"campfire_rested":3,"item_purchase_floors":[11,11,30,30,30,39,39,39,39,39,39,39,47,47,47,47,47,47,47,47],"current_hp_per_floor":[47,43,43,37,22,44,44,66,66,57,57,57,57,57,57,44,67,63,47,43,43,43,35,35,75,75,71,71,71,71,71,75,75,75,67,67,61,61,61,61,75,74,74,74,74,74,74,75,75,74],"gold":0,"neow_bonus":"RANDOM_COLORLESS_2","is_daily":false,"chose_seed":false,"campfire_upgraded":0,"win_rate":0.0,"timestamp":1613885729,"path_taken":["M","?","?","M","?","R","M","R","T","E","$","M","?","?","R_BF","BOSS","M","?","M","M","?","E","M","R","T","?","M","E","$","M","R_BF","BOSS","M","?","M","?","$","E","R","E","T","M","?","M","$","M","R_BF","BOSS"],"items_purchased_type":["Relic","Card","Card","Relic","Card","Card","Relic","Relic","Card","Relic","Card","Card","Relic","Relic","Relic","Card","Card","Card","Potion","Card"],"build_version":"2020-12-22","purchased_purges":4,"victory":true,"max_hp_per_floor":[75,75,75,75,75,75,75,75,75,75,75,75,75,75,75,75,75,75,75,75,75,75,75,75,75,75,75,75,75,75,75,75,75,75,75,75,75,75,75,75,75,75,75,75,75,75,75,75,75,75],"card_choices":[{"not_picked":["Sadistic Nature","Crow Ritual"],"picked":"Master of Strategy","floor":0.0},{"not_picked":["TheCursedMod:HellfireBreathing","TheCursedMod:Stigma"],"picked":"TheCursedMod:SpitefulPlan","floor":1.0},{"not_picked":["TheCursedMod:Stretching","TheCursedMod:Stigma"],"picked":"TheCursedMod:SoulCrush","floor":2.0},{"not_picked":["TheCursedMod:Hemoplague","TheCursedMod:CursedShiv"],"picked":"TheCursedMod:CursedArmor","floor":3.0},{"not_picked":["TheCursedMod:Obscuration","TheCursedMod:CircleOfCorruption"],"picked":"TheCursedMod:CircleOfAbyss","floor":3.0},{"not_picked":["TheCursedMod:SurpriseAttack","TheCursedMod:CursedAmulet"],"picked":"TheCursedMod:CursedBlade","floor":4.0},{"not_picked":["TheCursedMod:Obscuration","TheCursedMod:EmpowerCircles"],"picked":"TheCursedMod:SpitefulPlan","floor":6.0},{"not_picked":["TheCursedMod:CircleOfFlame","TheCursedMod:CircleOfWindfury"],"picked":"TheCursedMod:StingEye","floor":7.0},{"not_picked":["TheCursedMod:CursedBlade","TheCursedMod:CursedStaff"],"picked":"TheCursedMod:CursedSpellbook","floor":8.0},{"not_picked":["TheCursedMod:FleshFromBone","TheCursedMod:Stretching"],"picked":"TheCursedMod:NeowsMight","floor":10.0},{"not_picked":["TheCursedMod:Torture","TheCursedMod:Wield"],"picked":"TheCursedMod:SpitefulStrike","floor":12.0},{"not_picked":["TheCursedMod:NeowsMight","TheCursedMod:ShockAndAwe"],"picked":"TheCursedMod:CollectTribute","floor":16.0},{"not_picked":["TheCursedMod:StingEye","TheCursedMod:Stretching"],"picked":"TheCursedMod:ReleasedKnowledge","floor":18.0},{"not_picked":["TheCursedMod:WearCloak","TheCursedMod:SpitefulStrike+1"],"picked":"TheCursedMod:LuckyCharm","floor":20.0},{"not_picked":["TheCursedMod:SmokeScreen+1","TheCursedMod:SoulCrush"],"picked":"TheCursedMod:RapidMovement","floor":21.0},{"not_picked":["TheCursedMod:FuryStrike","TheCursedMod:BloodBarrier"],"picked":"TheCursedMod:NeowsMight","floor":23.0},{"not_picked":["TheCursedMod:Stigma","TheCursedMod:SaltUponWound"],"picked":"TheCursedMod:AshesToAshes+1","floor":24.0},{"not_picked":["TheCursedMod:CircleOfFocus","TheCursedMod:CursedMace"],"picked":"TheCursedMod:CircleOfCorruption","floor":27.0},{"not_picked":["TheCursedMod:Evocation","TheCursedMod:CircleOfWindfury"],"picked":"TheCursedMod:WearCloak+1","floor":28.0},{"not_picked":["TheCursedMod:Torture","TheCursedMod:CircleOfWindfury"],"picked":"TheCursedMod:ManaBullet","floor":29.0},{"not_picked":["Midas Touch","ReplayTheSpireMod:Necrogeddon"],"picked":"Panache","floor":30.0},{"not_picked":["ReplayTheSpireMod:Trickstab","Good Instincts"],"picked":"Apotheosis","floor":30.0},{"not_picked":["ReplayTheSpireMod:Trickstab","Swift Strike"],"picked":"Finesse","floor":30.0},{"not_picked":["TheCursedMod:VitalStrike","TheCursedMod:FuryStrike"],"picked":"TheCursedMod:Wield+1","floor":31.0},{"not_picked":["TheCursedMod:OutForBlood","TheCursedMod:DemonicPact"],"picked":"TheCursedMod:VoidForm","floor":33.0},{"not_picked":["TheCursedMod:Obscuration+1","TheCursedMod:RavingStaff","TheCursedMod:TacticalStrike"],"picked":"SKIP","floor":35.0},{"not_picked":["TheCursedMod:Stigma","TheCursedMod:RavingStaff+1"],"picked":"TheCursedMod:ReleasedKnowledge+1","floor":37.0},{"not_picked":["TheCursedMod:Stretching","TheCursedMod:Mangle+1","TheCursedMod:RavingStaff+1"],"picked":"SKIP","floor":40.0},{"not_picked":["TheCursedMod:CursedAmulet+1","TheCursedMod:VitalStrike"],"picked":"TheCursedMod:RapidMovement+1","floor":42},{"not_picked":["TheCursedMod:CircleOfBlood","TheCursedMod:CursedAmulet+1","TheCursedMod:TacticalStrike+1"],"picked":"SKIP","floor":44},{"not_picked":["TheCursedMod:TacticalStrike","TheCursedMod:FleshFromBone","TheCursedMod:CircleOfFlame+1"],"picked":"SKIP","floor":46},{"not_picked":["TheCursedMod:RavingStaff","TheCursedMod:Torture"],"picked":"TheCursedMod:DemonSword","floor":48}],"player_experience":775937,"relics_obtained":[{"floor":3.0,"key":"Dream Catcher"},{"floor":9.0,"key":"Juzu Bracelet"},{"floor":10.0,"key":"Ancient Tea Set"},{"floor":19.0,"key":"Nilry\u0027s Codex"},{"floor":23.0,"key":"Eternal Feather"},{"floor":26.0,"key":"ReplayTheSpireMod:Shallot"},{"floor":27.0,"key":"Pondfish Scales"},{"floor":27.0,"key":"TheCursedMod:BloodyHarpoon"},{"floor":29.0,"key":"Gremlin Horn"},{"floor":40.0,"key":"Peace Pipe"},{"floor":42,"key":"Smiling Mask"},{"floor":43,"key":"Vajra"},{"floor":45,"key":"TheCursedMod:DemonicMark"}],"event_choices":[{"damage_healed":0.0,"max_hp_gain":0.0,"max_hp_loss":0.0,"gold_gain":0.0,"event_name":"Shining Light","player_choice":"Entered Light","floor":5.0,"gold_loss":0.0,"damage_taken":15.0,"cards_upgraded":["TheCursedMod:CleanUpWorkshop","TheCursedMod:CursedWand"]},{"damage_healed":0.0,"max_hp_gain":0.0,"max_hp_loss":0.0,"gold_gain":0.0,"event_name":"Big Fish","player_choice":"Box","floor":13.0,"gold_loss":0.0,"damage_taken":0.0,"relics_obtained":["Akabeko"],"cards_obtained":["Regret"]},{"damage_healed":0.0,"max_hp_gain":0.0,"max_hp_loss":0.0,"gold_gain":0.0,"event_name":"Golden Idol","player_choice":"Take Wound","floor":14.0,"gold_loss":0.0,"damage_taken":0.0,"relics_obtained":["Golden Idol"],"cards_obtained":["Injury"]},{"damage_healed":0.0,"max_hp_gain":0.0,"max_hp_loss":0.0,"gold_gain":0.0,"event_name":"Cursed Tome","player_choice":"Obtained Book","floor":19.0,"gold_loss":0.0,"damage_taken":16.0},{"cards_removed":["TheCursedMod:Defend_TheCursed"],"damage_healed":0.0,"max_hp_gain":0.0,"max_hp_loss":0.0,"gold_gain":0.0,"event_name":"Purifier","player_choice":"Purged","floor":22.0,"gold_loss":0.0,"damage_taken":0.0},{"damage_healed":0.0,"max_hp_gain":0.0,"max_hp_loss":0.0,"gold_gain":0.0,"event_name":"Colosseum","player_choice":"Fight","floor":27.0,"gold_loss":0.0,"damage_taken":0.0},{"damage_healed":0.0,"max_hp_gain":0.0,"max_hp_loss":0.0,"gold_gain":0.0,"event_name":"Colosseum","player_choice":"Fought Nobs","floor":27.0,"gold_loss":0.0,"damage_taken":0.0},{"damage_healed":0.0,"max_hp_gain":0.0,"max_hp_loss":0.0,"gold_gain":0.0,"cards_transformed":["TheCursedMod:Strike_TheCursed","TheCursedMod:Defend_TheCursed"],"event_name":"Drug Dealer","player_choice":"Became Test Subject","floor":32.0,"gold_loss":0.0,"damage_taken":0.0,"cards_obtained":["TheCursedMod:TacticalStrike","TheCursedMod:Wield"]},{"damage_healed":0.0,"max_hp_gain":0.0,"max_hp_loss":0.0,"gold_gain":333.0,"event_name":"The Moai Head","player_choice":"Gave Idol","floor":36.0,"relics_lost":["Golden Idol"],"gold_loss":0.0,"damage_taken":0.0},{"damage_healed":0.0,"max_hp_gain":0.0,"max_hp_loss":0.0,"gold_gain":999.0,"event_name":"MindBloom","player_choice":"Gold","floor":38.0,"gold_loss":0.0,"damage_taken":0.0,"cards_obtained":["Normality","Normality"]},{"damage_healed":0,"gold_gain":0,"player_choice":"Paid","damage_taken":0,"relics_obtained":["Red Mask"],"max_hp_gain":0,"max_hp_loss":0,"event_name":"Tomb of Lord Red Mask","floor":49,"gold_loss":71}],"is_beta":false,"boss_relics":[{"not_picked":["Snecko Eye","SacredBark"],"picked":"Fusion Hammer"},{"not_picked":["Abe\u0027s Treasure","Velvet Choker"],"picked":"Runic Pyramid"}],"items_purged_floors":[11,30,39,47],"is_endless":false,"potions_floor_spawned":[1,4,12,16,20,24,27,28,35,37,48],"ascension_level":11}}