{"host":"xkc7tfemhzdc5j5t","time":1613905344,"event":{"mods":["AchievementEnabler","Act Like it!","BaseMod","BetterRewards","Colored Map","Colored Powertips","Downfall","Gensokyo","Hallownest","Hermit","Highlight Path","Infinite Spire","Marisa£®ÏF”Í°°ƒß¿Ì…≥£©","Minty Spire (QoL Compilation)","Prisma Mod","Quick Restart","Reimu£®≤©¿ˆ¡È√Œ£©","Replay The Spire","Shop Mod","StSLib","SuperFastMode","The Bug Knight","The Construct","The Cursed","The Disciple","The Hierophant","The Jungle","The Necromancer","The Runesmith","The Servant 0.9.4","Youmu£®ªÍ∆«—˝√Œ£©"],"gold_per_floor":[109,125,125,125,125,125,137,137,162,179,14,31,31,65,65,143,143,160,160,60,60,78,78,88,88,115,115,115],"floor_reached":27,"language":"ZHS","playtime":858,"items_purged":["Strike_B","Defend_B"],"score":380,"play_id":"68491fb1-aa83-4fbd-af68-4adf718b2733","local_time":"20210221190224","is_ascension_mode":true,"campfire_choices":[{"data":"Zap","floor":6.0,"key":"SMITH"},{"data":"Beam Cell","floor":8.0,"key":"SMITH"},{"data":"Gash","floor":13.0,"key":"SMITH"},{"data":"Dualcast","floor":15.0,"key":"SMITH"},{"data":"Steam","floor":23,"key":"SMITH"},{"floor":25,"key":"REST"}],"circlet_count":0,"master_deck":["AscendersBane","Strike_B","Strike_B","Strike_B","Defend_B","Defend_B","Zap+1","Dualcast+1","Beam Cell+1","Gash+1","Leap","Go for the Eyes","Rebound","Capacitor","Leap","Ball Lightning","Reboot","Genetic Algorithm","J.A.X.","Steam+1","Coolheaded+1"],"relics":["Cracked Core","NeowsBlessing","Strawberry","Replay:Mystery Machine","construct:ClawGrip","Mastiff:ReiMu"],"acts_visited":["Exordium","TheCity"],"potions_floor_usage":[16,27],"damage_taken":[{"damage":0.0,"enemies":"Jaw Worm","floor":1.0,"turns":1.0},{"damage":0.0,"enemies":"2 Louse","floor":2.0,"turns":1.0},{"damage":0.0,"enemies":"Small Slimes","floor":7.0,"turns":1.0},{"damage":0.0,"enemies":"Looter","floor":10.0,"turns":2.0},{"damage":8.0,"enemies":"3 Louse","floor":12.0,"turns":3.0},{"damage":20.0,"enemies":"Lagavulin","floor":14.0,"turns":5.0},{"damage":25,"enemies":"Hexaghost","floor":16,"turns":8},{"damage":2,"enemies":"Chosen","floor":18,"turns":3},{"damage":5,"enemies":"Shell Parasite","floor":22,"turns":3},{"damage":34,"enemies":"Snake Plant","floor":24,"turns":4},{"damage":31,"enemies":"3 Cultists","floor":27,"turns":4}],"seed_played":"-1182569785934047519","potions_obtained":[{"floor":10.0,"key":"FocusPotion"},{"floor":14.0,"key":"FocusPotion"},{"floor":16,"key":"Reflective Coating"},{"floor":24,"key":"champ:CounterPotion"}],"is_trial":false,"path_per_floor":["M","M","?","?","?","R","M","R","T","M","$","M","R","E","R","B",null,"M","?","$","?","M","R","M","R","T","M"],"character_chosen":"DEFECT","items_purchased":["Rebound","Capacitor"],"campfire_rested":1,"item_purchase_floors":[11,11],"current_hp_per_floor":[64,64,57,62,62,62,62,62,69,69,69,61,61,41,41,16,66,64,64,64,40,35,35,1,27,27,0,0],"gold":115,"neow_bonus":"THREE_ENEMY_KILL","is_daily":false,"chose_seed":false,"campfire_upgraded":5,"win_rate":0.0,"timestamp":1613905344,"path_taken":["M","M","?","?","?","R","M","R","T","?","$","M","R","E","R","BOSS","M","?","$","?","M","R","M","R","T","M"],"items_purchased_type":["Card","Card"],"build_version":"2020-12-22","purchased_purges":2,"victory":false,"max_hp_per_floor":[71,71,71,76,76,76,76,76,83,83,83,83,83,83,83,83,83,83,83,83,88,88,88,88,88,88,88,88],"card_choices":[{"not_picked":["Double Energy","FIFO Queue"],"picked":"Beam Cell","floor":1.0},{"not_picked":["Cold Snap","Stack"],"picked":"Gash","floor":2.0},{"not_picked":["Undo","Sweeping Beam"],"picked":"Leap","floor":7.0},{"not_picked":["Fission","Force Field"],"picked":"Go for the Eyes","floor":10.0},{"not_picked":["Aggregate","BasicCrystalCard"],"picked":"Leap","floor":12.0},{"not_picked":["Turbo","Beam Cell"],"picked":"Ball Lightning","floor":14.0},{"not_picked":["Amplify","Hyperbeam"],"picked":"Reboot","floor":16},{"not_picked":["Leap","Rebound"],"picked":"Genetic Algorithm","floor":18},{"not_picked":["Heatsinks","Recycle"],"picked":"Steam","floor":22},{"not_picked":["Stack","Fusion"],"picked":"Coolheaded+1","floor":24}],"player_experience":801574,"relics_obtained":[{"floor":9.0,"key":"Strawberry"},{"floor":14.0,"key":"Replay:Mystery Machine"},{"floor":26,"key":"Mastiff:ReiMu"}],"event_choices":[{"cards_removed":["Defend_B"],"damage_healed":0.0,"max_hp_gain":0.0,"max_hp_loss":0.0,"gold_gain":0.0,"event_name":"Golden Wing","player_choice":"Card Removal","floor":3.0,"gold_loss":0.0,"damage_taken":7.0},{"damage_healed":0.0,"max_hp_gain":5.0,"max_hp_loss":0.0,"gold_gain":0.0,"event_name":"Big Fish","player_choice":"Donut","floor":4.0,"gold_loss":0.0,"damage_taken":0.0},{"damage_healed":0,"gold_gain":0,"player_choice":"Obtain J.A.X.","damage_taken":0,"max_hp_gain":0,"max_hp_loss":0,"event_name":"Drug Dealer","floor":19,"gold_loss":0,"cards_obtained":["J.A.X."]},{"damage_healed":0,"gold_gain":0,"player_choice":"Shed Blood","damage_taken":29,"max_hp_gain":5,"max_hp_loss":0,"event_name":"Forgotten Altar","floor":21,"gold_loss":0}],"is_beta":false,"boss_relics":[{"not_picked":["Nuclear Battery","ReplayTheSpireMod:SealedPack"],"picked":"construct:ClawGrip"}],"items_purged_floors":[11,20],"is_endless":false,"potions_floor_spawned":[10,14,16,24],"killed_by":"3 Cultists","ascension_level":16}}