{"host":"xnjcin1g6gswdgtt","time":1613947902,"event":{"mods":["2.2 Compatiblity","Act Like it!","Astrologer","BaseMod","Beaked The Cultist","Better Altar","Better Match","Better Note","Better Sensory Stone","Better Skull","Better Third Choice","Better Vampires","BetterRewards","Bossed Relics","Card Forge","ChefMod","Colored Map","Colored Powertips","Conspire","Dark Map","Downfall","Duelist Mod","Elementarium","Energized Spire","Gold Saver","Gremlin Mod","GungeonMod","Hermit","Hero for Fun","Hubris","Jedi Mod","JesterMod","Marked Mod","Menagerie","Minty Spire (QoL Compilation)","QueenMod","Quick Restart","Rare Cards Sparkle","Relic Stats","Reliquary","Robot Space Explorer","Ruina","Shade Mod","Shapeshifter Mod","Shop Mod","Small Relic Pack","Smile Girya","Spicy Shops","StSLib","The Blue Laboratory","The Construct","The Cursed","The Death Knight","The Disciple","The Dragon Tamer","The Forsaken","The Hierophant","The Marked","The Poker Player","The Runesmith","The Servant 0.9.4","The Showman","The Wild Card","TheVacant","Trackpad","Yuri Mod"],"gold_per_floor":[117,135,135,360,370,395,415,415,489,505,505,515,549,566,566,669,669,689,689,804,589,600,630,6,16,16,16,16,29,61,361,361,459,459,469,479,494,494,506,531,1093,1128,1155,1172,1172,1184,1184,1195,1195,1195],"floor_reached":51,"language":"ENG","playtime":10903,"items_purged":[],"score":1011,"play_id":"41a8ca5b-2820-42ea-984f-891a040c360a","local_time":"20210221165142","is_ascension_mode":false,"campfire_choices":[{"floor":8.0,"key":"REST"},{"floor":11.0,"key":"REST"},{"floor":15.0,"key":"REST"},{"floor":32,"key":"REST"},{"floor":47,"key":"REST"},{"floor":49,"key":"REST"}],"circlet_count":0,"master_deck":["StSShapeShifter:Tortoise_Form+1","StSShapeShifter:Lynx_Form+1","StSShapeShifter:BurstingSpore+1","StSShapeShifter:BarkSkin+1","StSShapeShifter:WolfForm+1","StSShapeShifter:Tornado+1","StSShapeShifter:ReplenishingNectar+1","StSShapeShifter:AdaptiveStrikes+1","StSShapeShifter:BurstingSpore+1","StSShapeShifter:ReplenishingNectar+1","StSShapeShifter:VineHandcuffs+1","StSShapeShifter:Summer+1","StSShapeShifter:PoisonIvy+1","ruina:CobaltScar+1","StSShapeShifter:BloomingSlash+1","StSShapeShifter:PoisonIvy+1","StSShapeShifter:Synchronicity+1","ruina:Nihil+1","StSShapeShifter:BladeOfGrass+1","StSShapeShifter:BladeOfGrass+1","StSShapeShifter:RaptorForm+1"],"relics":["StSShapeShifter:AnimalHeart","StSShapeShifter:TheShapeShiftersMagnolia","Hammer of Thor","Seething Fire","Anvil of the Gods","Dream Catcher","reliquary:WeakTea","StSShapeShifter:BeastkeepersGift","hubris:PeanutButter","conspire:Boomerang","conspire:SpecialSausage","conspire:TopHat","reliquary:Spinner","reliquary:RosewoodLute","relicPack:SpireResearchBook","hubris:Metronome","trackpad:AdjectivePendant","trackpad:BottledShadow","conspire:TreasureMap","Toxic Egg 2","jedi:shrinkray","Boot","reliquary:RoseTintedGlasses","hubris:NiceRug","Bag of Marbles","hubris:ToyBattleship","trackpad:WritersBlock","ClockworkSouvenir","DemoMod:LamentConfigurum","construct:WeddingRing","hubris:TenFootPole","Toy Ornithopter","theForsaken:Gavel","reliquary:Boomerang"],"acts_visited":["Menagerie:Menagerie","ruina:Briah","TheBeyond"],"potions_floor_usage":[31,31,33,33,50,50,50],"damage_taken":[{"damage":0.0,"enemies":"Menagerie:WhisperingWraith","floor":1.0,"turns":3.0},{"damage":0.0,"enemies":"Menagerie:StygianBoar","floor":2.0,"turns":2.0},{"damage":0.0,"enemies":"Menagerie:2_RABBITS","floor":5.0,"turns":4.0},{"damage":9.0,"enemies":"Menagerie:VoidReaper","floor":6.0,"turns":6.0},{"damage":0.0,"enemies":"Menagerie:EntropyWarlock","floor":7.0,"turns":4.0},{"damage":0.0,"enemies":"Menagerie:MeltingSalamander","floor":10.0,"turns":6.0},{"damage":0.0,"enemies":"Menagerie:Hexasnake","floor":12.0,"turns":2.0},{"damage":0.0,"enemies":"Menagerie:MaskedSummoner","floor":13.0,"turns":7.0},{"damage":0.0,"enemies":"Menagerie:RedMage","floor":14.0,"turns":3.0},{"damage":0.0,"enemies":"Menagerie:Suneater","floor":16.0,"turns":7.0},{"damage":5.0,"enemies":"ruina:Nosferatu","floor":18.0,"turns":5.0},{"damage":4.0,"enemies":"ruina:3_Bats","floor":22.0,"turns":6.0},{"damage":12.0,"enemies":"ruina:Mountain","floor":23.0,"turns":8.0},{"damage":15.0,"enemies":"ruina:QueenOfHate","floor":25.0,"turns":5.0},{"damage":18,"enemies":"ruina:Nos_and_Bat","floor":29,"turns":4},{"damage":0,"enemies":"ruina:ServantOfWrath","floor":30,"turns":5},{"damage":55,"enemies":"hubris:Merchant","floor":31,"turns":10},{"damage":0,"enemies":"ruina:Red_and_Wolf","floor":33,"turns":8},{"damage":0,"enemies":"3 Darklings","floor":35,"turns":5},{"damage":0,"enemies":"Orb Walker","floor":36,"turns":4},{"damage":2,"enemies":"Spire Growth","floor":37,"turns":4},{"damage":0,"enemies":"Maw","floor":39,"turns":5},{"damage":28,"enemies":"Reptomancer","floor":40,"turns":4},{"damage":0,"enemies":"beaked:SuperParasite","floor":42,"turns":6},{"damage":0,"enemies":"3 Darklings","floor":44,"turns":3},{"damage":0,"enemies":"Sphere and 2 Shapes","floor":46,"turns":3},{"damage":0,"enemies":"Writhing Mass","floor":48,"turns":4},{"damage":26,"enemies":"conspire:OrnateMirror","floor":50,"turns":6}],"seed_played":"-6466650298750345445","potions_obtained":[{"floor":1.0,"key":"Fire Potion"},{"floor":6.0,"key":"Strength Potion"},{"floor":10.0,"key":"blueLaboratory:BubblePotion"},{"floor":25.0,"key":"FearPotion"},{"floor":29,"key":"DemoMod:LeadSkinPotion"},{"floor":31,"key":"Energy Potion"},{"floor":31,"key":"DeathKnight:RimePotion"},{"floor":33,"key":"hexamod:SoulburnPotion"},{"floor":39,"key":"DuplicationPotion"}],"is_trial":false,"path_per_floor":["M","M","?","?","M","E","M","R","T","M","R","M","E","M","R","B",null,"M","?","?","$","M","E","$","M","T","?","?","M","E","$","R","B",null,"M","M","M","$","M","E","?","E","T","M","$","M","R","M","R","B",null],"character_chosen":"SHAPESHIFTER","items_purchased":["relicPack:SpireResearchBook","StSShapeShifter:EmbraceTheCycle","trackpad:AdjectivePendant","trackpad:BottledShadow","ruina:CobaltScar","conspire:TreasureMap"],"campfire_rested":6,"item_purchase_floors":[21,21,24,24,24,24],"current_hp_per_floor":[85,85,85,33,33,48,63,85,85,85,85,85,85,85,85,85,85,85,85,41,41,69,85,85,76,76,76,37,52,84,72,85,85,85,85,85,85,85,85,83,51,85,85,85,85,85,85,85,85,85],"gold":1195,"neow_bonus":"TEN_PERCENT_HP_BONUS","is_daily":false,"chose_seed":false,"campfire_upgraded":0,"win_rate":0.0,"timestamp":1613947902,"path_taken":["M","M","?","?","?","E","M","R","T","M","R","M","E","M","R","BOSS","M","?","?","$","M","E","$","?","T","?","?","?","E","?","R","BOSS","M","M","M","$","M","E","?","E","T","?","?","?","R","M","R","BOSS"],"items_purchased_type":["Relic","Card","Relic","Relic","Card","Relic"],"build_version":"2020-12-22","purchased_purges":0,"victory":true,"max_hp_per_floor":[85,85,85,85,85,85,85,85,85,85,85,85,85,85,85,85,85,85,85,85,85,85,85,85,85,85,85,85,85,85,85,85,85,85,85,85,85,85,85,85,85,85,85,85,85,85,85,85,85,85],"relic_stats":{"Dream Catcher":6,"counters":[28,139],"Boot":[24],"obtain_stats":[{"hubris:Metronome":23,"reliquary:Boomerang":43,"conspire:SpecialSausage":17,"Hammer of Thor":0,"DemoMod:GlassGuonStoneRelic":1,"Boot":28,"theForsaken:Gavel":42,"conspire:TopHat":19,"relicPack:SpireResearchBook":21,"jedi:shrinkray":28,"ClockworkSouvenir":31,"Dream Catcher":4,"trackpad:WritersBlock":31,"DemoMod:LamentConfigurum":31,"reliquary:RoseTintedGlasses":30,"trackpad:AdjectivePendant":24,"Toxic Egg 2":26,"StSShapeShifter:TheShapeShiftersMagnolia":0,"conspire:TreasureMap":24,"StSShapeShifter:AnimalHeart":0,"construct:WeddingRing":34,"conspire:Boomerang":13,"Seething Fire":0,"reliquary:WeakTea":4,"reliquary:Spinner":20,"reliquary:RosewoodLute":20,"Anvil of the Gods":0,"hubris:PeanutButter":9,"trackpad:BottledShadow":24,"Bag of Marbles":31,"hubris:ToyBattleship":31,"hubris:TenFootPole":40,"Toy Ornithopter":41,"StSShapeShifter:BeastkeepersGift":6,"hubris:NiceRug":31},{"hubris:Metronome":13,"reliquary:Boomerang":24,"conspire:SpecialSausage":10,"Hammer of Thor":0,"DemoMod:GlassGuonStoneRelic":1,"Boot":14,"theForsaken:Gavel":24,"conspire:TopHat":11,"relicPack:SpireResearchBook":11,"jedi:shrinkray":14,"ClockworkSouvenir":17,"Dream Catcher":2,"trackpad:WritersBlock":17,"DemoMod:LamentConfigurum":17,"reliquary:RoseTintedGlasses":16,"trackpad:AdjectivePendant":13,"Toxic Egg 2":14,"StSShapeShifter:TheShapeShiftersMagnolia":0,"conspire:TreasureMap":13,"StSShapeShifter:AnimalHeart":0,"construct:WeddingRing":18,"conspire:Boomerang":8,"Seething Fire":0,"reliquary:WeakTea":2,"reliquary:Spinner":11,"reliquary:RosewoodLute":11,"Anvil of the Gods":0,"hubris:PeanutButter":5,"trackpad:BottledShadow":13,"Bag of Marbles":17,"hubris:ToyBattleship":17,"hubris:TenFootPole":23,"Toy Ornithopter":23,"StSShapeShifter:BeastkeepersGift":4,"hubris:NiceRug":17},{"hubris:Metronome":63,"reliquary:Boomerang":123,"conspire:SpecialSausage":44,"Hammer of Thor":0,"DemoMod:GlassGuonStoneRelic":3,"Boot":68,"theForsaken:Gavel":123,"conspire:TopHat":49,"relicPack:SpireResearchBook":49,"jedi:shrinkray":68,"ClockworkSouvenir":87,"Dream Catcher":5,"trackpad:WritersBlock":87,"DemoMod:LamentConfigurum":87,"reliquary:RoseTintedGlasses":77,"trackpad:AdjectivePendant":63,"Toxic Egg 2":68,"StSShapeShifter:TheShapeShiftersMagnolia":0,"conspire:TreasureMap":63,"StSShapeShifter:AnimalHeart":0,"construct:WeddingRing":95,"conspire:Boomerang":34,"Seething Fire":0,"reliquary:WeakTea":5,"reliquary:Spinner":49,"reliquary:RosewoodLute":49,"Anvil of the Gods":0,"hubris:PeanutButter":19,"trackpad:BottledShadow":63,"Bag of Marbles":87,"hubris:ToyBattleship":87,"hubris:TenFootPole":117,"Toy Ornithopter":117,"StSShapeShifter:BeastkeepersGift":15,"hubris:NiceRug":87}],"Toy Ornithopter":0},"card_choices":[{"not_picked":["StSShapeShifter:Blossom2","StSShapeShifter:IntimidatingAura"],"picked":"StSShapeShifter:BurstingSpore","floor":1.0},{"not_picked":["StSShapeShifter:RockSlide","StSShapeShifter:EntForm"],"picked":"StSShapeShifter:BarkSkin","floor":2.0},{"not_picked":["StSShapeShifter:DiverseSpirit","StSShapeShifter:MagicMushrooms"],"picked":"StSShapeShifter:WolfForm","floor":5.0},{"not_picked":["StSShapeShifter:CursedApple","StSShapeShifter:FullMoon"],"picked":"StSShapeShifter:Tornado","floor":6.0},{"not_picked":["StSShapeShifter:MonkeyForm","StSShapeShifter:VineHandcuffs"],"picked":"StSShapeShifter:ReplenishingNectar","floor":7.0},{"not_picked":["StSShapeShifter:SunflowerShuriken","StSShapeShifter:DeepWound"],"picked":"StSShapeShifter:AdaptiveStrikes","floor":8.0},{"not_picked":["StSShapeShifter:ShiftingStrike","StSShapeShifter:Maul"],"picked":"StSShapeShifter:BurstingSpore","floor":10.0},{"not_picked":["StSShapeShifter:SpiritOfTheEarth","StSShapeShifter:BearForm"],"picked":"StSShapeShifter:ReplenishingNectar","floor":11.0},{"not_picked":["StSShapeShifter:SpiritOfTheEarth","StSShapeShifter:ThornToss","StSShapeShifter:FallingLeaves"],"picked":"SKIP","floor":12.0},{"not_picked":["StSShapeShifter:FallingLeaves","StSShapeShifter:EntForm","StSShapeShifter:HydraForm"],"picked":"SKIP","floor":13.0},{"not_picked":["StSShapeShifter:WiltingWrath","StSShapeShifter:FallingLeaves","StSShapeShifter:MonkeyForm"],"picked":"SKIP","floor":14.0},{"not_picked":["StSShapeShifter:MagicMushrooms","StSShapeShifter:WaspSwarmForm"],"picked":"StSShapeShifter:VineHandcuffs","floor":15.0},{"not_picked":["StSShapeShifter:WolfsBane","StSShapeShifter:Spring"],"picked":"StSShapeShifter:Summer","floor":16.0},{"not_picked":["StSShapeShifter:SpiritOfTheEarth","StSShapeShifter:Bonk+1","StSShapeShifter:Guard+1"],"picked":"SKIP","floor":18.0},{"not_picked":["StSShapeShifter:DeerForm+1","StSShapeShifter:Hunt"],"picked":"StSShapeShifter:PoisonIvy","floor":22.0},{"not_picked":["StSShapeShifter:Flood","StSShapeShifter:DeepWound","StSShapeShifter:WiltingWrath"],"picked":"SKIP","floor":23.0},{"not_picked":["StSShapeShifter:WiltingWrath+1","StSShapeShifter:Flourish","StSShapeShifter:EmbraceTheCycle+1"],"picked":"SKIP","floor":25.0},{"not_picked":["StSShapeShifter:FallingLeaves+1","StSShapeShifter:OakBlade+1"],"picked":"StSShapeShifter:EagleForm+1","floor":29},{"not_picked":["StSShapeShifter:IntimidatingAura","StSShapeShifter:ShiftingStrike"],"picked":"StSShapeShifter:BloomingSlash+1","floor":30},{"not_picked":[],"picked":"StSShapeShifter:PoisonIvy+1","floor":31},{"not_picked":[],"picked":"StSShapeShifter:Synchronicity","floor":31},{"not_picked":[],"picked":"ruina:Nihil+1","floor":31},{"not_picked":["StSShapeShifter:Bonk"],"picked":"SKIP","floor":31},{"not_picked":["StSShapeShifter:RockSlide"],"picked":"SKIP","floor":31},{"not_picked":["StSShapeShifter:Summon_Mountains+1"],"picked":"SKIP","floor":31},{"not_picked":["ruina:HomingInstinct"],"picked":"SKIP","floor":31},{"not_picked":["StSShapeShifter:Bonk+1","StSShapeShifter:DiverseSpirit+1"],"picked":"StSShapeShifter:BladeOfGrass+1","floor":35},{"not_picked":["StSShapeShifter:FesteringBite+1","StSShapeShifter:MonkeyForm+1"],"picked":"StSShapeShifter:BladeOfGrass","floor":36},{"not_picked":["StSShapeShifter:Guard+1","StSShapeShifter:MonkeyForm+1","StSShapeShifter:EntForm+1"],"picked":"SKIP","floor":37},{"not_picked":["StSShapeShifter:ClimbTree+1","StSShapeShifter:LeapingSlash+1"],"picked":"StSShapeShifter:RaptorForm+1","floor":39},{"not_picked":["StSShapeShifter:MagicMushrooms+1","StSShapeShifter:ThornToss+1","StSShapeShifter:BloomingSlash+1"],"picked":"SKIP","floor":40},{"not_picked":["StSShapeShifter:EagleForm+1","StSShapeShifter:MonkeyForm+1","StSShapeShifter:SkullBash"],"picked":"SKIP","floor":42},{"not_picked":["StSShapeShifter:MonkeyForm+1","StSShapeShifter:FesteringBite+1","StSShapeShifter:FallingLeaves+1"],"picked":"SKIP","floor":44},{"not_picked":["StSShapeShifter:Maul+1","StSShapeShifter:LeapingSlash+1","StSShapeShifter:OakBlade"],"picked":"SKIP","floor":46},{"not_picked":["StSShapeShifter:Roar+1","StSShapeShifter:EmbraceTheCycle","StSShapeShifter:BloomingSlash+1"],"picked":"SKIP","floor":48}],"player_experience":172849,"relics_obtained":[{"floor":6.0,"key":"StSShapeShifter:BeastkeepersGift"},{"floor":9.0,"key":"hubris:PeanutButter"},{"floor":13.0,"key":"conspire:Boomerang"},{"floor":23.0,"key":"hubris:Metronome"},{"floor":26.0,"key":"Toxic Egg 2"},{"floor":30,"key":"reliquary:RoseTintedGlasses"},{"floor":31,"key":"Bag of Marbles"},{"floor":31,"key":"hubris:ToyBattleship"},{"floor":31,"key":"trackpad:WritersBlock"},{"floor":31,"key":"ClockworkSouvenir"},{"floor":31,"key":"DemoMod:LamentConfigurum"},{"floor":40,"key":"hubris:TenFootPole"},{"floor":42,"key":"theForsaken:Gavel"},{"floor":43,"key":"reliquary:Boomerang"}],"event_choices":[{"damage_healed":0.0,"max_hp_gain":0.0,"max_hp_loss":0.0,"gold_gain":225.0,"event_name":"betterSkull:BetterSkull","player_choice":"GO RE RE GO ","floor":4.0,"gold_loss":0.0,"damage_taken":58.0,"cards_upgraded":[],"relics_obtained":["Dream Catcher","reliquary:WeakTea"]},{"damage_healed":0.0,"max_hp_gain":0.0,"max_hp_loss":0.0,"gold_gain":115.0,"event_name":"betterSkull:BetterSkull","player_choice":"RE RE GO ","floor":20.0,"gold_loss":0.0,"damage_taken":49.0,"cards_upgraded":[],"relics_obtained":["reliquary:Spinner","reliquary:RosewoodLute"]},{"damage_healed":0,"gold_gain":0,"player_choice":"RE RE ","damage_taken":43,"relics_obtained":["jedi:shrinkray","Boot"],"max_hp_gain":0,"max_hp_loss":0,"event_name":"betterSkull:BetterSkull","floor":28,"gold_loss":0,"cards_upgraded":[]},{"damage_healed":0,"gold_gain":562,"player_choice":"GO RE GO GO GO GO ","damage_taken":75,"relics_obtained":["Toy Ornithopter"],"max_hp_gain":0,"max_hp_loss":0,"event_name":"betterSkull:BetterSkull","floor":41,"gold_loss":0,"cards_upgraded":[]}],"is_beta":false,"boss_relics":[{"not_picked":["Runic Pyramid","jesterMod:MachoBrace"],"picked":"conspire:SpecialSausage"},{"not_picked":["Fusion Hammer","reliquary:WritOfMandamus"],"picked":"construct:WeddingRing"}],"items_purged_floors":[],"is_endless":false,"potions_floor_spawned":[1,6,10,12,25,29,33,36,39,42,46],"ascension_level":0}}