{"host":"ju1b3c4x8n2jtjm7","time":1613870412,"event":{"mods":["AchievementEnabler","BaseMod","Colored Map","Colored Powertips","Highlight Path","Minty Spire (QoL Compilation)","Quick Restart","Rare Cards Sparkle","Relic Stats"],"gold_per_floor":[153,153,153,222,264,381,410,470,525,525,625,625,735,802,802,981,981,1026,1121,150,219,24,24,123,38,117,117,161,161,232,232,232,367,367,415,415,415,16,16,16,68,122,182,182,226,11,54,81,81,81,81,81,12,73,73],"floor_reached":56,"language":"ENG","playtime":4825,"items_purged":["Strike_G","Defend_G+1","Strike_G+1"],"score":1910,"play_id":"25f28819-fcf7-407b-aa28-c726153ea4e5","local_time":"20210221022012","is_ascension_mode":true,"campfire_choices":[{"data":"Neutralize","floor":10.0,"key":"SMITH"},{"data":"Prepared","floor":12.0,"key":"SMITH"},{"floor":15.0,"key":"REST"},{"floor":23.0,"key":"REST"},{"data":"Calculated Gamble","floor":27.0,"key":"SMITH"},{"data":"Trip","floor":29.0,"key":"SMITH"},{"data":"Reflex","floor":32.0,"key":"SMITH"},{"data":"Acrobatics","floor":40.0,"key":"SMITH"},{"data":"Acrobatics","floor":44.0,"key":"SMITH"},{"floor":49.0,"key":"RECALL"},{"data":"Prepared","floor":52.0,"key":"SMITH"}],"circlet_count":0,"master_deck":["AscendersBane","Strike_G+1","Strike_G+1","Defend_G+1","Defend_G+1","Defend_G+1","Defend_G+1","Survivor","Neutralize+1","HandOfGreed+1","Reflex+1","Footwork+1","Prepared+1","After Image+1","Tools of the Trade+1","Acrobatics+1","Footwork+1","Trip+1","Calculated Gamble+1","Deflect","Masterful Stab+1","Fiend Fire+1","Caltrops+1","Acrobatics+1","Dropkick+1","Injury","Masterful Stab+1","PiercingWail","After Image+1","Prepared+1","Good Instincts","Reflex","JustLucky+1"],"relics":["Ring of the Snake","CeramicFish","Frozen Egg 2","Ancient Tea Set","Juzu Bracelet","Philosopher\u0027s Stone","Toolbox","Potion Belt","Gremlin Horn","PrismaticShard","White Beast Statue","Molten Egg 2","Cursed Key","Ornamental Fan","Toy Ornithopter","PreservedInsect","Dead Branch"],"acts_visited":["Exordium","TheCity","TheBeyond","TheEnding"],"potions_floor_usage":[54,55,55,55,55],"damage_taken":[{"damage":4.0,"enemies":"Small Slimes","floor":1.0,"turns":7.0},{"damage":0.0,"enemies":"2 Louse","floor":4.0,"turns":3.0},{"damage":0.0,"enemies":"Cultist","floor":5.0,"turns":4.0},{"damage":24.0,"enemies":"3 Sentries","floor":6.0,"turns":12.0},{"damage":5.0,"enemies":"Blue Slaver","floor":7.0,"turns":3.0},{"damage":1.0,"enemies":"Gremlin Nob","floor":8.0,"turns":3.0},{"damage":6.0,"enemies":"Lots of Slimes","floor":13.0,"turns":7.0},{"damage":0.0,"enemies":"Exordium Wildlife","floor":14.0,"turns":8.0},{"damage":12.0,"enemies":"Slime Boss","floor":16.0,"turns":19.0},{"damage":1.0,"enemies":"Chosen","floor":18.0,"turns":6.0},{"damage":39.0,"enemies":"3 Byrds","floor":19.0,"turns":10.0},{"damage":0.0,"enemies":"Centurion and Healer","floor":21.0,"turns":6.0},{"damage":0.0,"enemies":"Snake Plant","floor":28.0,"turns":5.0},{"damage":0.0,"enemies":"Shelled Parasite and Fungi","floor":30.0,"turns":7.0},{"damage":0.0,"enemies":"Collector","floor":33.0,"turns":6.0},{"damage":0.0,"enemies":"Orb Walker","floor":35.0,"turns":2.0},{"damage":0.0,"enemies":"3 Darklings","floor":37.0,"turns":2.0},{"damage":0.0,"enemies":"Nemesis","floor":41.0,"turns":7.0},{"damage":0.0,"enemies":"Maw","floor":42.0,"turns":6.0},{"damage":0.0,"enemies":"Giant Head","floor":45.0,"turns":5.0},{"damage":0.0,"enemies":"Jaw Worm Horde","floor":47.0,"turns":3.0},{"damage":0.0,"enemies":"Awakened One","floor":50.0,"turns":9.0},{"damage":0,"enemies":"Shield and Spear","floor":54,"turns":5},{"damage":45,"enemies":"The Heart","floor":55,"turns":9}],"seed_played":"-8679008636566663345","potions_obtained":[{"floor":4.0,"key":"AttackPotion"},{"floor":6.0,"key":"FearPotion"},{"floor":7.0,"key":"GhostInAJar"},{"floor":13.0,"key":"LiquidMemories"},{"floor":28.0,"key":"PowerPotion"},{"floor":30.0,"key":"Dexterity Potion"},{"floor":33.0,"key":"DistilledChaos"},{"floor":35.0,"key":"SmokeBomb"},{"floor":41.0,"key":"LiquidBronze"},{"floor":42.0,"key":"LiquidMemories"},{"floor":45.0,"key":"Fire Potion"},{"floor":47.0,"key":"Block Potion"},{"floor":54,"key":"PowerPotion"}],"is_trial":false,"path_per_floor":["M","?","?","M","M","E","M","E","T","R","?","R","M","M","R","B",null,"M","M","$","M","$","R","?","?","T","R","M","R","M","?","R","B",null,"M","?","M","$","?","R","E","M","T","R","E","$","M","?","R","B",null,"R","$","E","B",null],"character_chosen":"THE_SILENT","items_purchased":["Toolbox","Potion Belt","Gremlin Horn","Footwork+1","Block Potion","SkillPotion","Strength Potion","Trip","Calculated Gamble","PrismaticShard","SkillPotion","Acrobatics","Ornamental Fan","Fire Potion","PiercingWail","Reflex"],"campfire_rested":2,"item_purchase_floors":[20,20,20,20,20,20,20,20,20,22,22,38,38,46,46,53],"current_hp_per_floor":[59,52,52,52,52,28,23,22,22,22,22,22,16,16,34,22,53,52,13,13,13,13,31,31,31,31,31,31,31,31,31,31,31,55,55,55,55,55,55,55,55,55,55,55,55,55,55,55,55,60,62,62,62,63,24],"gold":73,"neow_bonus":"RANDOM_COLORLESS_2","is_daily":false,"chose_seed":false,"campfire_upgraded":8,"win_rate":0.0,"timestamp":1613870412,"path_taken":["M","?","?","M","?","E","M","E","T","R","?","R","M","M","R","BOSS","M","M","$","M","?","R","?","?","T","R","M","R","M","?","R","BOSS","M","?","M","?","?","R","E","M","T","R","E","$","M","?","R","BOSS","R","$","E","BOSS"],"items_purchased_type":["Relic","Relic","Relic","Card","Potion","Potion","Potion","Card","Card","Relic","Potion","Card","Relic","Potion","Card","Card"],"build_version":"2020-12-22","purchased_purges":3,"victory":true,"max_hp_per_floor":[63,63,63,63,63,63,63,63,63,63,63,63,63,63,63,63,63,63,63,63,63,63,63,63,63,63,63,63,63,63,63,63,63,63,63,63,63,63,63,63,63,63,63,63,63,63,63,63,63,63,63,63,63,63,63],"relic_stats":{"Gremlin Horn":[10,10],"counters":[24,154],"Ornamental Fan":[144],"CeramicFish":207,"Dead Branch":[9],"PreservedInsect":77,"Juzu Bracelet":1,"Cursed Key":1,"obtain_stats":[{"Potion Belt":20,"Gremlin Horn":20,"CeramicFish":2,"Dead Branch":54,"PreservedInsect":45,"Juzu Bracelet":9,"Frozen Egg 2":6,"Ancient Tea Set":8,"PrismaticShard":22,"Cursed Key":34,"White Beast Statue":25,"Ornamental Fan":38,"Toolbox":20,"Philosopher\u0027s Stone":17,"Molten Egg 2":26,"Toy Ornithopter":41,"Ring of the Snake":0},{"Potion Belt":11,"Gremlin Horn":11,"CeramicFish":1,"Dead Branch":23,"PreservedInsect":20,"Juzu Bracelet":6,"Frozen Egg 2":4,"Ancient Tea Set":6,"PrismaticShard":12,"Cursed Key":15,"White Beast Statue":12,"Ornamental Fan":17,"Toolbox":11,"Philosopher\u0027s Stone":9,"Molten Egg 2":12,"Toy Ornithopter":18,"Ring of the Snake":0},{"Potion Belt":82,"Gremlin Horn":82,"CeramicFish":7,"Dead Branch":145,"PreservedInsect":128,"Juzu Bracelet":32,"Frozen Egg 2":26,"Ancient Tea Set":32,"PrismaticShard":88,"Cursed Key":106,"White Beast Statue":88,"Ornamental Fan":110,"Toolbox":82,"Philosopher\u0027s Stone":66,"Molten Egg 2":88,"Toy Ornithopter":117,"Ring of the Snake":0}],"Toy Ornithopter":12,"Ring of the Snake":[48]},"card_choices":[{"not_picked":["Apotheosis","Master of Strategy"],"picked":"HandOfGreed","floor":0.0},{"not_picked":["Prepared","Concentrate","Crippling Poison"],"picked":"SKIP","floor":1.0},{"not_picked":["Crippling Poison","Dodge and Roll"],"picked":"Reflex","floor":4.0},{"not_picked":["Poisoned Stab","PiercingWail","Quick Slash"],"picked":"SKIP","floor":5.0},{"not_picked":["Prepared","Dagger Spray"],"picked":"Footwork+1","floor":6.0},{"not_picked":["Noxious Fumes+1","Quick Slash"],"picked":"Prepared","floor":7.0},{"not_picked":["Dagger Spray","Bouncing Flask"],"picked":"After Image+1","floor":8.0},{"not_picked":["Accuracy+1","Quick Slash","Backflip"],"picked":"SKIP","floor":13.0},{"not_picked":["Outmaneuver","Cloak And Dagger","Poisoned Stab"],"picked":"SKIP","floor":14.0},{"not_picked":["Adrenaline","Burst"],"picked":"Tools of the Trade+1","floor":16.0},{"not_picked":["Predator","Dagger Spray"],"picked":"Acrobatics","floor":18.0},{"not_picked":["Flying Knee","Bane+1","Quick Slash"],"picked":"SKIP","floor":19.0},{"not_picked":["Bouncing Flask+1","Dagger Spray+1"],"picked":"Deflect","floor":21.0},{"not_picked":["Sucker Punch+1","Havoc","Go for the Eyes+1"],"picked":"SKIP","floor":28.0},{"not_picked":["Distraction","Cloak And Dagger"],"picked":"Masterful Stab+1","floor":30.0},{"not_picked":["Juggernaut+1","Reboot"],"picked":"Fiend Fire+1","floor":33.0},{"not_picked":["Pummel+1","Thunderclap+1"],"picked":"Caltrops+1","floor":35.0},{"not_picked":["ReachHeaven+1","Backstab+1","Expertise"],"picked":"SKIP","floor":41.0},{"not_picked":["EmptyFist+1","Rebound+1"],"picked":"Dropkick+1","floor":42.0},{"not_picked":["Static Discharge+1","Outmaneuver"],"picked":"Masterful Stab+1","floor":45.0},{"not_picked":["Coolheaded","Conserve Battery","EmptyBody"],"picked":"SKIP","floor":47.0},{"not_picked":["Fission","Iron Wave+1"],"picked":"JustLucky+1","floor":54}],"player_experience":437716,"relics_obtained":[{"floor":6.0,"key":"Frozen Egg 2"},{"floor":8.0,"key":"Ancient Tea Set"},{"floor":9.0,"key":"Juzu Bracelet"},{"floor":26.0,"key":"Molten Egg 2"},{"floor":41.0,"key":"Toy Ornithopter"},{"floor":45.0,"key":"PreservedInsect"},{"floor":54,"key":"Dead Branch"}],"event_choices":[{"damage_healed":0.0,"max_hp_gain":0.0,"max_hp_loss":0.0,"gold_gain":0.0,"event_name":"Scrap Ooze","player_choice":"Success","floor":2.0,"gold_loss":0.0,"damage_taken":7.0,"relics_obtained":["CeramicFish"]},{"damage_healed":0.0,"max_hp_gain":0.0,"max_hp_loss":0.0,"gold_gain":0.0,"event_name":"Accursed Blacksmith","player_choice":"Forge","floor":3.0,"gold_loss":0.0,"damage_taken":0.0,"cards_upgraded":["HandOfGreed"]},{"damage_healed":0.0,"max_hp_gain":0.0,"max_hp_loss":0.0,"gold_gain":100.0,"event_name":"Golden Shrine","player_choice":"Pray","floor":11.0,"gold_loss":0.0,"damage_taken":0.0},{"damage_healed":0.0,"max_hp_gain":0.0,"max_hp_loss":0.0,"gold_gain":99.0,"event_name":"Nest","player_choice":"Stole From Cult","floor":24.0,"gold_loss":0.0,"damage_taken":0.0},{"damage_healed":0.0,"max_hp_gain":0.0,"max_hp_loss":0.0,"gold_gain":0.0,"event_name":"Addict","player_choice":"Obtained Relic","floor":25.0,"gold_loss":85.0,"damage_taken":0.0,"relics_obtained":["White Beast Statue"]},{"damage_healed":0.0,"max_hp_gain":0.0,"max_hp_loss":0.0,"gold_gain":0.0,"event_name":"Back to Basics","player_choice":"Simplicity","floor":31.0,"gold_loss":0.0,"damage_taken":0.0,"cards_upgraded":["Strike_G","Strike_G","Strike_G","Strike_G","Defend_G","Defend_G","Defend_G","Defend_G","Defend_G"]},{"cards_removed":["Strike_G"],"damage_healed":0.0,"max_hp_gain":0.0,"max_hp_loss":0.0,"gold_gain":0.0,"event_name":"Bonfire Elementals","player_choice":"Offered Basic","floor":36.0,"gold_loss":0.0,"damage_taken":0.0},{"damage_healed":0.0,"max_hp_gain":0.0,"max_hp_loss":0.0,"gold_gain":0.0,"event_name":"SensoryStone","player_choice":"Memory 1","floor":39.0,"gold_loss":0.0,"damage_taken":0.0},{"damage_healed":0.0,"max_hp_gain":0.0,"max_hp_loss":0.0,"gold_gain":0.0,"event_name":"Match and Keep!","player_choice":"3 cards matched","floor":48.0,"gold_loss":0.0,"damage_taken":0.0,"cards_obtained":["After Image","Prepared","Good Instincts"]}],"is_beta":false,"boss_relics":[{"not_picked":["Calling Bell","Runic Dome"],"picked":"Philosopher\u0027s Stone"},{"not_picked":["Busted Crown","Ring of the Serpent"],"picked":"Cursed Key"}],"items_purged_floors":[20,38,46],"is_endless":false,"potions_floor_spawned":[4,6,7,13,28,30,33,35,37,41,42,45,47,54],"ascension_level":10}}