{"host":"znvnxllcillb3rtw","time":1613904435,"event":{"mods":["BaseMod","DeckTracker","Minty Spire (QoL Compilation)","Relic Stats","StSLib","SuperFastMode","everything is the same but u backflip on backflip"],"gold_per_floor":[214,214,35,50,66,66,66,66,92,122,135,135,153,183,183,256,256,267,105,119,144,59,59,59],"floor_reached":23,"language":"KOR","playtime":905,"items_purged":[],"score":598,"play_id":"66d994e4-eb1c-4099-9054-ae3d14b3c514","local_time":"20210221194715","is_ascension_mode":true,"campfire_choices":[{"data":"Hologram","floor":6.0,"key":"SMITH"},{"data":"Zap","floor":8.0,"key":"SMITH"},{"floor":12.0,"key":"REST"},{"data":"Tempest","floor":15,"key":"SMITH"}],"circlet_count":0,"master_deck":["AscendersBane","Strike_B","Strike_B","Strike_B","Strike_B","Defend_B","Defend_B","Defend_B","Defend_B","Zap+1","Dualcast","Streamline","Electrodynamics","Gash","Hologram+1","Steam","Lockon","Reboot","Tempest+1","Stack","Creative AI","Hello World","Heatsinks","Hologram","Go for the Eyes","Auto Shields"],"relics":["Cracked Core","NlothsMask","Pantograph","Omamori","Fusion Hammer","Blood Vial","Calipers"],"acts_visited":["Exordium","TheCity"],"potions_floor_usage":[16],"damage_taken":[{"damage":2.0,"enemies":"Jaw Worm","floor":1.0,"turns":3.0},{"damage":1.0,"enemies":"Cultist","floor":4.0,"turns":3.0},{"damage":2.0,"enemies":"2 Louse","floor":5.0,"turns":2.0},{"damage":15.0,"enemies":"3 Sentries","floor":10.0,"turns":4.0},{"damage":12.0,"enemies":"Looter","floor":11.0,"turns":3.0},{"damage":0.0,"enemies":"Large Slime","floor":13.0,"turns":3.0},{"damage":39.0,"enemies":"Gremlin Nob","floor":14.0,"turns":4.0},{"damage":28,"enemies":"Hexaghost","floor":16,"turns":8},{"damage":35,"enemies":"3 Byrds","floor":18,"turns":4},{"damage":18,"enemies":"Shell Parasite","floor":20,"turns":5},{"damage":0,"enemies":"Slavers","floor":23,"turns":1}],"seed_played":"-7210217332777380046","potions_obtained":[{"floor":5.0,"key":"PotionOfCapacity"},{"floor":11.0,"key":"SpeedPotion"},{"floor":13.0,"key":"DuplicationPotion"}],"is_trial":false,"path_per_floor":["M","?","$","M","M","R","?","R","T","E","M","R","M","E","R","B",null,"M","$","M","T","?","E"],"character_chosen":"DEFECT","items_purchased":["Electrodynamics","Gash","Heatsinks","Hologram","Go for the Eyes"],"campfire_rested":1,"item_purchase_floors":[3,3,19,19,19],"current_hp_per_floor":[62,52,52,51,49,49,49,49,49,34,22,43,43,4,4,1,54,19,19,1,1,1,3,3],"gold":59,"neow_bonus":"HUNDRED_GOLD","is_daily":false,"chose_seed":false,"campfire_upgraded":3,"win_rate":0.0,"timestamp":1613904435,"path_taken":["M","?","$","M","?","R","?","R","T","E","M","R","M","E","R","BOSS","M","$","?","?","?","E"],"items_purchased_type":["Card","Card","Card","Card","Card"],"build_version":"2020-12-22","purchased_purges":0,"victory":false,"max_hp_per_floor":[71,71,71,71,71,71,71,71,71,71,71,71,71,71,71,71,71,71,71,71,71,71,71,71],"relic_stats":{"Blood Vial":2,"counters":[11,40],"Pantograph":25,"obtain_stats":[{"Blood Vial":21,"Calipers":22,"Pantograph":10,"Fusion Hammer":17,"Omamori":14,"Cracked Core":0,"NlothsMask":7},{"Blood Vial":10,"Calipers":10,"Pantograph":4,"Fusion Hammer":8,"Omamori":7,"Cracked Core":0,"NlothsMask":3},{"Blood Vial":39,"Calipers":39,"Pantograph":12,"Fusion Hammer":30,"Omamori":22,"Cracked Core":0,"NlothsMask":8}]},"card_choices":[{"not_picked":["Loop","Leap"],"picked":"Streamline","floor":1.0},{"not_picked":["Coolheaded","Compile Driver"],"picked":"Hologram","floor":4.0},{"not_picked":["Stack","Sweeping Beam"],"picked":"Steam","floor":5.0},{"not_picked":["Cold Snap","Rebound"],"picked":"Lockon","floor":10.0},{"not_picked":["Gash","Coolheaded"],"picked":"Reboot","floor":11.0},{"not_picked":["Force Field","BootSequence"],"picked":"Tempest","floor":13.0},{"not_picked":["Barrage","Compile Driver"],"picked":"Stack","floor":14.0},{"not_picked":["Core Surge","Machine Learning"],"picked":"Creative AI","floor":16},{"not_picked":["Compile Driver","Conserve Battery"],"picked":"Hello World","floor":18},{"not_picked":["Stack","Steam Power+1"],"picked":"Auto Shields","floor":20}],"player_experience":2921149,"relics_obtained":[{"floor":10.0,"key":"Pantograph"},{"floor":14.0,"key":"Omamori"},{"floor":21,"key":"Blood Vial"}],"event_choices":[{"damage_healed":0.0,"max_hp_gain":0.0,"max_hp_loss":0.0,"gold_gain":0.0,"event_name":"Wheel of Change","player_choice":"Damaged","floor":2.0,"gold_loss":0.0,"damage_taken":10.0},{"damage_healed":0.0,"max_hp_gain":0.0,"max_hp_loss":0.0,"gold_gain":0.0,"event_name":"FaceTrader","player_choice":"Trade","floor":7.0,"gold_loss":0.0,"damage_taken":0.0,"relics_obtained":["NlothsMask"]},{"damage_healed":0,"gold_gain":0,"player_choice":"Obtained Relic","damage_taken":0,"relics_obtained":["Calipers"],"max_hp_gain":0,"max_hp_loss":0,"event_name":"Addict","floor":22,"gold_loss":85}],"is_beta":false,"boss_relics":[{"not_picked":["Calling Bell","Coffee Dripper"],"picked":"Fusion Hammer"}],"items_purged_floors":[],"is_endless":false,"potions_floor_spawned":[5,11,13],"killed_by":"Slavers","ascension_level":20}}