{"host":"uy3vg6glkp8m6iit","time":1613887923,"event":{"mods":["AchievementEnabler","BaseMod","Colored Map","DeckTracker","Highlight Path","Keyboard Shortcuts","Minty Spire (QoL Compilation)","Quick Restart","Random Character Button","Rare Cards Sparkle","Relic Stats","StSLib","everything is the same but u backflip on backflip"],"gold_per_floor":[115,25,44,0,12,12,43,43,115,127,177,205,48,65,65,65,65],"floor_reached":16,"language":"KOR","playtime":469,"items_purged":[],"score":220,"play_id":"07168c80-2f31-4fd5-913a-29ab912e7756","local_time":"20210221151203","is_ascension_mode":true,"campfire_choices":[{"data":"Endless Agony","floor":6.0,"key":"SMITH"},{"floor":8,"key":"REST"},{"data":"Neutralize","floor":15,"key":"SMITH"}],"circlet_count":0,"master_deck":["AscendersBane","Strike_G","Strike_G","Strike_G","Strike_G","Strike_G","Defend_G","Defend_G","Defend_G+1","Defend_G","Defend_G+1","Survivor","Neutralize+1","Trip","Underhanded Strike","Backstab","Dagger Spray","Endless Agony+1","Adrenaline","Acrobatics"],"relics":["Ring of the Snake","War Paint","Darkstone Periapt","MawBank","Medical Kit"],"acts_visited":["Exordium"],"potions_floor_usage":[16,16],"damage_taken":[{"damage":5.0,"enemies":"Small Slimes","floor":1.0,"turns":5.0},{"damage":11.0,"enemies":"Jaw Worm","floor":3.0,"turns":4.0},{"damage":0.0,"enemies":"Cultist","floor":5.0,"turns":3.0},{"damage":26.0,"enemies":"Gremlin Nob","floor":7.0,"turns":4.0},{"damage":0,"enemies":"Blue Slaver","floor":10,"turns":1},{"damage":26,"enemies":"Lagavulin","floor":12,"turns":9},{"damage":0,"enemies":"Exordium Thugs","floor":14,"turns":2},{"damage":10,"enemies":"Hexaghost","floor":16,"turns":11}],"seed_played":"-6373307526250323775","potions_obtained":[{"floor":3.0,"key":"SkillPotion"},{"floor":5.0,"key":"SneckoOil"},{"floor":12,"key":"Swift Potion"},{"floor":14,"key":"Swift Potion"}],"is_trial":false,"path_per_floor":["M","$","M","?","M","R","E","R","T","M","?","E","$","M","R","B"],"character_chosen":"THE_SILENT","items_purchased":["Backstab","Medical Kit"],"campfire_rested":1,"item_purchase_floors":[2,13],"current_hp_per_floor":[54,54,43,43,43,43,17,36,36,36,36,10,10,10,10,0,0],"gold":65,"neow_bonus":"RANDOM_COLORLESS","is_daily":false,"chose_seed":true,"campfire_upgraded":2,"win_rate":0.0,"timestamp":1613887923,"path_taken":["M","$","M","?","M","R","E","R","T","M","?","E","$","M","R","BOSS"],"items_purchased_type":["Card","Relic"],"build_version":"2020-12-22","purchased_purges":0,"victory":false,"max_hp_per_floor":[66,66,66,66,66,66,66,66,66,66,66,66,66,66,66,66,66],"relic_stats":{"Darkstone Periapt":0,"counters":[8,39],"War Paint":["Defend_G","Defend_G"],"MawBank":12,"Medical Kit":[7],"obtain_stats":[{"Darkstone Periapt":9,"War Paint":7,"MawBank":12,"Medical Kit":13,"Ring of the Snake":0},{"Darkstone Periapt":4,"War Paint":4,"MawBank":6,"Medical Kit":6,"Ring of the Snake":0},{"Darkstone Periapt":16,"War Paint":16,"MawBank":26,"Medical Kit":26,"Ring of the Snake":0}],"Ring of the Snake":[16]},"card_choices":[{"not_picked":["Panacea","Dramatic Entrance"],"picked":"Trip","floor":0.0},{"not_picked":["Setup","Tactician"],"picked":"Underhanded Strike","floor":1.0},{"not_picked":["Accuracy","Cloak And Dagger"],"picked":"Dagger Spray","floor":3.0},{"not_picked":["Footwork","Eviscerate"],"picked":"Endless Agony","floor":5.0},{"not_picked":["Dodge and Roll","Flying Knee"],"picked":"Adrenaline","floor":7},{"not_picked":["Bane","Heel Hook","Prepared"],"picked":"SKIP","floor":10},{"not_picked":["Dagger Spray","Outmaneuver","Bane"],"picked":"SKIP","floor":12},{"not_picked":["Dagger Throw","Concentrate"],"picked":"Acrobatics","floor":14}],"player_experience":1524470,"relics_obtained":[{"floor":7,"key":"War Paint"},{"floor":9,"key":"Darkstone Periapt"},{"floor":12,"key":"MawBank"}],"event_choices":[{"damage_healed":0.0,"max_hp_gain":0.0,"max_hp_loss":0.0,"gold_gain":0.0,"event_name":"World of Goop","player_choice":"Left Gold","floor":4.0,"gold_loss":44.0,"damage_taken":0.0},{"damage_healed":0,"gold_gain":50,"player_choice":"Gained Gold","damage_taken":0,"max_hp_gain":0,"max_hp_loss":0,"event_name":"Golden Wing","floor":11,"gold_loss":0}],"is_beta":false,"boss_relics":[],"items_purged_floors":[],"is_endless":false,"potions_floor_spawned":[3,5,12,14],"killed_by":"Hexaghost","ascension_level":20}}