{"host":"i58uscbei3sy5089","time":1613925659,"event":{"mods":["ATMod(°¢èªMod)","Act Like it!","BaseMod","Challenge The Spire","Colored Powertips","Conspire","Gensokyo","Infinite Spire","Lobotomy","LobotomyExtend","Minty Spire (QoL Compilation)","MostiFishMod","Quick Restart","Replay The Spire","Shop Mod","Spicy Shops","StSLib","TestMod","UnlockEverythingMod","[IsaacMod]ÒÔÈö¼âËþ","¡¾¹¦ÄÜMod¡¿»ìãçÖ®»·ÐÞ¸´²¹¶¡","¡¾ÒÅÎï¿¨ÅÆ¡¿REMEMod","óô»ðÖ¸ÄÏ"],"gold_per_floor":[116,128,11,22,54,54,82,94,94,113,125,125,125,125,125,225,225,225,225],"floor_reached":18,"language":"ZHS","playtime":814,"items_purged":[],"score":256,"play_id":"a2c2006a-4486-4c27-a9b2-43eff95dbe54","local_time":"20210222004059","is_ascension_mode":true,"campfire_choices":[{"data":"AT_FamilyPortrait","floor":6,"key":"SMITH"}],"circlet_count":0,"master_deck":["AscendersBane","SpecialBullet","SpecialBullet","SpecialBullet","AT_FamilyPortrait+1","SecurityCode","GrinderMk4+1","InformationCode","LongBird","WallGazer","GoldRush","Writhe"],"relics":["CogitoBucket","testmod-TestBox","HushsDoor","DaveBox","AT_ATBox","REME_ComplimentaryCards","testmod-BouquetWithThorns","PatriotShield","SteamSale","SynthV:TestCard","LetterFromLob","D6","REME_PuzzleBoxRelic","SkinProphecy","Replay:WaspNest","Replay:Arrowhead","AT_BellDemon","Gensokyo:PortableGap","Kintsugi","MagicBullet_r","InspiredRelic"],"acts_visited":["Exordium","Gensokyo:Gensokyo"],"potions_floor_usage":[],"damage_taken":[{"damage":0,"enemies":"Gensokyo:Python","floor":1,"turns":2},{"damage":0,"enemies":"Gensokyo:2_Kodama","floor":2,"turns":2},{"damage":0,"enemies":"Gensokyo:Gryphon","floor":4,"turns":1},{"damage":10,"enemies":"Gensokyo:Mamizou","floor":5,"turns":6},{"damage":10,"enemies":"Gensokyo:Mamizou","floor":7,"turns":4},{"damage":16,"enemies":"Gensokyo:Python_and_Kodama","floor":8,"turns":3},{"damage":4,"enemies":"Gensokyo:CorruptedTreant","floor":10,"turns":2},{"damage":0,"enemies":"Gensokyo:LivingMonolith","floor":11,"turns":1},{"damage":7,"enemies":"Gensokyo:Kokoro","floor":16,"turns":5}],"seed_played":"-1712704205130529235","potions_obtained":[{"floor":2,"key":"Elixir"},{"floor":4,"key":"Death Potion"},{"floor":8,"key":"REME_GoldPotion"},{"floor":11,"key":"REME_GoldPotion"}],"is_trial":false,"path_per_floor":["M","M","COS","M","?","R","E","M","T","M","M","R","?","?","R","B",null,"M"],"character_chosen":"Angela","items_purchased":[],"campfire_rested":0,"item_purchase_floors":[],"current_hp_per_floor":[70,70,70,70,68,68,66,58,58,58,62,62,47,47,47,48,68,0,0],"gold":225,"neow_bonus":"TEN_PERCENT_HP_BONUS","is_daily":false,"chose_seed":false,"campfire_upgraded":1,"win_rate":0.0,"timestamp":1613925659,"path_taken":["M","M","COS","M","?","R","E","M","T","M","M","R","?","?","R","BOSS","M"],"items_purchased_type":[],"build_version":"2020-12-22","purchased_purges":0,"victory":false,"max_hp_per_floor":[77,77,77,77,77,77,77,77,77,79,81,81,81,73,73,75,75,70,70],"card_choices":[{"not_picked":["RapturousDream","CherryBlossom"],"picked":"SKIP","floor":1},{"not_picked":["Twilight","Horn","FrostShard","RedEyes"],"picked":"SKIP","floor":2},{"not_picked":["CherryBlossom","Hypocrisy","Soda","RedEyes"],"picked":"SKIP","floor":4},{"not_picked":["Noise+1","BlackSwan_ego+1","CherryBlossom+1"],"picked":"GrinderMk4+1","floor":5},{"not_picked":["Lantern","ScreamingWedge","Reverberation","Hornet"],"picked":"SKIP","floor":5},{"not_picked":["OSAHOGD","FairyFestival"],"picked":"LongBird","floor":7},{"not_picked":["CUTE","Loneliness","Harvest","SolemnVow"],"picked":"SKIP","floor":7},{"not_picked":["SomewhereSpear","Soda","Pleasure","RapturousDream"],"picked":"SKIP","floor":8},{"not_picked":["BeautyBeast","HeroicMonk"],"picked":"WallGazer","floor":10},{"not_picked":["GrinderMk4","Diffraction","Spore","Lantern"],"picked":"SKIP","floor":10},{"not_picked":["GrinderMk4","Diffraction","Spore","Lantern"],"picked":"SKIP","floor":10},{"not_picked":["Discord","CUTE","InTheNameOfLoveAndHate","Soda"],"picked":"SKIP","floor":11},{"not_picked":["Pinks","Mimicry","ParadiseLost"],"picked":"GoldRush","floor":16}],"player_experience":625641,"relics_obtained":[{"floor":1,"key":"SynthV:TestCard"},{"floor":1,"key":"LetterFromLob"},{"floor":5,"key":"D6"},{"floor":7,"key":"REME_PuzzleBoxRelic"},{"floor":9,"key":"Replay:WaspNest"}],"event_choices":[],"is_beta":false,"boss_relics":[{"not_picked":["REME_DemonsWealth","FixedStarFall"],"picked":"Kintsugi"},{"not_picked":[]}],"items_purged_floors":[],"is_endless":false,"potions_floor_spawned":[2,4,7,8,11],"ascension_level":11}}