{"host":"o9lehcdjc4u6j9un","time":1613925516,"event":{"mods":["Aspiration","BaseMod","Better-Laid Plans","Bossed Relics","Colored Map","Downfall","Gremlin Mod","Hermit","Koishi","Marisa£®ÏF”Í°°ƒß¿Ì…≥£©","Minty Spire (QoL Compilation)","Reimu£®≤©¿ˆ¡È√Œ£©","Remilia£®¿Ÿ√◊¿Ú—«£©","Robot Space Explorer","StSLib","The Alterego","The Hierophant","The Jungle","The Marked","The Runesmith","The Senshi","The Servant 0.9.4","Yakumo Yukari mod","Youmu£®ªÍ∆«—˝√Œ£©","≤–¡Ù÷ÆŒÔ"],"gold_per_floor":[113,127,144,69,88,88,100,100,127,137,137,97,97,57,57,153,153,169,169,12,12,12,12,26,26,50,78,93,125,138,150,150,150,150],"floor_reached":33,"language":"ZHS","playtime":16918,"items_purged":["theMarked:Strike"],"score":302,"play_id":"24911076-c655-4fc3-9c7a-e133a35eaad1","local_time":"20210222003836","is_ascension_mode":false,"campfire_choices":[{"data":"theMarked:SoldierOfQuellstein","floor":6.0,"key":"SMITH"},{"data":"theMarked:EmpowerWeapon","floor":8.0,"key":"SMITH"},{"data":"theMarked:Memento","floor":11.0,"key":"SMITH"},{"data":"theMarked:ResourceFulStrike","floor":13.0,"key":"SMITH"},{"data":"theMarked:TakeOffHeels","floor":15.0,"key":"SMITH"},{"data":"theMarked:Opportunist","floor":23.0,"key":"SMITH"},{"data":"theMarked:Memento","floor":32,"key":"SMITH"}],"circlet_count":0,"master_deck":["theMarked:Strike","theMarked:Defend","theMarked:Defend+1","theMarked:Defend+1","theMarked:Defend","theMarked:SoldierOfQuellstein+1","theMarked:EmpowerWeapon+1","theMarked:Memento+1","theMarked:Generate","theMarked:ResourceFulStrike+1","theMarked:TakeOffHeels+1","theMarked:Opportunist+1","theMarked:BanishingStrike","theMarked:Vacuum","theMarked:Improvise+1","downfall:Bewildered","theMarked:Parkour+1","theMarked:MysticalArsenal+1","theMarked:WardOff","theMarked:Memento+1"],"relics":["theMarked:ArtifactOfAir","sneckomod:BlankCard","PaintedHorse:ReiMu","Empty Cage","War Paint","sneckomod:BabySnecko","Meat on the Bone","aspiration:HiddenCompartment","Mercury Hourglass","Pocketwatch"],"acts_visited":["Exordium","TheCity"],"potions_floor_usage":[29,29,33],"damage_taken":[{"damage":3.0,"enemies":"Jaw Worm","floor":1.0,"turns":3.0},{"damage":0.0,"enemies":"Small Slimes","floor":2.0,"turns":3.0},{"damage":1.0,"enemies":"Cultist","floor":3.0,"turns":3.0},{"damage":7.0,"enemies":"Exordium Thugs","floor":5.0,"turns":5.0},{"damage":2.0,"enemies":"Blue Slaver","floor":7.0,"turns":3.0},{"damage":16.0,"enemies":"Exordium Wildlife","floor":10.0,"turns":3.0},{"damage":40.0,"enemies":"The Guardian","floor":16.0,"turns":8.0},{"damage":15.0,"enemies":"Shell Parasite","floor":18.0,"turns":4.0},{"damage":0.0,"enemies":"Chosen","floor":24.0,"turns":4.0},{"damage":21,"enemies":"Slavers","floor":27,"turns":5},{"damage":13,"enemies":"Snake Plant","floor":28,"turns":2},{"damage":0,"enemies":"Gremlin Leader","floor":29,"turns":3},{"damage":0,"enemies":"Chosen and Byrds","floor":30,"turns":3},{"damage":15,"enemies":"Sentry and Sphere","floor":31,"turns":4},{"damage":57,"enemies":"Automaton","floor":33,"turns":6}],"seed_played":"-4662347577250282586","potions_obtained":[{"floor":3.0,"key":"champ:CounterPotion"},{"floor":10.0,"key":"Fire Potion"},{"floor":14.0,"key":"Explosive Potion"},{"floor":14.0,"key":"champ:CounterPotion"}],"is_trial":false,"path_per_floor":["M","M","M","$","M","R","M","R","T","M","R","?","R","?","R","B",null,"M","?","$","$","?","R","M","T","T","E","M","E","M","M","R","B"],"character_chosen":"THE_DEFAULT","items_purchased":["War Paint"],"campfire_rested":0,"item_purchase_floors":[20],"current_hp_per_floor":[69,69,68,68,61,61,59,59,59,43,43,43,43,43,43,3,72,57,57,57,57,57,57,57,57,57,48,47,47,47,44,44,0,0],"gold":150,"neow_bonus":"THREE_CARDS","is_daily":false,"chose_seed":false,"campfire_upgraded":7,"win_rate":0.0,"timestamp":1613925516,"path_taken":["M","M","M","$","M","R","M","R","T","M","R","?","R","?","R","BOSS","M","?","?","$","?","R","M","?","T","E","M","E","M","M","R","BOSS"],"items_purchased_type":["Relic"],"build_version":"2020-12-22","purchased_purges":1,"victory":false,"max_hp_per_floor":[72,72,72,72,72,72,72,72,72,72,72,72,72,72,72,72,72,72,72,72,72,72,72,72,72,72,72,72,72,72,72,72,72,72],"card_choices":[{"not_picked":["theMarked:ElectricStrings","theMarked:Aftermath"],"picked":"theMarked:EmpowerWeapon","floor":0.0},{"not_picked":["theMarked:BanishingStrike","theMarked:KeepCalmAndFight"],"picked":"theMarked:Memento","floor":1.0},{"not_picked":["theMarked:Aftermath","theMarked:RogueSparks"],"picked":"theMarked:Generate","floor":2.0},{"not_picked":["theMarked:ChainLightning","theMarked:Memento"],"picked":"theMarked:ResourceFulStrike","floor":3.0},{"not_picked":["theMarked:Improvise","theMarked:HeightenedSenses"],"picked":"theMarked:TakeOffHeels","floor":5.0},{"not_picked":["theMarked:ResourceFulStrike","theMarked:TwofoldDefense"],"picked":"theMarked:Opportunist","floor":7.0},{"not_picked":["theMarked:Determination","theMarked:WardOff"],"picked":"theMarked:BanishingStrike","floor":10.0},{"not_picked":["theMarked:Abjuration","theMarked:TurnInvisible"],"picked":"theMarked:Vacuum","floor":16.0},{"not_picked":["theMarked:EmpowerWeapon","theMarked:Frustration"],"picked":"theMarked:Improvise+1","floor":18.0},{"not_picked":["theMarked:HeightenedSenses","theMarked:DispelDoubt"],"picked":"theMarked:Parkour+1","floor":24.0},{"not_picked":["theMarked:SwordAndMagic","theMarked:WardOff+1"],"picked":"theMarked:MysticalArsenal+1","floor":27},{"not_picked":["theMarked:OneWithTheBlade","theMarked:RogueSparks"],"picked":"theMarked:WardOff","floor":28},{"not_picked":["theMarked:Aftermath","theMarked:TakeCover+1","theMarked:TwofoldDefense"],"picked":"SKIP","floor":29},{"not_picked":["theMarked:TunnelVision+1","theMarked:TakeCover"],"picked":"theMarked:Memento","floor":30},{"not_picked":["theMarked:Determination","theMarked:ChainLightning","theMarked:Overthink"],"picked":"SKIP","floor":31}],"player_experience":416261,"relics_obtained":[{"floor":9.0,"key":"sneckomod:BlankCard"},{"floor":25.0,"key":"Meat on the Bone"},{"floor":26.0,"key":"aspiration:HiddenCompartment"},{"floor":27,"key":"Mercury Hourglass"},{"floor":29,"key":"Pocketwatch"}],"event_choices":[{"damage_healed":0.0,"max_hp_gain":0.0,"max_hp_loss":0.0,"gold_gain":0.0,"event_name":"yidonshenshe","player_choice":"»˚«Æ","floor":12.0,"gold_loss":40.0,"damage_taken":0.0,"relics_obtained":["PaintedHorse:ReiMu"]},{"damage_healed":0.0,"max_hp_gain":0.0,"max_hp_loss":0.0,"gold_gain":0.0,"event_name":"The Woman in Blue","player_choice":"Bought 3 Potions","floor":14.0,"gold_loss":0.0,"damage_taken":0.0},{"cards_removed":["theMarked:Strike"],"damage_healed":0.0,"max_hp_gain":0.0,"max_hp_loss":0.0,"gold_gain":0.0,"event_name":"Wheel of Change","player_choice":"Card Removal","floor":19.0,"gold_loss":0.0,"damage_taken":0.0}],"is_beta":false,"boss_relics":[{"not_picked":["Cursed Key","Coffee Dripper"],"picked":"Empty Cage"}],"items_purged_floors":[4],"is_endless":false,"potions_floor_spawned":[3,10,16,24,27],"killed_by":"Automaton","ascension_level":0}}