{"host":"7j2n82b2zha9fuyn","time":1613891294,"event":{"mods":["BaseMod","Block Reminder","Minty Spire (QoL Compilation)","StSLib"],"gold_per_floor":[113,113,131,31,42,42,58,93,93,109,134,152,152,171,171,245,245,255,87,118,18,28,28,42,42,69,84,2,2,2],"floor_reached":29,"language":"ENG","playtime":1997,"items_purged":["Decay"],"score":474,"play_id":"b6dc94f2-8024-4741-816b-7dd0d40367af","local_time":"20210221000814","is_ascension_mode":true,"campfire_choices":[{"data":"Cold Snap","floor":6.0,"key":"SMITH"},{"data":"Sunder","floor":13.0,"key":"SMITH"},{"data":"Go for the Eyes","floor":15.0,"key":"SMITH"},{"data":"Hologram","floor":23.0,"key":"SMITH"},{"data":"Zap","floor":25.0,"key":"SMITH"}],"circlet_count":0,"master_deck":["AscendersBane","Strike_B","Strike_B","Strike_B","Strike_B","Defend_B","Defend_B","Defend_B","Defend_B","Zap+1","Dualcast","Go for the Eyes+1","Turbo","Compile Driver","Cold Snap+1","Doom and Gloom","Sunder+1","Conserve Battery","Gash","Gash","All For One","Steam","Gash","Hologram+1","Self Repair+1","Leap","Steam"],"relics":["Cracked Core","Vajra","Bag of Marbles","InkBottle","Torii","Coffee Dripper","OrangePellets","Red Mask","Omamori","Akabeko"],"acts_visited":["Exordium","TheCity"],"potions_floor_usage":[29],"damage_taken":[{"damage":2.0,"enemies":"Jaw Worm","floor":1.0,"turns":3.0},{"damage":1.0,"enemies":"Cultist","floor":3.0,"turns":3.0},{"damage":0.0,"enemies":"2 Louse","floor":5.0,"turns":2.0},{"damage":4.0,"enemies":"2 Fungi Beasts","floor":7.0,"turns":2.0},{"damage":15.0,"enemies":"3 Sentries","floor":8.0,"turns":3.0},{"damage":6.0,"enemies":"Blue Slaver","floor":10.0,"turns":3.0},{"damage":4.0,"enemies":"Gremlin Nob","floor":11.0,"turns":3.0},{"damage":1.0,"enemies":"3 Louse","floor":12.0,"turns":3.0},{"damage":0.0,"enemies":"Exordium Wildlife","floor":14.0,"turns":1.0},{"damage":26.0,"enemies":"The Guardian","floor":16.0,"turns":10.0},{"damage":12.0,"enemies":"2 Thieves","floor":18.0,"turns":3.0},{"damage":15.0,"enemies":"Masked Bandits","floor":20.0,"turns":4.0},{"damage":9.0,"enemies":"Spheric Guardian","floor":22.0,"turns":3.0},{"damage":0.0,"enemies":"Chosen and Byrds","floor":24.0,"turns":3.0},{"damage":0.0,"enemies":"Centurion and Healer","floor":27.0,"turns":4.0},{"damage":22,"enemies":"Slavers","floor":29,"turns":2}],"seed_played":"-5862060614268479119","potions_obtained":[{"floor":3.0,"key":"Weak Potion"},{"floor":5.0,"key":"DuplicationPotion"},{"floor":12.0,"key":"SpeedPotion"},{"floor":16.0,"key":"PotionOfCapacity"},{"floor":18.0,"key":"PowerPotion"},{"floor":24.0,"key":"Strength Potion"}],"is_trial":false,"path_per_floor":["M","?","M","$","M","R","M","E","T","M","E","M","R","M","R","B",null,"M","$","?","?","M","R","M","R","T","M","$","E"],"character_chosen":"DEFECT","items_purchased":["Compile Driver","OrangePellets","Leap","Steam"],"campfire_rested":0,"item_purchase_floors":[4,19,28,28],"current_hp_per_floor":[62,62,61,61,61,61,57,42,42,36,32,31,31,31,31,5,55,43,43,28,28,19,19,19,19,19,19,19,0,0],"gold":2,"neow_bonus":"RANDOM_COMMON_RELIC","is_daily":false,"chose_seed":false,"campfire_upgraded":5,"win_rate":0.0,"timestamp":1613891294,"path_taken":["M","?","M","$","M","R","?","E","T","M","E","M","R","M","R","BOSS","M","$","?","?","?","R","M","R","T","?","$","E"],"items_purchased_type":["Card","Relic","Card","Card"],"build_version":"2020-12-22","purchased_purges":1,"victory":false,"max_hp_per_floor":[71,71,71,71,71,71,71,71,71,71,71,71,71,71,71,71,71,71,71,71,71,71,71,71,71,71,71,71,71,71],"card_choices":[{"not_picked":["Turbo","Fusion"],"picked":"Go for the Eyes","floor":1.0},{"not_picked":["Fusion","Stack"],"picked":"Turbo","floor":3.0},{"not_picked":["Steam","Turbo"],"picked":"Cold Snap","floor":5.0},{"not_picked":["Force Field","Conserve Battery"],"picked":"Doom and Gloom","floor":7.0},{"not_picked":["Heatsinks","Leap"],"picked":"Sunder","floor":8.0},{"not_picked":["Loop","Chill"],"picked":"Conserve Battery","floor":10.0},{"not_picked":["Coolheaded","Rebound"],"picked":"Gash","floor":11.0},{"not_picked":["Machine Learning","Blizzard","Streamline"],"picked":"SKIP","floor":12.0},{"not_picked":["Auto Shields","Barrage"],"picked":"Gash","floor":14.0},{"not_picked":["Echo Form","Electrodynamics"],"picked":"All For One","floor":16.0},{"not_picked":["Sweeping Beam+1","Chaos+1"],"picked":"Steam","floor":18.0},{"not_picked":["Steam","Auto Shields"],"picked":"Gash","floor":20.0},{"not_picked":["Cold Snap","Gash"],"picked":"Hologram","floor":22.0},{"not_picked":["Rebound","Auto Shields","Streamline"],"picked":"SKIP","floor":24.0},{"not_picked":["FTL+1","Seek"],"picked":"Self Repair+1","floor":27.0}],"player_experience":2084540,"relics_obtained":[{"floor":8.0,"key":"Bag of Marbles"},{"floor":9.0,"key":"InkBottle"},{"floor":11.0,"key":"Torii"},{"floor":20.0,"key":"Red Mask"},{"floor":26.0,"key":"Akabeko"}],"event_choices":[{"damage_healed":0.0,"max_hp_gain":0.0,"max_hp_loss":0.0,"gold_gain":0.0,"event_name":"Wheel of Change","player_choice":"Cursed","floor":2.0,"gold_loss":0.0,"damage_taken":0.0,"cards_obtained":["Decay"]},{"damage_healed":0.0,"max_hp_gain":0.0,"max_hp_loss":0.0,"gold_gain":0.0,"event_name":"Masked Bandits","player_choice":"Fought Bandits","floor":20.0,"gold_loss":0.0,"damage_taken":0.0},{"damage_healed":0.0,"max_hp_gain":0.0,"max_hp_loss":0.0,"gold_gain":0.0,"event_name":"WeMeetAgain","player_choice":"Paid Gold","floor":21.0,"gold_loss":100.0,"damage_taken":0.0,"relics_obtained":["Omamori"]}],"is_beta":false,"boss_relics":[{"not_picked":["Runic Dome","FrozenCore"],"picked":"Coffee Dripper"}],"items_purged_floors":[4],"is_endless":false,"potions_floor_spawned":[3,5,12,16,18,24],"killed_by":"Slavers","ascension_level":20}}