{"host":"f7915vm1ahl7kex1","time":1613950769,"event":{"mods":["BaseMod","Colored Map","Downfall","Minty Spire (QoL Compilation)","Quick Restart","StSLib"],"gold_per_floor":[99,99,99,24,24,39,63,96,96,111,124,153,53,53,65,169,169,69,83,97,97,46,46,46,57,89,114,129,143,43,72,91,91,91,91],"floor_reached":33,"language":"ENG","playtime":1160,"items_purged":["downfall:Malfunctioning"],"score":339,"play_id":"ff92c121-e99b-4597-9d84-4e6dcd41ce64","local_time":"20210221173929","is_ascension_mode":true,"campfire_choices":[{"floor":1,"key":"RECALL"},{"data":"bronze:Replicate","floor":9,"key":"SMITH"},{"floor":13,"key":"REST"},{"data":"bronze:SpaghettiCode","floor":18,"key":"SMITH"},{"data":"bronze:HardenedForm","floor":23,"key":"SMITH"},{"data":"bronze:Philosophize","floor":30,"key":"SMITH"}],"circlet_count":0,"master_deck":["bronze:Strike","bronze:Strike","bronze:Strike","bronze:Strike","bronze:Defend","bronze:Defend","bronze:Defend","bronze:Defend","bronze:Replicate+1","bronze:Goto+1","bronze:CutThrough+1","bronze:WhirlingStrike","bronze:Shield","bronze:SpaghettiCode+1","bronze:Philosophize+1","bronze:Constructor","bronze:HardenedForm+1","bronze:Overheat","bronze:ClassDefault","Injury","bronze:Overload+1","Doubt","bronze:ForLoop+1"],"relics":["bronze:BronzeCore","downfall:HeartsMalice","Blood Vial","Meat on the Bone","downfall:HeartBlessingRed","Cursed Key","downfall:HeartBlessingGreen","Blue Candle","Juzu Bracelet","bronze:ProtectiveGoggles","Tiny Chest","downfall:HeartBlessingBlue","Boot"],"acts_visited":["Exordium","TheCity"],"potions_floor_usage":[8,15,16,19],"damage_taken":[{"damage":0,"enemies":"Small Slimes","floor":2,"turns":1},{"damage":0,"enemies":"downfall:FleeingMerchant","floor":4,"turns":1},{"damage":0,"enemies":"Cultist","floor":5,"turns":1},{"damage":2,"enemies":"2 Louse","floor":6,"turns":2},{"damage":28,"enemies":"Gremlin Nob","floor":8,"turns":4},{"damage":3,"enemies":"Exordium Wildlife","floor":10,"turns":3},{"damage":12,"enemies":"downfall:LooterAlt","floor":11,"turns":3},{"damage":18,"enemies":"Lagavulin","floor":12,"turns":6},{"damage":7,"enemies":"3 Louse","floor":15,"turns":2},{"damage":22,"enemies":"WA_ARCHETYPE_RETAIN","floor":16,"turns":4},{"damage":0,"enemies":"Spheric Guardian","floor":19,"turns":3},{"damage":24,"enemies":"downfall:LooterAlt2","floor":20,"turns":4},{"damage":0,"enemies":"downfall:FleeingMerchant","floor":22,"turns":4},{"damage":12,"enemies":"Snake Plant","floor":25,"turns":4},{"damage":3,"enemies":"Book of Stabbing","floor":26,"turns":5},{"damage":12,"enemies":"Chosen and Byrds","floor":28,"turns":3},{"damage":1,"enemies":"Cultist and Chosen","floor":29,"turns":6},{"damage":43,"enemies":"Gremlin Leader","floor":31,"turns":5},{"damage":19,"enemies":"Centurion and Healer","floor":32,"turns":6},{"damage":30,"enemies":"DF_ARCHETYPE_CLAW","floor":33,"turns":3}],"seed_played":"-1164663037341646186","potions_obtained":[{"floor":6,"key":"PowerPotion"},{"floor":8,"key":"bronze:CleanCodePotion"},{"floor":12,"key":"Explosive Potion"},{"floor":15,"key":"bronze:BurnAndBuffPotion"},{"floor":16,"key":"LiquidMemories"},{"floor":25,"key":"Explosive Potion"},{"floor":26,"key":"Strength Potion"},{"floor":29,"key":"PowerPotion"}],"is_trial":false,"path_per_floor":["R","M","?","$","M","M","T","E","R","M","M","E","R","?","M","B",null,"R","M","M","?","$","R","T","M","E","T","M","M","R","E","M","B"],"character_chosen":"THE_AUTOMATON","items_purchased":["bronze:ClassDefault"],"campfire_rested":1,"item_purchase_floors":[22],"current_hp_per_floor":[70,70,70,70,70,68,68,40,40,39,29,13,34,34,41,33,70,70,70,46,41,43,43,43,45,44,44,46,47,57,28,23,0,0,0],"gold":91,"neow_bonus":"THREE_ENEMY_KILL","is_daily":false,"chose_seed":false,"campfire_upgraded":4,"win_rate":0.0,"timestamp":1613950769,"path_taken":["R","M","?","$","?","M","T","E","R","M","M","E","R","?","M","BOSS","R","M","M","?","$","R","T","M","E","?","M","M","R","E","M","BOSS"],"items_purchased_type":["Card"],"build_version":"2020-12-22","purchased_purges":1,"victory":false,"max_hp_per_floor":[70,70,70,70,70,70,70,70,70,70,70,70,70,70,70,70,70,70,70,70,70,70,70,70,70,70,70,70,70,80,80,80,80,80,80],"card_choices":[{"not_picked":["bronze:DelayedGuard","bronze:ItsAFeature"],"picked":"bronze:CutThrough","floor":2},{"not_picked":["bronze:FineTuning","bronze:BitShift","bronze:Overheat"],"picked":"SKIP","floor":4},{"not_picked":["bronze:Format","bronze:Refactor"],"picked":"bronze:WhirlingStrike","floor":5},{"not_picked":["bronze:Turbo","bronze:OilSpill","bronze:WildBeam"],"picked":"SKIP","floor":6},{"not_picked":["bronze:GetLatest","bronze:BitShift"],"picked":"bronze:Shield","floor":8},{"not_picked":["bronze:WildBeam","bronze:Shield"],"picked":"bronze:SpaghettiCode","floor":10},{"not_picked":["bronze:OilSpill","bronze:Safeguard"],"picked":"bronze:Philosophize","floor":11},{"not_picked":["bronze:BugBarrage","bronze:Deprecate","bronze:Fortify"],"picked":"SKIP","floor":12},{"not_picked":["bronze:Turbo","bronze:OilSpill"],"picked":"bronze:Constructor","floor":15},{"not_picked":["bronze:FindAndReplace","bronze:TinkerersToolbox"],"picked":"bronze:HardenedForm","floor":16},{"not_picked":["bronze:DelayedSlice+1","bronze:Constructor","bronze:Safeguard"],"picked":"SKIP","floor":19},{"not_picked":["bronze:Philosophize","bronze:OilSpill"],"picked":"bronze:Overheat","floor":20},{"not_picked":["bronze:Deprecate","bronze:ForceShield","bronze:Optimize"],"picked":"SKIP","floor":22},{"not_picked":["bronze:BitShift","bronze:DarkDash"],"picked":"bronze:Overload+1","floor":25},{"not_picked":["bronze:Backtrace","bronze:Fortify","bronze:Shell"],"picked":"SKIP","floor":26},{"not_picked":["bronze:ItsAFeature+1","bronze:OilSpill+1","bronze:Turbo"],"picked":"SKIP","floor":28},{"not_picked":["bronze:WhirlingStrike","bronze:BuggyMess"],"picked":"bronze:ForLoop+1","floor":29},{"not_picked":["bronze:Refactor+1","bronze:DelayedGuard","bronze:Turbo"],"picked":"SKIP","floor":31},{"not_picked":["bronze:Turbo+1","bronze:CutThrough","bronze:Iterate+1"],"picked":"SKIP","floor":32}],"player_experience":1227238,"relics_obtained":[{"floor":8,"key":"Blood Vial"},{"floor":12,"key":"Meat on the Bone"},{"floor":24,"key":"Juzu Bracelet"},{"floor":26,"key":"bronze:ProtectiveGoggles"},{"floor":27,"key":"Tiny Chest"},{"floor":31,"key":"Boot"}],"event_choices":[],"is_beta":false,"boss_relics":[{"not_picked":["Tiny House","bronze:ElectromagneticCoil"],"picked":"Cursed Key"}],"items_purged_floors":[4],"is_endless":false,"potions_floor_spawned":[6,8,12,15,16,25,26,29,32],"killed_by":"DF_ARCHETYPE_CLAW","ascension_level":3}}