{"host":"arn2jcql7xd3a3xg","time":1613894060,"event":{"mods":["AchievementEnabler","Act Like it!","AlwaysNeverKeys","BaseMod","Better Third Choice","Colored Map","Colored Powertips","Downfall","GifTheSpireLib","Highlight Path","Infinite Spire","Minty Spire (QoL Compilation)","Permanent Neow","Quick Restart","Rare Cards Sparkle","Replay The Spire","Ruina","StSLib","SuperFastMode"],"gold_per_floor":[99,114,129,144,159,189,189,200,200,219,219,219,219],"floor_reached":11,"language":"ENG","playtime":463,"items_purged":[],"score":75,"play_id":"fa7e6055-49fa-43c6-ac78-c2180ba66992","local_time":"20210220235420","daily_mods":["Heirloom","Hoarder","Elite Swarm"],"is_ascension_mode":false,"campfire_choices":[{"data":"champ:Taunt","floor":1,"key":"SMITH"}],"circlet_count":0,"master_deck":["champ:Strike","champ:Strike","champ:Strike","champ:Strike","champ:Defend","champ:Defend","champ:Defend","champ:Defend","champ:Execute","champ:Taunt+1","champ:StanceDance","champ:StanceDance","champ:StanceDance","champ:TornadoPunch","champ:TornadoPunch","champ:TornadoPunch","champ:EnGarde","champ:EnGarde","champ:EnGarde","champ:DefensiveShout","champ:DefensiveShout","champ:DefensiveShout","champ:UltimateStance","champ:UltimateStance","champ:UltimateStance","champ:PerfectedStrike","champ:PerfectedStrike","champ:PerfectedStrike"],"relics":["champ:ChampionCrown","Torii","StoneCalendar","StrikeDummy","Odd Mushroom","Golden Idol"],"acts_visited":["Exordium"],"potions_floor_usage":[],"damage_taken":[{"damage":1,"enemies":"Small Slimes","floor":2,"turns":5},{"damage":1,"enemies":"2 Louse","floor":3,"turns":3},{"damage":2,"enemies":"infinitespire:Voidling","floor":4,"turns":4},{"damage":11,"enemies":"3 Louse","floor":5,"turns":3},{"damage":7,"enemies":"Replay:BlueRogue","floor":6,"turns":4},{"damage":17,"enemies":"The Mushroom Lair","floor":8,"turns":4},{"damage":10,"enemies":"Gremlin Gang","floor":10,"turns":3},{"damage":0,"enemies":"Gremlin Nob","floor":11,"turns":1}],"seed_played":"-7397021786818157212","potions_obtained":[{"floor":5,"key":"PowerPotion"},{"floor":6,"key":"Toxic Potion"},{"floor":8,"key":"PowerPotion"}],"is_trial":false,"path_per_floor":["R","M","M","M","M","E","T","?","?","M","E"],"character_chosen":"THE_CHAMP","items_purchased":[],"campfire_rested":0,"item_purchase_floors":[],"current_hp_per_floor":[90,89,88,86,85,78,78,76,54,54,54,54,54],"gold":219,"neow_bonus":"","is_daily":true,"chose_seed":false,"campfire_upgraded":1,"win_rate":0.0,"timestamp":1613894060,"path_taken":["R","M","M","M","M","E","T","?","?","M","E"],"items_purchased_type":[],"build_version":"2020-12-22","purchased_purges":0,"victory":false,"max_hp_per_floor":[90,90,90,90,90,90,90,90,90,90,90,90,90],"card_choices":[{"not_picked":["champ:GutPunch","champ:Haymaker"],"picked":"champ:StanceDance","floor":2},{"not_picked":["champ:EnchantCrown","champ:Endure"],"picked":"champ:TornadoPunch","floor":3},{"not_picked":["champ:CalledShot","champ:FalseCounter"],"picked":"champ:EnGarde","floor":4},{"not_picked":["champ:FanOfKnives","champ:RapidStrikes"],"picked":"champ:DefensiveShout","floor":5},{"not_picked":["champ:SteelEdge","champ:IgnorePain"],"picked":"champ:UltimateStance","floor":6},{"not_picked":["champ:GutPunch","champ:FalseCounter"],"picked":"champ:PerfectedStrike","floor":8},{"not_picked":["champ:Shatter","champ:GutPunch","champ:HeavySlash"],"picked":"SKIP","floor":10}],"player_experience":96782,"relics_obtained":[{"floor":6,"key":"StoneCalendar"},{"floor":7,"key":"StrikeDummy"},{"floor":8,"key":"Odd Mushroom"}],"event_choices":[{"damage_healed":0,"gold_gain":0,"player_choice":"Fought Mushrooms","damage_taken":0,"max_hp_gain":0,"max_hp_loss":0,"event_name":"Mushrooms","floor":8,"gold_loss":0},{"damage_healed":0,"gold_gain":0,"player_choice":"Take Damage","damage_taken":22,"relics_obtained":["Golden Idol"],"max_hp_gain":0,"max_hp_loss":0,"event_name":"Golden Idol","floor":9,"gold_loss":0}],"is_beta":false,"boss_relics":[],"items_purged_floors":[],"is_endless":false,"potions_floor_spawned":[5,6,8],"killed_by":"Gremlin Nob","ascension_level":0}}