{"host":"3c8x8j1h2jyrixpf","time":1613880550,"event":{"mods":["BaseMod","Colored Powertips","Highlight Path","Minty Spire (QoL Compilation)","StSLib"],"gold_per_floor":[117,134,30,42,117,117,149,161,187,187,219,234,234,265,265,339,339,350,367,367,367,382,188,188,188],"floor_reached":24,"language":"ENG","playtime":808,"items_purged":["Strike_B"],"score":439,"play_id":"3ca2ae46-a5c1-458f-aef4-62daac5eda66","local_time":"20210220220910","is_ascension_mode":true,"campfire_choices":[{"data":"Coolheaded","floor":6,"key":"SMITH"},{"data":"Zap","floor":13,"key":"SMITH"},{"data":"Lockon","floor":15,"key":"SMITH"}],"circlet_count":0,"master_deck":["AscendersBane","Strike_B","Strike_B","Defend_B","Defend_B","Defend_B","Defend_B","Zap+1","Dualcast","Cold Snap","Ball Lightning","Coolheaded+1","Lockon+1","Rainbow","BootSequence","Coolheaded","Meteor Strike","Meteor Strike","Steam","Double Energy","Streamline+1","Defragment"],"relics":["Coffee Dripper","Happy Flower","Oddly Smooth Stone","GremlinMask","Art of War","Ice Cream","Runic Pyramid","Enchiridion"],"acts_visited":["Exordium","TheCity"],"potions_floor_usage":[7,14,16,24,24],"damage_taken":[{"damage":3,"enemies":"2 Louse","floor":1,"turns":2},{"damage":0,"enemies":"Cultist","floor":2,"turns":4},{"damage":0,"enemies":"Small Slimes","floor":4,"turns":3},{"damage":7,"enemies":"3 Sentries","floor":7,"turns":7},{"damage":7,"enemies":"3 Louse","floor":8,"turns":4},{"damage":14,"enemies":"Lagavulin","floor":11,"turns":5},{"damage":0,"enemies":"Exordium Thugs","floor":12,"turns":3},{"damage":16,"enemies":"Gremlin Nob","floor":14,"turns":4},{"damage":0,"enemies":"Slime Boss","floor":16,"turns":6},{"damage":16,"enemies":"2 Thieves","floor":18,"turns":3},{"damage":1,"enemies":"Shell Parasite","floor":19,"turns":4},{"damage":10,"enemies":"Snake Plant","floor":22,"turns":3},{"damage":19,"enemies":"Slavers","floor":24,"turns":1}],"seed_played":"-3955701340002314182","potions_obtained":[{"floor":4,"key":"SkillPotion"},{"floor":7,"key":"Swift Potion"},{"floor":11,"key":"PotionOfCapacity"},{"floor":16,"key":"Energy Potion"},{"floor":18,"key":"LiquidBronze"}],"is_trial":false,"path_per_floor":["M","M","?","M","?","R","E","M","T","?","E","M","R","E","R","B",null,"M","M","?","?","M","$","E"],"character_chosen":"DEFECT","items_purchased":["Defragment","FocusPotion"],"campfire_rested":0,"item_purchase_floors":[23,23],"current_hp_per_floor":[65,65,65,65,54,54,47,40,40,40,26,26,26,10,10,10,59,43,42,26,26,16,16,0,0],"gold":188,"neow_bonus":"BOSS_RELIC","is_daily":false,"chose_seed":false,"campfire_upgraded":3,"win_rate":0.0,"timestamp":1613880550,"path_taken":["M","M","?","?","?","R","E","M","T","?","E","M","R","E","R","BOSS","M","M","?","?","?","$","E"],"items_purchased_type":["Card","Potion"],"build_version":"2020-12-22","purchased_purges":1,"victory":false,"max_hp_per_floor":[75,75,75,75,75,75,75,75,75,75,75,75,75,75,75,75,75,75,75,75,75,75,75,75,75],"card_choices":[{"not_picked":["Steam","Streamline"],"picked":"Cold Snap","floor":1},{"not_picked":["Scrape","Conserve Battery"],"picked":"Ball Lightning","floor":2},{"not_picked":["Chill","Melter"],"picked":"Coolheaded","floor":4},{"not_picked":["Beam Cell","Storm"],"picked":"Lockon","floor":7},{"not_picked":["Steam","Go for the Eyes"],"picked":"Rainbow","floor":8},{"not_picked":["Force Field","Coolheaded"],"picked":"BootSequence","floor":11},{"not_picked":["Cold Snap","Go for the Eyes"],"picked":"Coolheaded","floor":12},{"not_picked":["Storm","Fusion"],"picked":"Meteor Strike","floor":14},{"not_picked":["Fission","All For One"],"picked":"Meteor Strike","floor":16},{"not_picked":["Lockon","Leap","Rebound"],"picked":"SKIP","floor":18},{"not_picked":["Compile Driver","Leap"],"picked":"Steam","floor":19},{"not_picked":["Rebound","Cold Snap+1"],"picked":"Streamline+1","floor":22}],"player_experience":291588,"relics_obtained":[{"floor":7,"key":"Oddly Smooth Stone"},{"floor":11,"key":"Art of War"},{"floor":14,"key":"Ice Cream"},{"floor":20,"key":"Enchiridion"}],"event_choices":[{"damage_healed":0,"gold_gain":0,"player_choice":"Paid Gold","damage_taken":0,"relics_obtained":["Happy Flower"],"max_hp_gain":0,"max_hp_loss":0,"event_name":"WeMeetAgain","floor":3,"gold_loss":104},{"damage_healed":0,"gold_gain":75,"player_choice":"Gather Gold","damage_taken":11,"max_hp_gain":0,"max_hp_loss":0,"event_name":"World of Goop","floor":5,"gold_loss":0},{"damage_healed":0,"gold_gain":0,"player_choice":"Trade","damage_taken":0,"relics_obtained":["GremlinMask"],"max_hp_gain":0,"max_hp_loss":0,"event_name":"FaceTrader","floor":10,"gold_loss":0},{"damage_healed":0,"gold_gain":0,"player_choice":"Obtained Book","damage_taken":16,"max_hp_gain":0,"max_hp_loss":0,"event_name":"Cursed Tome","floor":20,"gold_loss":0},{"damage_healed":0,"gold_gain":0,"cards_transformed":["Strike_B"],"player_choice":"Transformed","damage_taken":0,"max_hp_gain":0,"max_hp_loss":0,"event_name":"Transmorgrifier","floor":21,"gold_loss":0,"cards_obtained":["Double Energy"]}],"is_beta":false,"boss_relics":[{"not_picked":["Astrolabe","Nuclear Battery"],"picked":"Runic Pyramid"}],"items_purged_floors":[23],"is_endless":false,"potions_floor_spawned":[4,7,11,16,18,19],"killed_by":"Slavers","ascension_level":13}}