{"host":"Cenci","time":1613918857,"event":{"mods":["BaseMod","Bestiary","Downfall","Highlight Path","Minty Spire (QoL Compilation)","StSLib","The Marked"],"gold_per_floor":[365,385,397,397,408,436,436,460,509,220,233,262,293,293,293,293,293],"floor_reached":16,"language":"ENG","playtime":625,"items_purged":[],"score":112,"play_id":"b31e2511-bc8a-4846-8d3d-872778112ce0","local_time":"20210221154737","is_ascension_mode":false,"campfire_choices":[{"data":"theMarked:KeepCalmAndFight","floor":15,"key":"SMITH"}],"circlet_count":0,"master_deck":["theMarked:Strike","theMarked:Strike","theMarked:Strike","theMarked:Strike","theMarked:Strike","theMarked:Defend","theMarked:Defend","theMarked:Defend","theMarked:Defend","theMarked:SoldierOfQuellstein","theMarked:KeepCalmAndFight+1","theMarked:ContemptForTheProud","theMarked:WastefulAttack","theMarked:WastefulAttack"],"relics":["theMarked:ArtifactOfAir","PreservedInsect","Golden Idol","Potion Belt","Meat on the Bone","Odd Mushroom","bronze:DecasWashers","Mango"],"acts_visited":["Exordium"],"potions_floor_usage":[5,6,12,16],"damage_taken":[{"damage":1,"enemies":"Cultist","floor":1,"turns":4},{"damage":2,"enemies":"Small Slimes","floor":2,"turns":3},{"damage":8,"enemies":"2 Louse","floor":3,"turns":2},{"damage":0,"enemies":"Looter","floor":5,"turns":2},{"damage":26,"enemies":"3 Sentries","floor":6,"turns":4},{"damage":2,"enemies":"3 Louse","floor":8,"turns":2},{"damage":7,"enemies":"Large Slime","floor":11,"turns":6},{"damage":0,"enemies":"The Mushroom Lair","floor":12,"turns":2},{"damage":31,"enemies":"Lagavulin","floor":13,"turns":5},{"damage":30,"enemies":"Slime Boss","floor":16,"turns":9}],"seed_played":"-8819050980570321470","potions_obtained":[{"floor":2,"key":"champ:CounterPotion"},{"floor":5,"key":"LiquidMemories"},{"floor":8,"key":"bronze:BurnAndBuffPotion"},{"floor":13,"key":"Block Potion"}],"is_trial":false,"path_per_floor":["M","M","M","?","M","E","?","M","T","$","M","?","E","T","R","B"],"character_chosen":"THE_DEFAULT","items_purchased":["Meat on the Bone","theMarked:WastefulAttack"],"campfire_rested":0,"item_purchase_floors":[10,10],"current_hp_per_floor":[71,69,61,61,61,35,35,33,33,33,38,38,19,33,33,3,3],"gold":293,"neow_bonus":"TWO_FIFTY_GOLD","is_daily":false,"chose_seed":false,"campfire_upgraded":1,"win_rate":0.0,"timestamp":1613918857,"path_taken":["M","M","?","?","M","E","?","M","T","$","M","?","E","?","R","BOSS"],"items_purchased_type":["Relic","Card"],"build_version":"2020-11-17","purchased_purges":0,"victory":false,"max_hp_per_floor":[72,72,72,72,72,72,67,67,67,67,67,67,67,81,81,81,81],"card_choices":[{"not_picked":["theMarked:TwofoldDefense","theMarked:Seal"],"picked":"theMarked:KeepCalmAndFight","floor":1},{"not_picked":["theMarked:Panic","theMarked:Aftermath","theMarked:BanishingStrike"],"picked":"SKIP","floor":2},{"not_picked":["theMarked:RepellingDischarge","theMarked:Parkour"],"picked":"theMarked:ContemptForTheProud","floor":3},{"not_picked":["theMarked:Memento","theMarked:ChainLightning","theMarked:Friction"],"picked":"SKIP","floor":5},{"not_picked":["theMarked:Polarize","theMarked:Heritage","theMarked:Static"],"picked":"SKIP","floor":6},{"not_picked":["theMarked:Improvise","theMarked:Determination","theMarked:BanishingStrike"],"picked":"SKIP","floor":8},{"not_picked":["theMarked:AttractMetal","theMarked:OneWithTheBlade","theMarked:RepellingDischarge"],"picked":"SKIP","floor":11},{"not_picked":["theMarked:HeightenedSenses","theMarked:RepellingDischarge"],"picked":"theMarked:WastefulAttack","floor":12},{"not_picked":["theMarked:Friction","theMarked:MagusForm","theMarked:Generate"],"picked":"SKIP","floor":13}],"player_experience":385243,"relics_obtained":[{"floor":6,"key":"PreservedInsect"},{"floor":9,"key":"Potion Belt"},{"floor":12,"key":"Odd Mushroom"},{"floor":13,"key":"bronze:DecasWashers"},{"floor":14,"key":"Mango"}],"event_choices":[{"cards_removed":["Normality"],"damage_healed":0,"gold_gain":0,"player_choice":"Forget","damage_taken":0,"max_hp_gain":0,"max_hp_loss":0,"event_name":"Living Wall","floor":4,"gold_loss":0},{"damage_healed":0,"gold_gain":0,"player_choice":"Lose Max HP","damage_taken":0,"relics_obtained":["Golden Idol"],"max_hp_gain":0,"max_hp_loss":5,"event_name":"Golden Idol","floor":7,"gold_loss":0},{"damage_healed":0,"gold_gain":0,"player_choice":"Fought Mushrooms","damage_taken":0,"max_hp_gain":0,"max_hp_loss":0,"event_name":"Mushrooms","floor":12,"gold_loss":0}],"is_beta":true,"boss_relics":[],"items_purged_floors":[],"is_endless":false,"potions_floor_spawned":[2,5,8,13],"killed_by":"Slime Boss","ascension_level":0}}