{"host":"tlbbab9afexrkdtf","time":1613944542,"event":{"mods":["2.2 Compatiblity","AchievementEnabler","BaseMod","Colored Map","Colored Powertips","Minty Spire (QoL Compilation)","Rare Cards Sparkle","StSLib"],"gold_per_floor":[114,127,127,127,127,127,162,162,187,222,232,232,247,93,93,196,196,207,227,227,142,142,142,176,176,250,250,20,20,32,44,44,44,44],"floor_reached":33,"language":"ENG","playtime":755,"items_purged":[],"score":364,"play_id":"e6f684c8-e87c-4d87-9299-13a62b69cd5a","local_time":"20210221165542","is_ascension_mode":true,"campfire_choices":[{"floor":6,"key":"REST"},{"floor":8,"key":"REST"},{"floor":12,"key":"REST"},{"floor":15,"key":"REST"},{"floor":23,"key":"REST"},{"floor":25,"key":"REST"},{"floor":27,"key":"REST"},{"floor":32,"key":"REST"}],"circlet_count":0,"master_deck":["Bash+1","Armaments","Shockwave","Dual Wield","Double Tap","Infernal Blade","Anger+1","Warcry","Shrug It Off","Immolate","Seeing Red","Perfected Strike","Evolve","Reckless Charge","Headbutt","Feed","Battle Trance+1","Bloodletting","Evolve+1","Decay","Ghostly","Ghostly","Ghostly","Ghostly","Ghostly","Immolate","Iron Wave"],"relics":["Pandora\u0027s Box","Paper Frog","Centennial Puzzle","Bottled Flame","Pen Nib","Cursed Key","MutagenicStrength","Anchor","Nilry\u0027s Codex","PreservedInsect","The Courier","Shovel"],"acts_visited":["Exordium","TheCity"],"potions_floor_usage":[7,16,16,19],"damage_taken":[{"damage":0,"enemies":"Small Slimes","floor":1,"turns":1},{"damage":4,"enemies":"2 Louse","floor":2,"turns":3},{"damage":29,"enemies":"Gremlin Nob","floor":7,"turns":4},{"damage":7,"enemies":"3 Sentries","floor":10,"turns":4},{"damage":0,"enemies":"Cultist","floor":11,"turns":3},{"damage":9,"enemies":"Red Slaver","floor":13,"turns":2},{"damage":49,"enemies":"Hexaghost","floor":16,"turns":5},{"damage":12,"enemies":"Chosen","floor":18,"turns":2},{"damage":3,"enemies":"Shell Parasite","floor":19,"turns":2},{"damage":20,"enemies":"Gremlin Leader","floor":24,"turns":5},{"damage":14,"enemies":"3 Cultists","floor":30,"turns":4},{"damage":3,"enemies":"Snake Plant","floor":31,"turns":3},{"damage":35,"enemies":"Champ","floor":33,"turns":8}],"seed_played":"3113437671717125005","potions_obtained":[{"floor":2,"key":"Weak Potion"},{"floor":10,"key":"SkillPotion"},{"floor":11,"key":"LiquidBronze"},{"floor":18,"key":"EssenceOfSteel"},{"floor":24,"key":"ElixirPotion"},{"floor":30,"key":"ElixirPotion"}],"is_trial":false,"path_per_floor":["M","M","$","?","?","R","E","R","T","E","M","R","M","$","R","B",null,"M","M","?","?","?","R","E","R","T","R","$","?","M","M","R","B"],"character_chosen":"IRONCLAD","items_purchased":["Pen Nib","Shovel"],"campfire_rested":8,"item_purchase_floors":[14,28],"current_hp_per_floor":[80,76,76,60,65,80,51,75,75,68,68,80,71,71,80,31,68,56,53,53,53,37,61,41,65,65,80,80,40,26,23,35,0,0],"gold":44,"neow_bonus":"BOSS_RELIC","is_daily":false,"chose_seed":false,"campfire_upgraded":0,"win_rate":0.0,"timestamp":1613944542,"path_taken":["M","M","$","?","?","R","E","R","T","E","?","R","M","?","R","BOSS","M","M","?","?","?","R","E","R","T","R","$","?","?","M","R","BOSS"],"items_purchased_type":["Relic","Relic"],"build_version":"2020-12-22","purchased_purges":0,"victory":false,"max_hp_per_floor":[80,80,80,80,80,80,80,80,80,80,80,80,80,80,80,80,80,80,80,80,80,80,80,80,80,80,80,80,40,40,40,40,40,40],"card_choices":[{"not_picked":["Wild Strike","Disarm"],"picked":"Seeing Red","floor":1},{"not_picked":["Headbutt","Sentinel"],"picked":"Heavy Blade","floor":2},{"not_picked":["Iron Wave","Warcry"],"picked":"Perfected Strike","floor":7},{"not_picked":["Body Slam","True Grit"],"picked":"Evolve","floor":10},{"not_picked":["Shrug It Off","True Grit"],"picked":"Reckless Charge","floor":11},{"not_picked":["Juggernaut","Clash"],"picked":"Headbutt","floor":13},{"not_picked":["Limit Break","Juggernaut"],"picked":"Feed","floor":16},{"not_picked":["Clash","Sword Boomerang"],"picked":"Battle Trance+1","floor":18},{"not_picked":["Dropkick+1","Rupture"],"picked":"Bloodletting","floor":19},{"not_picked":["Rampage","Cleave"],"picked":"Evolve+1","floor":24},{"not_picked":["Power Through","Cleave"],"picked":"Immolate","floor":30},{"not_picked":["Searing Blow","Sword Boomerang"],"picked":"Iron Wave","floor":31}],"player_experience":349658,"relics_obtained":[{"floor":7,"key":"Paper Frog"},{"floor":9,"key":"Centennial Puzzle"},{"floor":10,"key":"Bottled Flame"},{"floor":22,"key":"Nilry\u0027s Codex"},{"floor":24,"key":"PreservedInsect"},{"floor":26,"key":"The Courier"}],"event_choices":[{"damage_healed":0,"gold_gain":0,"player_choice":"Entered Light","damage_taken":16,"max_hp_gain":0,"max_hp_loss":0,"event_name":"Shining Light","floor":4,"gold_loss":0,"cards_upgraded":["Bash","Anger"]},{"cards_removed":["Heavy Blade"],"damage_healed":5,"gold_gain":0,"player_choice":"Offered Common","damage_taken":0,"max_hp_gain":0,"max_hp_loss":0,"event_name":"Bonfire Elementals","floor":5,"gold_loss":0},{"cards_removed":["Heavy Blade"],"damage_healed":5,"gold_gain":0,"player_choice":"Offered Special","damage_taken":0,"max_hp_gain":0,"max_hp_loss":0,"event_name":"Bonfire Elementals","floor":5,"gold_loss":0},{"damage_healed":0,"gold_gain":0,"player_choice":"Inject Mutagens","damage_taken":0,"relics_obtained":["MutagenicStrength"],"max_hp_gain":0,"max_hp_loss":0,"event_name":"Drug Dealer","floor":20,"gold_loss":0},{"damage_healed":0,"gold_gain":0,"player_choice":"Obtained Relic","damage_taken":0,"relics_obtained":["Anchor"],"max_hp_gain":0,"max_hp_loss":0,"event_name":"Addict","floor":21,"gold_loss":85},{"damage_healed":0,"gold_gain":0,"player_choice":"Obtained Book","damage_taken":16,"max_hp_gain":0,"max_hp_loss":0,"event_name":"Cursed Tome","floor":22,"gold_loss":0},{"damage_healed":0,"gold_gain":0,"player_choice":"Became a Ghost","damage_taken":0,"max_hp_gain":0,"max_hp_loss":40,"event_name":"Ghosts","floor":29,"gold_loss":0,"cards_obtained":["Ghostly","Ghostly","Ghostly","Ghostly","Ghostly"]}],"is_beta":false,"boss_relics":[{"not_picked":["Ectoplasm","Runic Cube"],"picked":"Cursed Key"}],"items_purged_floors":[],"is_endless":false,"potions_floor_spawned":[2,10,11,18,24,30],"killed_by":"Champ","ascension_level":5}}