{"host":"6ra5lt5rtw92upyd","time":1613900022,"event":{"mods":["Act Like it!","BaseMod","Minty Spire (QoL Compilation)","Robot Space Explorer","Shop Mod","Spicy Shops","StSLib","The Poker Player","[IsaacMod]ÒÔÈö¼âËþ"],"gold_per_floor":[111,111,74,172,247,282,282,313,313,332,343,355,355,380,380,455,455,467,487,114,125,144,144,175,21,21,21,46,46,77,87,87,165,165,185,204,215,228,228,228],"floor_reached":39,"language":"ZHS","playtime":1763,"items_purged":["Whirlwind"],"score":909,"play_id":"e691ace4-4921-4788-be37-e5cbdfa3c192","local_time":"20210221173342","is_ascension_mode":true,"campfire_choices":[{"data":"Evolve","floor":7.0,"key":"SMITH"},{"data":"Double Tap","floor":13.0,"key":"SMITH"},{"data":"Heavy Blade","floor":15.0,"key":"SMITH"},{"data":"Seeing Red","floor":23.0,"key":"SMITH"},{"data":"Limit Break","floor":27.0,"key":"SMITH"},{"data":"Seeing Red","floor":32,"key":"SMITH"}],"circlet_count":0,"master_deck":["AscendersBane","Bash","Twin Strike","Evolve+1","Warcry","Demon Form","Heavy Blade+1","Double Tap+1","Reaper","Carnage","Limit Break+1","Thunderclap","Rage","Seeing Red+1","Warcry","Pummel","Uppercut","True Grit","Seeing Red+1","Fiend Fire","Burning Pact+1"],"relics":["Burning Blood","HushsDoor","NeowsBlessing","BFFS","Red Skull","Eternal Feather","Singing Bowl","Anchor","HowToJump","Pandora\u0027s Box","PreservedInsect","ClockworkSouvenir","Gremlin Horn","Membership Card","Regal Pillow","PillsDrop","Busted Crown"],"acts_visited":["Exordium","TheCity","TheBeyond"],"potions_floor_usage":[37,38,39],"damage_taken":[{"damage":0.0,"enemies":"Cultist","floor":1.0,"turns":1.0},{"damage":0.0,"enemies":"Lagavulin","floor":6.0,"turns":1.0},{"damage":0.0,"enemies":"3 Sentries","floor":8.0,"turns":1.0},{"damage":0.0,"enemies":"Small Slimes","floor":10.0,"turns":4.0},{"damage":0.0,"enemies":"2 Louse","floor":11.0,"turns":3.0},{"damage":11.0,"enemies":"2 Fungi Beasts","floor":12.0,"turns":4.0},{"damage":24.0,"enemies":"Gremlin Nob","floor":14.0,"turns":4.0},{"damage":43.0,"enemies":"Hexaghost","floor":16.0,"turns":6.0},{"damage":11.0,"enemies":"Shell Parasite","floor":18.0,"turns":3.0},{"damage":11.0,"enemies":"Chosen","floor":19.0,"turns":4.0},{"damage":34.0,"enemies":"Centurion and Healer","floor":21.0,"turns":9.0},{"damage":59.0,"enemies":"3 Cultists","floor":22.0,"turns":6.0},{"damage":4.0,"enemies":"Book of Stabbing","floor":24.0,"turns":2.0},{"damage":22.0,"enemies":"Gremlin Leader","floor":28.0,"turns":5.0},{"damage":33.0,"enemies":"Book of Stabbing","floor":30.0,"turns":4.0},{"damage":14.0,"enemies":"Snake Plant","floor":31.0,"turns":3.0},{"damage":88,"enemies":"Collector","floor":33,"turns":6},{"damage":39,"enemies":"3 Darklings","floor":35,"turns":5},{"damage":27,"enemies":"Orb Walker","floor":36,"turns":4},{"damage":45,"enemies":"3 Darklings","floor":37,"turns":4},{"damage":12,"enemies":"Jaw Worm Horde","floor":38,"turns":3},{"damage":17,"enemies":"Transient","floor":39,"turns":4}],"seed_played":"8195837240056192223","potions_obtained":[{"floor":6.0,"key":"SneckoOil"},{"floor":8.0,"key":"Fire Potion"},{"floor":16.0,"key":"SpeedPotion"},{"floor":19.0,"key":"Ancient Potion"},{"floor":22.0,"key":"SteroidPotion"},{"floor":33,"key":"Regen Potion"},{"floor":37,"key":"DuplicationPotion"},{"floor":38,"key":"SkillPotion"}],"is_trial":false,"path_per_floor":["M","T","$","?","?","E","R","E","T","M","M","M","R","E","R","B",null,"M","M","$","M","M","R","E","$","T","R","E","?","E","M","R","B",null,"M","M","M","M","M"],"character_chosen":"IRONCLAD","items_purchased":["Evolve","PreservedInsect","ClockworkSouvenir","Membership Card"],"campfire_rested":0,"item_purchase_floors":[3,20,20,25],"current_hp_per_floor":[78,78,78,63,52,58,67,73,73,81,82,77,82,66,75,38,73,70,65,65,59,22,31,53,53,53,62,64,64,39,41,53,21,77,46,27,19,15,0,0],"gold":228,"neow_bonus":"THREE_ENEMY_KILL","is_daily":false,"chose_seed":false,"campfire_upgraded":6,"win_rate":0.0,"timestamp":1613900022,"path_taken":["M","?","$","?","?","E","R","E","T","M","M","M","R","E","R","BOSS","M","M","$","M","M","R","E","$","T","R","E","?","E","M","R","BOSS","M","?","M","M","M"],"items_purchased_type":["Card","Relic","Relic","Relic"],"build_version":"2020-12-22","purchased_purges":1,"victory":false,"max_hp_per_floor":[80,80,80,80,80,80,80,80,80,82,82,82,82,84,84,84,84,86,86,86,88,90,90,92,92,92,92,92,92,94,94,94,96,96,98,100,103,105,105,105],"card_choices":[{"not_picked":[],"picked":"ChaosCard","floor":0.0},{"not_picked":["Headbutt","Combust"],"picked":"Twin Strike","floor":1.0},{"not_picked":["Wild Strike","Pommel Strike"],"picked":"Warcry","floor":6.0},{"not_picked":["Wild Strike","Flex"],"picked":"Demon Form","floor":8.0},{"not_picked":["Combust","Anger","Sword Boomerang"],"picked":"Singing Bowl","floor":10.0},{"not_picked":["Iron Wave","Thunderclap"],"picked":"Heavy Blade","floor":11.0},{"not_picked":["Dark Embrace","Clash"],"picked":"Double Tap","floor":12.0},{"not_picked":["Clothesline","Thunderclap","Shrug It Off"],"picked":"Singing Bowl","floor":14.0},{"not_picked":["Fiend Fire","Corruption"],"picked":"Reaper","floor":16.0},{"not_picked":["Headbutt","Wild Strike","Iron Wave"],"picked":"Singing Bowl","floor":18.0},{"not_picked":["Uppercut","Perfected Strike"],"picked":"True Grit","floor":19.0},{"not_picked":["Infernal Blade","Clothesline","Clash+1"],"picked":"Singing Bowl","floor":21.0},{"not_picked":["Battle Trance","True Grit","Second Wind"],"picked":"Singing Bowl","floor":22.0},{"not_picked":["Pommel Strike","Rampage","Shockwave"],"picked":"Singing Bowl","floor":24.0},{"not_picked":["Rupture","Anger+1"],"picked":"Seeing Red","floor":28.0},{"not_picked":["Disarm","Thunderclap","Dropkick"],"picked":"Singing Bowl","floor":30.0},{"not_picked":["Flex","Battle Trance"],"picked":"Fiend Fire","floor":31.0},{"not_picked":["Brutality","Feed","Barricade"],"picked":"Singing Bowl","floor":33},{"not_picked":["Metallicize+1"],"picked":"Singing Bowl","floor":35},{"not_picked":["Armaments"],"picked":"Singing Bowl","floor":36},{"not_picked":[],"picked":"Burning Pact+1","floor":37},{"not_picked":["Wild Strike"],"picked":"Singing Bowl","floor":38}],"player_experience":324560,"relics_obtained":[{"floor":2.0,"key":"Red Skull"},{"floor":6.0,"key":"Eternal Feather"},{"floor":8.0,"key":"Singing Bowl"},{"floor":9.0,"key":"Anchor"},{"floor":14.0,"key":"HowToJump"},{"floor":24.0,"key":"Gremlin Horn"},{"floor":28.0,"key":"Regal Pillow"},{"floor":30.0,"key":"PillsDrop"}],"event_choices":[{"damage_healed":0.0,"max_hp_gain":0.0,"max_hp_loss":0.0,"gold_gain":75.0,"event_name":"World of Goop","player_choice":"Gather Gold","floor":5.0,"gold_loss":0.0,"damage_taken":11.0},{"damage_healed":0.0,"max_hp_gain":0.0,"max_hp_loss":0.0,"gold_gain":0.0,"event_name":"Ghosts","player_choice":"Ignored","floor":29.0,"gold_loss":0.0,"damage_taken":0.0}],"is_beta":false,"boss_relics":[{"not_picked":["Fusion Hammer","Astrolabe"],"picked":"Pandora\u0027s Box"},{"not_picked":[]},{"not_picked":["Snecko Eye","Cursed Key"],"picked":"Busted Crown"},{"not_picked":[]}],"items_purged_floors":[20],"is_endless":false,"potions_floor_spawned":[6,8,11,16,19,22,33,35,37,38],"killed_by":"Transient","ascension_level":13}}