{"host":"f76wcztdlwlduum6","time":1613867659,"event":{"mods":["BaseMod","BetterRewards","Colored Powertips","Minty Spire (QoL Compilation)","Quick Restart","Rare Cards Sparkle","Relic Stats","StSLib","SuperFastMode","everything is the same but u backflip on backflip"],"gold_per_floor":[119,138,138,158,61,86,86,86,86],"floor_reached":8,"language":"ENG","playtime":183,"items_purged":[],"score":112,"play_id":"049c5622-322c-4cdd-9acd-a20062acdbdd","local_time":"20210220183419","is_ascension_mode":true,"campfire_choices":[],"circlet_count":0,"master_deck":["AscendersBane","Strike_G","Strike_G","Strike_G","Strike_G","Strike_G","Defend_G","Defend_G","Defend_G","Defend_G","Defend_G","Survivor","Neutralize","Dagger Spray","Skewer","Dagger Throw","Infinite Blades","Blade Dance","Concentrate"],"relics":["Coffee Dripper","Torii"],"acts_visited":["Exordium"],"potions_floor_usage":[8],"damage_taken":[{"damage":5,"enemies":"Small Slimes","floor":1,"turns":5},{"damage":1,"enemies":"Cultist","floor":2,"turns":4},{"damage":7,"enemies":"Jaw Worm","floor":4,"turns":2},{"damage":26,"enemies":"Gremlin Nob","floor":6,"turns":4},{"damage":17,"enemies":"Lagavulin","floor":8,"turns":3}],"seed_played":"2107165758454033683","potions_obtained":[{"floor":6,"key":"Swift Potion"}],"is_trial":false,"path_per_floor":["M","M","?","M","$","E","?","E"],"character_chosen":"THE_SILENT","items_purchased":["Infinite Blades","Blade Dance"],"campfire_rested":0,"item_purchase_floors":[5,5],"current_hp_per_floor":[54,53,53,46,46,20,20,3,3],"gold":86,"neow_bonus":"BOSS_RELIC","is_daily":false,"chose_seed":false,"campfire_upgraded":0,"win_rate":0.0,"timestamp":1613867659,"path_taken":["M","M","?","M","?","E","?","E"],"items_purchased_type":["Card","Card"],"build_version":"2020-12-22","purchased_purges":0,"victory":false,"max_hp_per_floor":[66,66,66,66,66,66,66,66,66],"relic_stats":{"Torii":0,"counters":[5,18],"obtain_stats":[{"Torii":6,"Coffee Dripper":0,"Ring of the Snake":0},{"Torii":4,"Coffee Dripper":0,"Ring of the Snake":0},{"Torii":15,"Coffee Dripper":0,"Ring of the Snake":0}]},"card_choices":[{"not_picked":["Cloak And Dagger","Leg Sweep"],"picked":"Dagger Spray","floor":1},{"not_picked":["Dagger Spray","Flying Knee"],"picked":"Skewer","floor":2},{"not_picked":["Deflect","Tactician"],"picked":"Dagger Throw","floor":4},{"not_picked":["Masterful Stab","Dodge and Roll"],"picked":"Concentrate","floor":6}],"player_experience":371420,"relics_obtained":[{"floor":6,"key":"Torii"}],"event_choices":[{"damage_healed":0,"gold_gain":0,"player_choice":"0 cards matched","damage_taken":0,"max_hp_gain":0,"max_hp_loss":0,"event_name":"Match and Keep!","floor":3,"gold_loss":0,"cards_obtained":[]},{"damage_healed":0,"gold_gain":0,"player_choice":"Fled","damage_taken":0,"max_hp_gain":0,"max_hp_loss":0,"event_name":"Scrap Ooze","floor":7,"gold_loss":0}],"is_beta":false,"boss_relics":[],"items_purged_floors":[],"is_endless":false,"potions_floor_spawned":[6],"killed_by":"Lagavulin","ascension_level":20}}