{"host":"lxu17chzujqn8whl","time":1613887807,"event":{"mods":["BaseMod","Minty Spire (QoL Compilation)","Relic Stats","StSLib"],"gold_per_floor":[112,112,125,197,197,230,230,247,247,247,266,46,46,74,74,173,173,193,205,223,223,148,148,148],"floor_reached":23,"language":"ENG","playtime":577,"items_purged":[],"score":199,"play_id":"c0239f78-4abc-47ac-8545-abdd7037bbc1","local_time":"20210220221007","is_ascension_mode":false,"campfire_choices":[{"data":"Self Repair","floor":7.0,"key":"SMITH"},{"data":"Sweeping Beam","floor":15.0,"key":"SMITH"}],"circlet_count":0,"master_deck":["Strike_B","Defend_B","Defend_B","Defend_B","Defend_B","Zap","Dualcast","Dramatic Entrance+1","Hologram","Self Repair+1","Sweeping Beam+1","Dramatic Entrance+1","Defragment","Electrodynamics","Beam Cell+1","Compile Driver+1","Buffer+1","Aggregate","Chill","Rip and Tear"],"relics":["Cracked Core","Darkstone Periapt","Matryoshka","Ancient Tea Set","DollysMirror","Strawberry","Astrolabe","Eternal Feather"],"acts_visited":["Exordium","TheCity"],"potions_floor_usage":[18],"damage_taken":[{"damage":1.0,"enemies":"Jaw Worm","floor":1.0,"turns":3.0},{"damage":0.0,"enemies":"Cultist","floor":3.0,"turns":2.0},{"damage":15.0,"enemies":"3 Sentries","floor":6.0,"turns":3.0},{"damage":0.0,"enemies":"Small Slimes","floor":8.0,"turns":2.0},{"damage":7.0,"enemies":"Blue Slaver","floor":11.0,"turns":2.0},{"damage":21.0,"enemies":"Lagavulin","floor":14.0,"turns":5.0},{"damage":32.0,"enemies":"Slime Boss","floor":16.0,"turns":9.0},{"damage":0,"enemies":"3 Byrds","floor":18,"turns":2},{"damage":20,"enemies":"Shell Parasite","floor":19,"turns":5},{"damage":40,"enemies":"Snake Plant","floor":20,"turns":5},{"damage":44,"enemies":"Book of Stabbing","floor":23,"turns":4}],"seed_played":"-3347354405483829041","potions_obtained":[{"floor":3.0,"key":"Fire Potion"},{"floor":5.0,"key":"LiquidBronze"},{"floor":5.0,"key":"Ancient Potion"},{"floor":6.0,"key":"Dexterity Potion"}],"is_trial":false,"path_per_floor":["M","?","M","?","?","E","R","M","T","?","M","$","?","E","R","B",null,"M","M","M","?","?","E"],"character_chosen":"DEFECT","items_purchased":["DollysMirror","Defragment"],"campfire_rested":0,"item_purchase_floors":[12,12],"current_hp_per_floor":[74,74,74,74,74,59,59,69,69,69,62,62,62,58,58,36,82,82,72,42,42,42,0,0],"gold":148,"neow_bonus":"RANDOM_COLORLESS","is_daily":false,"chose_seed":false,"campfire_upgraded":2,"win_rate":0.0,"timestamp":1613887807,"path_taken":["M","?","?","?","?","E","R","?","T","?","M","$","?","E","R","BOSS","M","M","?","?","?","E"],"items_purchased_type":["Relic","Card"],"build_version":"2020-12-22","purchased_purges":0,"victory":false,"max_hp_per_floor":[75,75,75,75,75,75,75,75,75,75,75,75,75,82,82,82,82,82,82,82,82,82,82,82],"relic_stats":{"Darkstone Periapt":0,"counters":[11,42],"Astrolabe":["Beam Cell","Compile Driver","Buffer"],"Eternal Feather":0,"obtain_stats":[{"Darkstone Periapt":6,"Matryoshka":9,"DollysMirror":12,"Strawberry":14,"Astrolabe":17,"Eternal Feather":21,"Cracked Core":0,"Ancient Tea Set":10},{"Darkstone Periapt":3,"Matryoshka":4,"DollysMirror":5,"Strawberry":6,"Astrolabe":7,"Eternal Feather":10,"Cracked Core":0,"Ancient Tea Set":4},{"Darkstone Periapt":8,"Matryoshka":10,"DollysMirror":12,"Strawberry":17,"Astrolabe":26,"Eternal Feather":38,"Cracked Core":0,"Ancient Tea Set":10}]},"card_choices":[{"not_picked":["Forethought","Discovery"],"picked":"Dramatic Entrance","floor":0.0},{"not_picked":["Hello World","Recycle"],"picked":"Barrage","floor":1.0},{"not_picked":["Coolheaded","Static Discharge"],"picked":"Hologram","floor":3.0},{"not_picked":["Compile Driver","Tempest"],"picked":"Self Repair","floor":6.0},{"not_picked":["Turbo","Coolheaded"],"picked":"Sweeping Beam","floor":8.0},{"not_picked":["Recycle","Rebound","Go for the Eyes"],"picked":"SKIP","floor":11.0},{"not_picked":["Undo","Stack","Auto Shields"],"picked":"SKIP","floor":14.0},{"not_picked":["Rainbow","Biased Cognition"],"picked":"Electrodynamics","floor":16.0},{"not_picked":["Coolheaded+1","Self Repair+1"],"picked":"Aggregate","floor":18},{"not_picked":["Stack","Redo"],"picked":"Chill","floor":19},{"not_picked":["Static Discharge","Storm"],"picked":"Rip and Tear","floor":20}],"player_experience":722751,"relics_obtained":[{"floor":6.0,"key":"Darkstone Periapt"},{"floor":9.0,"key":"Matryoshka"},{"floor":14.0,"key":"Strawberry"}],"event_choices":[{"damage_healed":0.0,"max_hp_gain":0.0,"max_hp_loss":0.0,"gold_gain":0.0,"event_name":"Accursed Blacksmith","player_choice":"Forge","floor":2.0,"gold_loss":0.0,"damage_taken":0.0,"cards_upgraded":["Dramatic Entrance"]},{"damage_healed":0.0,"max_hp_gain":0.0,"max_hp_loss":0.0,"gold_gain":72.0,"event_name":"Golden Wing","player_choice":"Gained Gold","floor":4.0,"gold_loss":0.0,"damage_taken":0.0},{"damage_healed":0.0,"max_hp_gain":0.0,"max_hp_loss":0.0,"gold_gain":0.0,"event_name":"Lab","player_choice":"Got Potions","floor":5.0,"gold_loss":0.0,"damage_taken":0.0},{"damage_healed":0.0,"max_hp_gain":0.0,"max_hp_loss":0.0,"gold_gain":0.0,"event_name":"Dead Adventurer","player_choice":"Searched \u00271\u0027 times","floor":10.0,"gold_loss":0.0,"damage_taken":0.0,"relics_obtained":["Ancient Tea Set"]},{"damage_healed":0.0,"max_hp_gain":0.0,"max_hp_loss":0.0,"gold_gain":0.0,"event_name":"NoteForYourself","player_choice":"Ignored","floor":13.0,"gold_loss":0.0,"damage_taken":0.0},{"damage_healed":0,"gold_gain":0,"player_choice":"Opened","damage_taken":0,"relics_obtained":["Eternal Feather"],"max_hp_gain":0,"max_hp_loss":0,"event_name":"The Mausoleum","floor":21,"gold_loss":0},{"cards_removed":["Barrage"],"damage_healed":0,"gold_gain":0,"player_choice":"Gave Gold","damage_taken":0,"max_hp_gain":0,"max_hp_loss":0,"event_name":"Beggar","floor":22,"gold_loss":75}],"is_beta":false,"boss_relics":[{"not_picked":["Coffee Dripper","FrozenCore"],"picked":"Astrolabe"}],"items_purged_floors":[],"is_endless":false,"potions_floor_spawned":[3,6,8,11],"killed_by":"Book of Stabbing","ascension_level":0}}