{"host":"prxrhpgaxnj4om9r","time":1613880586,"event":{"mods":["AchievementEnabler","BaseMod","Colored Map","DeckTracker","Minty Spire (QoL Compilation)"],"gold_per_floor":[119,119,119,119,136,166,166,185,185,210,228,228,65,83,83,184,184,202,277,287,301,319,345,345,345,372,386,14,14,14,14,14,14,14],"floor_reached":33,"language":"KOR","playtime":1182,"items_purged":[],"score":350,"play_id":"7529fba5-31ad-46ee-91d3-d2883d1fdd69","local_time":"20210221130946","is_ascension_mode":false,"campfire_choices":[{"data":"Eruption","floor":7,"key":"SMITH"},{"data":"MasterReality","floor":15,"key":"SMITH"},{"floor":24,"key":"REST"},{"floor":29,"key":"RECALL"},{"data":"Evaluate","floor":32,"key":"SMITH"}],"circlet_count":0,"master_deck":["Strike_P","Strike_P","Strike_P","Defend_P","Defend_P","Defend_P","Defend_P","Eruption+1","Vigilance","Prostrate","SandsOfTime","Evaluate+1","Indignation","MasterReality+1","Halt+1","DeusExMachina+1","FlurryOfBlows","Crescendo+1","Vault+1","CurseOfTheBell","ClearTheMind+1","Evaluate+1","FlurryOfBlows+1","TalkToTheHand+1","ThirdEye+1","BowlingBash+1","Swivel+1","ReachHeaven+1","BowlingBash+1"],"relics":["PureWater","NeowsBlessing","Matryoshka","Toxic Egg 2","Eternal Feather","Pen Nib","Calling Bell","Dream Catcher","Molten Egg 2","Turnip","Mummified Hand","Nunchaku","The Courier","FossilizedHelix"],"acts_visited":["Exordium","TheCity"],"potions_floor_usage":[10,16,18,23,27,33,33],"damage_taken":[{"damage":0,"enemies":"Cultist","floor":1,"turns":1},{"damage":0,"enemies":"Small Slimes","floor":5,"turns":2},{"damage":0,"enemies":"Lagavulin","floor":6,"turns":2},{"damage":2,"enemies":"Jaw Worm","floor":8,"turns":3},{"damage":0,"enemies":"Gremlin Nob","floor":10,"turns":3},{"damage":21,"enemies":"Exordium Thugs","floor":11,"turns":6},{"damage":5,"enemies":"Large Slime","floor":14,"turns":4},{"damage":6,"enemies":"Hexaghost","floor":16,"turns":8},{"damage":0,"enemies":"Shell Parasite","floor":18,"turns":4},{"damage":20,"enemies":"3 Byrds","floor":20,"turns":5},{"damage":4,"enemies":"Sentry and Sphere","floor":21,"turns":6},{"damage":0,"enemies":"Snecko","floor":22,"turns":4},{"damage":36,"enemies":"Book of Stabbing","floor":23,"turns":4},{"damage":0,"enemies":"Snake Plant","floor":27,"turns":4},{"damage":72,"enemies":"Collector","floor":33,"turns":8}],"seed_played":"-5134344255447194272","potions_obtained":[{"floor":5,"key":"ColorlessPotion"},{"floor":11,"key":"Weak Potion"},{"floor":16,"key":"SkillPotion"},{"floor":22,"key":"FearPotion"},{"floor":23,"key":"Weak Potion"},{"floor":27,"key":"EssenceOfSteel"}],"is_trial":false,"path_per_floor":["M","$","$","?","M","E","R","M","T","E","M","?","$","M","R","B",null,"M","?","M","M","M","E","R","T","T","M","$","R","?","?","R","B"],"character_chosen":"WATCHER","items_purchased":["DeusExMachina+1","FlurryOfBlows","FossilizedHelix","ReachHeaven+1","BowlingBash+1","Fire Potion"],"campfire_rested":1,"item_purchase_floors":[13,13,28,28,28,28],"current_hp_per_floor":[72,72,72,77,77,77,77,75,75,75,54,54,54,49,58,52,77,77,70,50,46,46,10,48,48,48,48,48,66,52,52,67,0,0],"gold":14,"neow_bonus":"THREE_ENEMY_KILL","is_daily":false,"chose_seed":false,"campfire_upgraded":3,"win_rate":0.0,"timestamp":1613880586,"path_taken":["M","?","$","?","M","E","R","M","T","E","M","?","$","M","R","BOSS","M","?","M","?","M","E","R","?","T","M","$","R","?","?","R","BOSS"],"items_purchased_type":["Card","Card","Relic","Card","Card","Potion"],"build_version":"2020-12-22","purchased_purges":0,"victory":false,"max_hp_per_floor":[72,72,72,77,77,77,77,77,77,77,77,77,77,77,77,77,77,77,77,77,77,77,77,77,77,77,77,77,77,82,82,82,82,82],"card_choices":[{"not_picked":["EmptyBody","SashWhip"],"picked":"Prostrate","floor":1},{"not_picked":["FlurryOfBlows","MentalFortress"],"picked":"SandsOfTime","floor":5},{"not_picked":["Protect","JustLucky"],"picked":"Evaluate","floor":6},{"not_picked":["FlurryOfBlows","ThirdEye"],"picked":"Indignation","floor":8},{"not_picked":["BowlingBash","FollowUp"],"picked":"MasterReality","floor":10},{"not_picked":["Protect+1","ThirdEye+1"],"picked":"Halt+1","floor":11},{"not_picked":["Worship+1","Sanctity+1"],"picked":"Crescendo+1","floor":14},{"not_picked":["Devotion","Omniscience+1"],"picked":"Vault+1","floor":16},{"not_picked":["Halt+1","Swivel+1"],"picked":"ClearTheMind+1","floor":18},{"not_picked":["Pray+1","Nirvana"],"picked":"Evaluate+1","floor":20},{"not_picked":["WaveOfTheHand+1","FollowUp+1"],"picked":"FlurryOfBlows+1","floor":21},{"not_picked":["FlurryOfBlows+1","ClearTheMind+1"],"picked":"TalkToTheHand+1","floor":22},{"not_picked":["MentalFortress","DeusExMachina+1"],"picked":"ThirdEye+1","floor":23},{"not_picked":["FlurryOfBlows+1","Halt+1"],"picked":"BowlingBash+1","floor":24},{"not_picked":["SashWhip+1","MentalFortress"],"picked":"Swivel+1","floor":27}],"player_experience":566341,"relics_obtained":[{"floor":6,"key":"Matryoshka"},{"floor":9,"key":"Toxic Egg 2"},{"floor":9,"key":"Eternal Feather"},{"floor":10,"key":"Pen Nib"},{"floor":17,"key":"Dream Catcher"},{"floor":17,"key":"Molten Egg 2"},{"floor":17,"key":"Turnip"},{"floor":23,"key":"Mummified Hand"},{"floor":25,"key":"Nunchaku"},{"floor":25,"key":"The Courier"}],"event_choices":[{"damage_healed":0,"gold_gain":0,"player_choice":"Donut","damage_taken":0,"max_hp_gain":5,"max_hp_loss":0,"event_name":"Big Fish","floor":4,"gold_loss":0},{"damage_healed":0,"gold_gain":0,"player_choice":"Ignored","damage_taken":0,"max_hp_gain":0,"max_hp_loss":0,"event_name":"NoteForYourself","floor":12,"gold_loss":0},{"damage_healed":0,"gold_gain":75,"player_choice":"Touch","damage_taken":7,"max_hp_gain":0,"max_hp_loss":0,"event_name":"FaceTrader","floor":19,"gold_loss":0},{"damage_healed":0,"gold_gain":0,"player_choice":"Shed Blood","damage_taken":19,"max_hp_gain":5,"max_hp_loss":0,"event_name":"Forgotten Altar","floor":30,"gold_loss":0},{"cards_removed":["Strike_P"],"damage_healed":0,"gold_gain":0,"player_choice":"Purged","damage_taken":0,"max_hp_gain":0,"max_hp_loss":0,"event_name":"Purifier","floor":31,"gold_loss":0}],"is_beta":false,"boss_relics":[{"not_picked":["Coffee Dripper","VioletLotus"],"picked":"Calling Bell"}],"items_purged_floors":[],"is_endless":false,"potions_floor_spawned":[5,11,16,22,23,27],"killed_by":"Collector","ascension_level":0}}