{"host":"ydg0vn0pu4pubmdt","time":1613938358,"event":{"mods":["AchievementEnabler","BaseMod","Colored Map","Minty Spire (QoL Compilation)","Quick Restart","SuperFastMode"],"gold_per_floor":[119,194,205,222,222,255,255,180,205,205,238,248,173,173,173,173,173],"floor_reached":16,"language":"KOR","playtime":296,"items_purged":["Strike_R"],"score":216,"play_id":"bbf71c9a-c547-41b9-8ce6-d38226397ac7","local_time":"20210222051238","is_ascension_mode":true,"campfire_choices":[{"data":"Inflame","floor":7,"key":"SMITH"},{"data":"Reaper","floor":10,"key":"SMITH"},{"data":"Bash","floor":15,"key":"SMITH"}],"circlet_count":0,"master_deck":["AscendersBane","Strike_R","Strike_R","Strike_R","Defend_R","Defend_R","Defend_R","Defend_R","Bash+1","Reaper+1","Dropkick","Power Through","Thunderclap","Inflame+1","Pummel"],"relics":["Burning Blood","MealTicket","Nunchaku","Strawberry"],"acts_visited":["Exordium"],"potions_floor_usage":[6,11],"damage_taken":[{"damage":6,"enemies":"Cultist","floor":1,"turns":3},{"damage":9,"enemies":"Jaw Worm","floor":3,"turns":3},{"damage":5,"enemies":"Small Slimes","floor":4,"turns":6},{"damage":50,"enemies":"3 Sentries","floor":6,"turns":12},{"damage":21,"enemies":"Gremlin Nob","floor":11,"turns":4},{"damage":17,"enemies":"3 Louse","floor":12,"turns":2},{"damage":30,"enemies":"The Guardian","floor":16,"turns":6}],"seed_played":"-5694509756798229100","potions_obtained":[{"floor":1,"key":"Regen Potion"},{"floor":3,"key":"FearPotion"},{"floor":6,"key":"LiquidMemories"}],"is_trial":false,"path_per_floor":["M","?","M","M","?","E","R","?","T","R","E","M","$","?","R","B"],"character_chosen":"IRONCLAD","items_purchased":[],"campfire_rested":0,"item_purchase_floors":[],"current_hp_per_floor":[72,61,58,61,66,49,49,49,49,49,41,35,50,50,50,27,27],"gold":173,"neow_bonus":"ONE_RANDOM_RARE_CARD","is_daily":false,"chose_seed":false,"campfire_upgraded":3,"win_rate":0.0,"timestamp":1613938358,"path_taken":["M","?","M","M","?","E","R","?","T","R","E","M","$","?","R","BOSS"],"items_purchased_type":[],"build_version":"2020-12-22","purchased_purges":1,"victory":false,"max_hp_per_floor":[75,75,75,75,80,80,80,80,80,80,87,87,87,87,87,87,87],"card_choices":[{"not_picked":["Burning Pact","Clothesline"],"picked":"Dropkick","floor":1},{"not_picked":["Body Slam","Armaments"],"picked":"Power Through","floor":3},{"not_picked":["Twin Strike","Rage"],"picked":"Thunderclap","floor":4},{"not_picked":["Armaments","Flex"],"picked":"Inflame","floor":6},{"not_picked":["Entrench","Evolve"],"picked":"Pummel","floor":11},{"not_picked":["Iron Wave","Reckless Charge","Entrench"],"picked":"SKIP","floor":12}],"player_experience":621891,"relics_obtained":[{"floor":6,"key":"MealTicket"},{"floor":9,"key":"Nunchaku"},{"floor":11,"key":"Strawberry"}],"event_choices":[{"damage_healed":0,"gold_gain":75,"player_choice":"Gather Gold","damage_taken":11,"max_hp_gain":0,"max_hp_loss":0,"event_name":"World of Goop","floor":2,"gold_loss":0},{"damage_healed":0,"gold_gain":0,"player_choice":"Donut","damage_taken":0,"max_hp_gain":5,"max_hp_loss":0,"event_name":"Big Fish","floor":5,"gold_loss":0},{"cards_removed":["Strike_R"],"damage_healed":0,"gold_gain":0,"player_choice":"Card Removal","damage_taken":0,"max_hp_gain":0,"max_hp_loss":0,"event_name":"The Cleric","floor":8,"gold_loss":75},{"damage_healed":0,"gold_gain":0,"player_choice":"Ignored","damage_taken":0,"max_hp_gain":0,"max_hp_loss":0,"event_name":"Liars Game","floor":14,"gold_loss":0}],"is_beta":false,"boss_relics":[],"items_purged_floors":[13],"is_endless":false,"potions_floor_spawned":[1,3,4,6],"killed_by":"The Guardian","ascension_level":20}}