{"host":"9czo1ewqehy3yunx","time":1613894286,"event":{"mods":["AchievementEnabler","Act Like it!","BaseMod","CapriCore","Colored Powertips","DeckTracker","GifTheSpireLib","GungeonMod","Hermit","Keyboard Shortcuts","Koishi","Lobotomy","Marisa£¨Ùöéë¡¡Øª×âÞÞ£©","Minty Spire (QoL Compilation)","Permanent Neow","Quick Restart","StSLib","SuperFastMode","Td1madao Mod","The Bug Knight","The Cursed","The Hierophant","The Immortal","The Jungle","The Poker Player","The Runesmith"],"gold_per_floor":[111,111,121,121,140,140,140,140,140,164,164,164,182,182,182,271,271,289,228,189,189,45,45,60,65,65,65,78,78,78],"floor_reached":29,"language":"KOR","playtime":1755,"items_purged":[],"score":267,"play_id":"a724f83d-cd4a-4275-a635-93bec4bddf21","local_time":"20210221165806","is_ascension_mode":false,"campfire_choices":[{"floor":15,"key":"REST"}],"circlet_count":0,"master_deck":["SpecialBullet","SpecialBullet","SpecialBullet","SpecialBullet","SpecialBullet","SpecialBullet","SpecialBullet","SpecialBullet","ExtractionCode","SecurityCode","TrainingCode","Regret_ego","ShedSkin","FeatherOfHonor","Wingbeat","TodaysExpression","CherryBlossom","OSAHOGD","CherryBlossom+1","BearPaw+1","Freischutz","Christmas","Lamp+4","LaLuna","Hornet+1","Twilight+1","Bloodbath","ParadiseLost+1","Spore+1","SilentOrchestra","Penitence+1","FourthMatchFlame+1","Scorched","InTheNameOfLoveAndHate+1","SpecialBullet","BlueStar","FourthMatchFlame+1","Reverberation+1","Justitia+1","DisciplinaryCode","LittleHelper","Wingbeat+1","BlackSwan_ego+1","UniverseFragment","Lamp+1","RecordCode","VoidDream"],"relics":["CogitoBucket","CultistMask","HollowMod:StagPassRelic","Golden Idol","Bird Faced Urn","Velvet Choker","TreeSap","TungstenRod","ChangeAnything"],"acts_visited":["Exordium","TheCity"],"potions_floor_usage":[16,16,29],"damage_taken":[{"damage":12,"enemies":"2 Louse","floor":1,"turns":2},{"damage":15,"enemies":"Cultist","floor":3,"turns":4},{"damage":25,"enemies":"Small Slimes","floor":5,"turns":4},{"damage":25,"enemies":"2 Fungi Beasts","floor":10,"turns":5},{"damage":15,"enemies":"3 Louse","floor":13,"turns":4},{"damage":45,"enemies":"Slime Boss","floor":16,"turns":10},{"damage":16,"enemies":"Shell Parasite","floor":18,"turns":4},{"damage":6,"enemies":"Chosen","floor":19,"turns":4},{"damage":39,"enemies":"Snake Plant","floor":20,"turns":4},{"damage":5,"enemies":"Snecko","floor":24,"turns":3},{"damage":11,"enemies":"Centurion and Healer","floor":25,"turns":4},{"damage":4,"enemies":"Snake Plant","floor":28,"turns":3},{"damage":44,"enemies":"Colosseum Slavers","floor":29,"turns":5},{"damage":52,"enemies":"Colosseum Nobs","floor":29,"turns":2}],"seed_played":"-5752390139340626561","potions_obtained":[{"floor":3,"key":"SkillPotion"},{"floor":13,"key":"AttackPotion"},{"floor":19,"key":"GamblersBrew"},{"floor":25,"key":"GamblersBrew"}],"is_trial":false,"path_per_floor":["M","?","M","T","M","R","?","R","T","M","R","?","M","?","R","B",null,"M","M","M","?","$","R","M","M","T","R","M","?"],"character_chosen":"Angela","items_purchased":["Reverberation+1","Justitia+1"],"campfire_rested":1,"item_purchase_floors":[22,22],"current_hp_per_floor":[66,66,59,59,41,41,41,41,41,28,28,44,40,27,46,19,65,65,65,41,41,41,41,53,62,62,62,62,0,0],"gold":78,"neow_bonus":"THREE_CARDS","is_daily":false,"chose_seed":false,"campfire_upgraded":0,"win_rate":0.0,"timestamp":1613894286,"path_taken":["M","?","?","?","M","R","?","R","T","M","R","?","M","?","R","BOSS","M","M","M","?","$","R","M","?","T","R","M","?"],"items_purchased_type":["Card","Card"],"build_version":"2020-12-22","purchased_purges":0,"victory":false,"max_hp_per_floor":[70,70,70,70,70,70,65,65,65,65,65,65,65,65,65,65,65,65,65,65,62,62,62,62,62,62,62,62,62,62],"card_choices":[{"not_picked":["GrinderMk4","FourthMatchFlame"],"picked":"Regret_ego","floor":0},{"not_picked":["CUTE"],"picked":"ShedSkin","floor":1},{"not_picked":["ShyLook","WhitesApple"],"picked":"Yin","floor":1},{"not_picked":["ShedSkin"],"picked":"FeatherOfHonor","floor":1},{"not_picked":["RedEyes"],"picked":"Wingbeat","floor":3},{"not_picked":["Tough"],"picked":"TodaysExpression","floor":3},{"not_picked":["Loneliness"],"picked":"CherryBlossom","floor":5},{"not_picked":["Wellcheers","MHz"],"picked":"OSAHOGD","floor":5},{"not_picked":["Loneliness"],"picked":"CherryBlossom","floor":5},{"not_picked":["Noise","GoldRush"],"picked":"BearPaw","floor":10},{"not_picked":["MHz","UniverseFragment"],"picked":"Freischutz","floor":10},{"not_picked":["Lamp","Penitence"],"picked":"Christmas","floor":10},{"not_picked":["FeatherOfHonor+1","Wingbeat+1"],"picked":"Lamp+1","floor":13},{"not_picked":["BigBadWolf","MeatLantern"],"picked":"LaLuna","floor":13},{"not_picked":["Adoration+1","Gaze+1"],"picked":"Hornet+1","floor":13},{"not_picked":["DaCapo+1","GoldRush+1"],"picked":"Twilight+1","floor":16},{"not_picked":["HeroicMonk","MeatLantern"],"picked":"Bloodbath","floor":16},{"not_picked":["Mimicry+1","Justitia+1"],"picked":"ParadiseLost+1","floor":16},{"not_picked":["SomewhereSpear+1","FeatherOfHonor+1"],"picked":"Spore+1","floor":18},{"not_picked":["Alriune","RedShoes"],"picked":"SilentOrchestra","floor":18},{"not_picked":["Lantern+1","Pleasure+1"],"picked":"Penitence+1","floor":18},{"not_picked":["BearPaw+1","TodaysExpression+1"],"picked":"FourthMatchFlame+1","floor":19},{"not_picked":["Rudolta","Alriune"],"picked":"Scorched","floor":19},{"not_picked":["WristCuter+1","SomewhereSpear+1"],"picked":"InTheNameOfLoveAndHate+1","floor":19},{"not_picked":["HeroicMonk","Murderer"],"picked":"BlueStar","floor":20},{"not_picked":["Loneliness+1","TodaysExpression+1"],"picked":"FourthMatchFlame+1","floor":20},{"not_picked":["SpiderBud","OldLady"],"picked":"LittleHelper","floor":24},{"not_picked":["Tough+1","Christmas+1"],"picked":"Wingbeat+1","floor":24},{"not_picked":["WristCuter+1","BloodyDesire+1"],"picked":"BlackSwan_ego+1","floor":25},{"not_picked":["MHz","Alriune"],"picked":"UniverseFragment","floor":25},{"not_picked":["Harvest+1","Beak+1"],"picked":"Lamp+1","floor":25},{"not_picked":["CherryBlossoms","GalaxyChild"],"picked":"VoidDream","floor":28},{"not_picked":["Lantern+1","Loneliness+1","TodaysExpression+1"],"picked":"SKIP","floor":28}],"player_experience":252859,"relics_obtained":[{"floor":4,"key":"HollowMod:StagPassRelic"},{"floor":9,"key":"Bird Faced Urn"},{"floor":26,"key":"TungstenRod"}],"event_choices":[{"damage_healed":0,"gold_gain":0,"player_choice":"Trade","damage_taken":0,"relics_obtained":["CultistMask"],"max_hp_gain":0,"max_hp_loss":0,"event_name":"FaceTrader","floor":2,"gold_loss":0},{"damage_healed":0,"gold_gain":0,"player_choice":"Lose Max HP","damage_taken":0,"relics_obtained":["Golden Idol"],"max_hp_gain":0,"max_hp_loss":5,"event_name":"Golden Idol","floor":7,"gold_loss":0},{"damage_healed":16,"gold_gain":0,"player_choice":"Healed and dodged fight","damage_taken":0,"max_hp_gain":0,"max_hp_loss":0,"event_name":"Mushrooms","floor":12,"gold_loss":0,"cards_obtained":["Parasite"]},{"damage_healed":0,"gold_gain":0,"player_choice":"Entered Light","damage_taken":13,"max_hp_gain":0,"max_hp_loss":0,"event_name":"Shining Light","floor":14,"gold_loss":0,"cards_upgraded":["CherryBlossom","BearPaw"]},{"cards_removed":["AddBullet"],"damage_healed":0,"gold_gain":0,"player_choice":"Purged","damage_taken":0,"max_hp_gain":0,"max_hp_loss":0,"event_name":"Purifier","floor":21,"gold_loss":0},{"cards_removed":["Parasite"],"damage_healed":0,"gold_gain":0,"player_choice":"Purged","damage_taken":0,"max_hp_gain":0,"max_hp_loss":0,"event_name":"Purifier","floor":21,"gold_loss":0},{"damage_healed":0,"gold_gain":0,"player_choice":"Fight","damage_taken":0,"max_hp_gain":0,"max_hp_loss":0,"event_name":"Colosseum","floor":29,"gold_loss":0},{"damage_healed":0,"gold_gain":0,"player_choice":"Fought Nobs","damage_taken":0,"max_hp_gain":0,"max_hp_loss":0,"event_name":"Colosseum","floor":29,"gold_loss":0}],"is_beta":false,"boss_relics":[{"not_picked":["Busted Crown","Coffee Dripper"],"picked":"Velvet Choker"}],"items_purged_floors":[],"is_endless":false,"potions_floor_spawned":[3,13,19,25],"killed_by":"Colosseum Nobs","ascension_level":0}}