{"host":"szkvl4ugkslb15zj","time":1613904731,"event":{"mods":["AchievementEnabler","BaseMod","Block Reminder","Card Forge","Colored Map","Colored Powertips","Duelist Mod","GifTheSpireLib","Hero for Fun","HololiveMod","Marisa????????","Minty Spire (QoL Compilation)","Quick Restart","Rare Cards Sparkle","StSLib","The Animator","The Bug Knight","The Cursed","The Exalted","The Gatherer","The Judge","The Mystic","The Poker Player","The Runesmith","The Senshi","The Servant 0.9.4"],"gold_per_floor":[76,76,95,109,125,125,157,157,157,189,208,208,383,397,397,531,531,542,580,595,595,611,611,642,642,642,353,363,392,392,421,421,524,524,551,561,575,144,163,163,200,252,252,268,268,281,351,351,351,392],"floor_reached":51,"language":"ENG","playtime":4218,"items_purged":[],"score":1560,"play_id":"8ea846f2-264d-43b9-83a8-f36175d8949d","local_time":"20210221025211","is_ascension_mode":true,"campfire_choices":[{"data":"Hololive_CallTokinoSora","floor":6.0,"key":"SMITH"},{"floor":8.0,"key":"REST"},{"floor":12.0,"key":"REST"},{"data":"Hololive_CallAkiRosenthal","floor":15.0,"key":"SMITH"},{"data":"Hololive_CallAkiRosenthal","floor":23.0,"key":"SMITH"},{"data":"Hololive_CallFriendA","floor":25.0,"key":"SMITH"},{"data":"Hololive_CallUsadaPekora","floor":32.0,"key":"SMITH"},{"data":"Hololive_CallYukihanaLamy","floor":40,"key":"SMITH"},{"data":"Hololive_CallOmaruPolka","floor":45,"key":"SMITH"},{"data":"Hololive_CallAZKi","floor":49,"key":"SMITH"}],"circlet_count":0,"master_deck":["Hololive_CallHoushouMarine","Hololive_CallShiroganeNoel","Hololive_CallUruhaRushia","Hololive_CallShiranuiFlare","Hololive_CallUsadaPekora+1","Hololive_StrengthChampion","Hololive_Strike+1","Hololive_Strike","Hololive_Defend","Hololive_Defend","Hololive_CallTokinoSora+1","Hololive_CallAZKi+1","Hololive_Psychosis","Hololive_CallFriendA+1","Hololive_CallAkiRosenthal+1","Hololive_Rebound","Hololive_CallSakuraMiko","Hololive_CocoNews","Hololive_OpenUp","Hololive_CallUruhaRushia+1","Hololive_CocoNews+1","Hololive_LuckPotion+1","Hololive_CallAkiRosenthal+1","Hololive_CallYukihanaLamy+1","Hololive_StrengthChampion+1","Hololive_CallManoAloe+1","Hololive_CallHimemoriLuna","Hololive_CallHoshimachiSuisei","Hololive_Breathe+1","Hololive_CallOmaruPolka+1","Hololive_CallTsunomakiWatame","Hololive_CallInugamiKorone","Hololive_Rebirth","Hololive_LuckPotion+1","Hololive_CallNakiriAyame+1","Hololive_CallOzoraSubaru+1","Hololive_CandyCastle","Hololive_CallAkaiHaato+1","Hololive_StrengthChampion+1","Hololive_Psychosis","Hololive_StrengthChampion+1","Hololive_CallYuzukiChoco+1","Hololive_CallNekomataOkayu"],"relics":["Hololive_TheStar","Hammer of Thor","Seething Fire","Anvil of the Gods","Anchor","Orichalcum","Gremlin Horn","FossilizedHelix","Black Star","theSenshi:SpiralHeartMoonRodRelic","Matryoshka","Juzu Bracelet","Centennial Puzzle","Whetstone","Orrery","theSenshi:SailorFukuRelic","Potion Belt","MutagenicStrength","Bromod:ArcaneTrickery","Dream Catcher","Bromod:ArcaneEnergize","Bottled Flame","ClockworkSouvenir","Toy Ornithopter","Blood Vial","CatCart","MealTicket","Pantograph","TungstenRod","Boot"],"acts_visited":["Exordium","TheCity","TheBeyond"],"potions_floor_usage":[33,39,41,46,50,50,50],"damage_taken":[{"damage":0.0,"enemies":"Cultist","floor":1.0,"turns":3.0},{"damage":0.0,"enemies":"2 Louse","floor":3.0,"turns":2.0},{"damage":0.0,"enemies":"Jaw Worm","floor":4.0,"turns":2.0},{"damage":0.0,"enemies":"Looter","floor":5.0,"turns":2.0},{"damage":0.0,"enemies":"Gremlin Nob","floor":7.0,"turns":3.0},{"damage":0.0,"enemies":"HollowMod:MossKnight","floor":10.0,"turns":5.0},{"damage":0.0,"enemies":"3 Louse","floor":11.0,"turns":2.0},{"damage":0.0,"enemies":"Large Slime","floor":14.0,"turns":3.0},{"damage":0.0,"enemies":"Hexaghost","floor":16.0,"turns":6.0},{"damage":0.0,"enemies":"2 Thieves","floor":18.0,"turns":4.0},{"damage":0.0,"enemies":"Spheric Guardian","floor":19.0,"turns":3.0},{"damage":0.0,"enemies":"Shelled Parasite and Fungi","floor":20.0,"turns":3.0},{"damage":0.0,"enemies":"Snake Plant","floor":22.0,"turns":2.0},{"damage":0.0,"enemies":"Book of Stabbing","floor":24.0,"turns":6.0},{"damage":0.0,"enemies":"Cultist and Chosen","floor":28.0,"turns":4.0},{"damage":0.0,"enemies":"theDuelist:KaibaA2","floor":29.0,"turns":3.0},{"damage":0.0,"enemies":"Book of Stabbing","floor":31.0,"turns":4.0},{"damage":0,"enemies":"Collector","floor":33,"turns":5},{"damage":0,"enemies":"3 Darklings","floor":35,"turns":2},{"damage":0,"enemies":"Orb Walker","floor":36,"turns":2},{"damage":0,"enemies":"Transient","floor":37,"turns":5},{"damage":0,"enemies":"Jaw Worm Horde","floor":39,"turns":3},{"damage":0,"enemies":"Nemesis","floor":41,"turns":7},{"damage":0,"enemies":"Orin","floor":42,"turns":5},{"damage":0,"enemies":"Spire Growth","floor":44,"turns":3},{"damage":0,"enemies":"3 Darklings","floor":46,"turns":4},{"damage":0,"enemies":"Giant Head","floor":47,"turns":6},{"damage":0,"enemies":"Awakened One","floor":50,"turns":6}],"seed_played":"-2248908710207608170","potions_obtained":[{"floor":3.0,"key":"PowerPotion"},{"floor":4.0,"key":"EntropicBrew"},{"floor":22.0,"key":"SmokeBomb"},{"floor":24.0,"key":"SteroidPotion"},{"floor":33,"key":"BlessingOfTheForge"},{"floor":37,"key":"LiquidMemories"},{"floor":41,"key":"Swift Potion"},{"floor":42,"key":"LiquidMemories"},{"floor":46,"key":"BlessingOfTheForge"},{"floor":47,"key":"EssenceOfSteel"}],"is_trial":false,"path_per_floor":["M","?","M","M","M","R","E","R","T","E","M","R","?","M","R","B",null,"M","M","M","?","M","R","E","R","T","$","M","E","?","E","R","B",null,"M","M","M","$","M","R","E","?","T","M","R","M","E","?","R","B",null],"character_chosen":"Hololive_HololiveCharacter","items_purchased":["Whetstone","Orrery","Bottled Flame","ClockworkSouvenir","Hololive_CandyCastle"],"campfire_rested":2,"item_purchase_floors":[27,27,38,38,38],"current_hp_per_floor":[32,32,32,32,32,32,32,35,35,35,35,35,35,35,35,35,35,35,35,35,35,35,35,35,35,35,35,35,35,35,35,35,35,35,35,35,35,35,35,35,35,35,35,35,35,35,35,33,33,33],"gold":392,"neow_bonus":"RANDOM_COMMON_RELIC","is_daily":false,"chose_seed":false,"campfire_upgraded":8,"win_rate":0.0,"timestamp":1613904731,"path_taken":["M","?","M","M","M","R","E","R","T","E","M","R","?","M","R","BOSS","M","M","M","?","?","R","E","R","T","$","M","E","?","E","R","BOSS","M","M","M","$","M","R","E","?","T","M","R","M","E","?","R","BOSS"],"items_purchased_type":["Relic","Relic","Relic","Relic","Card"],"build_version":"2020-12-22","purchased_purges":0,"victory":true,"max_hp_per_floor":[35,35,35,35,35,35,35,35,35,35,35,35,35,35,35,35,35,35,35,35,35,35,35,35,35,35,35,35,35,35,35,35,35,35,35,35,35,35,35,35,35,35,35,35,35,35,35,33,33,33],"card_choices":[{"not_picked":["Hololive_LuckPotion","Hololive_Rebound","Hololive_HuntDinosaur"],"picked":"Hololive_CallTokinoSora","floor":1.0},{"not_picked":["Hololive_Sequa","Hololive_StrengthChampion","Hololive_CallManoAloe"],"picked":"Hololive_CallAZKi","floor":3.0},{"not_picked":["Hololive_HuntDinosaur","Hololive_LuckPotion","Hololive_RevenueBasedLive"],"picked":"Hololive_Psychosis","floor":4.0},{"not_picked":["Hololive_CallAmaneKanata","Hololive_CallOzoraSubaru","Hololive_HuntDinosaur"],"picked":"Hololive_CallFriendA","floor":5.0},{"not_picked":["Hololive_SummonFox","Hololive_CallOmaruPolka","Hololive_IdolExercise"],"picked":"Hololive_CallAkiRosenthal","floor":7.0},{"not_picked":["Hololive_Psychosis","Hololive_RevenueBasedLive","Hololive_LuckPotion"],"picked":"Hololive_Rebound","floor":10.0},{"not_picked":["Hololive_Rebound","Hololive_HuntDinosaur","Hololive_CallMurasakiShion"],"picked":"Hololive_CallSakuraMiko","floor":11.0},{"not_picked":["Hololive_OvertimeWork","Hololive_StrengthChampion","Hololive_BringToTrial"],"picked":"Hololive_CocoNews","floor":14.0},{"not_picked":["Hololive_DDD","Hololive_WolfAndLamb","Hololive_FlareMind"],"picked":"Hololive_OpenUp","floor":16.0},{"not_picked":["Hololive_StrengthChampion","Hololive_Sequa+1","Hololive_Psychosis"],"picked":"Hololive_CallUruhaRushia+1","floor":18.0},{"not_picked":["Hololive_CallArtia+1","Hololive_Trident","Hololive_Breathe+1"],"picked":"Hololive_CocoNews","floor":19.0},{"not_picked":["Hololive_Trident+1","Hololive_CocoNews","Hololive_CallDoris"],"picked":"Hololive_LuckPotion+1","floor":20.0},{"not_picked":["Hololive_Sequa","Hololive_Psychosis+1","Hololive_StrengthChampion"],"picked":"Hololive_CallAkiRosenthal","floor":22.0},{"not_picked":["Hololive_Sequa","Hololive_Drill","Hololive_OvertimeWork"],"picked":"Hololive_CallYukihanaLamy","floor":24.0},{"not_picked":["Hololive_HuntDinosaur","Hololive_Drill","Hololive_WolfAndLamb"],"picked":"Hololive_StrengthChampion+1","floor":27.0},{"not_picked":["Hololive_HuntDinosaur+1","Hololive_Rebound","Hololive_CocoNews+1"],"picked":"Hololive_CallManoAloe+1","floor":27.0},{"not_picked":["Hololive_CocoNews","Hololive_Drill","Hololive_LuckPotion+1"],"picked":"Hololive_CallHimemoriLuna","floor":27.0},{"not_picked":["Hololive_FlyingPonyTail+1","Hololive_Thief","Hololive_WolfAndLamb"],"picked":"Hololive_CallHoshimachiSuisei","floor":27.0},{"not_picked":["Hololive_CocoNews","Hololive_StrengthChampion","Hololive_OvertimeWork"],"picked":"Hololive_Breathe+1","floor":27.0},{"not_picked":["Hololive_CallAZKi+1","Hololive_CallTokoyamiTowa+1","Hololive_Psychosis"],"picked":"Hololive_CallOmaruPolka","floor":28.0},{"not_picked":["Hololive_StrengthChampion","Hololive_BringToTrial","Hololive_CallTokinoSora+1"],"picked":"Hololive_CallTsunomakiWatame","floor":29.0},{"not_picked":["Hololive_Sequa+1","Hololive_CocoNews+1","Hololive_Drill+1"],"picked":"Hololive_CallInugamiKorone","floor":31.0},{"not_picked":["Hololive_Recruit","Hololive_FlareMind","Hololive_AWSL"],"picked":"Hololive_Rebirth","floor":33},{"not_picked":["Hololive_HuntDinosaur","Hololive_Sequa","Hololive_Teleport"],"picked":"Hololive_LuckPotion+1","floor":35},{"not_picked":["Hololive_Trident+1","Hololive_Psychosis+1","Hololive_LuckPotion+1"],"picked":"Hololive_CallNakiriAyame+1","floor":36},{"not_picked":["Hololive_HuntDinosaur+1","Hololive_Spy","Hololive_Breathe+1"],"picked":"Hololive_CallOzoraSubaru+1","floor":37},{"not_picked":["Hololive_Psychosis+1","Hololive_Breathe","Hololive_Recruit"],"picked":"Hololive_CallAkaiHaato+1","floor":39},{"not_picked":["Hololive_FlareMind","Hololive_CallDoris","Hololive_Sequa"],"picked":"Hololive_StrengthChampion+1","floor":41},{"not_picked":["Hololive_LuckPotion+1","Hololive_Sequa","Hololive_CallRosalyn+1"],"picked":"Hololive_Psychosis","floor":42},{"not_picked":["Hololive_HuntDinosaur+1","Hololive_Rebound","Hololive_LuckPotion"],"picked":"Hololive_StrengthChampion+1","floor":44},{"not_picked":["Hololive_AWSL","Hololive_CallAkiRosenthal+1","Hololive_RevenueBasedLive"],"picked":"Hololive_CallYuzukiChoco+1","floor":46},{"not_picked":["Hololive_Sequa+1","Hololive_CallAiraniIofifteen+1","Hololive_BringToTrial"],"picked":"Hololive_CallNekomataOkayu","floor":47}],"player_experience":342709,"relics_obtained":[{"floor":7.0,"key":"Orichalcum"},{"floor":9.0,"key":"Gremlin Horn"},{"floor":10.0,"key":"FossilizedHelix"},{"floor":24.0,"key":"theSenshi:SpiralHeartMoonRodRelic"},{"floor":24.0,"key":"Matryoshka"},{"floor":26.0,"key":"Juzu Bracelet"},{"floor":26.0,"key":"Centennial Puzzle"},{"floor":29.0,"key":"theSenshi:SailorFukuRelic"},{"floor":29.0,"key":"Potion Belt"},{"floor":31.0,"key":"Bromod:ArcaneTrickery"},{"floor":31.0,"key":"Dream Catcher"},{"floor":41,"key":"Toy Ornithopter"},{"floor":41,"key":"Blood Vial"},{"floor":42,"key":"CatCart"},{"floor":43,"key":"MealTicket"},{"floor":43,"key":"Pantograph"},{"floor":47,"key":"TungstenRod"},{"floor":47,"key":"Boot"}],"event_choices":[{"damage_healed":0.0,"max_hp_gain":0.0,"max_hp_loss":0.0,"gold_gain":0.0,"event_name":"The Cleric","player_choice":"Leave","floor":2.0,"gold_loss":0.0,"damage_taken":0.0},{"damage_healed":0.0,"max_hp_gain":0.0,"max_hp_loss":0.0,"gold_gain":175.0,"event_name":"Liars Game","player_choice":"AGREE","floor":13.0,"gold_loss":0.0,"damage_taken":0.0,"cards_obtained":["Doubt"]},{"cards_removed":["Doubt"],"damage_healed":0.0,"max_hp_gain":0.0,"max_hp_loss":0.0,"gold_gain":0.0,"event_name":"Fountain of Cleansing","player_choice":"Removed Curses","floor":21.0,"gold_loss":0.0,"damage_taken":0.0},{"damage_healed":0.0,"max_hp_gain":0.0,"max_hp_loss":0.0,"gold_gain":0.0,"event_name":"Drug Dealer","player_choice":"Inject Mutagens","floor":30.0,"gold_loss":0.0,"damage_taken":0.0,"relics_obtained":["MutagenicStrength"]},{"damage_healed":0,"gold_gain":0,"player_choice":"Fight","damage_taken":0,"max_hp_gain":0,"max_hp_loss":0,"event_name":"OrinTheCat","floor":42,"gold_loss":0},{"damage_healed":0,"gold_gain":0,"player_choice":"Max HP","damage_taken":0,"max_hp_gain":0,"max_hp_loss":2,"event_name":"Winding Halls","floor":48,"gold_loss":0}],"is_beta":false,"boss_relics":[{"not_picked":["SacredBark","Busted Crown"],"picked":"Black Star"},{"not_picked":["Runic Pyramid","Bromod:ArcaneBarrier"],"picked":"Bromod:ArcaneEnergize"}],"items_purged_floors":[],"is_endless":false,"potions_floor_spawned":[3,4,5,7,22,24,28,33,37,41,42,46,47],"ascension_level":6}}