{"host":"b6kqr6ulwax9qd8q","time":1613871879,"event":{"mods":["BaseMod","Minty Spire (QoL Compilation)"],"gold_per_floor":[117,192,492,492,61,61,97,120,120,120,120,143,174,190,190,316,316,341,296,296],"floor_reached":19,"language":"ENG","playtime":891,"items_purged":["Regret"],"score":270,"play_id":"38fa9b86-3342-4f1d-9562-ca5f57a16bd5","local_time":"20210220204439","is_ascension_mode":true,"campfire_choices":[{"data":"Metamorphosis","floor":6,"key":"SMITH"},{"data":"Combust","floor":10,"key":"SMITH"},{"data":"Rampage","floor":15,"key":"SMITH"}],"circlet_count":0,"master_deck":["Strike_R","Strike_R","Strike_R","Strike_R","Strike_R","Defend_R","Defend_R","Defend_R","Defend_R","Bash","Battle Trance","Injury","Clothesline","Metamorphosis+1","Seeing Red+1","Metallicize","Combust+1","Pommel Strike+1","Hemokinesis","Clothesline","Rampage+1","Demon Form+1","Pummel"],"relics":["Burning Blood","NeowsBlessing","Old Coin","Golden Idol","Champion Belt","Frozen Egg 2","Nunchaku","Black Star"],"acts_visited":["Exordium","TheCity"],"potions_floor_usage":[16,16,18],"damage_taken":[{"damage":0,"enemies":"2 Louse","floor":1,"turns":1},{"damage":0,"enemies":"Lagavulin","floor":7,"turns":2},{"damage":0,"enemies":"Small Slimes","floor":8,"turns":1},{"damage":0,"enemies":"Cultist","floor":12,"turns":3},{"damage":28,"enemies":"3 Sentries","floor":13,"turns":4},{"damage":7,"enemies":"Large Slime","floor":14,"turns":5},{"damage":21,"enemies":"Hexaghost","floor":16,"turns":4},{"damage":41,"enemies":"Shell Parasite","floor":18,"turns":8},{"damage":35,"enemies":"2 Thieves","floor":19,"turns":2}],"seed_played":"7863542696741106214","potions_obtained":[{"floor":1,"key":"FearPotion"},{"floor":14,"key":"Strength Potion"},{"floor":16,"key":"SkillPotion"}],"is_trial":false,"path_per_floor":["M","?","?","?","$","R","E","M","T","R","?","M","E","M","R","B",null,"M","M"],"character_chosen":"IRONCLAD","items_purchased":["Clothesline","Metamorphosis","Seeing Red","Metallicize"],"campfire_rested":0,"item_purchase_floors":[5,5,5,5],"current_hp_per_floor":[78,67,67,67,67,67,73,79,79,79,63,69,47,46,46,31,68,33,0,0],"gold":296,"neow_bonus":"THREE_ENEMY_KILL","is_daily":false,"chose_seed":false,"campfire_upgraded":3,"win_rate":0.0,"timestamp":1613871879,"path_taken":["M","?","?","?","$","R","E","M","T","R","?","M","E","M","R","BOSS","M","M"],"items_purchased_type":["Card","Card","Card","Card"],"build_version":"2020-12-22","purchased_purges":1,"victory":false,"max_hp_per_floor":[80,80,80,80,80,80,80,80,80,80,80,80,80,80,80,80,80,80,80,80],"card_choices":[{"not_picked":["Blood for Blood","Twin Strike"],"picked":"Battle Trance","floor":1},{"not_picked":["Searing Blow","Impervious"],"picked":"Combust","floor":7},{"not_picked":["Clash","Sentinel"],"picked":"Pommel Strike","floor":8},{"not_picked":["Wild Strike","Thunderclap"],"picked":"Hemokinesis","floor":12},{"not_picked":["Body Slam","Clash"],"picked":"Clothesline","floor":13},{"not_picked":["Second Wind","Anger"],"picked":"Rampage","floor":14},{"not_picked":["Brutality+1","Berserk+1"],"picked":"Demon Form+1","floor":16},{"not_picked":["Armaments","Anger"],"picked":"Pummel","floor":18}],"player_experience":621359,"relics_obtained":[{"floor":7,"key":"Champion Belt"},{"floor":9,"key":"Frozen Egg 2"},{"floor":13,"key":"Nunchaku"}],"event_choices":[{"damage_healed":0,"gold_gain":75,"player_choice":"Gather Gold","damage_taken":11,"max_hp_gain":0,"max_hp_loss":0,"event_name":"World of Goop","floor":2,"gold_loss":0},{"damage_healed":0,"gold_gain":0,"player_choice":"Box","damage_taken":0,"relics_obtained":["Old Coin"],"max_hp_gain":0,"max_hp_loss":0,"event_name":"Big Fish","floor":3,"gold_loss":0,"cards_obtained":["Regret"]},{"damage_healed":0,"gold_gain":0,"player_choice":"Take Wound","damage_taken":0,"relics_obtained":["Golden Idol"],"max_hp_gain":0,"max_hp_loss":0,"event_name":"Golden Idol","floor":4,"gold_loss":0,"cards_obtained":["Injury"]},{"damage_healed":0,"gold_gain":0,"player_choice":"Entered Light","damage_taken":16,"max_hp_gain":0,"max_hp_loss":0,"event_name":"Shining Light","floor":11,"gold_loss":0,"cards_upgraded":["Pommel Strike","Seeing Red"]}],"is_beta":false,"boss_relics":[{"not_picked":["Runic Cube","Runic Dome"],"picked":"Black Star"}],"items_purged_floors":[5],"is_endless":false,"potions_floor_spawned":[1,14,16],"killed_by":"2 Thieves","ascension_level":7}}