{"host":"lrlpjk0euiz9m2wl","time":1613928828,"event":{"mods":["AchievementEnabler","BaseMod","BetterRewards","Downfall","Minty Spire (QoL Compilation)","StSLib"],"gold_per_floor":[99,115,127,143,160,179,204,104,14,29,56,56,69,101,114,212,212,112,132,132,184,184,251,251,151,204,255,255,307,307,361,377,518,518,518,578,578,56,114,166,191,191,259,259,279,291,310,310,325,325,325,391,16,16,16,16,16],"floor_reached":55,"language":"ENG","playtime":4383,"items_purged":["Guardian:Strike_Guardian","Guardian:Strike_Guardian"],"score":814,"play_id":"d4ac3ec9-9233-4f11-9746-a42daa9ffdd8","local_time":"20210221183348","is_ascension_mode":false,"campfire_choices":[{"floor":1.0,"key":"RECALL"},{"data":"Guardian:TimeBomb","floor":8.0,"key":"SMITH"},{"data":"Guardian:Planning","floor":18.0,"key":"SMITH"},{"data":"Guardian:ShieldSpikes","floor":25.0,"key":"SMITH"},{"data":"Guardian:CurlUp","floor":28.0,"key":"SMITH"},{"data":"Guardian:RollAttack","floor":30.0,"key":"SMITH"},{"data":"Guardian:ConstructionForm","floor":35.0,"key":"SMITH"},{"data":"expansioncontent:StudyTheSpire","floor":42.0,"key":"SMITH"},{"data":"Guardian:EvasiveProtocol","floor":54,"key":"SMITH"}],"circlet_count":0,"master_deck":["Guardian:Strike_Guardian","Guardian:Strike_Guardian","Guardian:Defend_Guardian+1","Guardian:Defend_Guardian+1","Guardian:CurlUp+1","Guardian:TwinSlam+1","Guardian:TimeBomb+1","Guardian:ShieldCharger","Guardian:SpikerProtocol","Guardian:RollAttack+1","Guardian:ChargeCore","Guardian:ArmoredProtocol","Guardian:Planning+1","Guardian:HyperBeam_Guardian+1","Guardian:ShieldSpikes+1","Guardian:Recover+1","Guardian:RollAttack+1","Guardian:ArmoredProtocol+1","Guardian:ConstructionForm+1","Guardian:WalkerClaw+1","expansioncontent:StudyTheSpire+1","Guardian:TimeBomb","Guardian:FloatingOrbs+1","Guardian:FloatingOrbs+1","Guardian:WalkerClaw+1","expansioncontent:Hexaburn","Guardian:ShieldCharger+1","Guardian:EvasiveProtocol+1"],"relics":["Guardian:ModeShifter","Bag of Preparation","downfall:HeartBlessingRed","Bag of Marbles","Strawberry","Busted Crown","downfall:HeartBlessingGreen","downfall:KnowingSkull","Boot","downfall:HeartBlessingBlue","SlaversCollar","Mummified Hand","PreservedInsect","Bronze Scales","Lantern","War Paint","ClockworkSouvenir","Whetstone"],"acts_visited":["Exordium","TheCity","TheBeyond","TheEnding"],"potions_floor_usage":[50,50,50,50,55],"damage_taken":[{"damage":7.0,"enemies":"2 Louse","floor":2.0,"turns":4.0},{"damage":5.0,"enemies":"Cultist","floor":3.0,"turns":4.0},{"damage":7.0,"enemies":"Small Slimes","floor":4.0,"turns":5.0},{"damage":8.0,"enemies":"Gremlin Gang","floor":5.0,"turns":3.0},{"damage":7.0,"enemies":"Blue Slaver","floor":6.0,"turns":5.0},{"damage":0.0,"enemies":"downfall:FleeingMerchant","floor":9.0,"turns":4.0},{"damage":10.0,"enemies":"Lots of Slimes","floor":10.0,"turns":2.0},{"damage":0.0,"enemies":"Gremlin Nob","floor":11.0,"turns":4.0},{"damage":3.0,"enemies":"Gremlin Gang","floor":13.0,"turns":4.0},{"damage":9.0,"enemies":"3 Sentries","floor":14.0,"turns":4.0},{"damage":4.0,"enemies":"Blue Slaver","floor":15.0,"turns":4.0},{"damage":29.0,"enemies":"IC_STATUS_ARCHETYPE","floor":16.0,"turns":7.0},{"damage":8.0,"enemies":"downfall:LooterAlt2","floor":19.0,"turns":4.0},{"damage":3.0,"enemies":"Shell Parasite","floor":21.0,"turns":6.0},{"damage":12.0,"enemies":"Gremlin Leader","floor":23.0,"turns":5.0},{"damage":13.0,"enemies":"Centurion and Healer","floor":26.0,"turns":5.0},{"damage":3.0,"enemies":"Shelled Parasite and Fungi","floor":27.0,"turns":4.0},{"damage":13.0,"enemies":"Sentry and Sphere","floor":29.0,"turns":4.0},{"damage":13.0,"enemies":"Chosen and Byrds","floor":31.0,"turns":4.0},{"damage":1.0,"enemies":"Centurion and Healer","floor":32.0,"turns":6.0},{"damage":15.0,"enemies":"SI_MIRROR_ARCHETYPE","floor":33.0,"turns":10.0},{"damage":3.0,"enemies":"3 Darklings","floor":36.0,"turns":1.0},{"damage":8.0,"enemies":"downfall:FleeingMerchant","floor":38.0,"turns":4.0},{"damage":6.0,"enemies":"3 Shapes","floor":39.0,"turns":1.0},{"damage":19.0,"enemies":"Maw","floor":40.0,"turns":9.0},{"damage":3.0,"enemies":"Giant Head","floor":43.0,"turns":6.0},{"damage":6.0,"enemies":"3 Darklings","floor":45.0,"turns":3.0},{"damage":20.0,"enemies":"Spire Growth","floor":46.0,"turns":5.0},{"damage":30.0,"enemies":"4 Shapes","floor":47.0,"turns":4.0},{"damage":0,"enemies":"3 Darklings","floor":49,"turns":3},{"damage":15,"enemies":"DF_ARCHETYPE_ORBS","floor":50,"turns":9},{"damage":13,"enemies":"downfall:CharBossMerchant","floor":52,"turns":6},{"damage":95,"enemies":"downfall:NeowBoss","floor":55,"turns":16}],"seed_played":"6028845644361466657","potions_obtained":[{"floor":4.0,"key":"SpeedPotion"},{"floor":5.0,"key":"SkillPotion"},{"floor":6.0,"key":"SteroidPotion"},{"floor":13.0,"key":"sneckomod:MuddlingPotion"},{"floor":19.0,"key":"Dexterity Potion"},{"floor":27.0,"key":"Energy Potion"},{"floor":33.0,"key":"sneckomod:MuddlingPotion"},{"floor":39.0,"key":"Guardian:DefensiveModePotion"},{"floor":43.0,"key":"DuplicationPotion"},{"floor":46.0,"key":"PowerPotion"},{"floor":49,"key":"Regen Potion"},{"floor":52,"key":"Dexterity Potion"}],"is_trial":false,"path_per_floor":["R","M","M","M","M","M","T","R","$","M","E","?","M","E","M","B",null,"R","M","?","M","?","E","T","R","M","M","R","M","R","M","M","B",null,"R","M","?","$","M","M","T","R","E","T","M","M","M","?","M","B",null,"E","$","R","B"],"character_chosen":"GUARDIAN","items_purchased":["Mummified Hand","expansioncontent:StudyTheSpire","ClockworkSouvenir","Whetstone","Guardian:EvasiveProtocol"],"campfire_rested":0,"item_purchase_floors":[38,38,53,53,53],"current_hp_per_floor":[88,81,76,69,61,54,54,54,54,44,44,44,41,39,35,6,95,95,87,79,76,68,56,56,66,53,50,50,37,37,24,23,8,105,105,102,102,94,88,69,69,69,66,66,60,40,10,10,10,10,105,92,92,92,0,0,0],"gold":16,"neow_bonus":"TEN_PERCENT_HP_BONUS","is_daily":false,"chose_seed":false,"campfire_upgraded":8,"win_rate":0.0,"timestamp":1613928828,"path_taken":["R","M","M","M","M","M","T","R","$","M","E","?","?","E","M","BOSS","R","M","?","?","?","E","T","R","M","M","R","M","R","?","M","BOSS","R","?","?","$","M","M","T","R","E","?","M","M","M","?","M","BOSS","E","$","R","BOSS"],"items_purchased_type":["Relic","Card","Relic","Relic","Card"],"build_version":"2020-12-22","purchased_purges":2,"victory":false,"max_hp_per_floor":[88,88,88,88,88,88,88,88,88,88,88,88,88,95,95,95,95,95,95,95,95,95,95,95,105,105,105,105,105,105,105,105,105,105,105,105,105,105,105,105,105,105,105,105,105,105,105,105,105,105,105,105,105,105,105,105,105],"card_choices":[{"not_picked":["Guardian:Gem_Red","Guardian:ShieldCharger"],"picked":"Guardian:Gem_Yellow","floor":2.0},{"not_picked":["Guardian:Gem_Lightblue","Guardian:MultiBeam"],"picked":"Guardian:TimeBomb","floor":3.0},{"not_picked":["Guardian:Repulse","Guardian:Gem_Green"],"picked":"Guardian:ShieldCharger","floor":4.0},{"not_picked":["Guardian:Suspension","Guardian:ShieldCharger"],"picked":"Guardian:SpikerProtocol","floor":5.0},{"not_picked":["Guardian:Gem_Lightblue","Guardian:Suspension"],"picked":"Guardian:RollAttack","floor":6.0},{"not_picked":["Guardian:TemporalStrike","Guardian:Suspension"],"picked":"Guardian:ChargeCore","floor":9.0},{"not_picked":["Guardian:Incinerate","Guardian:Gem_Purple"],"picked":"Guardian:Gem_Orange","floor":10.0},{"not_picked":["Guardian:TemporalShield","Guardian:ChargeCore"],"picked":"Guardian:ArmoredProtocol","floor":11.0},{"not_picked":["Guardian:PolyBeam","Guardian:WalkerClaw","Guardian:CrystalBeam"],"picked":"SKIP","floor":13.0},{"not_picked":["Guardian:GuardianWhirl","Guardian:Recover"],"picked":"Guardian:Planning","floor":14.0},{"not_picked":["Guardian:PrimingBeam","Guardian:ShieldCharger","Guardian:WalkerClaw"],"picked":"SKIP","floor":15.0},{"not_picked":["Guardian:StasisField","Guardian:Gem_Synthetic"],"picked":"Guardian:HyperBeam_Guardian","floor":16.0},{"not_picked":[],"picked":"Guardian:ShieldSpikes","floor":19.0},{"not_picked":[],"picked":"Guardian:Recover+1","floor":21.0},{"not_picked":[],"picked":"Guardian:Gem_Green","floor":23.0},{"not_picked":[],"picked":"Guardian:RollAttack","floor":26.0},{"not_picked":["Guardian:GuardianWhirl"],"picked":"SKIP","floor":27.0},{"not_picked":["Guardian:WalkerClaw"],"picked":"SKIP","floor":29.0},{"not_picked":[],"picked":"Guardian:ArmoredProtocol+1","floor":31.0},{"not_picked":[],"picked":"Guardian:Gem_Red","floor":32.0},{"not_picked":[],"picked":"Guardian:ConstructionForm","floor":33.0},{"not_picked":[],"picked":"Guardian:WalkerClaw+1","floor":36.0},{"not_picked":[],"picked":"Guardian:Gem_Cyan","floor":38.0},{"not_picked":[],"picked":"Guardian:TimeBomb","floor":39.0},{"not_picked":["Guardian:PiercingHide"],"picked":"SKIP","floor":40.0},{"not_picked":[],"picked":"Guardian:FloatingOrbs+1","floor":43.0},{"not_picked":["Guardian:TemporalStrike"],"picked":"SKIP","floor":45.0},{"not_picked":[],"picked":"Guardian:FloatingOrbs+1","floor":46.0},{"not_picked":[],"picked":"Guardian:WalkerClaw+1","floor":47},{"not_picked":["expansioncontent:PolyBeam","expansioncontent:Chronoboost"],"picked":"expansioncontent:Hexaburn","floor":48},{"not_picked":[],"picked":"Guardian:ShieldCharger+1","floor":49},{"not_picked":[],"picked":"Guardian:Gem_Green","floor":52}],"player_experience":118420,"relics_obtained":[{"floor":7.0,"key":"Bag of Preparation"},{"floor":11.0,"key":"Bag of Marbles"},{"floor":14.0,"key":"Strawberry"},{"floor":23.0,"key":"Boot"},{"floor":41.0,"key":"PreservedInsect"},{"floor":43.0,"key":"Bronze Scales"},{"floor":44.0,"key":"Lantern"},{"floor":52,"key":"War Paint"}],"event_choices":[{"cards_removed":["Guardian:Defend_Guardian"],"damage_healed":0.0,"max_hp_gain":0.0,"max_hp_loss":0.0,"gold_gain":0.0,"event_name":"Falling","player_choice":"Removed Skill","floor":37.0,"gold_loss":0.0,"damage_taken":0.0}],"is_beta":false,"boss_relics":[{"not_picked":["Cursed Key","Empty Cage"],"picked":"Busted Crown"},{"not_picked":["Astrolabe","Black Star"],"picked":"SlaversCollar"}],"items_purged_floors":[9,38],"is_endless":false,"potions_floor_spawned":[4,5,6,13,14,19,27,33,39,43,46,49,52],"killed_by":"downfall:NeowBoss","ascension_level":0}}