{"host":"tuvyjqp461ike1dm","time":1613925291,"event":{"mods":["BaseMod","Downfall","Duelist Mod","Minty Spire (QoL Compilation)","Replay The Spire","StSLib","Wandering Minibosses"],"gold_per_floor":[145,230,155,167,178,208,208,208,208],"floor_reached":8,"language":"ENG","playtime":349,"items_purged":["theDuelist:CastleWalls"],"score":64,"play_id":"cdcbe858-eddd-4d9b-995d-1d0a3d71f59b","local_time":"20210221113451","is_ascension_mode":true,"campfire_choices":[{"data":"theDuelist:Yami","floor":7,"key":"SMITH"}],"circlet_count":0,"master_deck":["theDuelist:CastleWalls","theDuelist:DarkMagician","theDuelist:MysticalElf","theDuelist:MysticalElf","theDuelist:NeoMagic","theDuelist:NeoMagic","theDuelist:Sparks","theDuelist:Sparks","theDuelist:Sparks","theDuelist:CircleFireKings","theDuelist:PowerKaishin","theDuelist:Yami+1","theDuelist:BlizzardPrincess","theDuelist:DarkMagician"],"relics":["theDuelist:MillenniumPuzzle","theDuelist:CardPoolRelic","theDuelist:CardPoolBasicRelic","theDuelist:BoosterPackPoolRelic","theDuelist:CardPoolAddRelic","theDuelist:CardPoolMinusRelic","theDuelist:CardPoolSaveRelic","theDuelist:CardPoolOptionsRelic","NeowsBlessing","theDuelist:ZombieRelic","theDuelist:DuelistOrichalcum"],"acts_visited":["Exordium"],"potions_floor_usage":[6],"damage_taken":[{"damage":0,"enemies":"Jaw Worm","floor":1,"turns":1},{"damage":0,"enemies":"Small Slimes","floor":4,"turns":1},{"damage":6,"enemies":"2 Louse","floor":5,"turns":2},{"damage":19,"enemies":"Gremlin Nob","floor":6,"turns":6},{"damage":10,"enemies":"3 Sentries","floor":8,"turns":2}],"seed_played":"-5304332362946418880","potions_obtained":[{"floor":2,"key":"theDuelist:WhiteBottle"},{"floor":2,"key":"theDuelist:GiftPotion"},{"floor":6,"key":"theDuelist:MayhemPotion"}],"is_trial":false,"path_per_floor":["M","?","$","M","M","E","R","E"],"character_chosen":"THE_DUELIST","items_purchased":[],"campfire_rested":0,"item_purchase_floors":[],"current_hp_per_floor":[80,60,60,60,54,51,51,41,41],"gold":208,"neow_bonus":"THREE_ENEMY_KILL","is_daily":false,"chose_seed":false,"campfire_upgraded":1,"win_rate":0.0,"timestamp":1613925291,"path_taken":["M","?","?","M","M","E","R","E"],"items_purchased_type":[],"build_version":"2020-12-22","purchased_purges":1,"victory":false,"max_hp_per_floor":[80,80,80,80,80,80,80,80,80],"card_choices":[{"not_picked":["theDuelist:SpellShatteringArrow","theDuelist:InfernoFireBlast","theDuelist:BookSecret","theDuelist:MagiciansRod"],"picked":"theDuelist:CircleFireKings","floor":1},{"not_picked":["theDuelist:BlizzardWarrior","theDuelist:ExodiaLL","theDuelist:BlueDragonSummoner","theDuelist:NeoMagic"],"picked":"theDuelist:PowerKaishin","floor":2},{"not_picked":["theDuelist:MagicalBlast","theDuelist:CallAtlanteans","theDuelist:MagiciansRod","theDuelist:ContractExodia"],"picked":"theDuelist:Yami","floor":4},{"not_picked":["theDuelist:CosmicHorrorGangiel","theDuelist:CrystalWingDragon","theDuelist:NeoMagic","theDuelist:Graverobber"],"picked":"theDuelist:BlizzardPrincess","floor":5},{"not_picked":["theDuelist:SpiritHarp","theDuelist:AncientElf","theDuelist:LordD","theDuelist:DarkHorizon"],"picked":"theDuelist:DarkMagician","floor":6}],"player_experience":59094,"relics_obtained":[{"floor":2,"key":"theDuelist:ZombieRelic"},{"floor":6,"key":"theDuelist:DuelistOrichalcum"}],"event_choices":[],"is_beta":false,"boss_relics":[],"items_purged_floors":[3],"is_endless":false,"potions_floor_spawned":[6],"killed_by":"3 Sentries","ascension_level":3}}