{"host":"w8xisjf5mgmfjvmt","time":1613873129,"event":{"mods":["BaseMod","BetterRewards","Challenge The Spire","Conspire","Energized Spire","Filter the Spire","Minty Spire (QoL Compilation)","Quarter Circle Forward PUNCH!","Quick Restart","Relic Filter Mod","Relic Stats","Reliquary","Replay The Spire","Say the Spire","Shop Mod","Spicy Shops","StSLib","¡¾ÒÅÎï¿¨ÅÆ¡¿REMEMod","óô»ðÖ¸ÄÏ"],"gold_per_floor":[115,127,127,147,165,194,239,270,270,282,282,316,197,212,212,286,286,303,60,73,73,17,45,45,77,77,90,34,52,83,115,115,188,188,205,225,225,242,256,282,282,282,336,364,382,392,392,418,418,418,418,418,228,5,5,5],"floor_reached":55,"language":"ZHS","playtime":2643,"items_purged":["Regret","Strike_R"],"score":1899,"play_id":"df981f0a-c6a1-4b2c-ac83-57d8c16d03d3","local_time":"20210221100529","is_ascension_mode":true,"campfire_choices":[{"data":"Armaments","floor":15.0,"key":"SMITH"},{"data":"Apotheosis","floor":32.0,"key":"SMITH"},{"data":"Barricade","floor":41.0,"key":"SMITH"},{"floor":49.0,"key":"RECALL"}],"circlet_count":0,"master_deck":["AscendersBane","Strike_R","Strike_R","Strike_R","Defend_R","Defend_R","Defend_R","Bash","Feel No Pain","Sever Soul","Discovery","Infernal Blade","Cleave","Pommel Strike","Immolate","Dark Embrace+1","Sentinel","True Grit","Armaments","Armaments+1","Juggernaut","Defy Death","Barricade+1","Body Slam","Flame Barrier","Battle Trance","Regret","Deep Breath","Apotheosis+1","ReplayTheSpireMod:Uncanny Aura","Shrug It Off","Seeing Red","REME_Scribble","REME_Compress","Battle Trance","Evolve"],"relics":["Burning Blood","REME_ComplimentaryCards","Iron Hammer","Pen Nib","HornCleat","conspire:DecoderRing","Gremlin Food","conspire:TopHat","Painkiller Herb","Replay:Wax Seal","reliquary:RosewoodLute","Bag of Preparation","ReplayTheSpireMod:Shallot","ReplayTheSpireMod:ShopPack","Red Mask","Dream Catcher","energizedSpire:MagnifyingGlass","Bird Faced Urn","Du-Vu Doll","qcfpunch:Red_Headband","qcfpunch:School_Backpack","StoneCalendar","OrangePellets","Calipers"],"acts_visited":["Exordium","TheCity","TheBeyond","TheEnding"],"potions_floor_usage":[],"damage_taken":[{"damage":11.0,"enemies":"Jaw Worm","floor":1.0,"turns":5.0},{"damage":4.0,"enemies":"Small Slimes","floor":2.0,"turns":3.0},{"damage":4.0,"enemies":"Cultist","floor":4.0,"turns":2.0},{"damage":21.0,"enemies":"Large Slime","floor":5.0,"turns":5.0},{"damage":8.0,"enemies":"Gremlin Nob","floor":6.0,"turns":3.0},{"damage":31.0,"enemies":"conspire:MimicChest","floor":7.0,"turns":6.0},{"damage":2.0,"enemies":"3 Sentries","floor":8.0,"turns":4.0},{"damage":0.0,"enemies":"3 Louse","floor":10.0,"turns":2.0},{"damage":4.0,"enemies":"Gremlin Nob","floor":12.0,"turns":3.0},{"damage":0.0,"enemies":"Looter","floor":14.0,"turns":2.0},{"damage":41.0,"enemies":"The Guardian","floor":16.0,"turns":12.0},{"damage":1.0,"enemies":"2 Thieves","floor":18.0,"turns":3.0},{"damage":13.0,"enemies":"Spheric Guardian","floor":20.0,"turns":4.0},{"damage":6.0,"enemies":"Gremlin Leader","floor":23.0,"turns":5.0},{"damage":43.0,"enemies":"Slavers","floor":25.0,"turns":5.0},{"damage":12.0,"enemies":"Snake Plant","floor":27.0,"turns":4.0},{"damage":0.0,"enemies":"3 Cultists","floor":29.0,"turns":3.0},{"damage":2.0,"enemies":"Masked Bandits","floor":30.0,"turns":3.0},{"damage":6.0,"enemies":"Gremlin Leader","floor":31.0,"turns":3.0},{"damage":15.0,"enemies":"conspire:MysteriousRune","floor":33.0,"turns":8.0},{"damage":6.0,"enemies":"Orb Walker","floor":35.0,"turns":5.0},{"damage":4.0,"enemies":"3 Darklings","floor":36.0,"turns":4.0},{"damage":48.0,"enemies":"Spire Growth","floor":38.0,"turns":8.0},{"damage":0.0,"enemies":"4 Shapes","floor":39.0,"turns":4.0},{"damage":15.0,"enemies":"Giant Head","floor":40.0,"turns":9.0},{"damage":3.0,"enemies":"Nemesis","floor":44.0,"turns":5.0},{"damage":3.0,"enemies":"Maw","floor":45.0,"turns":4.0},{"damage":3.0,"enemies":"Jaw Worm Horde","floor":46.0,"turns":5.0},{"damage":3.0,"enemies":"Giant Head","floor":48.0,"turns":5.0},{"damage":16.0,"enemies":"Awakened One","floor":50.0,"turns":10.0},{"damage":55.0,"enemies":"Replay:Hell Engine","floor":51.0,"turns":18.0},{"damage":77,"enemies":"Shield and Spear","floor":55,"turns":7}],"seed_played":"-3199552504778359173","potions_obtained":[{"floor":1.0,"key":"BloodPotion"},{"floor":2.0,"key":"BloodPotion"},{"floor":7.0,"key":"SkillPotion"},{"floor":16.0,"key":"BloodPotion"},{"floor":20.0,"key":"BlessingOfTheForge"},{"floor":29.0,"key":"Swift Potion"},{"floor":38.0,"key":"PowerPotion"},{"floor":40.0,"key":"BlessingOfTheForge"},{"floor":44.0,"key":"ElixirPotion"}],"is_trial":false,"path_per_floor":["M","M","?","M","M","E","?","E","T","M","?","E","$","M","R","B",null,"?","T","?","?","T","E","?","E","T","?","T","?","?","E","T","B",null,"?","?","?","?","?","E","T","T","T","E","?","?","?","E","T","B","B",null,"T","T","E"],"character_chosen":"IRONCLAD","items_purchased":["Armaments","Replay:Wax Seal","Barricade","Body Slam","ReplayTheSpireMod:ShopPack","Evolve","OrangePellets","Calipers"],"campfire_rested":0,"item_purchase_floors":[13,19,19,22,28,53,54,54],"current_hp_per_floor":[63,65,65,67,52,50,38,42,42,48,48,50,50,56,56,21,56,61,61,67,67,67,67,67,43,43,37,37,43,47,47,47,38,61,61,63,63,28,38,37,37,37,37,51,63,75,73,76,76,73,34,69,69,69,5,5],"gold":5,"neow_bonus":"TRANSFORM_TWO_CARDS","is_daily":false,"chose_seed":false,"campfire_upgraded":3,"win_rate":0.0,"timestamp":1613873129,"path_taken":["M","M","?","M","M","E","?","E","T","M","?","E","$","?","R","BOSS","?","T","?","?","T","E","?","E","T","?","T","?","?","E","T","BOSS","?","?","?","?","?","E","T","?","T","E","?","?","?","E","T","BOSS","BOSS","T","T","E"],"items_purchased_type":["Card","Relic","Card","Card","Relic","Card","Relic","Relic"],"build_version":"2020-12-22","purchased_purges":2,"victory":false,"max_hp_per_floor":[68,68,68,68,68,68,68,68,68,68,68,68,68,68,68,68,68,68,68,68,68,68,68,68,68,68,68,68,68,68,68,68,68,68,68,68,68,68,68,68,68,68,68,71,74,77,73,76,76,79,81,81,81,81,84,84],"relic_stats":{"OrangePellets":[3],"Dream Catcher":0,"counters":[32,169],"Bird Faced Urn":[64],"StoneCalendar":[78],"Pen Nib":[23],"Bag of Preparation":[34],"obtain_stats":[{"Gremlin Food":9,"Calipers":54,"Painkiller Herb":17,"StoneCalendar":48,"Pen Nib":6,"Bag of Preparation":25,"reliquary:RosewoodLute":23,"Burning Blood":0,"conspire:TopHat":12,"Du-Vu Doll":40,"OrangePellets":54,"Dream Catcher":31,"HornCleat":7,"ReplayTheSpireMod:Shallot":26,"qcfpunch:School_Backpack":44,"conspire:DecoderRing":8,"Bird Faced Urn":37,"Iron Hammer":3,"Red Mask":30,"energizedSpire:MagnifyingGlass":34,"qcfpunch:Red_Headband":43,"Replay:Wax Seal":19,"REME_ComplimentaryCards":0,"ReplayTheSpireMod:ShopPack":28},{"Gremlin Food":7,"Calipers":31,"Painkiller Herb":11,"StoneCalendar":29,"Pen Nib":5,"Bag of Preparation":15,"reliquary:RosewoodLute":14,"Burning Blood":0,"conspire:TopHat":9,"Du-Vu Doll":25,"OrangePellets":31,"Dream Catcher":19,"HornCleat":6,"ReplayTheSpireMod:Shallot":15,"qcfpunch:School_Backpack":26,"conspire:DecoderRing":7,"Bird Faced Urn":22,"Iron Hammer":2,"Red Mask":18,"energizedSpire:MagnifyingGlass":20,"qcfpunch:Red_Headband":25,"Replay:Wax Seal":12,"REME_ComplimentaryCards":0,"ReplayTheSpireMod:ShopPack":16},{"Gremlin Food":28,"Calipers":162,"Painkiller Herb":47,"StoneCalendar":134,"Pen Nib":18,"Bag of Preparation":64,"reliquary:RosewoodLute":59,"Burning Blood":0,"conspire:TopHat":33,"Du-Vu Doll":115,"OrangePellets":162,"Dream Catcher":77,"HornCleat":24,"ReplayTheSpireMod:Shallot":64,"qcfpunch:School_Backpack":120,"conspire:DecoderRing":28,"Bird Faced Urn":94,"Iron Hammer":8,"Red Mask":74,"energizedSpire:MagnifyingGlass":85,"qcfpunch:Red_Headband":115,"Replay:Wax Seal":50,"REME_ComplimentaryCards":0,"ReplayTheSpireMod:ShopPack":68}],"Burning Blood":180},"card_choices":[{"not_picked":["Feel No Pain","Flex"],"picked":"Infernal Blade","floor":1.0},{"not_picked":["Infernal Blade","Warcry"],"picked":"Cleave","floor":2.0},{"not_picked":["REME_FearOfPain","Iron Wave","Heavy Blade"],"picked":"SKIP","floor":4.0},{"not_picked":["Seeing Red","Clothesline"],"picked":"Pommel Strike","floor":5.0},{"not_picked":["Body Slam","Dual Wield"],"picked":"Immolate","floor":6.0},{"not_picked":["Twin Strike","Rage"],"picked":"Dark Embrace","floor":8.0},{"not_picked":["Havoc","Sever Soul"],"picked":"Sentinel","floor":10.0},{"not_picked":["REME_FearOfPain","Clothesline"],"picked":"True Grit","floor":12.0},{"not_picked":["Clothesline","Sword Boomerang","Sever Soul"],"picked":"SKIP","floor":14.0},{"not_picked":["REME_Fury","conspire:Purge"],"picked":"Juggernaut","floor":16.0},{"not_picked":["Anger","Clothesline"],"picked":"Defy Death","floor":18.0},{"not_picked":["Iron Wave","Headbutt","Armaments"],"picked":"SKIP","floor":20.0},{"not_picked":["conspire:HitWhereItHurts","ReplayTheSpireMod:Muscle Training"],"picked":"Flame Barrier","floor":23.0},{"not_picked":["Flex","conspire:ExplosiveBarrier","Juggernaut"],"picked":"SKIP","floor":25.0},{"not_picked":["Havoc","Perfected Strike","Flex"],"picked":"SKIP","floor":27.0},{"not_picked":["Violence","Dramatic Entrance"],"picked":"Deep Breath","floor":28.0},{"not_picked":["Violence","REME_BattleFury"],"picked":"Apotheosis","floor":28.0},{"not_picked":["Violence","Deep Breath"],"picked":"ReplayTheSpireMod:Uncanny Aura","floor":28.0},{"not_picked":["Iron Wave","Double Tap","Combust"],"picked":"SKIP","floor":29.0},{"not_picked":["Clothesline","Anger"],"picked":"Shrug It Off","floor":30.0},{"not_picked":["Heavy Blade","Dropkick","Infernal Blade"],"picked":"SKIP","floor":31.0},{"not_picked":["REME_Cut+1","Body Slam","ReplayTheSpireMod:LeadingStrike"],"picked":"SKIP","floor":35.0},{"not_picked":["Clash","Perfected Strike","Heavy Blade+1"],"picked":"SKIP","floor":36.0},{"not_picked":["Wild Strike","Twin Strike","Sever Soul"],"picked":"SKIP","floor":38.0},{"not_picked":["Armaments+1","Seeing Red","Reckless Charge"],"picked":"SKIP","floor":39.0},{"not_picked":["Armaments+1","Reckless Charge"],"picked":"Seeing Red","floor":39.0},{"not_picked":["REME_FearOfPain+1","Thunderclap"],"picked":"REME_Scribble","floor":40.0},{"not_picked":["Inflame","Clash","Limit Break"],"picked":"SKIP","floor":44.0},{"not_picked":["Compile Driver","Redo"],"picked":"REME_Compress","floor":45.0},{"not_picked":["Run Through","Sword Boomerang+1","Cleave"],"picked":"SKIP","floor":45.0},{"not_picked":["Doom and Gloom","Compile Driver","Cold Snap+1"],"picked":"SKIP","floor":46.0},{"not_picked":["Headbutt","Perfected Strike","Run Through"],"picked":"SKIP","floor":46.0},{"not_picked":["Dropkick","Intimidate"],"picked":"Battle Trance","floor":48.0},{"not_picked":["MentalFortress+1","Consecrate","Establishment"],"picked":"SKIP","floor":48.0}],"player_experience":1379142,"relics_obtained":[{"floor":6.0,"key":"Pen Nib"},{"floor":7.0,"key":"HornCleat"},{"floor":8.0,"key":"conspire:DecoderRing"},{"floor":9.0,"key":"Gremlin Food"},{"floor":12.0,"key":"conspire:TopHat"},{"floor":23.0,"key":"reliquary:RosewoodLute"},{"floor":25.0,"key":"Bag of Preparation"},{"floor":26.0,"key":"ReplayTheSpireMod:Shallot"},{"floor":30.0,"key":"Red Mask"},{"floor":31.0,"key":"Dream Catcher"},{"floor":37.0,"key":"Bird Faced Urn"},{"floor":40.0,"key":"Du-Vu Doll"},{"floor":43.0,"key":"qcfpunch:Red_Headband"},{"floor":44.0,"key":"qcfpunch:School_Backpack"},{"floor":48.0,"key":"StoneCalendar"}],"event_choices":[{"damage_healed":0.0,"max_hp_gain":0.0,"max_hp_loss":0.0,"gold_gain":0.0,"event_name":"Big Fish","player_choice":"Box","floor":3.0,"gold_loss":0.0,"damage_taken":0.0,"relics_obtained":["Iron Hammer"],"cards_obtained":["Regret"]},{"damage_healed":0.0,"max_hp_gain":0.0,"max_hp_loss":0.0,"gold_gain":0.0,"event_name":"Upgrade Shrine","player_choice":"Upgraded","floor":11.0,"gold_loss":0.0,"damage_taken":0.0,"cards_upgraded":["Dark Embrace"]},{"damage_healed":0.0,"max_hp_gain":0.0,"max_hp_loss":0.0,"gold_gain":0.0,"event_name":"The Library","player_choice":"Read","floor":24.0,"gold_loss":0.0,"damage_taken":0.0,"cards_obtained":["Battle Trance"]},{"damage_healed":0.0,"max_hp_gain":0.0,"max_hp_loss":0.0,"gold_gain":0.0,"event_name":"Masked Bandits","player_choice":"Fought Bandits","floor":30.0,"gold_loss":0.0,"damage_taken":0.0},{"damage_healed":0.0,"max_hp_gain":0.0,"max_hp_loss":0.0,"gold_gain":0.0,"event_name":"Wheel of Change","player_choice":"Relic","floor":37.0,"gold_loss":0.0,"damage_taken":0.0},{"damage_healed":0.0,"max_hp_gain":0.0,"max_hp_loss":4.0,"gold_gain":0.0,"event_name":"Winding Halls","player_choice":"Max HP","floor":47.0,"gold_loss":0.0,"damage_taken":0.0}],"is_beta":false,"boss_relics":[{"not_picked":["Runic Dome","Replay:Grab Bag"],"picked":"Painkiller Herb"},{"not_picked":["conspire:SlowCooker","Mark of Pain"],"picked":"energizedSpire:MagnifyingGlass"}],"items_purged_floors":[13,53],"is_endless":false,"potions_floor_spawned":[1,2,7,16,18,20,29,38,40,44],"killed_by":"Shield and Spear","ascension_level":20}}