{"host":"sxnl403xm2xmiyj1","time":1613897391,"event":{"mods":["BaseMod","Colored Map","Keyboard Shortcuts","Koishi","Minty Spire (QoL Compilation)","Quick Restart","StSLib","SuperFastMode"],"gold_per_floor":[111,128,128,128,22,22,63,87,87,105,140,140,160,180,180,278,278,298,298,316,316,366,366,402,415,461,496,515,515,515,615,615,634,634,648,672,286,351,371,402,402,42,67,67,100,123,423,464,464,464,464,464,54,88,88],"floor_reached":56,"language":"KOR","playtime":1603,"items_purged":["Koishi:HauntingSlash","Koishi:BasicDefend"],"score":2320,"play_id":"def0bd4f-3d6a-4cc5-b1a0-fe8ad7fced3f","local_time":"20210221174951","is_ascension_mode":true,"campfire_choices":[{"data":"Koishi:BloodcurdlingScream","floor":6.0,"key":"SMITH"},{"data":"Koishi:JumpScare","floor":12.0,"key":"SMITH"},{"data":"Koishi:RoseHell","floor":15.0,"key":"SMITH"},{"data":"Koishi:ImGoingToCallYouNow","floor":23.0,"key":"SMITH"},{"data":"Koishi:CatchAndRose","floor":30.0,"key":"SMITH"},{"data":"1","floor":32.0,"key":"LIFT"},{"data":"Koishi:Untouchable","floor":41.0,"key":"SMITH"},{"data":"2","floor":44.0,"key":"LIFT"},{"floor":49,"key":"RECALL"},{"data":"Koishi:JumpScare","floor":52,"key":"SMITH"}],"circlet_count":0,"master_deck":["AscendersBane","Koishi:BasicDefend","Koishi:BasicDefend","Koishi:BasicDefend","Koishi:Provoke","Koishi:BloodcurdlingScream+1","Koishi:ParalyzingFear","Koishi:JumpScare+1","Koishi:DreadfulBlow","Koishi:CatchAndRose+1","Koishi:PredatoryInstincts","Koishi:RoseHell+1","Koishi:ImGoingToCallYouNow+1","Koishi:RacingHeart","Koishi:UnseenTerror","Koishi:RacingHeart","Koishi:JumpScare+1","Koishi:DanmakuParanoia","Koishi:PredatoryInstincts","Koishi:RacingHeart","Koishi:HeartStoppingHorror","Koishi:CatchAndRose","Koishi:MindNumbingTerror","Koishi:TremblingHands","Koishi:TremblingHands+1","Koishi:StingingMind","Koishi:Untouchable+1","Koishi:TremblingHands","Koishi:HeartStoppingHorror","Koishi:MindNumbingTerror","Koishi:ParalyzingFear","Koishi:UnseenTerror","Koishi:Untouchable","Koishi:MindStellarRelief","Koishi:FormlessExistence"],"relics":["Koishi:ImaginaryFriend","NeowsBlessing","Torii","Golden Idol","HornCleat","Shuriken","Koishi:TeethAndClaws","Empty Cage","Koishi:LettersToReimu","Girya","StoneCalendar","White Beast Statue","Sundial","Coffee Dripper","Lantern","Prayer Wheel","Lizard Tail","Strawberry","Singing Bowl","Old Coin","Gremlin Horn","Medical Kit","Bag of Preparation"],"acts_visited":["Exordium","TheCity","TheBeyond","TheEnding"],"potions_floor_usage":[50,50],"damage_taken":[{"damage":0.0,"enemies":"Small Slimes","floor":1.0,"turns":1.0},{"damage":0.0,"enemies":"2 Louse","floor":2.0,"turns":1.0},{"damage":0.0,"enemies":"Gremlin Nob","floor":7.0,"turns":1.0},{"damage":7.0,"enemies":"Jaw Worm","floor":8.0,"turns":3.0},{"damage":1.0,"enemies":"Looter","floor":10.0,"turns":3.0},{"damage":11.0,"enemies":"3 Sentries","floor":11.0,"turns":8.0},{"damage":0.0,"enemies":"3 Louse","floor":13.0,"turns":1.0},{"damage":1.0,"enemies":"Large Slime","floor":14.0,"turns":7.0},{"damage":4.0,"enemies":"The Guardian","floor":16.0,"turns":10.0},{"damage":15.0,"enemies":"3 Byrds","floor":18.0,"turns":5.0},{"damage":7.0,"enemies":"Chosen","floor":20.0,"turns":6.0},{"damage":106.0,"enemies":"Gremlin Leader","floor":24.0,"turns":10.0},{"damage":2.0,"enemies":"Centurion and Healer","floor":25.0,"turns":8.0},{"damage":32.0,"enemies":"Slavers","floor":27.0,"turns":5.0},{"damage":0.0,"enemies":"Chosen and Byrds","floor":28.0,"turns":6.0},{"damage":21.0,"enemies":"Colosseum Slavers","floor":31.0,"turns":4.0},{"damage":39.0,"enemies":"Colosseum Nobs","floor":31.0,"turns":6.0},{"damage":38.0,"enemies":"Champ","floor":33.0,"turns":13.0},{"damage":1.0,"enemies":"Orb Walker","floor":35.0,"turns":4.0},{"damage":18.0,"enemies":"3 Darklings","floor":36.0,"turns":6.0},{"damage":45.0,"enemies":"2 Orb Walkers","floor":38.0,"turns":6.0},{"damage":0.0,"enemies":"Jaw Worm Horde","floor":39.0,"turns":5.0},{"damage":6.0,"enemies":"Nemesis","floor":40.0,"turns":7.0},{"damage":33.0,"enemies":"Reptomancer","floor":45.0,"turns":5.0},{"damage":1.0,"enemies":"Writhing Mass","floor":46.0,"turns":6.0},{"damage":28.0,"enemies":"Giant Head","floor":48.0,"turns":7.0},{"damage":60,"enemies":"Time Eater","floor":50,"turns":10},{"damage":37,"enemies":"Shield and Spear","floor":54,"turns":8},{"damage":32,"enemies":"The Heart","floor":55,"turns":11}],"seed_played":"-2886574829754643929","potions_obtained":[{"floor":7.0,"key":"Weak Potion"},{"floor":8.0,"key":"Block Potion"},{"floor":13.0,"key":"FairyPotion"},{"floor":28.0,"key":"SpeedPotion"},{"floor":35.0,"key":"Block Potion"},{"floor":36.0,"key":"DistilledChaos"},{"floor":38.0,"key":"Regen Potion"},{"floor":39.0,"key":"DistilledChaos"},{"floor":45.0,"key":"EssenceOfSteel"},{"floor":46.0,"key":"AttackPotion"},{"floor":54,"key":"FairyPotion"}],"is_trial":false,"path_per_floor":["M","M","?","?","$","R","E","M","T","M","E","R","M","M","R","B",null,"M","?","M","?","?","R","E","M","T","E","M","?","R","?","R","B",null,"M","M","$","?","M","E","R","$","T","R","E","M","T","E","R","B",null,"R","$","E","B",null],"character_chosen":"KOISHI","items_purchased":["FairyPotion","Lantern","Koishi:MindNumbingTerror","Koishi:TremblingHands","Koishi:HeartStoppingHorror","Koishi:MindNumbingTerror","Koishi:Untouchable","Koishi:MindStellarRelief","Medical Kit"],"campfire_rested":0,"item_purchase_floors":[5,37,37,37,42,42,53,53,53],"current_hp_per_floor":[51,51,40,21,21,21,21,15,15,17,8,8,12,13,13,21,48,57,57,57,57,57,57,36,57,57,57,57,57,57,57,57,57,57,57,57,57,57,57,57,57,57,64,64,58,66,66,68,68,24,57,57,57,68,36],"gold":88,"neow_bonus":"THREE_ENEMY_KILL","is_daily":false,"chose_seed":false,"campfire_upgraded":7,"win_rate":0.0,"timestamp":1613897391,"path_taken":["M","M","?","?","?","R","E","M","T","M","E","R","M","M","R","BOSS","M","?","M","?","?","R","E","M","T","E","M","?","R","?","R","BOSS","M","?","$","?","M","E","R","?","T","R","E","M","?","E","R","BOSS","R","$","E","BOSS"],"items_purchased_type":["Potion","Relic","Card","Card","Card","Card","Card","Card","Relic"],"build_version":"2020-12-22","purchased_purges":2,"victory":true,"max_hp_per_floor":[57,57,57,57,57,57,57,57,57,57,57,57,57,57,57,57,57,57,57,57,57,57,57,57,57,57,57,57,57,57,57,57,57,57,57,57,57,57,57,57,57,57,64,64,64,66,66,68,68,68,68,68,68,68,68],"card_choices":[{"not_picked":["Koishi:PhantomStrike","Koishi:Prune"],"picked":"Koishi:BloodcurdlingScream","floor":1.0},{"not_picked":["Koishi:SubterraneanRose","Koishi:PhantomStrike","Koishi:FleetingPhantom"],"picked":"SKIP","floor":2.0},{"not_picked":["Koishi:SuperEgo","Koishi:EmbryosDream"],"picked":"Koishi:ParalyzingFear","floor":7.0},{"not_picked":["Koishi:HeartAttack","Koishi:RorschachInDanmaku"],"picked":"Koishi:JumpScare","floor":8.0},{"not_picked":["Koishi:ReflexRadar","Koishi:PhantomStrike"],"picked":"Koishi:DreadfulBlow","floor":10.0},{"not_picked":["Koishi:FleetingPhantom","Koishi:EmbersOfLove"],"picked":"Koishi:CatchAndRose","floor":11.0},{"not_picked":["Koishi:ReflexRadar","Koishi:TraumaticStroke"],"picked":"Koishi:PredatoryInstincts","floor":13.0},{"not_picked":["Koishi:DNAsFlaw","Koishi:GhostParty"],"picked":"Koishi:RoseHell","floor":14.0},{"not_picked":["Koishi:RollingInRichesHeart","Koishi:ConditionedTeleport"],"picked":"Koishi:ImGoingToCallYouNow","floor":16.0},{"not_picked":["Koishi:StingingMind","Koishi:RorschachInDanmaku+1"],"picked":"Koishi:RacingHeart","floor":18.0},{"not_picked":["Koishi:BloodcurdlingScream","Koishi:StrangeCloudFist"],"picked":"Koishi:RacingHeart","floor":20.0},{"not_picked":["Koishi:FadingMemory","Koishi:FourthEye"],"picked":"Koishi:DanmakuParanoia","floor":24.0},{"not_picked":["Koishi:VengefulSpirit+1","Koishi:ParalyzingFear"],"picked":"Koishi:PredatoryInstincts","floor":25.0},{"not_picked":["Koishi:FleetingPhantom","Koishi:HeartfeltFancy","Koishi:SubconsciousSweep"],"picked":"SKIP","floor":27.0},{"not_picked":["Koishi:EmbryosDream","Koishi:BloodcurdlingScream"],"picked":"Koishi:RacingHeart","floor":28.0},{"not_picked":["Koishi:ConditionedTeleport","Koishi:MindStellarRelief"],"picked":"Koishi:HeartStoppingHorror","floor":33.0},{"not_picked":["Koishi:PhilosophyOfTheDespised+1","Koishi:UnansweredLove","Koishi:DreadfulBlow"],"picked":"SKIP","floor":35.0},{"not_picked":["Koishi:Possession","Koishi:Bloodlust+1"],"picked":"Koishi:CatchAndRose","floor":36.0},{"not_picked":["Koishi:SpiritedAway","Koishi:SubterraneanRose"],"picked":"Koishi:TremblingHands+1","floor":38.0},{"not_picked":["Koishi:ParalyzingFear","Koishi:EmbryosDream+1"],"picked":"Koishi:StingingMind","floor":39.0},{"not_picked":["Koishi:PhilosophyOfTheDespised","Koishi:MassHysteria"],"picked":"Koishi:Untouchable","floor":39.0},{"not_picked":["Koishi:CatchAndRose+1","Koishi:VengefulSpirit"],"picked":"Koishi:TremblingHands","floor":40.0},{"not_picked":["Koishi:UnconsciousUprising","Koishi:EmbryosDream+1"],"picked":"Koishi:ParalyzingFear","floor":45.0},{"not_picked":["Koishi:ApparitionsStalkTheNight","Koishi:DNAsFlaw","Koishi:FleetingPhantom"],"picked":"Singing Bowl","floor":46.0},{"not_picked":["Koishi:SubterraneanRose+1","Koishi:Whimsy"],"picked":"Koishi:UnseenTerror","floor":46.0},{"not_picked":["Koishi:FreudianInstinct+1","Koishi:Prune+1","Koishi:SubconsciousSweep"],"picked":"Singing Bowl","floor":48.0},{"not_picked":["Koishi:RollingInRichesHeart","Koishi:UnconsciousUrges"],"picked":"Koishi:FormlessExistence","floor":54}],"player_experience":286909,"relics_obtained":[{"floor":7.0,"key":"HornCleat"},{"floor":9.0,"key":"Shuriken"},{"floor":11.0,"key":"Koishi:TeethAndClaws"},{"floor":24.0,"key":"Koishi:LettersToReimu"},{"floor":27.0,"key":"Girya"},{"floor":31.0,"key":"StoneCalendar"},{"floor":31.0,"key":"White Beast Statue"},{"floor":31.0,"key":"Sundial"},{"floor":38.0,"key":"Prayer Wheel"},{"floor":40.0,"key":"Lizard Tail"},{"floor":43.0,"key":"Strawberry"},{"floor":45.0,"key":"Singing Bowl"},{"floor":47.0,"key":"Old Coin"},{"floor":48.0,"key":"Gremlin Horn"},{"floor":54,"key":"Bag of Preparation"}],"event_choices":[{"damage_healed":0.0,"max_hp_gain":0.0,"max_hp_loss":0.0,"gold_gain":0.0,"event_name":"Scrap Ooze","player_choice":"Success","floor":3.0,"gold_loss":0.0,"damage_taken":11.0,"relics_obtained":["Torii"]},{"damage_healed":0.0,"max_hp_gain":0.0,"max_hp_loss":0.0,"gold_gain":0.0,"event_name":"Golden Idol","player_choice":"Take Damage","floor":4.0,"gold_loss":0.0,"damage_taken":19.0,"relics_obtained":["Golden Idol"]},{"damage_healed":0.0,"max_hp_gain":0.0,"max_hp_loss":0.0,"gold_gain":0.0,"event_name":"The Library","player_choice":"Read","floor":19.0,"gold_loss":0.0,"damage_taken":0.0,"cards_obtained":["Koishi:UnseenTerror"]},{"damage_healed":0.0,"max_hp_gain":0.0,"max_hp_loss":0.0,"gold_gain":0.0,"cards_transformed":["Koishi:BasicStrike","Koishi:BasicStrike"],"event_name":"Drug Dealer","player_choice":"Became Test Subject","floor":21.0,"gold_loss":0.0,"damage_taken":0.0,"cards_obtained":["Koishi:Prune","Koishi:JumpScare"]},{"damage_healed":0.0,"max_hp_gain":0.0,"max_hp_loss":0.0,"gold_gain":50.0,"event_name":"Nest","player_choice":"Stole From Cult","floor":22.0,"gold_loss":0.0,"damage_taken":0.0},{"cards_removed":["Koishi:Prune"],"damage_healed":0.0,"max_hp_gain":0.0,"max_hp_loss":0.0,"gold_gain":0.0,"event_name":"Back to Basics","player_choice":"Elegance","floor":29.0,"gold_loss":0.0,"damage_taken":0.0},{"damage_healed":0.0,"max_hp_gain":0.0,"max_hp_loss":0.0,"gold_gain":0.0,"event_name":"Colosseum","player_choice":"Fight","floor":31.0,"gold_loss":0.0,"damage_taken":0.0},{"damage_healed":0.0,"max_hp_gain":0.0,"max_hp_loss":0.0,"gold_gain":0.0,"event_name":"Colosseum","player_choice":"Fled From Nobs","floor":31.0,"gold_loss":0.0,"damage_taken":0.0},{"damage_healed":0.0,"max_hp_gain":0.0,"max_hp_loss":0.0,"gold_gain":0.0,"event_name":"Colosseum","player_choice":"Fought Nobs","floor":31.0,"gold_loss":0.0,"damage_taken":0.0},{"damage_healed":0.0,"max_hp_gain":0.0,"max_hp_loss":0.0,"gold_gain":0.0,"event_name":"Mysterious Sphere","player_choice":"Fight","floor":38.0,"gold_loss":0.0,"damage_taken":0.0}],"is_beta":false,"boss_relics":[{"not_picked":["Velvet Choker","SacredBark"],"picked":"Empty Cage"},{"not_picked":["Black Star","Pandora\u0027s Box"],"picked":"Coffee Dripper"}],"items_purged_floors":[37,42],"is_endless":false,"potions_floor_spawned":[7,8,13,14,18,28,35,36,38,39,40,45,46,48,54],"ascension_level":19}}