{"host":"aapp7ew3jk5k1bvd","time":1613890992,"event":{"mods":["AchievementEnabler","BaseMod","Colored Map","Custom Start","Keyboard Shortcuts","Minty Spire (QoL Compilation)","Permanent Neow","Quick Restart","StSLib","SuperFastMode"],"gold_per_floor":[18,38,50,61,78,104,116,16,16,16,49,49,49,69,69,168,168,187,204,303,393,409,409,429,429,429,429,439,439,323,341,341,446,446,459,342,387,401,421,421,435,435,504,504,504,504,524,90,90,90],"floor_reached":51,"language":"KOR","playtime":1606,"items_purged":["Strike_G","Dagger Spray"],"score":928,"play_id":"dee6f118-7e45-4a55-a22c-c0af46ab5429","local_time":"20210221160312","is_ascension_mode":true,"campfire_choices":[{"floor":7.0,"key":"DIG"},{"floor":10.0,"key":"REST"},{"floor":15.0,"key":"DIG"},{"floor":23.0,"key":"DIG"},{"floor":25.0,"key":"DIG"},{"floor":29.0,"key":"DIG"},{"data":"Blade Dance","floor":32.0,"key":"SMITH"},{"data":"After Image","floor":40.0,"key":"SMITH"},{"floor":42.0,"key":"REST"},{"floor":45.0,"key":"DIG"},{"data":"Envenom","floor":49,"key":"SMITH"}],"circlet_count":0,"master_deck":["Survivor","Backstab","Dodge and Roll","Cloak And Dagger","Accuracy","Infinite Blades","Accuracy","Malaise","Bullet Time","Escape Plan","Prepared","Adrenaline","Burst","Envenom+1","Bullet Time","Blade Dance","Cloak And Dagger+1","Blade Dance+1","Cloak And Dagger","After Image+1","Cloak And Dagger","Caltrops+1","Escape Plan","Flash of Steel","Well Laid Plans"],"relics":["Ring of the Snake","Shovel","MawBank","Oddly Smooth Stone","Mercury Hourglass","Bird Faced Urn","Turnip","Pandora\u0027s Box","Unceasing Top","The Courier","Shuriken","Dream Catcher","WristBlade","Snake Skull","Ginger","Darkstone Periapt","Vajra","Torii"],"acts_visited":["Exordium","TheCity","TheBeyond"],"potions_floor_usage":[50,50],"damage_taken":[{"damage":0.0,"enemies":"Cultist","floor":1.0,"turns":6.0},{"damage":1.0,"enemies":"2 Louse","floor":2.0,"turns":3.0},{"damage":0.0,"enemies":"Jaw Worm","floor":3.0,"turns":6.0},{"damage":0.0,"enemies":"Looter","floor":4.0,"turns":5.0},{"damage":0.0,"enemies":"2 Fungi Beasts","floor":5.0,"turns":4.0},{"damage":45.0,"enemies":"Gremlin Nob","floor":6.0,"turns":6.0},{"damage":3.0,"enemies":"3 Sentries","floor":11.0,"turns":6.0},{"damage":0.0,"enemies":"Red Slaver","floor":14.0,"turns":4.0},{"damage":36.0,"enemies":"Slime Boss","floor":16.0,"turns":8.0},{"damage":2.0,"enemies":"Shell Parasite","floor":18.0,"turns":3.0},{"damage":24.0,"enemies":"Chosen","floor":19.0,"turns":5.0},{"damage":0.0,"enemies":"Sentry and Sphere","floor":22.0,"turns":3.0},{"damage":6.0,"enemies":"3 Cultists","floor":24.0,"turns":4.0},{"damage":12.0,"enemies":"Shelled Parasite and Fungi","floor":28.0,"turns":3.0},{"damage":12.0,"enemies":"Centurion and Healer","floor":31.0,"turns":3.0},{"damage":23.0,"enemies":"Champ","floor":33.0,"turns":7.0},{"damage":0.0,"enemies":"3 Shapes","floor":35.0,"turns":5.0},{"damage":34.0,"enemies":"2 Orb Walkers","floor":37.0,"turns":4.0},{"damage":2.0,"enemies":"Orb Walker","floor":38.0,"turns":3.0},{"damage":0.0,"enemies":"Jaw Worm Horde","floor":39.0,"turns":3.0},{"damage":30.0,"enemies":"Spire Growth","floor":41.0,"turns":5.0},{"damage":19,"enemies":"Sphere and 2 Shapes","floor":47,"turns":6},{"damage":17,"enemies":"Donu and Deca","floor":50,"turns":6}],"seed_played":"1241917826912622575","potions_obtained":[{"floor":3.0,"key":"Energy Potion"},{"floor":11.0,"key":"SneckoOil"},{"floor":14.0,"key":"Poison Potion"},{"floor":18.0,"key":"Regen Potion"},{"floor":19.0,"key":"Dexterity Potion"},{"floor":22.0,"key":"SkillPotion"},{"floor":28.0,"key":"Weak Potion"},{"floor":47,"key":"Explosive Potion"}],"is_trial":false,"path_per_floor":["M","M","M","M","M","E","R","$","T","R","E","?","T","M","R","B",null,"M","M","?","?","M","R","M","R","T","?","M","R","$","M","R","B",null,"M","$","?","M","M","R","M","R","T","?","R","?","M","$","R","B",null],"character_chosen":"THE_SILENT","items_purchased":["Accuracy","Cloak And Dagger","Snake Skull","Escape Plan","Flash of Steel","Torii","Well Laid Plans"],"campfire_rested":2,"item_purchase_floors":[8,30,36,48,48,48,48],"current_hp_per_floor":[63,62,62,62,62,17,17,17,17,38,35,35,35,41,41,13,56,64,46,46,34,53,53,55,55,55,55,49,49,49,45,45,30,60,68,68,44,48,60,60,40,61,61,61,61,61,54,54,54,49],"gold":90,"neow_bonus":"ONE_RARE_RELIC","is_daily":false,"chose_seed":false,"campfire_upgraded":3,"win_rate":0.0,"timestamp":1613890992,"path_taken":["M","M","?","M","M","E","R","?","T","R","E","?","?","M","R","BOSS","M","M","?","?","M","R","?","R","T","?","M","R","$","M","R","BOSS","M","$","?","M","M","R","M","R","T","?","R","?","M","$","R","BOSS"],"items_purchased_type":["Card","Card","Relic","Card","Card","Relic","Card"],"build_version":"2020-12-22","purchased_purges":2,"victory":true,"max_hp_per_floor":[70,70,70,70,70,70,70,70,70,70,70,70,70,70,70,70,70,70,70,70,70,70,70,70,70,70,70,70,70,70,70,70,70,70,70,70,70,70,70,70,70,70,70,70,70,70,70,70,70,70],"card_choices":[{"not_picked":["Bane","Leg Sweep"],"picked":"Backstab","floor":1.0},{"not_picked":["All Out Attack","Backflip"],"picked":"Dodge and Roll","floor":2.0},{"not_picked":["Deadly Poison","Outmaneuver"],"picked":"Cloak And Dagger","floor":3.0},{"not_picked":["Bane","Dagger Throw"],"picked":"Accuracy","floor":4.0},{"not_picked":["Underhanded Strike","Deflect","Reflex"],"picked":"SKIP","floor":5.0},{"not_picked":["Backflip","Dagger Throw"],"picked":"Infinite Blades","floor":6.0},{"not_picked":["Slice","Flying Knee","Bouncing Flask"],"picked":"SKIP","floor":11.0},{"not_picked":["Backstab","Quick Slash","Skewer"],"picked":"SKIP","floor":14.0},{"not_picked":["Venomology","Tools of the Trade"],"picked":"Malaise","floor":16.0},{"not_picked":["Outmaneuver+1","Predator"],"picked":"Blade Dance","floor":18.0},{"not_picked":["Finisher","Acrobatics","PiercingWail"],"picked":"SKIP","floor":19.0},{"not_picked":["Deadly Poison","Sucker Punch"],"picked":"Cloak And Dagger+1","floor":22.0},{"not_picked":["Quick Slash+1","Wraith Form v2","Acrobatics+1"],"picked":"SKIP","floor":24.0},{"not_picked":["Flying Knee","Outmaneuver","Dagger Spray"],"picked":"SKIP","floor":28.0},{"not_picked":["Deflect","PiercingWail","Bouncing Flask"],"picked":"SKIP","floor":31.0},{"not_picked":["Phantasmal Killer","Adrenaline"],"picked":"After Image","floor":33.0},{"not_picked":["Terror","Blade Dance","PiercingWail+1"],"picked":"SKIP","floor":35.0},{"not_picked":["Slice","Quick Slash"],"picked":"Cloak And Dagger","floor":37.0},{"not_picked":["Acrobatics","Sucker Punch+1"],"picked":"Caltrops+1","floor":38.0},{"not_picked":["Concentrate","Prepared","Setup+1"],"picked":"SKIP","floor":39.0},{"not_picked":["Prepared+1","Dodge and Roll","PiercingWail"],"picked":"SKIP","floor":41.0},{"not_picked":["Dagger Throw+1","Underhanded Strike","Flying Knee"],"picked":"SKIP","floor":47}],"player_experience":1036322,"relics_obtained":[{"floor":6.0,"key":"MawBank"},{"floor":7.0,"key":"Oddly Smooth Stone"},{"floor":9.0,"key":"Mercury Hourglass"},{"floor":11.0,"key":"Bird Faced Urn"},{"floor":13.0,"key":"Dead Branch"},{"floor":15.0,"key":"Turnip"},{"floor":23.0,"key":"Unceasing Top"},{"floor":25.0,"key":"The Courier"},{"floor":26.0,"key":"Shuriken"},{"floor":29.0,"key":"Dream Catcher"},{"floor":37.0,"key":"Ginger"},{"floor":43.0,"key":"Darkstone Periapt"},{"floor":45.0,"key":"Vajra"}],"event_choices":[{"cards_removed":["Strike_G"],"damage_healed":0.0,"max_hp_gain":0.0,"max_hp_loss":0.0,"gold_gain":0.0,"event_name":"Living Wall","player_choice":"Forget","floor":12.0,"gold_loss":0.0,"damage_taken":0.0},{"damage_healed":0.0,"max_hp_gain":0.0,"max_hp_loss":0.0,"gold_gain":99.0,"event_name":"Nest","player_choice":"Stole From Cult","floor":20.0,"gold_loss":0.0,"damage_taken":0.0},{"damage_healed":0.0,"max_hp_gain":0.0,"max_hp_loss":0.0,"gold_gain":90.0,"event_name":"Knowing Skull","player_choice":"GOLD ","floor":21.0,"potions_obtained":[],"gold_loss":0.0,"damage_taken":12.0,"cards_obtained":[]},{"damage_healed":0.0,"max_hp_gain":0.0,"max_hp_loss":0.0,"gold_gain":0.0,"event_name":"The Library","player_choice":"Read","floor":27.0,"gold_loss":0.0,"damage_taken":0.0,"cards_obtained":["Blade Dance"]},{"damage_healed":0.0,"max_hp_gain":0.0,"max_hp_loss":0.0,"gold_gain":0.0,"event_name":"Mysterious Sphere","player_choice":"Fight","floor":37.0,"gold_loss":0.0,"damage_taken":0.0},{"cards_removed":["Neutralize"],"damage_healed":0.0,"max_hp_gain":0.0,"max_hp_loss":0.0,"gold_gain":0.0,"event_name":"Falling","player_choice":"Removed Attack","floor":44.0,"gold_loss":0.0,"damage_taken":0.0},{"damage_healed":0.0,"max_hp_gain":0.0,"max_hp_loss":0.0,"gold_gain":0.0,"event_name":"Tomb of Lord Red Mask","player_choice":"Ignored","floor":46.0,"gold_loss":0.0,"damage_taken":0.0}],"is_beta":false,"boss_relics":[{"not_picked":["Tiny House","Busted Crown"],"picked":"Pandora\u0027s Box"},{"not_picked":["Snecko Eye","SlaversCollar"],"picked":"WristBlade"}],"items_purged_floors":[8,30],"is_endless":false,"potions_floor_spawned":[3,11,14,18,19,22,28,35,47],"ascension_level":8}}