{"host":"h18ghvg9w8zr1me3","time":1613891718,"event":{"mods":["Act Like it!","BaseMod","Hallownest","Minty Spire (QoL Compilation)","StSLib"],"gold_per_floor":[116,47,47,61,76,101,113,154,166,178,201,231,269,281,293,406,418,412,424,452,483,515,556,568,611,623,645,675,714,726,260,260,364,364,375,105,125,125,141,151,176,176,257,307,340,360,360,75,75,75,75,75,25,55,55],"floor_reached":56,"language":"ZHS","playtime":3797,"items_purged":["Pain"],"score":1342,"play_id":"a55e18ef-b1c2-435a-ad00-6344d04dabf6","local_time":"20210221151518","is_ascension_mode":true,"campfire_choices":[{"data":"Wraith Form v2","floor":7,"key":"SMITH"},{"data":"Noxious Fumes","floor":10,"key":"SMITH"},{"data":"Crippling Poison","floor":15,"key":"SMITH"},{"data":"Envenom","floor":24,"key":"SMITH"},{"floor":32,"key":"REST"},{"floor":42,"key":"RECALL"},{"data":"1","floor":47,"key":"LIFT"},{"data":"2","floor":49,"key":"LIFT"},{"data":"3","floor":52,"key":"LIFT"}],"circlet_count":0,"master_deck":["Strike_G","Strike_G","Strike_G","Strike_G","Strike_G","Defend_G","Defend_G","Defend_G","Defend_G","Defend_G","Survivor","Neutralize","Bane","Noxious Fumes+1","Infinite Blades","Wraith Form v2+1","Crippling Poison+1","Bane","Blade Dance","Prepared","Blur","Heel Hook","Envenom+1","Terror","Tactician","Heel Hook","Burst","PiercingWail+1","Prepared+1","Backstab+1","Die Die Die","Tactician+1","Tools of the Trade","Prepared+1","After Image","Underhanded Strike","Tactician+1","Prepared+1","After Image","Phantasmal Killer+1","Heel Hook","Flash of Steel","Dodge and Roll+1"],"relics":["Ring of the Snake","Bird Faced Urn","MawBank","Incense Burner","White Beast Statue","Pear","HoveringKite","Gremlin Horn","Blood Vial","Red Mask","Toxic Egg 2","Bottled Tornado","Ornamental Fan","SacredBark","Snake Skull","WarpedTongs","Potion Belt","Torii","Girya","Letter Opener"],"acts_visited":["Exordium","TheCity","TheBeyond","TheEnding"],"potions_floor_usage":[12,12,13,16,21,21,23,23,25,28,28,29,30,39,44,44,44,45,54,55,55,55],"damage_taken":[{"damage":0,"enemies":"Cultist","floor":1,"turns":5},{"damage":2,"enemies":"Jaw Worm","floor":4,"turns":5},{"damage":0,"enemies":"Small Slimes","floor":5,"turns":3},{"damage":13,"enemies":"3 Sentries","floor":6,"turns":9},{"damage":37,"enemies":"Gremlin Nob","floor":8,"turns":6},{"damage":1,"enemies":"Red Slaver","floor":11,"turns":4},{"damage":1,"enemies":"3 Louse","floor":12,"turns":5},{"damage":12,"enemies":"3 Sentries","floor":13,"turns":6},{"damage":8,"enemies":"Slime Boss","floor":16,"turns":9},{"damage":18,"enemies":"2 Thieves","floor":18,"turns":4},{"damage":2,"enemies":"Shell Parasite","floor":20,"turns":6},{"damage":35,"enemies":"Centurion and Healer","floor":21,"turns":7},{"damage":3,"enemies":"Snecko","floor":22,"turns":5},{"damage":18,"enemies":"Gremlin Leader","floor":23,"turns":5},{"damage":15,"enemies":"Masked Bandits","floor":25,"turns":4},{"damage":13,"enemies":"Cultist and Chosen","floor":27,"turns":7},{"damage":4,"enemies":"3 Cultists","floor":28,"turns":5},{"damage":10,"enemies":"Slavers","floor":29,"turns":6},{"damage":0,"enemies":"Centurion and Healer","floor":30,"turns":1},{"damage":39,"enemies":"Collector","floor":33,"turns":8},{"damage":16,"enemies":"3 Darklings","floor":35,"turns":5},{"damage":11,"enemies":"3 Shapes","floor":37,"turns":5},{"damage":7,"enemies":"Transient","floor":39,"turns":5},{"damage":11,"enemies":"Spire Growth","floor":40,"turns":4},{"damage":1,"enemies":"Nemesis","floor":41,"turns":7},{"damage":0,"enemies":"Mind Bloom Boss Battle","floor":44,"turns":2},{"damage":16,"enemies":"Reptomancer","floor":45,"turns":6},{"damage":2,"enemies":"3 Darklings","floor":46,"turns":7},{"damage":44,"enemies":"Time Eater","floor":50,"turns":12},{"damage":26,"enemies":"Shield and Spear","floor":54,"turns":7},{"damage":58,"enemies":"The Heart","floor":55,"turns":11}],"seed_played":"920361653018337604","potions_obtained":[{"floor":4,"key":"FairyPotion"},{"floor":8,"key":"SpeedPotion"},{"floor":11,"key":"Regen Potion"},{"floor":12,"key":"Weak Potion"},{"floor":13,"key":"FairyPotion"},{"floor":14,"key":"AttackPotion"},{"floor":14,"key":"DuplicationPotion"},{"floor":16,"key":"Swift Potion"},{"floor":21,"key":"Fire Potion"},{"floor":22,"key":"DistilledChaos"},{"floor":23,"key":"Block Potion"},{"floor":25,"key":"Strength Potion"},{"floor":27,"key":"BlessingOfTheForge"},{"floor":28,"key":"BlessingOfTheForge"},{"floor":29,"key":"SmokeBomb"},{"floor":33,"key":"Regen Potion"},{"floor":35,"key":"SkillPotion"},{"floor":37,"key":"Fire Potion"},{"floor":39,"key":"Explosive Potion"},{"floor":40,"key":"CunningPotion"},{"floor":41,"key":"ColorlessPotion"},{"floor":44,"key":"GhostInAJar"},{"floor":45,"key":"ColorlessPotion"},{"floor":46,"key":"SmokeBomb"},{"floor":54,"key":"Strength Potion"}],"is_trial":false,"path_per_floor":["M","$","?","M","M","E","R","E","T","R","M","M","E","?","R","B",null,"M","T","M","M","M","E","R","?","T","M","M","E","M","$","R","B",null,"M","$","M","?","M","M","E","R","T","?","E","M","R","$","R","B",null,"R","$","E","B",null],"character_chosen":"THE_SILENT","items_purchased":["Noxious Fumes","Ornamental Fan","Die Die Die","Tactician+1","After Image","Snake Skull","Underhanded Strike","Ancient Potion","SpeedPotion","Flash of Steel","SpeedPotion"],"campfire_rested":1,"item_purchase_floors":[2,31,31,31,36,36,36,48,48,48,53],"current_hp_per_floor":[49,49,49,51,55,48,48,17,17,17,20,39,43,43,43,39,80,66,66,70,41,44,32,32,23,23,16,16,16,18,18,42,11,80,68,68,69,69,74,73,80,80,80,80,74,78,78,78,78,46,80,80,80,58,16],"gold":55,"neow_bonus":"ONE_RARE_RELIC","is_daily":false,"chose_seed":false,"campfire_upgraded":4,"win_rate":0.0,"timestamp":1613891718,"path_taken":["M","?","?","M","M","E","R","E","T","R","M","?","E","?","R","BOSS","M","?","M","M","M","E","R","?","T","M","?","E","M","$","R","BOSS","M","$","M","?","M","?","E","R","T","?","E","M","R","$","R","BOSS","R","$","E","BOSS"],"items_purchased_type":["Card","Relic","Card","Card","Card","Relic","Card","Potion","Potion","Card","Potion"],"build_version":"2020-12-22","purchased_purges":1,"victory":true,"max_hp_per_floor":[70,70,70,70,70,70,70,70,70,70,70,70,80,80,80,80,80,80,80,80,80,80,80,80,80,80,80,80,80,80,80,80,80,80,80,80,80,80,80,80,80,80,80,80,80,80,80,80,80,80,80,80,80,80,80],"card_choices":[{"not_picked":["Prepared","Expertise"],"picked":"Bane","floor":1},{"not_picked":["Sucker Punch","Dagger Throw"],"picked":"Crippling Poison","floor":4},{"not_picked":["Blade Dance","Skewer"],"picked":"Bane","floor":5},{"not_picked":["Sucker Punch","Caltrops"],"picked":"Blade Dance","floor":6},{"not_picked":["Leg Sweep","Backstab"],"picked":"Prepared","floor":8},{"not_picked":["Dagger Throw","Acrobatics","Well Laid Plans"],"picked":"SKIP","floor":11},{"not_picked":["Quick Slash","Outmaneuver"],"picked":"Blur","floor":12},{"not_picked":["Dagger Throw","Tactician"],"picked":"Heel Hook","floor":13},{"not_picked":["Doppelganger","Bullet Time"],"picked":"Envenom","floor":16},{"not_picked":["Acrobatics+1","Sucker Punch"],"picked":"Terror","floor":18},{"not_picked":["Dodge and Roll","Eviscerate"],"picked":"Tactician","floor":20},{"not_picked":["Deadly Poison+1","Blade Dance"],"picked":"Heel Hook","floor":21},{"not_picked":["Expertise","Deadly Poison","Riddle With Holes"],"picked":"SKIP","floor":22},{"not_picked":["Backflip","Dagger Spray","Leg Sweep"],"picked":"SKIP","floor":23},{"not_picked":["Quick Slash","Prepared"],"picked":"Burst","floor":25},{"not_picked":["Sucker Punch+1","Expertise+1"],"picked":"PiercingWail+1","floor":27},{"not_picked":["Quick Slash+1","Flying Knee"],"picked":"Prepared+1","floor":28},{"not_picked":["Dash","Backflip+1"],"picked":"Backstab+1","floor":29},{"not_picked":["Doppelganger+1","Envenom"],"picked":"Tools of the Trade","floor":33},{"not_picked":["Flechettes","Outmaneuver+1"],"picked":"Prepared+1","floor":35},{"not_picked":["PiercingWail+1","Deflect+1"],"picked":"Tactician+1","floor":37},{"not_picked":["Sucker Punch","Flying Knee+1"],"picked":"Prepared+1","floor":39},{"not_picked":["Slice","Crippling Poison+1"],"picked":"After Image","floor":40},{"not_picked":["Well Laid Plans+1","Leg Sweep+1"],"picked":"Phantasmal Killer+1","floor":41},{"not_picked":["Blade Dance+1","Prepared+1"],"picked":"Heel Hook","floor":45},{"not_picked":["Bane","PiercingWail+1","Quick Slash"],"picked":"SKIP","floor":46},{"not_picked":["Outmaneuver+1","Footwork+1"],"picked":"Dodge and Roll+1","floor":54}],"player_experience":89012,"relics_obtained":[{"floor":6,"key":"MawBank"},{"floor":8,"key":"Incense Burner"},{"floor":9,"key":"White Beast Statue"},{"floor":13,"key":"Pear"},{"floor":19,"key":"Gremlin Horn"},{"floor":23,"key":"Blood Vial"},{"floor":25,"key":"Red Mask"},{"floor":26,"key":"Toxic Egg 2"},{"floor":29,"key":"Bottled Tornado"},{"floor":41,"key":"Potion Belt"},{"floor":44,"key":"Torii"},{"floor":45,"key":"Girya"},{"floor":54,"key":"Letter Opener"}],"event_choices":[{"damage_healed":0,"gold_gain":0,"player_choice":"2 cards matched","damage_taken":0,"max_hp_gain":0,"max_hp_loss":0,"event_name":"Match and Keep!","floor":3,"gold_loss":0,"cards_obtained":["Infinite Blades","Wraith Form v2"]},{"damage_healed":0,"gold_gain":0,"player_choice":"Got Potions","damage_taken":0,"max_hp_gain":0,"max_hp_loss":0,"event_name":"Lab","floor":14,"gold_loss":0},{"damage_healed":0,"gold_gain":0,"player_choice":"Fought Bandits","damage_taken":0,"max_hp_gain":0,"max_hp_loss":0,"event_name":"Masked Bandits","floor":25,"gold_loss":0},{"damage_healed":0,"gold_gain":0,"player_choice":"Rummage","damage_taken":0,"relics_obtained":["WarpedTongs"],"max_hp_gain":0,"max_hp_loss":0,"event_name":"Accursed Blacksmith","floor":38,"gold_loss":0,"cards_obtained":["Pain"]},{"damage_healed":0,"gold_gain":0,"player_choice":"Fight","damage_taken":0,"max_hp_gain":0,"max_hp_loss":0,"event_name":"MindBloom","floor":44,"gold_loss":0}],"is_beta":false,"boss_relics":[{"not_picked":["Astrolabe","Ectoplasm"],"picked":"HoveringKite"},{"not_picked":["Cursed Key","Velvet Choker"],"picked":"SacredBark"}],"items_purged_floors":[48],"is_endless":false,"potions_floor_spawned":[4,8,11,12,13,16,18,20,21,22,23,25,27,28,29,30,33,35,37,39,40,41,44,45,46,54],"ascension_level":1}}