{"host":"f7915vm1ahl7kex1","time":1613948180,"event":{"mods":["BaseMod","Colored Map","Downfall","Minty Spire (QoL Compilation)","Quick Restart","StSLib"],"gold_per_floor":[99,99,99,274,274,274,300,300,133,168,68,68,68,68],"floor_reached":12,"language":"ENG","playtime":280,"items_purged":["Doubt"],"score":81,"play_id":"dd42594c-be7b-4e9c-bd8b-637337373831","local_time":"20210221165620","is_ascension_mode":true,"campfire_choices":[{"data":"bronze:Goto","floor":1,"key":"SMITH"},{"floor":6,"key":"RECALL"},{"floor":11,"key":"REST"}],"circlet_count":0,"master_deck":["bronze:Strike","bronze:Strike","bronze:Strike","bronze:Strike","bronze:Defend","bronze:Defend","bronze:Defend","bronze:Defend","bronze:Replicate","bronze:Goto+1","bronze:WhirlingStrike","bronze:Terminator","bronze:ChosenStrike"],"relics":["bronze:BronzeCore","downfall:HeartsMalice","Toy Ornithopter","Shovel","downfall:HeartBlessingRed"],"acts_visited":["Exordium"],"potions_floor_usage":[],"damage_taken":[{"damage":0,"enemies":"Jaw Worm","floor":3,"turns":1},{"damage":0,"enemies":"Cultist","floor":5,"turns":1},{"damage":0,"enemies":"Small Slimes","floor":8,"turns":1},{"damage":0,"enemies":"downfall:FleeingMerchant","floor":9,"turns":4},{"damage":53,"enemies":"Lagavulin","floor":10,"turns":9},{"damage":46,"enemies":"Gremlin Nob","floor":12,"turns":4}],"seed_played":"4770663635991687266","potions_obtained":[{"floor":10,"key":"Energy Potion"}],"is_trial":false,"path_per_floor":["R","?","M","?","M","R","T","M","$","E","R","E"],"character_chosen":"THE_AUTOMATON","items_purchased":["bronze:ChosenStrike"],"campfire_rested":1,"item_purchase_floors":[9],"current_hp_per_floor":[70,70,70,70,70,70,70,70,70,17,38,0,0,0],"gold":68,"neow_bonus":"THREE_ENEMY_KILL","is_daily":false,"chose_seed":false,"campfire_upgraded":1,"win_rate":0.0,"timestamp":1613948180,"path_taken":["R","?","?","?","M","R","T","M","$","E","R","E"],"items_purchased_type":["Card"],"build_version":"2020-12-22","purchased_purges":1,"victory":false,"max_hp_per_floor":[70,70,70,70,70,70,70,70,70,70,70,70,70,70],"card_choices":[{"not_picked":["bronze:MaxOutput","bronze:BitShift"],"picked":"bronze:WhirlingStrike","floor":3},{"not_picked":["bronze:DelayedGuard","bronze:BitShift","bronze:Allocate"],"picked":"SKIP","floor":5},{"not_picked":["bronze:Invalidate","bronze:ForceShield"],"picked":"bronze:Terminator","floor":8},{"not_picked":["bronze:Branch","bronze:Refactor","bronze:WhirlingStrike"],"picked":"SKIP","floor":9},{"not_picked":["bronze:InfiniteBeams","bronze:Deprecate","bronze:CloningBeam"],"picked":"SKIP","floor":10}],"player_experience":1225956,"relics_obtained":[{"floor":7,"key":"Toy Ornithopter"},{"floor":10,"key":"Shovel"}],"event_choices":[],"is_beta":false,"boss_relics":[],"items_purged_floors":[9],"is_endless":false,"potions_floor_spawned":[10],"killed_by":"Gremlin Nob","ascension_level":3}}