{"host":"sxnl403xm2xmiyj1","time":1613895656,"event":{"mods":["BaseMod","Colored Map","Keyboard Shortcuts","Koishi","Minty Spire (QoL Compilation)","Quick Restart","StSLib","SuperFastMode"],"gold_per_floor":[110,122,47,47,60,60,60,60],"floor_reached":7,"language":"KOR","playtime":132,"items_purged":[],"score":80,"play_id":"feb23858-3f22-4ec3-8bbf-f959a0f0911d","local_time":"20210221172056","is_ascension_mode":true,"campfire_choices":[{"data":"Koishi:StingingMind","floor":6,"key":"SMITH"}],"circlet_count":0,"master_deck":["AscendersBane","Koishi:BasicStrike","Koishi:BasicDefend","Koishi:BasicDefend","Koishi:BasicDefend","Koishi:Provoke","Koishi:HauntingSlash","Koishi:SubconsciousSweep","Koishi:UnseenTerror","Koishi:StingingMind+1"],"relics":["Koishi:ImaginaryFriend"],"acts_visited":["Exordium"],"potions_floor_usage":[7],"damage_taken":[{"damage":1,"enemies":"Cultist","floor":1,"turns":5},{"damage":12,"enemies":"Jaw Worm","floor":2,"turns":4},{"damage":4,"enemies":"Small Slimes","floor":5,"turns":3},{"damage":12,"enemies":"Lagavulin","floor":7,"turns":4}],"seed_played":"-1405244315360655625","potions_obtained":[{"floor":5,"key":"SneckoOil"}],"is_trial":false,"path_per_floor":["M","M","?","?","M","R","E"],"character_chosen":"KOISHI","items_purchased":[],"campfire_rested":0,"item_purchase_floors":[],"current_hp_per_floor":[38,29,29,22,19,19,7,7],"gold":60,"neow_bonus":"REMOVE_TWO","is_daily":false,"chose_seed":false,"campfire_upgraded":1,"win_rate":0.0,"timestamp":1613895656,"path_taken":["M","M","?","?","M","R","E"],"items_purchased_type":[],"build_version":"2020-12-22","purchased_purges":0,"victory":false,"max_hp_per_floor":[57,57,57,57,57,57,57,57],"card_choices":[{"not_picked":["Koishi:UnconsciousUprising","Koishi:MindNumbingTerror"],"picked":"Koishi:SubconsciousSweep","floor":1},{"not_picked":["Koishi:DNAsFlaw","Koishi:StingingMind"],"picked":"Koishi:UnseenTerror","floor":2},{"not_picked":["Koishi:GhostParty","Koishi:DreadfulBlow"],"picked":"Koishi:StingingMind","floor":5}],"player_experience":286227,"relics_obtained":[],"event_choices":[{"cards_removed":["Koishi:BasicStrike"],"damage_healed":0,"gold_gain":0,"player_choice":"Card Removal","damage_taken":0,"max_hp_gain":0,"max_hp_loss":0,"event_name":"The Cleric","floor":3,"gold_loss":75},{"cards_removed":["Koishi:BasicStrike"],"damage_healed":0,"gold_gain":0,"player_choice":"Card Removal","damage_taken":7,"max_hp_gain":0,"max_hp_loss":0,"event_name":"Golden Wing","floor":4,"gold_loss":0}],"is_beta":false,"boss_relics":[],"items_purged_floors":[],"is_endless":false,"potions_floor_spawned":[5],"killed_by":"Lagavulin","ascension_level":19}}