{"host":"3y2rtlgteqp2nuo3","time":1613909065,"event":{"mods":["2.2 Compatiblity","AchievementEnabler","BaseMod","Colored Map","DeckTracker","Highlight Path","Keyboard Shortcuts","Minty Spire (QoL Compilation)","Permanent Neow","Quick Restart","StSLib","SuperFastMode","everything is the same but u backflip on backflip"],"gold_per_floor":[113,126,51,51,66,66,82,102,157,175,175,175,202,219,219,219,219],"floor_reached":16,"language":"KOR","playtime":317,"items_purged":["Strike_P"],"score":208,"play_id":"3b59065f-7954-40b3-abca-35ccbbbde421","local_time":"20210221210425","is_ascension_mode":true,"campfire_choices":[{"data":"CrushJoints","floor":6.0,"key":"SMITH"},{"data":"PathToVictory","floor":11,"key":"SMITH"},{"floor":15,"key":"REST"}],"circlet_count":0,"master_deck":["AscendersBane","Strike_P","Strike_P","Defend_P","Defend_P","Defend_P","Defend_P","Eruption+1","Vigilance","CrushJoints+1","SignatureMove","Prostrate","PathToVictory+1","Adaptation","Adaptation"],"relics":["PureWater","Anchor","Sundial"],"acts_visited":["Exordium"],"potions_floor_usage":[16],"damage_taken":[{"damage":3.0,"enemies":"2 Louse","floor":1.0,"turns":2.0},{"damage":0.0,"enemies":"Cultist","floor":2.0,"turns":3.0},{"damage":4.0,"enemies":"Small Slimes","floor":5.0,"turns":3.0},{"damage":0.0,"enemies":"Exordium Thugs","floor":7.0,"turns":2.0},{"damage":4.0,"enemies":"Blue Slaver","floor":8.0,"turns":3.0},{"damage":19,"enemies":"Lots of Slimes","floor":10,"turns":7},{"damage":5,"enemies":"3 Sentries","floor":13,"turns":4},{"damage":5,"enemies":"2 Fungi Beasts","floor":14,"turns":3},{"damage":83,"enemies":"Slime Boss","floor":16,"turns":9}],"seed_played":"-8267756630794364595","potions_obtained":[{"floor":5.0,"key":"BottledMiracle"},{"floor":7.0,"key":"LiquidBronze"},{"floor":8.0,"key":"FairyPotion"}],"is_trial":false,"path_per_floor":["M","M","$","?","M","R","M","M","T","M","R","?","E","M","R","B"],"character_chosen":"WATCHER","items_purchased":[],"campfire_rested":1,"item_purchase_floors":[],"current_hp_per_floor":[58,58,58,58,54,54,54,50,50,31,31,31,26,21,41,0,0],"gold":219,"neow_bonus":"UPGRADE_CARD","is_daily":false,"chose_seed":false,"campfire_upgraded":2,"win_rate":0.0,"timestamp":1613909065,"path_taken":["M","M","$","?","?","R","M","M","T","M","R","?","E","M","R","BOSS"],"items_purchased_type":[],"build_version":"2020-12-22","purchased_purges":1,"victory":false,"max_hp_per_floor":[68,68,68,68,68,68,68,68,68,68,68,68,68,68,68,68,68],"card_choices":[{"not_picked":["Evaluate","JustLucky"],"picked":"CrushJoints","floor":1.0},{"not_picked":["CrushJoints","Wireheading"],"picked":"SignatureMove","floor":2.0},{"not_picked":["Consecrate","SandsOfTime"],"picked":"Prostrate","floor":5.0},{"not_picked":["FlurryOfBlows","Weave","FlyingSleeves"],"picked":"SKIP","floor":7.0},{"not_picked":["FlurryOfBlows","Weave","FlyingSleeves"],"picked":"SKIP","floor":7.0},{"not_picked":["FlurryOfBlows","Weave","FlyingSleeves"],"picked":"SKIP","floor":7.0},{"not_picked":["JustLucky","ClearTheMind"],"picked":"PathToVictory","floor":8.0},{"not_picked":["Halt","EmptyFist"],"picked":"Adaptation","floor":10},{"not_picked":["Meditate","ThirdEye"],"picked":"Adaptation","floor":13},{"not_picked":["CrushJoints","JustLucky","ReachHeaven"],"picked":"SKIP","floor":14}],"player_experience":792793,"relics_obtained":[{"floor":9.0,"key":"Anchor"},{"floor":13,"key":"Sundial"}],"event_choices":[{"cards_removed":["Strike_P"],"damage_healed":0.0,"max_hp_gain":0.0,"max_hp_loss":0.0,"gold_gain":0.0,"event_name":"Purifier","player_choice":"Purged","floor":4.0,"gold_loss":0.0,"damage_taken":0.0},{"damage_healed":0,"gold_gain":0,"player_choice":"Ignored","damage_taken":0,"max_hp_gain":0,"max_hp_loss":0,"event_name":"Shining Light","floor":12,"gold_loss":0}],"is_beta":false,"boss_relics":[],"items_purged_floors":[3],"is_endless":false,"potions_floor_spawned":[5,7,8,10],"killed_by":"Slime Boss","ascension_level":20}}