{"host":"vjx32eilbdx7ga3d","time":1613912116,"event":{"mods":["A Penny For Your Troubles","Aspiration","BaseMod","Beaked The Cultist","Bestiary","Better Altar","Better Third Choice","BetterRewards","Bossed Relics","Colored Map","Conspire","Defuse TimeMaze Blight","Energized Spire","Fox Events","GifTheSpireLib","Halation","HexUI Lib","Hubris","Infinite Spire","Jedi Mod","Minty Spire (QoL Compilation)","Permanent Neow","Relic Sorter","Relic Stats","Reliquary","Replay The Spire","Spikes Relics","StSLib","Stuff the Spire","SuperFastMode","TheWitcher","Trackpad","Wandering Minibosses","[IsaacMod]????"],"gold_per_floor":[110,123,123,133,145,145,478,478,478,491,573,598,523,550,550,647,647,658,658,668,679,594,620,620,639,639,673,673,691,705,408,408,505,505,524,541,34,34,45,70,147,147,147,182,32,32,32,61,61,62,62,71,86,86,91,112,136,136,149,223,228,246,246,250,264,264,202,202],"floor_reached":67,"language":"ENG","playtime":2081,"items_purged":["Defend_R","Defend_R","Defend_R","Defend_R","beaked:Defend_Y","StuffTheSpire:CuriosityCurse","SnafuTest:DefaultCommonSkill","Strike_R","Strike_R"],"score":1031,"play_id":"89818592-bdba-4419-8efc-e87ee8297912","local_time":"20210221145516","is_ascension_mode":true,"campfire_choices":[{"data":"Bludgeon","floor":6,"key":"SMITH"},{"data":"Clash","floor":8,"key":"SMITH"},{"data":"Clash","floor":15,"key":"SMITH"},{"data":"Feed","floor":24,"key":"SMITH"},{"data":"Bash","floor":28,"key":"SMITH"},{"data":"Thunderclap","floor":32,"key":"SMITH"},{"data":"Feed+1","floor":46,"key":"SMITH"},{"data":"Feed+2","floor":49,"key":"SMITH"},{"floor":58,"key":"REST"},{"data":"Feed+3","floor":58,"key":"SMITH"},{"floor":66,"key":"DIG"}],"circlet_count":0,"master_deck":["Strike_R","Strike_R","Strike_R","Bash+1","Bludgeon+1","Clash+1","Clash+1","Thunderclap+1","Feed+4","Limit Break","Limit Break","Double Tap","Amnesia"],"relics":["Burning Blood","DoctorsRemote","Smiling Mask","BookofShadows","HushsDoor","GuppysTail","halation:EternalFortune","Old Coin","HornCleat","Frozen Egg 2","Odd Mushroom","ChewingGum","Coffee Dripper","Bag of Marbles","Blue Doll","jedi:firstaidkit","SpikesRelics:ToyHorsey","Replay:Wax Seal","Strange Spoon","StuffTheSpire:Kangaroo","hubris:TenFootPole","Lantern","jedi:arcanewood","conspire:InfiniteJournal","PunchingBag","hubris:Towel","infinitespire:Magic Flask","reliquary:ThirdArm","reliquary:OuijaBoard","hubris:BottledRain","jedi:shrinkray","Torii","Ring of Hypnosis","Ring of Fury","StuffTheSpire:ForceGauntlet","HornCleat"],"acts_visited":["Exordium","TheCity","TheBeyond","Exordium"],"potions_floor_usage":[7,27,33,40,40,40,67,67,67],"damage_taken":[{"damage":3,"enemies":"Small Slimes","floor":1,"turns":2},{"damage":0,"enemies":"Cultist","floor":2,"turns":3},{"damage":0,"enemies":"Jaw Worm","floor":4,"turns":2},{"damage":0,"enemies":"Large Slime","floor":5,"turns":5},{"damage":9,"enemies":"3 Sentries","floor":7,"turns":5},{"damage":0,"enemies":"Exordium Wildlife","floor":10,"turns":2},{"damage":8,"enemies":"Lagavulin","floor":12,"turns":6},{"damage":0,"enemies":"The Mushroom Lair","floor":14,"turns":1},{"damage":30,"enemies":"Hexaghost","floor":16,"turns":8},{"damage":5,"enemies":"Chosen","floor":18,"turns":2},{"damage":5,"enemies":"Shell Parasite","floor":20,"turns":2},{"damage":0,"enemies":"Snake Plant","floor":21,"turns":1},{"damage":21,"enemies":"Book of Stabbing","floor":23,"turns":3},{"damage":0,"enemies":"Snecko","floor":25,"turns":2},{"damage":15,"enemies":"Nightmare","floor":27,"turns":5},{"damage":0,"enemies":"3 Cultists","floor":29,"turns":3},{"damage":7,"enemies":"Centurion and Healer","floor":30,"turns":6},{"damage":112,"enemies":"Collector","floor":33,"turns":11},{"damage":14,"enemies":"3 Darklings","floor":35,"turns":5},{"damage":0,"enemies":"3 Shapes","floor":36,"turns":1},{"damage":56,"enemies":"3 Darklings","floor":39,"turns":5},{"damage":25,"enemies":"Reptomancer","floor":40,"turns":4},{"damage":25,"enemies":"R_Hoarder","floor":44,"turns":5},{"damage":16,"enemies":"beaked:SuperParasite","floor":48,"turns":3},{"damage":39,"enemies":"infinitespire:MassOfShapes","floor":50,"turns":6},{"damage":14,"enemies":"2 Louse","floor":52,"turns":3},{"damage":0,"enemies":"Cultist","floor":53,"turns":1},{"damage":36,"enemies":"Jaw Worm","floor":55,"turns":4},{"damage":53,"enemies":"conspire:MimicChest","floor":56,"turns":4},{"damage":14,"enemies":"Gremlin Nob","floor":57,"turns":3},{"damage":4,"enemies":"3 Sentries","floor":59,"turns":3},{"damage":0,"enemies":"Exordium Wildlife","floor":61,"turns":1},{"damage":16,"enemies":"Gremlin Nob","floor":62,"turns":3},{"damage":15,"enemies":"Lots of Slimes","floor":64,"turns":3},{"damage":1,"enemies":"3 Sentries","floor":65,"turns":3},{"damage":174,"enemies":"Delirium","floor":67,"turns":12}],"seed_played":"-4115921912621098098","potions_obtained":[{"floor":1,"key":"Death Potion"},{"floor":5,"key":"Swift Potion"},{"floor":7,"key":"Doom Potion"},{"floor":12,"key":"Toxic Potion"},{"floor":23,"key":"jedi:StrikingPotion"},{"floor":25,"key":"BloodPotion"},{"floor":30,"key":"Dexterity Potion"},{"floor":35,"key":"Reflective Coating"},{"floor":55,"key":"BloodPotion"},{"floor":57,"key":"Energy Potion"},{"floor":59,"key":"Energy Potion"},{"floor":61,"key":"DuplicationPotion"}],"is_trial":false,"path_per_floor":["M","M","?","M","M","R","E","R","T","M","T","E","$","?","R_BF","B",null,"M","AVR","M","M","?","E","R","M","T","NM","R","M","M","$","R","B",null,"M","M","$","?","M","E","?","AVR","T","E","$","R","?","E","R","B",null,"M","M","AVR","M","?","E","R","E","T","M","E","?","M","E","R_BF","B"],"character_chosen":"IRONCLAD","items_purchased":["Replay:Wax Seal","Strange Spoon","Limit Break","hubris:TenFootPole","Lantern"],"campfire_rested":1,"item_purchase_floors":[31,31,37,37,37],"current_hp_per_floor":[80,80,83,83,83,83,80,80,80,83,83,81,81,83,83,59,78,81,81,81,84,84,69,69,75,75,66,66,76,84,84,84,9,92,91,95,95,95,76,88,81,81,81,62,62,62,62,63,63,37,91,92,103,103,83,45,43,79,88,88,101,98,98,107,126,126,0,0],"gold":202,"neow_bonus":"THREE_RARE_CARDS","is_daily":false,"chose_seed":false,"campfire_upgraded":9,"win_rate":0.0,"timestamp":1613912116,"path_taken":["M","M","?","M","?","R","E","R","T","M","?","E","$","?","R_BF","BOSS","M","AVR","M","M","?","E","R","M","T","NM","R","M","?","$","R","BOSS","M","M","$","?","M","E","?","AVR","T","E","$","R","?","E","R","BOSS","M","M","AVR","M","?","E","R","E","T","M","E","?","M","E","R_BF","BOSS"],"items_purchased_type":["Relic","Relic","Card","Relic","Relic"],"build_version":"2020-12-22","purchased_purges":9,"victory":false,"max_hp_per_floor":[80,80,83,83,83,83,83,83,83,83,83,83,83,83,83,83,78,81,81,81,84,84,84,84,84,84,84,84,88,92,92,92,92,92,95,95,95,95,95,95,95,95,95,95,95,95,95,95,95,98,91,97,103,103,109,115,121,121,128,128,135,142,142,149,163,163,163,163],"relic_stats":{"Strange Spoon":[42],"Torii":6,"counters":[36,138],"Smiling Mask":0,"obtain_stats":[{"reliquary:OuijaBoard":54,"GuppysTail":0,"Lantern":37,"Torii":62,"Blue Doll":23,"reliquary:ThirdArm":51,"Smiling Mask":59,"Burning Blood":0,"Old Coin":7,"conspire:InfiniteJournal":43,"jedi:shrinkray":57,"HornCleat":9,"SpikesRelics:ToyHorsey":27,"jedi:firstaidkit":26,"Replay:Wax Seal":31,"KeepersGift":0,"DoctorsRemote":60,"BookofShadows":40,"PunchingBag":44,"Ring of Hypnosis":63,"StuffTheSpire:ForceGauntlet":65,"infinitespire:Magic Flask":48,"Frozen Egg 2":11,"Odd Mushroom":14,"hubris:Towel":47,"Strange Spoon":31,"halation:EternalFortune":3,"ChewingGum":17,"Ring of Fury":63,"reliquary:SculptingSteel":66,"Coffee Dripper":19,"Bag of Marbles":22,"StuffTheSpire:Kangaroo":34,"hubris:TenFootPole":37,"HushsDoor":0,"jedi:arcanewood":38,"hubris:BottledRain":56},{"reliquary:OuijaBoard":27,"GuppysTail":0,"Lantern":20,"Torii":33,"Blue Doll":13,"reliquary:ThirdArm":25,"Smiling Mask":31,"Burning Blood":0,"Old Coin":5,"conspire:InfiniteJournal":22,"jedi:shrinkray":30,"HornCleat":5,"SpikesRelics:ToyHorsey":15,"jedi:firstaidkit":14,"Replay:Wax Seal":17,"KeepersGift":0,"DoctorsRemote":31,"BookofShadows":22,"PunchingBag":23,"Ring of Hypnosis":33,"StuffTheSpire:ForceGauntlet":35,"infinitespire:Magic Flask":24,"Frozen Egg 2":6,"Odd Mushroom":8,"hubris:Towel":23,"Strange Spoon":17,"halation:EternalFortune":2,"ChewingGum":9,"Ring of Fury":33,"reliquary:SculptingSteel":35,"Coffee Dripper":10,"Bag of Marbles":12,"StuffTheSpire:Kangaroo":18,"hubris:TenFootPole":20,"HushsDoor":0,"jedi:arcanewood":20,"hubris:BottledRain":29},{"reliquary:OuijaBoard":102,"GuppysTail":0,"Lantern":75,"Torii":120,"Blue Doll":42,"reliquary:ThirdArm":98,"Smiling Mask":116,"Burning Blood":0,"Old Coin":17,"conspire:InfiniteJournal":84,"jedi:shrinkray":113,"HornCleat":17,"SpikesRelics:ToyHorsey":49,"jedi:firstaidkit":44,"Replay:Wax Seal":58,"KeepersGift":0,"DoctorsRemote":116,"BookofShadows":84,"PunchingBag":89,"Ring of Hypnosis":120,"StuffTheSpire:ForceGauntlet":126,"infinitespire:Magic Flask":92,"Frozen Egg 2":19,"Odd Mushroom":26,"hubris:Towel":89,"Strange Spoon":58,"halation:EternalFortune":5,"ChewingGum":34,"Ring of Fury":120,"reliquary:SculptingSteel":126,"Coffee Dripper":36,"Bag of Marbles":39,"StuffTheSpire:Kangaroo":69,"hubris:TenFootPole":75,"HushsDoor":0,"jedi:arcanewood":75,"hubris:BottledRain":110}],"Burning Blood":171},"card_choices":[{"not_picked":["Offering","Fiend Fire"],"picked":"Bludgeon","floor":0},{"not_picked":["Infernal Blade","Body Slam","ReplayTheSpireMod:Limb From Limb"],"picked":"SKIP","floor":1},{"not_picked":["jedi:fear","Fire Breathing"],"picked":"Clash","floor":2},{"not_picked":["Life Link","Second Wind"],"picked":"Clash","floor":4},{"not_picked":["Twin Strike","jedi:hate"],"picked":"Thunderclap","floor":5},{"not_picked":["conspire:HitWhereItHurts","StuffTheSpire:RockThrow","jedi:controlledanger"],"picked":"SKIP","floor":7},{"not_picked":["Bloodletting","Havoc","True Grit"],"picked":"SKIP","floor":10},{"not_picked":["Uppercut","Havoc"],"picked":"Bomb","floor":12},{"not_picked":["Havoc","Combust+1"],"picked":"Bomb","floor":14},{"not_picked":["Corruption+1","Hemogenesis"],"picked":"Feed","floor":16},{"not_picked":["Evolve+1","Searing Blow","StuffTheSpire:Incineration"],"picked":"SKIP","floor":18},{"not_picked":["Power Through+1","StuffTheSpire:Slingshot+1","Sword Boomerang"],"picked":"SKIP","floor":20},{"not_picked":["ReplayTheSpireMod:Stacked+1","Clothesline","Uppercut"],"picked":"SKIP","floor":21},{"not_picked":["Second Wind","Intimidate","Perfected Strike"],"picked":"SKIP","floor":23},{"not_picked":["ReplayTheSpireMod:Strike From Hell+1","Iron Wave+1","Cleave"],"picked":"SKIP","floor":25},{"not_picked":["Burning Pact+1","Wild Strike+1","Havoc"],"picked":"SKIP","floor":27},{"not_picked":["Run Through","Carnage","True Grit"],"picked":"SKIP","floor":29},{"not_picked":["Warcry","Wild Strike","ReplayTheSpireMod:LeadingStrike"],"picked":"SKIP","floor":30},{"not_picked":["jedi:hate+1","StuffTheSpire:Slingshot+1","ReplayTheSpireMod:Strike From Hell+1"],"picked":"SKIP","floor":35},{"not_picked":["Heavy Blade+1","Clash+1","Sword Boomerang+1"],"picked":"SKIP","floor":36},{"not_picked":["Armaments+1","Headbutt+1","StuffTheSpire:Slingshot+1"],"picked":"SKIP","floor":39},{"not_picked":["jedi:harder","ReplayTheSpireMod:Strike From Hell","Shrug It Off+1"],"picked":"SKIP","floor":40},{"not_picked":["Dropkick+1","Feel No Pain+1"],"picked":"Double Tap","floor":44},{"not_picked":["Infernal Blade","Anger","Power Through+1"],"picked":"SKIP","floor":48},{"not_picked":["ReplayTheSpireMod:Corrosion Curse","Body Slam","Infernal Blade"],"picked":"SKIP","floor":52},{"not_picked":["True Grit","Life Link+1","Pommel Strike"],"picked":"SKIP","floor":53},{"not_picked":["StuffTheSpire:RockThrow","ReplayTheSpireMod:LeadingStrike","Life Link+1"],"picked":"SKIP","floor":55},{"not_picked":["Anger","Demonic Infusion","True Grit"],"picked":"SKIP","floor":57},{"not_picked":["Demonic Infusion","Run Through","hubris:SharpeningStone"],"picked":"SKIP","floor":59},{"not_picked":["Armaments","Shockwave","StuffTheSpire:Incineration"],"picked":"SKIP","floor":61},{"not_picked":["Bludgeon","Clash","Clothesline"],"picked":"SKIP","floor":62},{"not_picked":["Run Through","Iron Wave","StuffTheSpire:Resist+1"],"picked":"SKIP","floor":64},{"not_picked":["Burning Pact","hubris:SharpeningStone","conspire:HitWhereItHurts"],"picked":"SKIP","floor":65}],"player_experience":459194,"relics_obtained":[{"floor":7,"key":"Old Coin"},{"floor":9,"key":"HornCleat"},{"floor":11,"key":"Frozen Egg 2"},{"floor":14,"key":"Odd Mushroom"},{"floor":23,"key":"Blue Doll"},{"floor":26,"key":"jedi:firstaidkit"},{"floor":27,"key":"SpikesRelics:ToyHorsey"},{"floor":35,"key":"halation:EternalFortune"},{"floor":40,"key":"BookofShadows"},{"floor":43,"key":"conspire:InfiniteJournal"},{"floor":44,"key":"PunchingBag"},{"floor":48,"key":"infinitespire:Magic Flask"},{"floor":50,"key":"halation:EternalFortune"},{"floor":56,"key":"hubris:BottledRain"},{"floor":57,"key":"jedi:shrinkray"},{"floor":59,"key":"Smiling Mask"},{"floor":60,"key":"DoctorsRemote"},{"floor":62,"key":"Torii"},{"floor":63,"key":"Ring of Hypnosis"},{"floor":63,"key":"Ring of Fury"},{"floor":65,"key":"StuffTheSpire:ForceGauntlet"},{"floor":66,"key":"reliquary:SculptingSteel"}],"event_choices":[{"damage_healed":0,"gold_gain":0,"player_choice":"Fought Mushrooms","damage_taken":0,"max_hp_gain":0,"max_hp_loss":0,"event_name":"Mushrooms","floor":14,"gold_loss":0},{"damage_healed":0,"gold_gain":0,"player_choice":"Obtained Relic","damage_taken":0,"relics_obtained":["Bag of Marbles"],"max_hp_gain":0,"max_hp_loss":0,"event_name":"Addict","floor":22,"gold_loss":85}],"is_beta":false,"boss_relics":[{"not_picked":["energizedSpire:EnergizedDie","Sandwich"],"picked":"ChewingGum"},{"not_picked":[]},{"not_picked":["aspiration:RunicSpoon","SacredBark"],"picked":"StuffTheSpire:Kangaroo"},{"not_picked":[]},{"not_picked":["Honey Jar","jedi:battlestandard"],"picked":"reliquary:ThirdArm"},{"not_picked":[]}],"items_purged_floors":[13,17,19,31,37,42,45,51,54],"is_endless":true,"potions_floor_spawned":[1,5,7,12,16,21,23,25,30,35,39,55,57,59,61],"killed_by":"Delirium","ascension_level":1}}