{"host":"wshey5htrz8rni6u","time":1613906759,"event":{"mods":["2.2 Compatiblity","BaseMod","Block Reminder","Colored Map","Colored Powertips","Current Relic Mod","Curses Come First","Dark Map","Key Reminder","Keyboard Shortcuts","Minty Spire (QoL Compilation)","Potion Indicator Mod","Quick Restart","Random Character Button","Relic Sorter","Relic Stats","StSLib","SuperFastMode","Unceasing Turn Reminder","UnlockEverythingMod","Weighted Paths"],"gold_per_floor":[115,131,50,50,61,61,91,109,136,21,46,58,70,104,116,227,239,268,280,48,68,68,96,112,144,144,144,109,136,136,165,165,270,270,283,333,19,30,30,56,56,89,89,113,143,143,157,180,180,180,180,180,10,39,39],"floor_reached":56,"language":"ENG","playtime":5930,"items_purged":["Strike_G","Strike_G"],"score":2078,"play_id":"cc3cb13b-12d7-4f75-8058-8abc8bd5cf64","local_time":"20210221032559","is_ascension_mode":true,"campfire_choices":[{"data":"Neutralize","floor":6,"key":"SMITH"},{"floor":12,"key":"REST"},{"floor":15,"key":"REST"},{"data":"Terror","floor":27,"key":"SMITH"},{"data":"After Image","floor":32,"key":"SMITH"},{"floor":41,"key":"RECALL"},{"data":"Apotheosis","floor":46,"key":"SMITH"},{"data":"Footwork","floor":49,"key":"SMITH"},{"data":"Tools of the Trade","floor":52,"key":"SMITH"}],"circlet_count":0,"master_deck":["AscendersBane","Defend_G","Defend_G","Defend_G+1","Defend_G","Defend_G+1","Survivor","Neutralize+1","Terror+1","Flying Knee","Predator","Terror","Blur","Footwork+1","Caltrops","Infinite Blades","After Image+1","Cloak And Dagger","Storm of Steel","PiercingWail","Dagger Spray","Blade Dance","After Image","Ghostly","Ghostly","Ghostly","Ghostly","Ghostly","Acrobatics","Backflip","Envenom","Choke","Leg Sweep+1","Tools of the Trade+1","After Image","Well Laid Plans+1","Finisher+1","Apotheosis+1","Burst","Wraith Form v2","Impatience","Predator+1","Blade Dance","Infinite Blades+1","Burst","Metamorphosis","Accuracy"],"relics":["Ring of the Snake","War Paint","Happy Flower","Odd Mushroom","Black Star","MealTicket","Bottled Flame","Bottled Lightning","Ginger","Mercury Hourglass","The Specimen","Molten Egg 2","Kunai","Tiny Chest","Letter Opener","SlaversCollar","CaptainsWheel","Mango","Calipers","Smiling Mask","Unceasing Top","PreservedInsect","Eternal Feather","Akabeko","Snake Skull","Juzu Bracelet","MawBank","StrikeDummy","Turnip"],"acts_visited":["Exordium","TheCity","TheBeyond","TheEnding"],"potions_floor_usage":[23,33,38,54],"damage_taken":[{"damage":2.0,"enemies":"Cultist","floor":1.0,"turns":4.0},{"damage":5,"enemies":"Small Slimes","floor":2,"turns":5},{"damage":0,"enemies":"2 Louse","floor":5,"turns":2},{"damage":10,"enemies":"Lagavulin","floor":7,"turns":6},{"damage":2,"enemies":"Large Slime","floor":8,"turns":11},{"damage":23,"enemies":"3 Sentries","floor":11,"turns":9},{"damage":28,"enemies":"The Mushroom Lair","floor":14,"turns":5},{"damage":18,"enemies":"The Guardian","floor":16,"turns":12},{"damage":2,"enemies":"Shell Parasite","floor":18,"turns":6},{"damage":9,"enemies":"Chosen","floor":21,"turns":10},{"damage":0,"enemies":"Book of Stabbing","floor":23,"turns":7},{"damage":0,"enemies":"Centurion and Healer","floor":24,"turns":8},{"damage":1,"enemies":"Slavers","floor":25,"turns":9},{"damage":5,"enemies":"Gremlin Leader","floor":29,"turns":9},{"damage":3,"enemies":"Slavers","floor":31,"turns":8},{"damage":1,"enemies":"Champ","floor":33,"turns":14},{"damage":2,"enemies":"Orb Walker","floor":35,"turns":7},{"damage":2,"enemies":"Mind Bloom Boss Battle","floor":36,"turns":9},{"damage":12,"enemies":"3 Darklings","floor":38,"turns":9},{"damage":0,"enemies":"Nemesis","floor":40,"turns":9},{"damage":0,"enemies":"Giant Head","floor":42,"turns":8},{"damage":0,"enemies":"Nemesis","floor":45,"turns":7},{"damage":0,"enemies":"Sphere and 2 Shapes","floor":47,"turns":9},{"damage":11,"enemies":"Awakened One","floor":50,"turns":16},{"damage":34,"enemies":"Shield and Spear","floor":54,"turns":8},{"damage":4,"enemies":"The Heart","floor":55,"turns":11}],"seed_played":"1852830436640589819","potions_obtained":[{"floor":1.0,"key":"SteroidPotion"},{"floor":5,"key":"LiquidBronze"},{"floor":8,"key":"GhostInAJar"},{"floor":24,"key":"Weak Potion"},{"floor":38,"key":"SmokeBomb"},{"floor":42,"key":"LiquidBronze"},{"floor":45,"key":"SkillPotion"},{"floor":54,"key":"Block Potion"}],"is_trial":false,"path_per_floor":["M","M","$","?","M","R","E","M","T","$","E","R","$","?","R","B",null,"M","?","$","M","?","E","M","E","T","R","$","E","$","E","R","B",null,"M","?","$","M","?","E","R","E","T","T","E","R","M","T","R","B",null,"R","$","E","B",null],"character_chosen":"THE_SILENT","items_purchased":["Predator","Infinite Blades","MealTicket","Choke","Apotheosis","Burst","Metamorphosis"],"campfire_rested":2,"item_purchase_floors":[3,10,20,28,37,37,53],"current_hp_per_floor":[61,56,56,56,56,56,46,44,44,44,21,42,42,14,35,17,57,55,55,55,46,35,35,35,34,34,34,35,30,35,32,32,31,34,32,30,35,23,23,37,37,37,37,37,37,49,49,49,49,38,46,49,49,15,11],"gold":39,"neow_bonus":"RANDOM_COMMON_RELIC","is_daily":false,"chose_seed":false,"campfire_upgraded":6,"win_rate":0.0,"timestamp":1613906759,"path_taken":["M","M","?","?","M","R","E","M","T","$","E","R","$","?","R","BOSS","M","?","$","M","?","E","M","E","T","R","?","E","$","E","R","BOSS","M","?","$","M","?","E","R","E","T","?","E","R","M","?","R","BOSS","R","$","E","BOSS"],"items_purchased_type":["Card","Card","Relic","Card","Card","Card","Card"],"build_version":"2020-12-13","purchased_purges":2,"victory":true,"max_hp_per_floor":[70,70,70,70,70,70,70,70,70,70,70,70,70,70,70,70,70,70,70,70,70,35,35,35,35,35,35,35,35,35,35,35,35,35,35,35,35,35,35,49,49,49,49,49,49,49,49,49,49,49,49,49,49,49,49],"relic_stats":{"Happy Flower":[67],"counters":[26,218],"Eternal Feather":15,"PreservedInsect":127,"Snake Skull":[62],"Juzu Bracelet":1,"Ginger":[14],"Letter Opener":[246],"War Paint":["Defend_G","Defend_G"],"Smiling Mask":0,"MawBank":108,"Mercury Hourglass":[438],"MealTicket":11,"Tiny Chest":1,"Turnip":[2],"Black Star":8,"Kunai":[65],"obtain_stats":[{"Calipers":40,"Mango":40,"Snake Skull":48,"Juzu Bracelet":9,"Ginger":25,"Smiling Mask":42,"MealTicket":20,"Tiny Chest":31,"Kunai":29,"Ring of the Snake":0,"Happy Flower":7,"The Specimen":26,"Eternal Feather":45,"PreservedInsect":44,"Letter Opener":31,"War Paint":0,"Odd Mushroom":14,"MawBank":11,"Akabeko":45,"Mercury Hourglass":25,"keyreminder:keyreminder":29,"SlaversCollar":34,"Bottled Flame":23,"CaptainsWheel":36,"Molten Egg 2":29,"Turnip":54,"Black Star":17,"Bottled Lightning":23,"StrikeDummy":54,"Unceasing Top":42},{"Calipers":20,"Mango":20,"Snake Skull":23,"Juzu Bracelet":5,"Ginger":13,"Smiling Mask":21,"MealTicket":9,"Tiny Chest":15,"Kunai":14,"Ring of the Snake":0,"Happy Flower":4,"The Specimen":13,"Eternal Feather":22,"PreservedInsect":21,"Letter Opener":15,"War Paint":0,"Odd Mushroom":7,"MawBank":6,"Akabeko":22,"Mercury Hourglass":13,"keyreminder:keyreminder":14,"SlaversCollar":16,"Bottled Flame":11,"CaptainsWheel":18,"Molten Egg 2":14,"Turnip":25,"Black Star":8,"Bottled Lightning":11,"StrikeDummy":25,"Unceasing Top":21},{"Calipers":159,"Mango":159,"Snake Skull":183,"Juzu Bracelet":28,"Ginger":94,"Smiling Mask":167,"MealTicket":60,"Tiny Chest":111,"Kunai":103,"Ring of the Snake":0,"Happy Flower":17,"The Specimen":94,"Eternal Feather":174,"PreservedInsect":167,"Letter Opener":111,"War Paint":0,"Odd Mushroom":42,"MawBank":37,"Akabeko":174,"Mercury Hourglass":94,"keyreminder:keyreminder":103,"SlaversCollar":125,"Bottled Flame":77,"CaptainsWheel":141,"Molten Egg 2":103,"Turnip":207,"Black Star":54,"Bottled Lightning":77,"StrikeDummy":207,"Unceasing Top":167}],"Unceasing Top":[7],"Ring of the Snake":[52]},"card_choices":[{"not_picked":["Heel Hook","Outmaneuver"],"picked":"Terror","floor":1.0},{"not_picked":["Dagger Spray","Calculated Gamble"],"picked":"Flying Knee","floor":2},{"not_picked":["Dagger Spray","Flying Knee"],"picked":"Blur","floor":5},{"not_picked":["Deflect","Cloak And Dagger"],"picked":"Footwork","floor":7},{"not_picked":["Prepared","Acrobatics"],"picked":"Caltrops","floor":8},{"not_picked":["Accuracy","Masterful Stab"],"picked":"After Image","floor":11},{"not_picked":["Bane","Sucker Punch"],"picked":"Cloak And Dagger","floor":14},{"not_picked":["Doppelganger","Adrenaline"],"picked":"Storm of Steel","floor":16},{"not_picked":["Slice","Poisoned Stab"],"picked":"PiercingWail","floor":18},{"not_picked":["Escape Plan","Deflect"],"picked":"After Image","floor":21},{"not_picked":["Reflex","Bane"],"picked":"Acrobatics","floor":23},{"not_picked":["Underhanded Strike","Distraction"],"picked":"Backflip","floor":24},{"not_picked":["Bane+1","Deadly Poison"],"picked":"Envenom","floor":25},{"not_picked":["A Thousand Cuts","Deflect"],"picked":"Leg Sweep+1","floor":29},{"not_picked":["Deflect+1","Endless Agony+1"],"picked":"Tools of the Trade","floor":31},{"not_picked":["Storm of Steel","Bullet Time"],"picked":"After Image","floor":33},{"not_picked":["Masterful Stab+1","Concentrate"],"picked":"Well Laid Plans+1","floor":35},{"not_picked":["Catalyst+1","Outmaneuver"],"picked":"Finisher+1","floor":36},{"not_picked":["Quick Slash+1","Deflect"],"picked":"Wraith Form v2","floor":38},{"not_picked":["Forethought","Mayhem"],"picked":"Impatience","floor":39},{"not_picked":["Underhanded Strike+1","Riddle With Holes+1"],"picked":"Predator+1","floor":40},{"not_picked":["Distraction","Predator+1"],"picked":"Blade Dance","floor":42},{"not_picked":["Backflip","PiercingWail+1"],"picked":"Infinite Blades+1","floor":45},{"not_picked":["Deflect","Bane+1"],"picked":"Burst","floor":47},{"not_picked":["Masterful Stab+1","Prepared"],"picked":"Accuracy","floor":54}],"player_experience":169199,"relics_obtained":[{"floor":7,"key":"Happy Flower"},{"floor":9,"key":"Juzu Bracelet"},{"floor":11,"key":"MawBank"},{"floor":14,"key":"Odd Mushroom"},{"floor":23,"key":"Bottled Flame"},{"floor":23,"key":"Bottled Lightning"},{"floor":25,"key":"Ginger"},{"floor":25,"key":"Mercury Hourglass"},{"floor":26,"key":"The Specimen"},{"floor":29,"key":"Molten Egg 2"},{"floor":29,"key":"Kunai"},{"floor":31,"key":"Tiny Chest"},{"floor":31,"key":"Letter Opener"},{"floor":36,"key":"CaptainsWheel"},{"floor":40,"key":"Mango"},{"floor":40,"key":"Calipers"},{"floor":42,"key":"Smiling Mask"},{"floor":42,"key":"Unceasing Top"},{"floor":44,"key":"PreservedInsect"},{"floor":45,"key":"Eternal Feather"},{"floor":45,"key":"Akabeko"},{"floor":48,"key":"Snake Skull"},{"floor":54,"key":"StrikeDummy"},{"floor":54,"key":"Turnip"}],"event_choices":[{"damage_healed":0,"gold_gain":0,"cards_transformed":["Strike_G"],"player_choice":"Transformed","damage_taken":0,"max_hp_gain":0,"max_hp_loss":0,"event_name":"Transmorgrifier","floor":4,"gold_loss":0,"cards_obtained":["Terror"]},{"damage_healed":0,"gold_gain":0,"player_choice":"Fought Mushrooms","damage_taken":0,"max_hp_gain":0,"max_hp_loss":0,"event_name":"Mushrooms","floor":14,"gold_loss":0},{"damage_healed":0,"gold_gain":0,"cards_transformed":["Strike_G","Strike_G"],"player_choice":"Became Test Subject","damage_taken":0,"max_hp_gain":0,"max_hp_loss":0,"event_name":"Drug Dealer","floor":19,"gold_loss":0,"cards_obtained":["Dagger Spray","Blade Dance"]},{"damage_healed":0,"gold_gain":0,"player_choice":"Became a Ghost","damage_taken":0,"max_hp_gain":0,"max_hp_loss":35,"event_name":"Ghosts","floor":22,"gold_loss":0,"cards_obtained":["Ghostly","Ghostly","Ghostly","Ghostly","Ghostly"]},{"damage_healed":0,"gold_gain":0,"player_choice":"Fight","damage_taken":0,"max_hp_gain":0,"max_hp_loss":0,"event_name":"MindBloom","floor":36,"gold_loss":0},{"damage_healed":0,"gold_gain":0,"player_choice":"Memory 1","damage_taken":0,"max_hp_gain":0,"max_hp_loss":0,"event_name":"SensoryStone","floor":39,"gold_loss":0}],"is_beta":false,"boss_relics":[{"not_picked":["Tiny House","Ring of the Serpent"],"picked":"Black Star"},{"not_picked":["Empty Cage","Velvet Choker"],"picked":"SlaversCollar"}],"items_purged_floors":[10,20],"is_endless":false,"potions_floor_spawned":[1,5,8,14,16,21,24,29,31,38,42,45,54],"ascension_level":11}}