{"host":"fa35vd3kig5td25x","time":1613907945,"event":{"mods":["BaseMod","Colored Powertips","Minty Spire (QoL Compilation)","Relic Stats","Slay the Relics Exporter"],"gold_per_floor":[117,135,149,32,32,32,67,92,92,126,140,153,153,173,173,246,246,266,20,20,30,50,81,81,107,134,134,134,159,20,39,39,116,116,126,145,70,13,32,32,62,62,87,105,117,145,158,158,158,158,158,158,158,19,49,49],"floor_reached":57,"language":"ENG","playtime":7848,"items_purged":[],"score":2889,"play_id":"5eab8333-c0c4-4875-a4df-fa7dbaed98d1","local_time":"20210221124545","is_ascension_mode":true,"campfire_choices":[{"data":"Sever Soul","floor":6,"key":"SMITH"},{"data":"Hemokinesis","floor":13,"key":"SMITH"},{"data":"Rupture","floor":15,"key":"SMITH"},{"data":"Feed","floor":24,"key":"SMITH"},{"data":"Uppercut","floor":27,"key":"SMITH"},{"data":"Dual Wield","floor":32,"key":"SMITH"},{"data":"Fiend Fire","floor":40,"key":"SMITH"},{"floor":42,"key":"RECALL"},{"data":"True Grit","floor":49,"key":"SMITH"},{"data":"Feel No Pain","floor":53,"key":"SMITH"}],"circlet_count":0,"master_deck":["AscendersBane","Strike_R","Strike_R","Strike_R","Defend_R","Defend_R","Defend_R","Defend_R","Bash","Pommel Strike","Iron Wave","Sever Soul+1","Feel No Pain+1","Sword Boomerang","Hemokinesis+1","Rupture+1","Impervious","Shockwave","Impervious","Uppercut+1","Feel No Pain+1","Feed+1","Rupture+1","Heavy Blade+1","Ghostly","Ghostly","Fiend Fire+1","True Grit+1","Dual Wield+1","Brutality+1","Reckless Charge","Metallicize+1","Berserk+1","Dual Wield+1","Feel No Pain+1"],"relics":["Burning Blood","Incense Burner","Odd Mushroom","Bird Faced Urn","Meat on the Bone","Snecko Eye","DollysMirror","Ornamental Fan","Frozen Egg 2","Potion Belt","Singing Bowl","Coffee Dripper","Orichalcum","Juzu Bracelet","Toy Ornithopter"],"acts_visited":["Exordium","TheCity","TheBeyond","TheEnding"],"potions_floor_usage":[7,16,23,33,50,55,56],"damage_taken":[{"damage":7,"enemies":"2 Louse","floor":1,"turns":5},{"damage":9,"enemies":"Small Slimes","floor":2,"turns":4},{"damage":1,"enemies":"Cultist","floor":3,"turns":3},{"damage":21,"enemies":"Gremlin Nob","floor":7,"turns":4},{"damage":16,"enemies":"The Mushroom Lair","floor":8,"turns":4},{"damage":14,"enemies":"3 Sentries","floor":10,"turns":12},{"damage":8,"enemies":"Looter","floor":11,"turns":5},{"damage":2,"enemies":"Large Slime","floor":12,"turns":5},{"damage":13,"enemies":"Exordium Thugs","floor":14,"turns":4},{"damage":56,"enemies":"The Guardian","floor":16,"turns":15},{"damage":30,"enemies":"3 Byrds","floor":18,"turns":6},{"damage":10,"enemies":"Spheric Guardian","floor":21,"turns":3},{"damage":0,"enemies":"Centurion and Healer","floor":22,"turns":10},{"damage":32,"enemies":"Slavers","floor":23,"turns":8},{"damage":23,"enemies":"Book of Stabbing","floor":25,"turns":4},{"damage":36,"enemies":"Slavers","floor":29,"turns":8},{"damage":8,"enemies":"Cultist and Chosen","floor":31,"turns":7},{"damage":45,"enemies":"Champ","floor":33,"turns":23},{"damage":35,"enemies":"3 Darklings","floor":35,"turns":10},{"damage":2,"enemies":"Orb Walker","floor":36,"turns":2},{"damage":44,"enemies":"4 Shapes","floor":39,"turns":11},{"damage":20,"enemies":"Giant Head","floor":41,"turns":6},{"damage":26,"enemies":"Jaw Worm Horde","floor":44,"turns":6},{"damage":10,"enemies":"Writhing Mass","floor":45,"turns":5},{"damage":9,"enemies":"Reptomancer","floor":46,"turns":5},{"damage":22,"enemies":"Sphere and 2 Shapes","floor":47,"turns":12},{"damage":48,"enemies":"Donu and Deca","floor":50,"turns":8},{"damage":21,"enemies":"Time Eater","floor":51,"turns":17},{"damage":13,"enemies":"Shield and Spear","floor":55,"turns":6},{"damage":96,"enemies":"The Heart","floor":56,"turns":10}],"seed_played":"-7754353228584519145","potions_obtained":[{"floor":1,"key":"ColorlessPotion"},{"floor":7,"key":"FearPotion"},{"floor":8,"key":"Swift Potion"},{"floor":12,"key":"Weak Potion"},{"floor":21,"key":"AttackPotion"},{"floor":23,"key":"ElixirPotion"},{"floor":33,"key":"SmokeBomb"},{"floor":39,"key":"Dexterity Potion"},{"floor":44,"key":"Ancient Potion"},{"floor":47,"key":"DistilledChaos"}],"is_trial":false,"path_per_floor":["M","M","M","$","?","R","E","?","T","E","M","M","R","M","R","B",null,"M","$","?","M","M","E","R","E","T","R","?","E","$","M","R","B",null,"M","M","?","$","M","R","E","R","T","M","M","E","M","?","R","B","B",null,"R","$","E","B",null],"character_chosen":"IRONCLAD","items_purchased":["Feel No Pain","Sword Boomerang","DollysMirror","Uppercut","True Grit","Dual Wield","Explosive Potion","BloodPotion","Feel No Pain+1"],"campfire_rested":0,"item_purchase_floors":[4,4,19,19,30,30,38,54,54],"current_hp_per_floor":[74,71,76,76,76,76,61,51,51,45,57,63,63,56,56,22,67,57,57,33,41,61,51,51,54,54,54,43,32,32,44,44,41,56,41,61,61,61,53,53,55,55,55,59,75,92,98,98,98,70,79,102,102,102,113,58],"gold":49,"neow_bonus":"TEN_PERCENT_HP_BONUS","is_daily":false,"chose_seed":false,"campfire_upgraded":9,"win_rate":0.0,"timestamp":1613907945,"path_taken":["M","M","M","$","?","R","E","?","T","E","M","M","R","M","R","BOSS","M","$","?","M","M","E","R","E","T","R","?","E","$","M","R","BOSS","M","M","?","?","M","R","E","R","T","M","M","E","M","?","R","BOSS","BOSS","R","$","E","BOSS"],"items_purchased_type":["Card","Card","Relic","Card","Card","Card","Potion","Potion","Card"],"build_version":"2020-12-22","purchased_purges":0,"victory":true,"max_hp_per_floor":[82,82,82,82,82,82,82,82,82,82,82,82,82,82,82,82,82,82,82,87,87,87,87,87,87,87,87,43,47,47,57,57,61,61,67,73,73,73,79,79,81,81,81,89,95,101,105,105,105,105,109,109,109,109,115,115],"relic_stats":{"Singing Bowl":16,"counters":[30,228],"Ornamental Fan":[108],"Bird Faced Urn":[223],"Snecko Eye":[294,324,305,257],"Juzu Bracelet":0,"Orichalcum":[108],"obtain_stats":[{"Potion Belt":26,"Singing Bowl":29,"Incense Burner":7,"Juzu Bracelet":46,"Odd Mushroom":8,"Frozen Egg 2":25,"Orichalcum":41,"Burning Blood":0,"DollysMirror":19,"Ornamental Fan":23,"Bird Faced Urn":9,"Snecko Eye":17,"Coffee Dripper":34,"Toy Ornithopter":55,"Meat on the Bone":10},{"Potion Belt":15,"Singing Bowl":16,"Incense Burner":4,"Juzu Bracelet":25,"Odd Mushroom":5,"Frozen Egg 2":15,"Orichalcum":22,"Burning Blood":0,"DollysMirror":11,"Ornamental Fan":14,"Bird Faced Urn":5,"Snecko Eye":10,"Coffee Dripper":18,"Toy Ornithopter":29,"Meat on the Bone":6},{"Potion Belt":92,"Singing Bowl":100,"Incense Burner":16,"Juzu Bracelet":175,"Odd Mushroom":20,"Frozen Egg 2":92,"Orichalcum":159,"Burning Blood":0,"DollysMirror":67,"Ornamental Fan":88,"Bird Faced Urn":20,"Snecko Eye":61,"Coffee Dripper":130,"Toy Ornithopter":218,"Meat on the Bone":32}],"Burning Blood":180,"Toy Ornithopter":5,"Meat on the Bone":132},"card_choices":[{"not_picked":["Wild Strike","Feel No Pain"],"picked":"Pommel Strike","floor":1},{"not_picked":["Dark Embrace","Heavy Blade"],"picked":"Iron Wave","floor":2},{"not_picked":["Shrug It Off","Heavy Blade"],"picked":"Sever Soul","floor":3},{"not_picked":["Shrug It Off","Disarm"],"picked":"Hemokinesis","floor":7},{"not_picked":["Sword Boomerang","Havoc","Twin Strike"],"picked":"SKIP","floor":10},{"not_picked":["Rampage","Second Wind","Intimidate"],"picked":"SKIP","floor":11},{"not_picked":["Anger","Clash","Headbutt"],"picked":"SKIP","floor":12},{"not_picked":["Barricade","Twin Strike"],"picked":"Rupture","floor":14},{"not_picked":["Berserk","Reaper"],"picked":"Impervious","floor":16},{"not_picked":["Sword Boomerang","Headbutt+1"],"picked":"Shockwave","floor":18},{"not_picked":["Heavy Blade","Thunderclap"],"picked":"Feel No Pain+1","floor":21},{"not_picked":["Battle Trance","Armaments"],"picked":"Feed","floor":22},{"not_picked":["Infernal Blade","Seeing Red"],"picked":"Rupture+1","floor":23},{"not_picked":["Warcry","Havoc"],"picked":"Heavy Blade+1","floor":25},{"not_picked":["Power Through","Cleave"],"picked":"Fiend Fire","floor":29},{"not_picked":["Twin Strike+1","Anger","Havoc"],"picked":"Singing Bowl","floor":31},{"not_picked":["Reaper","Impervious"],"picked":"Brutality+1","floor":33},{"not_picked":["Clash","Spot Weakness","Twin Strike"],"picked":"Singing Bowl","floor":35},{"not_picked":["Feel No Pain+1","Shrug It Off","Body Slam+1"],"picked":"Singing Bowl","floor":36},{"not_picked":["Uppercut+1","Flex","Pommel Strike"],"picked":"Singing Bowl","floor":39},{"not_picked":["Reckless Charge","Wild Strike","Clash"],"picked":"Singing Bowl","floor":41},{"not_picked":["Headbutt+1","Twin Strike"],"picked":"Berserk+1","floor":44},{"not_picked":["Pummel","Combust+1","Armaments"],"picked":"Singing Bowl","floor":45},{"not_picked":["Iron Wave","Spot Weakness","Flex+1"],"picked":"Singing Bowl","floor":46},{"not_picked":["Headbutt","Burning Pact"],"picked":"Dual Wield+1","floor":47},{"not_picked":["Hemokinesis","Clothesline","Seeing Red"],"picked":"Singing Bowl","floor":55}],"player_experience":3235723,"relics_obtained":[{"floor":7,"key":"Incense Burner"},{"floor":8,"key":"Odd Mushroom"},{"floor":9,"key":"Bird Faced Urn"},{"floor":10,"key":"Meat on the Bone"},{"floor":23,"key":"Ornamental Fan"},{"floor":25,"key":"Frozen Egg 2"},{"floor":26,"key":"Potion Belt"},{"floor":29,"key":"Singing Bowl"},{"floor":41,"key":"Orichalcum"},{"floor":46,"key":"Juzu Bracelet"},{"floor":55,"key":"Toy Ornithopter"}],"event_choices":[{"damage_healed":0,"gold_gain":0,"player_choice":"Ignored","damage_taken":0,"max_hp_gain":0,"max_hp_loss":0,"event_name":"Liars Game","floor":5,"gold_loss":0},{"damage_healed":0,"gold_gain":0,"player_choice":"Fought Mushrooms","damage_taken":0,"max_hp_gain":0,"max_hp_loss":0,"event_name":"Mushrooms","floor":8,"gold_loss":0},{"damage_healed":0,"gold_gain":0,"player_choice":"Shed Blood","damage_taken":29,"max_hp_gain":5,"max_hp_loss":0,"event_name":"Forgotten Altar","floor":20,"gold_loss":0},{"damage_healed":0,"gold_gain":0,"player_choice":"Became a Ghost","damage_taken":0,"max_hp_gain":0,"max_hp_loss":44,"event_name":"Ghosts","floor":28,"gold_loss":0,"cards_obtained":["Ghostly","Ghostly","Ghostly"]},{"damage_healed":0,"gold_gain":0,"cards_transformed":["Strike_R","Strike_R"],"player_choice":"Transformed Cards","damage_taken":0,"max_hp_gain":0,"max_hp_loss":0,"event_name":"Designer","floor":37,"gold_loss":75,"cards_obtained":["Reckless Charge","Metallicize"]},{"cards_removed":["Ghostly"],"damage_healed":0,"gold_gain":0,"player_choice":"Removed Skill","damage_taken":0,"max_hp_gain":0,"max_hp_loss":0,"event_name":"Falling","floor":48,"gold_loss":0}],"is_beta":false,"boss_relics":[{"not_picked":["Black Star","Velvet Choker"],"picked":"Snecko Eye"},{"not_picked":["Philosopher\u0027s Stone","Runic Cube"],"picked":"Coffee Dripper"}],"items_purged_floors":[],"is_endless":false,"potions_floor_spawned":[1,7,8,12,21,22,23,33,39,44,45,47],"ascension_level":20}}