{"host":"fdq5pmhluajjrf8d","time":1613951884,"event":{"mods":["BaseMod","Minty Spire (QoL Compilation)"],"gold_per_floor":[118,136,150,106,117,117,133,161,173,205,217,255,277,304,316,406,418,448,460,492,117,117,117],"floor_reached":22,"language":"ENG","playtime":1578,"items_purged":["Writhe"],"score":400,"play_id":"e2b26f12-e0a7-44d7-87d5-0cdb5c93da45","local_time":"20210221185804","is_ascension_mode":true,"campfire_choices":[{"data":"Zap","floor":6,"key":"SMITH"},{"floor":11,"key":"RECALL"},{"floor":15,"key":"REST"}],"circlet_count":0,"master_deck":["AscendersBane","Strike_B","Strike_B","Strike_B","Strike_B","Defend_B","Defend_B","Defend_B","Defend_B","Zap+1","Dualcast","Ball Lightning","Sweeping Beam","Storm","Loop","Skim","Creative AI","Thunder Strike","Lockon+1","Madness"],"relics":["Cracked Core","MawBank","Bronze Scales","Dream Catcher","Sozu","Pear","Membership Card","Bottled Tornado"],"acts_visited":["Exordium","TheCity"],"potions_floor_usage":[7,7,8,12,12,13],"damage_taken":[{"damage":2,"enemies":"Cultist","floor":1,"turns":4},{"damage":0,"enemies":"Small Slimes","floor":2,"turns":3},{"damage":7,"enemies":"Jaw Worm","floor":3,"turns":2},{"damage":16,"enemies":"Blue Slaver","floor":5,"turns":4},{"damage":1,"enemies":"2 Fungi Beasts","floor":7,"turns":3},{"damage":10,"enemies":"Lagavulin","floor":8,"turns":7},{"damage":8,"enemies":"Red Slaver","floor":10,"turns":3},{"damage":11,"enemies":"Gremlin Nob","floor":12,"turns":3},{"damage":6,"enemies":"Large Slime","floor":13,"turns":4},{"damage":2,"enemies":"3 Louse","floor":14,"turns":2},{"damage":23,"enemies":"Hexaghost","floor":16,"turns":8},{"damage":37,"enemies":"3 Byrds","floor":18,"turns":3},{"damage":22,"enemies":"Spheric Guardian","floor":20,"turns":4},{"damage":16,"enemies":"Snake Plant","floor":22,"turns":1}],"seed_played":"-8580437935461115580","potions_obtained":[{"floor":1,"key":"EntropicBrew"},{"floor":7,"key":"Fire Potion"},{"floor":8,"key":"DistilledChaos"},{"floor":12,"key":"Block Potion"}],"is_trial":false,"path_per_floor":["M","M","M","$","M","R","M","E","T","M","R","E","M","M","R","B",null,"M","?","M","$","M"],"character_chosen":"DEFECT","items_purchased":["Loop","Membership Card","Madness","Bottled Tornado"],"campfire_rested":1,"item_purchase_floors":[4,21,21,21],"current_hp_per_floor":[69,69,62,62,46,46,45,35,35,27,27,16,10,8,31,8,61,24,34,12,12,0,0],"gold":117,"neow_bonus":"TEN_PERCENT_HP_BONUS","is_daily":false,"chose_seed":false,"campfire_upgraded":1,"win_rate":0.0,"timestamp":1613951884,"path_taken":["M","M","M","?","M","R","M","E","T","M","R","E","M","M","R","BOSS","M","?","M","$","M"],"items_purchased_type":["Card","Relic","Card","Relic"],"build_version":"2020-12-22","purchased_purges":1,"victory":false,"max_hp_per_floor":[78,78,78,78,78,78,78,78,78,78,78,78,78,78,78,78,78,78,88,88,88,88,88],"card_choices":[{"not_picked":["Darkness","Compile Driver"],"picked":"Ball Lightning","floor":1},{"not_picked":["Beam Cell","Cold Snap"],"picked":"Sweeping Beam","floor":2},{"not_picked":["Consume","Aggregate"],"picked":"Storm","floor":3},{"not_picked":["Steam","Leap"],"picked":"Skim","floor":5},{"not_picked":["Barrage","Compile Driver"],"picked":"Creative AI","floor":7},{"not_picked":["Sunder","Hello World","Conserve Battery"],"picked":"SKIP","floor":8},{"not_picked":["Beam Cell","Cold Snap","Barrage"],"picked":"SKIP","floor":10},{"not_picked":["Sweeping Beam","Scrape","Aggregate"],"picked":"SKIP","floor":12},{"not_picked":["Hologram","Lockon","Chaos"],"picked":"SKIP","floor":13},{"not_picked":["Reprogram","Conserve Battery","Beam Cell"],"picked":"SKIP","floor":14},{"not_picked":["Creative AI","Biased Cognition"],"picked":"Thunder Strike","floor":16},{"not_picked":["Redo","Coolheaded","Recycle"],"picked":"SKIP","floor":18},{"not_picked":["Consume","Hologram"],"picked":"Lockon+1","floor":20}],"player_experience":1983826,"relics_obtained":[{"floor":8,"key":"MawBank"},{"floor":9,"key":"Bronze Scales"},{"floor":12,"key":"Dream Catcher"}],"event_choices":[{"damage_healed":0,"gold_gain":0,"player_choice":"Opened","damage_taken":0,"relics_obtained":["Pear"],"max_hp_gain":0,"max_hp_loss":0,"event_name":"The Mausoleum","floor":19,"gold_loss":0,"cards_obtained":["Writhe"]}],"is_beta":false,"boss_relics":[{"not_picked":["SlaversCollar","Black Star"],"picked":"Sozu"}],"items_purged_floors":[21],"is_endless":false,"potions_floor_spawned":[1,7,8,10,12,18,20],"killed_by":"Snake Plant","ascension_level":20}}