{"host":"mpysornf1vqkhgbh","time":1613916826,"event":{"mods":["AchievementEnabler","Act Like it!","BaseMod","Better Sensory Stone","Better Silent Start","Colored Map","Friendly Minions","Gensokyo","Googly Eyes","Highlight Path","Magitek Elite","Minty Spire (QoL Compilation)","Quick Restart","Robot Space Explorer","Ruina","Spire Arcade","StSLib","The Cursed","The Disciple","The Druid","The Gatherer","The Hierophant","The Jungle","The Marked","The Saiyan","The Senshi","The Witch","TheBandit","TheVacant","thorton"],"gold_per_floor":[116,116,130,144,164,195,195,40,40,75,25,25,42,67,67,163,163,175,194,194,213,62,94,94,123,123,139,149,149,19,38,38,139,139,155,155,165,184,29,59,59,90,91,117,119,121,37,56,57,58],"floor_reached":51,"language":"ENG","playtime":2901,"items_purged":["Strike_G","Strike_G","Writhe"],"score":870,"play_id":"ef83b2d1-41bf-4b94-bf0d-50824072bd50","local_time":"20210221081346","is_ascension_mode":true,"campfire_choices":[{"floor":7.0,"key":"REST"},{"data":"Footwork","floor":12.0,"key":"SMITH"},{"floor":15.0,"key":"REST"},{"data":"Adrenaline","floor":24.0,"key":"SMITH"},{"data":"Neutralize","floor":29.0,"key":"SMITH"},{"data":"Cloak And Dagger","floor":32.0,"key":"SMITH"},{"data":"Malaise","floor":46.0,"key":"SMITH"},{"data":"Backflip","floor":49.0,"key":"SMITH"}],"circlet_count":0,"master_deck":["Defend_G","Defend_G+1","Defend_G","Survivor","Neutralize+1","Slice","Deadly Poison+1","Finisher","Sucker Punch","Footwork+1","Backflip+1","Infinite Blades","Deflect","Adrenaline+1","Slice+1","Caltrops","Distraction+1","Poisoned Stab","Dagger Spray+1","Backflip","Quick Slash","Blur","Noxious Fumes","Cloak And Dagger+1","Die Die Die","Accuracy+1","Predator","Malaise+1","All Out Attack+1","Noxious Fumes","Skewer+1"],"relics":["Ring of the Snake","MealTicket","Chemical X","Smiling Mask","Eternal Feather","Mummified Hand","Black Star","TwistedFunnel","theSenshi:SpiralHeartMoonRodRelic","Kunai","Bottled Tornado","Guard_Bracelet","Pantograph","HoveringKite","PreservedInsect","Nunchaku","Letter Opener","War Paint","thethorton:BankDeed","Mercury Hourglass","Paper Crane","Vajra"],"acts_visited":["Exordium","Exordium","TheBeyond"],"potions_floor_usage":[50,50,50],"damage_taken":[{"damage":0.0,"enemies":"2 Louse","floor":1.0,"turns":3.0},{"damage":2.0,"enemies":"Cultist","floor":3.0,"turns":4.0},{"damage":0.0,"enemies":"Small Slimes","floor":4.0,"turns":3.0},{"damage":18.0,"enemies":"Exordium Thugs","floor":5.0,"turns":5.0},{"damage":25.0,"enemies":"Lagavulin","floor":6.0,"turns":6.0},{"damage":40.0,"enemies":"3 Sentries","floor":10.0,"turns":11.0},{"damage":6.0,"enemies":"Red Slaver","floor":13.0,"turns":3.0},{"damage":20.0,"enemies":"Gremlin Nob","floor":14.0,"turns":4.0},{"damage":41.0,"enemies":"Slime Boss","floor":16.0,"turns":15.0},{"damage":4.0,"enemies":"ruina:2_Scarecrows","floor":18.0,"turns":8.0},{"damage":6.0,"enemies":"ruina:Nosferatu","floor":19.0,"turns":5.0},{"damage":9.0,"enemies":"ruina:KnightOfDespair","floor":21.0,"turns":6.0},{"damage":5.0,"enemies":"ruina:Mountain","floor":23.0,"turns":10.0},{"damage":17.0,"enemies":"ruina:RoadHome","floor":25.0,"turns":5.0},{"damage":3.0,"enemies":"ruina:QueenOfHate","floor":27.0,"turns":5.0},{"damage":13.0,"enemies":"ruina:KingOfGreed","floor":28.0,"turns":5.0},{"damage":0.0,"enemies":"ruina:3_Scarecrows","floor":31.0,"turns":4.0},{"damage":0.0,"enemies":"ruina:Ozma","floor":33.0,"turns":11.0},{"damage":0.0,"enemies":"3 Shapes","floor":35.0,"turns":5.0},{"damage":0.0,"enemies":"3 Darklings","floor":37.0,"turns":4.0},{"damage":2.0,"enemies":"Maw","floor":38.0,"turns":7.0},{"damage":4.0,"enemies":"Nemesis","floor":40.0,"turns":7.0},{"damage":9.0,"enemies":"Giant Head","floor":42.0,"turns":8.0},{"damage":9.0,"enemies":"Nemesis","floor":44.0,"turns":7.0},{"damage":0.0,"enemies":"4 Shapes","floor":48.0,"turns":2.0},{"damage":54,"enemies":"Time Eater","floor":50,"turns":13}],"seed_played":"-8062957102436895252","potions_obtained":[{"floor":1.0,"key":"Poison Potion"},{"floor":4.0,"key":"Swift Potion"},{"floor":10.0,"key":"Regen Potion"},{"floor":14.0,"key":"Energy Potion"},{"floor":21.0,"key":"SkillPotion"},{"floor":23.0,"key":"Strength Potion"},{"floor":35.0,"key":"Poison Potion"},{"floor":38.0,"key":"Fruit Juice"},{"floor":41.0,"key":"PowerPotion"},{"floor":48.0,"key":"Dexterity Potion"}],"is_trial":false,"path_per_floor":["M","?","M","M","M","E","R","$","T","E","$","R","M","E","R","B",null,"M","M","?","M","$","E","R","E","T","M","M","R","$","M","R","B",null,"M","?","M","M","$","E","?","E","T","E","?","R","$","M","R","B",null],"character_chosen":"THE_SILENT","items_purchased":["Chemical X","TwistedFunnel","Noxious Fumes","PreservedInsect","Noxious Fumes"],"campfire_rested":2,"item_purchase_floors":[8,22,30,39,47],"current_hp_per_floor":[63,56,54,54,36,11,32,47,47,7,22,28,22,14,44,3,53,49,43,36,27,42,37,49,34,34,33,22,34,49,55,70,70,70,70,70,70,75,75,73,73,66,66,59,75,75,75,75,75,23],"gold":59,"neow_bonus":"REMOVE_CARD","is_daily":false,"chose_seed":false,"campfire_upgraded":6,"win_rate":0.0,"timestamp":1613916826,"path_taken":["M","?","M","?","?","E","R","$","T","E","$","R","M","E","R","BOSS","M","M","?","M","?","E","R","E","T","?","M","R","$","M","R","BOSS","M","?","?","M","$","E","?","E","T","E","?","R","$","M","R","BOSS"],"items_purchased_type":["Relic","Relic","Card","Relic","Card"],"build_version":"2020-12-22","purchased_purges":3,"victory":true,"max_hp_per_floor":[70,70,70,70,70,70,70,70,70,70,70,70,70,70,70,70,70,70,70,70,70,70,70,70,70,70,70,70,70,70,70,70,70,70,70,70,70,75,75,75,75,75,75,75,75,75,75,75,75,75],"card_choices":[{"not_picked":["Catalyst","PiercingWail"],"picked":"Slice","floor":1.0},{"not_picked":["Acrobatics","Quick Slash"],"picked":"Deadly Poison","floor":3.0},{"not_picked":["Tactician","Predator"],"picked":"Finisher","floor":4.0},{"not_picked":["Finisher","PiercingWail"],"picked":"Sucker Punch","floor":5.0},{"not_picked":["Noxious Fumes","Endless Agony"],"picked":"Footwork","floor":6.0},{"not_picked":["Prepared","Sucker Punch"],"picked":"Backflip","floor":10.0},{"not_picked":["Prepared","Sucker Punch"],"picked":"Infinite Blades","floor":13.0},{"not_picked":["PiercingWail","Tools of the Trade"],"picked":"Deflect","floor":14.0},{"not_picked":["Night Terror","Grand Finale"],"picked":"Adrenaline","floor":16.0},{"not_picked":["Underhanded Strike","Dodge and Roll"],"picked":"Slice+1","floor":18.0},{"not_picked":["Outmaneuver","All Out Attack"],"picked":"Caltrops","floor":19.0},{"not_picked":["Calculated Gamble","Outmaneuver"],"picked":"Poisoned Stab","floor":21.0},{"not_picked":["Dagger Throw+1","Prepared"],"picked":"Dagger Spray+1","floor":23.0},{"not_picked":["Phantasmal Killer","Outmaneuver+1"],"picked":"Backflip","floor":25.0},{"not_picked":["Prepared","Deflect+1"],"picked":"Quick Slash","floor":27.0},{"not_picked":["Flechettes","Choke"],"picked":"Blur","floor":28.0},{"not_picked":["Malaise","Deadly Poison+1"],"picked":"Cloak And Dagger","floor":31.0},{"not_picked":["Tools of the Trade","Storm of Steel"],"picked":"Die Die Die","floor":33.0},{"not_picked":["Deflect","Dagger Throw+1"],"picked":"Accuracy+1","floor":35.0},{"not_picked":["Leg Sweep+1","Deadly Poison","Reflex"],"picked":"SKIP","floor":37.0},{"not_picked":["Calculated Gamble+1","Bane+1","Outmaneuver"],"picked":"SKIP","floor":38.0},{"not_picked":["Outmaneuver","Acrobatics"],"picked":"Malaise","floor":40.0},{"not_picked":["Deflect+1","Expertise+1"],"picked":"All Out Attack+1","floor":42.0},{"not_picked":["Unload","Poisoned Stab","Dodge and Roll"],"picked":"SKIP","floor":44.0},{"not_picked":["Outmaneuver+1","Sucker Punch+1"],"picked":"Skewer+1","floor":48.0}],"player_experience":1072204,"relics_obtained":[{"floor":6.0,"key":"MealTicket"},{"floor":9.0,"key":"Smiling Mask"},{"floor":10.0,"key":"Eternal Feather"},{"floor":14.0,"key":"Mummified Hand"},{"floor":23.0,"key":"theSenshi:SpiralHeartMoonRodRelic"},{"floor":23.0,"key":"Kunai"},{"floor":25.0,"key":"Bottled Tornado"},{"floor":25.0,"key":"Guard_Bracelet"},{"floor":26.0,"key":"Pantograph"},{"floor":40.0,"key":"Nunchaku"},{"floor":40.0,"key":"Letter Opener"},{"floor":42.0,"key":"War Paint"},{"floor":42.0,"key":"thethorton:BankDeed"},{"floor":43.0,"key":"Mercury Hourglass"},{"floor":44.0,"key":"Paper Crane"},{"floor":44.0,"key":"Vajra"}],"event_choices":[{"damage_healed":0.0,"max_hp_gain":0.0,"max_hp_loss":0.0,"gold_gain":0.0,"event_name":"Wheel of Change","player_choice":"Damaged","floor":2.0,"gold_loss":0.0,"damage_taken":7.0},{"damage_healed":0.0,"max_hp_gain":0.0,"max_hp_loss":0.0,"gold_gain":0.0,"cards_transformed":["Defend_G"],"event_name":"Transmorgrifier","player_choice":"Transformed","floor":36.0,"gold_loss":0.0,"damage_taken":0.0,"cards_obtained":["Predator"]},{"damage_healed":19.0,"max_hp_gain":0.0,"max_hp_loss":0.0,"gold_gain":0.0,"event_name":"Winding Halls","player_choice":"Writhe","floor":45.0,"gold_loss":0.0,"damage_taken":0.0,"cards_obtained":["Writhe"]}],"is_beta":false,"boss_relics":[{"not_picked":["Runic Pyramid","Empty Cage"],"picked":"Black Star"},{"not_picked":["Astrolabe","Fusion Hammer"],"picked":"HoveringKite"}],"items_purged_floors":[11,30,47],"is_endless":false,"potions_floor_spawned":[1,4,10,14,21,23,35,38,42,44,48],"ascension_level":9}}