{"host":"jn2qdns2nxijvlnt","time":1613893751,"event":{"mods":["BaseMod","Minty Spire (QoL Compilation)","Quick Restart"],"gold_per_floor":[110,128,128,98,111,136,150,183,207,207,227,227,257,3,3,107,107,120,136,136,86,10,35,35,48,48,61,11,11,34,34,34,137,137,157,170,170,170],"floor_reached":37,"language":"ENG","playtime":1920,"items_purged":["Normality"],"score":716,"play_id":"7dcc93f1-581f-4fca-a757-a7192dad9298","local_time":"20210221024911","is_ascension_mode":true,"campfire_choices":[{"floor":10.0,"key":"REST"},{"floor":12.0,"key":"REST"},{"floor":15.0,"key":"REST"},{"floor":24.0,"key":"REST"},{"floor":29.0,"key":"REST"},{"floor":32.0,"key":"REST"}],"circlet_count":0,"master_deck":["AscendersBane","Strike_G","Strike_G","Strike_G","Strike_G","Defend_G+1","Defend_G","Defend_G","Defend_G","Defend_G+1","Survivor","Neutralize","Dagger Throw","Finisher+1","Flying Knee","Crippling Poison","Cloak And Dagger","Catalyst","Poisoned Stab+1","Deadly Poison","Die Die Die","Adrenaline","Deadly Poison","Catalyst","Blade Dance","Corpse Explosion"],"relics":["Ring of the Snake","Smiling Mask","Bag of Preparation","Dream Catcher","Boot","Membership Card","Cursed Key","Lee\u0027s Waffle","War Paint","Sundial","Whetstone","Empty Cage"],"acts_visited":["Exordium","TheCity","TheBeyond"],"potions_floor_usage":[],"damage_taken":[{"damage":2.0,"enemies":"Small Slimes","floor":1.0,"turns":5.0},{"damage":2.0,"enemies":"Cultist","floor":2.0,"turns":4.0},{"damage":1.0,"enemies":"Jaw Worm","floor":5.0,"turns":4.0},{"damage":0.0,"enemies":"Gremlin Nob","floor":6.0,"turns":3.0},{"damage":7.0,"enemies":"2 Fungi Beasts","floor":7.0,"turns":2.0},{"damage":40.0,"enemies":"Lagavulin","floor":8.0,"turns":6.0},{"damage":4.0,"enemies":"Gremlin Gang","floor":11.0,"turns":3.0},{"damage":39.0,"enemies":"3 Sentries","floor":13.0,"turns":10.0},{"damage":31.0,"enemies":"The Guardian","floor":16.0,"turns":9.0},{"damage":19.0,"enemies":"2 Thieves","floor":18.0,"turns":4.0},{"damage":20.0,"enemies":"Spheric Guardian","floor":19.0,"turns":5.0},{"damage":48.0,"enemies":"Gremlin Leader","floor":23.0,"turns":5.0},{"damage":0.0,"enemies":"3 Cultists","floor":25.0,"turns":4.0},{"damage":38.0,"enemies":"Snake Plant","floor":27.0,"turns":4.0},{"damage":76.0,"enemies":"Collector","floor":33.0,"turns":7.0},{"damage":26.0,"enemies":"Orb Walker","floor":35.0,"turns":3.0},{"damage":30.0,"enemies":"3 Darklings","floor":36.0,"turns":2.0},{"damage":0,"enemies":"4 Shapes","floor":37,"turns":1}],"seed_played":"7352248161159870693","potions_obtained":[{"floor":4.0,"key":"Block Potion"},{"floor":4.0,"key":"FearPotion"},{"floor":6.0,"key":"Energy Potion"},{"floor":8.0,"key":"ColorlessPotion"},{"floor":18.0,"key":"FearPotion"},{"floor":23.0,"key":"Energy Potion"},{"floor":33.0,"key":"SteroidPotion"}],"is_trial":false,"path_per_floor":["M","M","?","?","M","E","M","E","T","R","M","R","E","$","R","B",null,"M","M","?","?","$","E","R","M","T","M","$","R","T","?","R","B",null,"M","M","M"],"character_chosen":"THE_SILENT","items_purchased":["Membership Card","Die Die Die","Block Potion","Lee\u0027s Waffle"],"campfire_rested":6,"item_purchase_floors":[14,14,14,22],"current_hp_per_floor":[68,66,71,71,70,70,63,23,23,47,43,67,28,28,52,21,67,48,28,28,28,89,41,67,67,67,29,29,55,55,55,81,5,68,42,12,12,12],"gold":170,"neow_bonus":"TEN_PERCENT_HP_BONUS","is_daily":false,"chose_seed":false,"campfire_upgraded":0,"win_rate":0.0,"timestamp":1613893751,"path_taken":["M","M","?","?","?","E","M","E","T","R","M","R","E","?","R","BOSS","M","?","?","?","$","E","R","?","T","M","$","R","?","?","R","BOSS","M","M","M"],"items_purchased_type":["Relic","Card","Potion","Relic"],"build_version":"2020-12-22","purchased_purges":1,"victory":false,"max_hp_per_floor":[77,77,82,82,82,82,82,82,82,82,82,82,82,82,82,82,82,82,82,82,82,89,89,89,89,89,89,89,89,89,89,89,89,89,89,89,89,89],"card_choices":[{"not_picked":["Outmaneuver","Prepared"],"picked":"Dagger Throw","floor":1.0},{"not_picked":["Dodge and Roll","Acrobatics","Outmaneuver"],"picked":"SKIP","floor":2.0},{"not_picked":["Well Laid Plans","Outmaneuver"],"picked":"Finisher","floor":5.0},{"not_picked":["Acrobatics","Bane"],"picked":"Flying Knee","floor":6.0},{"not_picked":["Dodge and Roll","Choke","Calculated Gamble"],"picked":"SKIP","floor":7.0},{"not_picked":["Outmaneuver","Dodge and Roll"],"picked":"Crippling Poison","floor":8.0},{"not_picked":["Poisoned Stab","Masterful Stab"],"picked":"Cloak And Dagger","floor":10.0},{"not_picked":["Backflip","Noxious Fumes"],"picked":"Catalyst","floor":11.0},{"not_picked":["PiercingWail","Underhanded Strike"],"picked":"Poisoned Stab","floor":12.0},{"not_picked":["Terror","PiercingWail"],"picked":"Deadly Poison","floor":13.0},{"not_picked":["Malaise","Corpse Explosion"],"picked":"Adrenaline","floor":16.0},{"not_picked":["Acrobatics","Eviscerate"],"picked":"Deadly Poison","floor":18.0},{"not_picked":["Poisoned Stab","Riddle With Holes","Quick Slash"],"picked":"SKIP","floor":19.0},{"not_picked":["Predator+1","Sucker Punch"],"picked":"Catalyst","floor":23.0},{"not_picked":["Deflect","Caltrops"],"picked":"Blade Dance","floor":25.0},{"not_picked":["Setup","Flying Knee","Malaise"],"picked":"SKIP","floor":27.0},{"not_picked":["Unload","Storm of Steel"],"picked":"Corpse Explosion","floor":33.0},{"not_picked":["Heel Hook","Deflect","Prepared"],"picked":"SKIP","floor":35.0},{"not_picked":["Flechettes","Quick Slash","Backflip"],"picked":"SKIP","floor":36.0}],"player_experience":603011,"relics_obtained":[{"floor":6.0,"key":"Smiling Mask"},{"floor":8.0,"key":"Bag of Preparation"},{"floor":9.0,"key":"Dream Catcher"},{"floor":13.0,"key":"Boot"},{"floor":23.0,"key":"War Paint"},{"floor":26.0,"key":"Sundial"},{"floor":30.0,"key":"Whetstone"}],"event_choices":[{"damage_healed":0.0,"max_hp_gain":5.0,"max_hp_loss":0.0,"gold_gain":0.0,"event_name":"Big Fish","player_choice":"Donut","floor":3.0,"gold_loss":0.0,"damage_taken":0.0},{"damage_healed":0.0,"max_hp_gain":0.0,"max_hp_loss":0.0,"gold_gain":0.0,"event_name":"The Woman in Blue","player_choice":"Bought 2 Potions","floor":4.0,"gold_loss":0.0,"damage_taken":0.0},{"damage_healed":0.0,"max_hp_gain":0.0,"max_hp_loss":0.0,"gold_gain":0.0,"event_name":"Beggar","player_choice":"Ignored","floor":20.0,"gold_loss":0.0,"damage_taken":0.0},{"damage_healed":0.0,"max_hp_gain":0.0,"max_hp_loss":0.0,"gold_gain":0.0,"event_name":"The Joust","player_choice":"Bet on Owner","floor":21.0,"gold_loss":50.0,"damage_taken":0.0},{"damage_healed":0.0,"max_hp_gain":0.0,"max_hp_loss":0.0,"gold_gain":0.0,"event_name":"Vampires","player_choice":"Ignored","floor":31.0,"gold_loss":0.0,"damage_taken":0.0}],"is_beta":false,"boss_relics":[{"not_picked":["Snecko Eye","Astrolabe"],"picked":"Cursed Key"},{"not_picked":["Coffee Dripper","Philosopher\u0027s Stone"],"picked":"Empty Cage"}],"items_purged_floors":[28],"is_endless":false,"potions_floor_spawned":[5,6,8,18,23,33],"killed_by":"4 Shapes","ascension_level":12}}