{"host":"g53g9qlo34vrqi92","time":1613875679,"event":{"mods":["Aspiration","Bard","BaseMod","Beaked The Cultist","BetterRewards","Colored Map","Conspire","Energized Spire","Fiend Mod","GifTheSpireLib","Googly Eyes","Gremlin Skip","Halation","Hermit","Hubris","Infinite Spire","Jedi Mod","Minty Spire (QoL Compilation)","Permanent Neow","Quick Restart","Relic Filter","Replay The Spire","Spikes Relics","StSLib","Stuff the Spire","Synergy Search","The Bladedancer","The Bug Knight","The Construct","The Cursed","The Forsaken","The Jungle","The Necromancer","The Spell Scribe","The Trickster","Trackpad","slay the spire mod where everything is the same but ironclad has a cowboy hat"],"gold_per_floor":[112,20,36,52,68,94,94,94,118,149,161,196,196,225,225,325,325,325],"floor_reached":17,"language":"ENG","playtime":1081,"items_purged":[],"score":410,"play_id":"8de75368-5b84-48a4-81c4-91dfd4378eef","local_time":"20210220184759","is_ascension_mode":false,"campfire_choices":[{"data":"1","floor":7,"key":"LIFT"},{"data":"2","floor":13,"key":"LIFT"},{"data":"3","floor":15,"key":"LIFT"}],"circlet_count":0,"master_deck":["Strike_R","Strike_R","Strike_R","Strike_R","Strike_R","Defend_R","Defend_R","Defend_R","Defend_R","Bash","ReplayTheSpireMod:Strike From Hell","Sadistic Nature","True Grit","Armaments","Armaments","Abandon","Trip","Cleave","Battle Trance","jedi:unlimitedpower","Sentinel","Exhume","StuffTheSpire:BloodClot","Shrug It Off","Barricade"],"relics":["Burning Blood","Girya","halation:AfternoonTea","Replay:Baseball","SnailShell","SpikesRelics:ToyHorsey","Matryoshka","Replay:Fungal Core"],"acts_visited":["Exordium","TheCity"],"potions_floor_usage":[5,12,16],"damage_taken":[{"damage":5,"enemies":"Jaw Worm","floor":1,"turns":5},{"damage":4,"enemies":"Cultist","floor":3,"turns":4},{"damage":8,"enemies":"Small Slimes","floor":4,"turns":4},{"damage":10,"enemies":"Exordium Thugs","floor":5,"turns":4},{"damage":22,"enemies":"HollowMod:MossKnight","floor":6,"turns":9},{"damage":0,"enemies":"Replay:BlueRogue","floor":10,"turns":4},{"damage":0,"enemies":"3 Louse","floor":11,"turns":3},{"damage":6,"enemies":"Gremlin Nob","floor":12,"turns":2},{"damage":2,"enemies":"3 Sentries","floor":14,"turns":5},{"damage":39,"enemies":"Slime Boss","floor":16,"turns":6}],"seed_played":"4558597320174785814","potions_obtained":[{"floor":1,"key":"FearPotion"},{"floor":4,"key":"Adrenaline Potion"},{"floor":6,"key":"SkillPotion"},{"floor":10,"key":"SkillPotion"},{"floor":14,"key":"BloodPotion"}],"is_trial":false,"path_per_floor":["M","$","M","M","M","E","R","?","T","E","M","E","R","E","R","B",null],"character_chosen":"IRONCLAD","items_purchased":["Girya","ReplayTheSpireMod:Strike From Hell","Sadistic Nature","True Grit","Armaments","Trip"],"campfire_rested":0,"item_purchase_floors":[0,0,0,0,0,2],"current_hp_per_floor":[50,50,52,50,46,30,30,30,30,36,42,42,42,46,46,13,80,80],"gold":325,"neow_bonus":"","is_daily":false,"chose_seed":false,"campfire_upgraded":0,"win_rate":0.0,"timestamp":1613875679,"path_taken":["M","$","M","M","M","E","R","?","T","E","M","E","R","E","R","BOSS"],"items_purchased_type":["Relic","Card","Card","Card","Card","Card"],"build_version":"2020-12-22","purchased_purges":0,"victory":false,"max_hp_per_floor":[80,80,80,80,80,80,80,80,80,80,80,80,80,80,80,80,80,80],"card_choices":[{"not_picked":["Wild Strike","jedi:controlledanger"],"picked":"Abandon","floor":1},{"not_picked":["Evolve","jedi:hate"],"picked":"Cleave","floor":3},{"not_picked":["Pommel Strike","Headbutt","Sever Soul"],"picked":"SKIP","floor":4},{"not_picked":["jedi:fear","Run Through"],"picked":"Battle Trance","floor":5},{"not_picked":["Abandon","ReplayReversal"],"picked":"jedi:unlimitedpower","floor":6},{"not_picked":["Perfected Strike","Warcry"],"picked":"StuffTheSpire:BloodClot","floor":10},{"not_picked":["Thunderclap","Blood for Blood"],"picked":"Shrug It Off","floor":11},{"not_picked":["Anger","Twin Strike","Havoc"],"picked":"SKIP","floor":12},{"not_picked":["Armaments","Anger","Flex"],"picked":"SKIP","floor":14},{"not_picked":["StuffTheSpire:TitanForm","Corruption"],"picked":"Barricade","floor":16}],"player_experience":1232117,"relics_obtained":[{"floor":6,"key":"halation:AfternoonTea"},{"floor":9,"key":"Replay:Baseball"},{"floor":10,"key":"SnailShell"},{"floor":12,"key":"SpikesRelics:ToyHorsey"},{"floor":14,"key":"Matryoshka"}],"event_choices":[{"damage_healed":0,"gold_gain":0,"player_choice":"2 cards matched","damage_taken":0,"max_hp_gain":0,"max_hp_loss":0,"event_name":"Match and Keep!","floor":8,"gold_loss":0,"cards_obtained":["Sentinel","Exhume"]}],"is_beta":false,"boss_relics":[{"not_picked":["hubris:Stopwatch","hubris:RunicObelisk"],"picked":"Replay:Fungal Core"}],"items_purged_floors":[],"is_endless":false,"potions_floor_spawned":[1,4,6,10,14],"ascension_level":0}}