{"host":"ifvrsrzj00f2ebkn","time":1613907270,"event":{"mods":["BaseMod","Bestiary","BetterRewards","Block Reminder","Colored Map","Colored Powertips","Defuse TimeMaze Blight","Downfall","Minty Spire (QoL Compilation)","Permanent Neow","Quick Restart","Remove Card Discount Mod","Shop Mod","Spicy Shops","StSLib","Thieving Mod","????"],"gold_per_floor":[119,119,119,137,137,137,137,137,137],"floor_reached":7,"language":"ENG","playtime":798,"items_purged":[],"score":111,"play_id":"0e6a1a87-a9af-491e-8a97-41a617c76bbe","local_time":"20210221193430","daily_mods":["SealedDeck","Heirloom","Time Dilation","Flight","DeadlyEvents","Elite Swarm"],"is_ascension_mode":true,"campfire_choices":[{"data":"Slimebound:SlimeSpikes","floor":6,"key":"SMITH"}],"circlet_count":0,"master_deck":["Slimebound:LeechEnergy+1","Slimebound:LeechEnergy","Slimebound:DisruptingSlam","Slimebound:Schlurp","Slimebound:SlimeSpikes+1","Slimebound:Schlurp","Slimebound:LevelUp+1","Slimebound:SplitLeeching","Slimebound:SplitBruiser","Slimebound:SplitLeeching","Slimebound:SplitLeeching"],"relics":["Slimebound:AbsorbEndCombat","Turnip","Pocketwatch"],"acts_visited":["Exordium"],"potions_floor_usage":[],"damage_taken":[{"damage":0,"enemies":"Small Slimes","floor":1,"turns":3},{"damage":0,"enemies":"Jaw Worm","floor":4,"turns":3},{"damage":21,"enemies":"Gremlin Nob","floor":7,"turns":4}],"seed_played":"1540045987011125741","potions_obtained":[],"is_trial":true,"path_per_floor":["M","?","T","M","?","R","E"],"character_chosen":"SLIMEBOUND","items_purchased":[],"campfire_rested":0,"item_purchase_floors":[],"current_hp_per_floor":[65,52,52,54,54,54,37,37,37],"gold":137,"neow_bonus":"","is_daily":false,"chose_seed":false,"campfire_upgraded":1,"win_rate":0.0,"timestamp":1613907270,"path_taken":["M","?","?","?","?","R","E"],"items_purchased_type":[],"build_version":"2020-12-22","purchased_purges":0,"victory":false,"max_hp_per_floor":[65,65,65,65,65,65,65,65,65],"card_choices":[{"not_picked":["Slimebound:SlimeBrawl","Slimebound:GoopTackle","Slimebound:LivingWall"],"picked":"SKIP","floor":1},{"not_picked":["Slimebound:ComboTackle","Slimebound:Dissolve"],"picked":"Slimebound:SplitLeeching","floor":4}],"player_experience":54267,"relics_obtained":[{"floor":3,"key":"Pocketwatch"}],"event_choices":[{"damage_healed":0,"gold_gain":0,"player_choice":"Entered Light","damage_taken":13,"max_hp_gain":0,"max_hp_loss":0,"event_name":"Shining Light","floor":2,"gold_loss":0,"cards_upgraded":["Slimebound:LeechEnergy","Slimebound:LevelUp"]},{"damage_healed":0,"gold_gain":0,"player_choice":"Ignored","damage_taken":0,"max_hp_gain":0,"max_hp_loss":0,"event_name":"Golden Wing","floor":5,"gold_loss":0}],"is_beta":false,"boss_relics":[],"items_purged_floors":[],"is_endless":true,"potions_floor_spawned":[],"killed_by":"Gremlin Nob","ascension_level":5}}