{"host":"6fhkt7uh7k6h93g3","time":1613918525,"event":{"mods":["AchievementEnabler","Act Like it!","Aspiration","BaseMod","Better Note","BetterRewards","Colored Map","Hermit","Infinite Spire","Marisa????????","Minty Spire (QoL Compilation)","StSLib","The Disciple","The Jungle"],"gold_per_floor":[117,117,117,117,142,177,200,20,20,20,45,78,104,125,125,251,251,283,283,308,345,376,422,422,422,468,468,519,549,571,571,571,704,704,740,758,758,1091,1106,1106,1135,1159,1185,1212,1212,1239,1266,1293,1293,1410,1410,1420,1420,1051,1001,1001,1006,1019,1027,1027,1057,1075,1082,1082,1095,1095,1143,1143,1146,1145,1151,1151,1150,1150,1150,1138,1186,693,693,693,696,440,440,503,503,500,96,97,97,97,97,97,135,135,135,135,132,109,109],"floor_reached":98,"language":"ENG","playtime":7880,"items_purged":["hermit:Defend_Hermit","hermit:Defend_Hermit","hermit:Strike_Hermit","hermit:Strike_Hermit","hermit:Defend_Hermit"],"score":1933,"play_id":"f969176b-20b8-4558-9d83-2049c9ecadd0","local_time":"20210221154205","is_ascension_mode":false,"campfire_choices":[{"floor":15.0,"key":"REST"},{"floor":24.0,"key":"REST"},{"floor":27.0,"key":"REST"},{"floor":32.0,"key":"REST"},{"data":"hermit:Dive","floor":40,"key":"SMITH"},{"floor":49,"key":"REST"},{"data":"hermit:Combo","floor":66,"key":"SMITH"},{"floor":74,"key":"REST"},{"floor":83,"key":"REST"},{"floor":92,"key":"DIG"}],"circlet_count":0,"master_deck":["hermit:Snapshot","hermit:Covet+1","hermit:TrackingShot","Regret","hermit:Dive+1","hermit:GoldenBullet","hermit:Scavenge+1","hermit:HoleUp+1","hermit:HoleUp","hermit:Misfire","hermit:Glare","hermit:Reprieve","hermit:GhostlyPresence","hermit:Scavenge","hermit:Deadeye+1","hermit:Grudge+1","hermit:Vantage+1","hermit:WideOpen","hermit:Ricochet","hermit:Snipe+1","hermit:BlackWind","Parasite","hermit:Dive+1","hermit:Combo+1","hermit:Magnum","infinitespire:Gouge","hermit:Horror+1","infinitespire:Menacing","Writhe","Shame","CurseOfTheBell","hermit:ItchyTrigger+1","hermit:BigShot","infinitespire:Starlight"],"relics":["hermit:Momento","Lizard Tail","infinitespire:WardingShard","aspiration:Lifesprig","Pantograph","Ginger","Blood Vial","Velvet Choker","aspiration:ChemicalBlood","War Paint","Bronze Scales","Sling","Busted Crown","Smiling Mask","Empty Cage","infinitespire:FocusingShard","hermit:RedScarf","WingedGreaves","Ornamental Fan","Potion Belt","Toolbox","infinitespire:Lucky Rock","infinitespire:Satchel","hermit:PetGhost","Prayer Wheel","Shovel","theJungle:SneckoAutograph","Bottled Flame","Kunai","Calling Bell","FossilizedHelix","Molten Egg 2","Lantern","Shuriken","ClockworkSouvenir","Mummified Hand","Mango","hermit:Spyglass"],"acts_visited":["Exordium","Exordium","TheBeyond","Exordium","Exordium","TheBeyond"],"potions_floor_usage":[35,41,41,42,44,46,48,48,50,50,50,50,52,58,67,67,71,76,76,76,76,81,81,84,84,88,93,97,98,98,98,98],"damage_taken":[{"damage":1.0,"enemies":"2 Louse","floor":1.0,"turns":2.0},{"damage":5.0,"enemies":"Jaw Worm","floor":5.0,"turns":3.0},{"damage":12.0,"enemies":"Lagavulin","floor":6.0,"turns":7.0},{"damage":1.0,"enemies":"Small Slimes","floor":7.0,"turns":3.0},{"damage":6.0,"enemies":"Looter","floor":11.0,"turns":4.0},{"damage":8.0,"enemies":"3 Sentries","floor":12.0,"turns":9.0},{"damage":1.0,"enemies":"Blue Slaver","floor":13.0,"turns":5.0},{"damage":1.0,"enemies":"Large Slime","floor":14.0,"turns":5.0},{"damage":52.0,"enemies":"Hexaghost","floor":16.0,"turns":17.0},{"damage":1.0,"enemies":"theJungle:Flameango_and_Byrd","floor":18.0,"turns":9.0},{"damage":0.0,"enemies":"theJungle:MUSHROOMGANG","floor":20.0,"turns":5.0},{"damage":9.0,"enemies":"Snake Plant","floor":21.0,"turns":5.0},{"damage":22.0,"enemies":"theJungle:JungleHuntersEncounter","floor":22.0,"turns":12.0},{"damage":64.0,"enemies":"Nightmare","floor":23.0,"turns":26.0},{"damage":19.0,"enemies":"theJungle:Cassacara","floor":28.0,"turns":14.0},{"damage":25.0,"enemies":"theJungle:2_Snecko_Cultists","floor":29.0,"turns":5.0},{"damage":1.0,"enemies":"Snake Plant","floor":30.0,"turns":3.0},{"damage":60.0,"enemies":"theJungle:FunGuy","floor":33.0,"turns":18.0},{"damage":8,"enemies":"3 Darklings","floor":35,"turns":8},{"damage":1,"enemies":"Orb Walker","floor":36,"turns":4},{"damage":0,"enemies":"4 Shapes","floor":39,"turns":2},{"damage":30,"enemies":"Sphere and 2 Shapes","floor":41,"turns":8},{"damage":5,"enemies":"Writhing Mass","floor":42,"turns":5},{"damage":10,"enemies":"4 Shapes","floor":44,"turns":3},{"damage":2,"enemies":"Transient","floor":46,"turns":5},{"damage":15,"enemies":"Maw","floor":47,"turns":10},{"damage":30,"enemies":"Spire Growth","floor":48,"turns":5},{"damage":61,"enemies":"Time Eater","floor":50,"turns":17},{"damage":0,"enemies":"2 Louse","floor":52,"turns":2},{"damage":1,"enemies":"Cultist","floor":57,"turns":3},{"damage":4,"enemies":"3 Sentries","floor":58,"turns":5},{"damage":0,"enemies":"Jaw Worm","floor":59,"turns":2},{"damage":1,"enemies":"Gremlin Nob","floor":62,"turns":3},{"damage":0,"enemies":"Looter","floor":63,"turns":3},{"damage":1,"enemies":"Lots of Slimes","floor":65,"turns":2},{"damage":17,"enemies":"Slime Boss","floor":67,"turns":13},{"damage":1,"enemies":"theJungle:GiantWrat","floor":69,"turns":6},{"damage":5,"enemies":"theJungle:Flameango_and_Byrd","floor":70,"turns":5},{"damage":48,"enemies":"theJungle:JungleHuntersEncounter","floor":71,"turns":4},{"damage":1,"enemies":"theJungle:Lyon","floor":73,"turns":4},{"damage":103,"enemies":"Nightmare","floor":76,"turns":8},{"damage":22,"enemies":"theJungle:2_Flameangoes","floor":81,"turns":5},{"damage":3,"enemies":"theJungle:FunGuy","floor":84,"turns":8},{"damage":14,"enemies":"3 Darklings","floor":86,"turns":4},{"damage":2,"enemies":"Orb Walker","floor":88,"turns":5},{"damage":0,"enemies":"Mind Bloom Boss Battle","floor":93,"turns":4},{"damage":6,"enemies":"Writhing Mass","floor":97,"turns":7},{"damage":100097,"enemies":"Transient","floor":98,"turns":5}],"seed_played":"5620045159169409096","potions_obtained":[{"floor":6.0,"key":"SteroidPotion"},{"floor":12.0,"key":"hermit:Tonic"},{"floor":13.0,"key":"Swift Potion"},{"floor":14.0,"key":"infinitespire:BlackPotion"},{"floor":18.0,"key":"ColorlessPotion"},{"floor":23.0,"key":"DistilledChaos"},{"floor":29.0,"key":"Strength Potion"},{"floor":33.0,"key":"Swift Potion"},{"floor":35,"key":"DistilledChaos"},{"floor":42,"key":"SkillPotion"},{"floor":44,"key":"hermit:Tonic"},{"floor":50,"key":"BlessingOfTheForge"},{"floor":52,"key":"Ancient Potion"},{"floor":57,"key":"Strength Potion"},{"floor":58,"key":"ColorlessPotion"},{"floor":65,"key":"AttackPotion"},{"floor":67,"key":"Strength Potion"},{"floor":70,"key":"hermit:Tonic"},{"floor":71,"key":"Ancient Potion"},{"floor":73,"key":"hermit:Eclipse"},{"floor":81,"key":"Strength Potion"},{"floor":84,"key":"hermit:BlackBile"},{"floor":86,"key":"hermit:Tonic"},{"floor":93,"key":"Energy Potion"},{"floor":98,"key":"CultistPotion"},{"floor":98,"key":"PowerPotion"}],"is_trial":false,"path_per_floor":["M","?","?","?","M","E","M","$","T","?","M","E","M","M","R","B",null,"M","?","M","M","M","NM","R","?","T","R","E","M","M","AVR","R","B",null,"M","M","?","?","M","R","M","M","T","M","?","M","M","M","R","B",null,"M","?","$","?","?","M","E","M","T","?","E","M","?","M","R","B",null,"M","M","M","AVR","M","R","?","NM","T","$","?","?","M","$","R","B",null,"M","$","M","$","?","R","R","?","T","?","?","M","M"],"character_chosen":"HERMIT","items_purchased":["hermit:Showdown","EssenceOfSteel","hermit:Scavenge","infinitespire:FocusingShard","DuplicationPotion","hermit:PetGhost","Prayer Wheel","Kunai","Shuriken","ClockworkSouvenir"],"campfire_rested":7,"item_purchase_floors":[0,0,8,54,54,78,78,82,87,87],"current_hp_per_floor":[74,74,56,56,51,39,38,38,38,38,32,24,25,26,48,23,75,74,75,75,66,54,4,26,26,26,48,35,12,21,21,43,15,75,73,74,74,74,75,75,45,50,50,42,42,50,41,31,53,14,75,75,60,60,60,60,61,71,73,73,73,74,75,75,74,74,62,75,74,70,24,24,25,47,57,21,21,21,21,21,1,1,23,47,75,61,61,61,61,43,43,43,84,84,84,84,84,0,0],"gold":109,"neow_bonus":"","is_daily":false,"chose_seed":false,"campfire_upgraded":2,"win_rate":0.0,"timestamp":1613918525,"path_taken":["M","?","?","?","M","E","M","?","T","?","M","E","?","M","R","BOSS","M","?","M","M","M","NM","R","?","T","R","E","M","?","AVR","R","BOSS","M","M","?","?","M","R","M","M","T","M","?","M","M","M","R","BOSS","M","?","$","?","?","M","E","?","T","?","E","M","?","M","R","BOSS","M","M","M","AVR","M","R","?","NM","T","$","?","?","M","$","R","BOSS","M","$","M","$","?","R","R","?","T","?","?","M","M"],"items_purchased_type":["Card","Potion","Card","Relic","Potion","Relic","Relic","Relic","Relic","Relic"],"build_version":"2020-12-22","purchased_purges":5,"victory":false,"max_hp_per_floor":[75,75,75,75,75,75,75,75,75,75,75,75,75,75,75,75,75,75,75,75,75,75,75,75,75,75,75,75,75,75,75,75,75,75,75,75,75,75,75,75,75,75,75,75,75,75,75,75,75,75,75,75,75,75,75,75,75,75,75,75,75,75,75,75,75,75,75,75,75,75,75,75,75,75,75,75,75,75,75,75,75,75,75,75,75,75,75,75,75,75,75,75,89,89,89,89,89,89,89],"card_choices":[{"not_picked":["hermit:Brawl","hermit:Desperado"],"picked":"hermit:TrackingShot","floor":1.0},{"not_picked":["hermit:PistolWhip","hermit:NoHoldsBarred"],"picked":"hermit:HeroicBravado","floor":5.0},{"not_picked":["hermit:Roulette","hermit:Quickdraw"],"picked":"hermit:Dive","floor":6.0},{"not_picked":["hermit:Manifest","hermit:Coalescence"],"picked":"hermit:GoldenBullet","floor":7.0},{"not_picked":["hermit:Determination","hermit:Feint"],"picked":"hermit:HoleUp","floor":11.0},{"not_picked":["hermit:Feint","hermit:NoHoldsBarred"],"picked":"hermit:HoleUp","floor":12.0},{"not_picked":["hermit:Desperado","hermit:Coalescence"],"picked":"hermit:Misfire","floor":13.0},{"not_picked":["hermit:HighCaliber","hermit:RoundhouseKick"],"picked":"hermit:Glare","floor":14.0},{"not_picked":["hermit:FromBeyond","hermit:FatalDesire"],"picked":"hermit:Reprieve","floor":16.0},{"not_picked":["hermit:TrackingShot","hermit:Horror"],"picked":"hermit:GhostlyPresence","floor":18.0},{"not_picked":["hermit:CursedWeapon","hermit:FlashPowder"],"picked":"hermit:Scavenge","floor":20.0},{"not_picked":["hermit:Misfire","hermit:Manifest"],"picked":"hermit:Deadeye+1","floor":21.0},{"not_picked":["hermit:NoHoldsBarred","hermit:Manifest"],"picked":"hermit:Grudge","floor":22.0},{"not_picked":["hermit:Horror","hermit:EyeOfTheStorm"],"picked":"hermit:Vantage+1","floor":23.0},{"not_picked":["hermit:LuckOfTheDraw","hermit:HeroicBravado"],"picked":"hermit:WideOpen","floor":28.0},{"not_picked":["hermit:BigShot","hermit:Misfire+1"],"picked":"hermit:Ricochet","floor":29.0},{"not_picked":["hermit:SprayPray","hermit:Desperado"],"picked":"hermit:Snipe+1","floor":30.0},{"not_picked":["hermit:Dissolve","hermit:FromBeyond"],"picked":"hermit:BlackWind","floor":33.0},{"not_picked":["hermit:WideOpen+1"],"picked":"SKIP","floor":35},{"not_picked":["hermit:Shortfuse"],"picked":"SKIP","floor":36},{"not_picked":["hermit:TrackingShot"],"picked":"SKIP","floor":39},{"not_picked":["hermit:SprayPray+1"],"picked":"SKIP","floor":41},{"not_picked":["hermit:Misfire"],"picked":"SKIP","floor":42},{"not_picked":["hermit:Brawl"],"picked":"SKIP","floor":44},{"not_picked":[],"picked":"hermit:Dive+1","floor":46},{"not_picked":["hermit:Snipe+1"],"picked":"SKIP","floor":47},{"not_picked":["hermit:Manifest"],"picked":"SKIP","floor":48},{"not_picked":["hermit:TakeAim"],"picked":"SKIP","floor":52},{"not_picked":[],"picked":"hermit:Combo","floor":57},{"not_picked":["hermit:HighCaliber"],"picked":"SKIP","floor":58},{"not_picked":["hermit:GoldenBullet"],"picked":"SKIP","floor":59},{"not_picked":["hermit:Virtue"],"picked":"SKIP","floor":62},{"not_picked":["hermit:Combo"],"picked":"SKIP","floor":63},{"not_picked":["hermit:Roulette"],"picked":"SKIP","floor":65},{"not_picked":[],"picked":"hermit:Magnum","floor":67},{"not_picked":["infinitespire:NeuralNetwork","infinitespire:Starlight"],"picked":"infinitespire:Gouge","floor":68},{"not_picked":["hermit:Desperado+1"],"picked":"SKIP","floor":69},{"not_picked":[],"picked":"hermit:Horror+1","floor":70},{"not_picked":["hermit:PistolWhip+1"],"picked":"SKIP","floor":71},{"not_picked":["hermit:BodyArmor"],"picked":"SKIP","floor":73},{"not_picked":["infinitespire:Fortify","infinitespire:DeathsTouch"],"picked":"infinitespire:Menacing","floor":76},{"not_picked":["hermit:Vantage"],"picked":"SKIP","floor":76},{"not_picked":["hermit:SprayPray+1"],"picked":"SKIP","floor":81},{"not_picked":["hermit:Enervate"],"picked":"SKIP","floor":81},{"not_picked":[],"picked":"hermit:ItchyTrigger+1","floor":86},{"not_picked":[],"picked":"hermit:BigShot","floor":86},{"not_picked":["hermit:BigShot+1"],"picked":"SKIP","floor":88},{"not_picked":["hermit:Enervate+1"],"picked":"SKIP","floor":88},{"not_picked":["infinitespire:Fortify","infinitespire:NeuralNetwork"],"picked":"infinitespire:Starlight","floor":90},{"not_picked":["hermit:HighCaliber+1"],"picked":"SKIP","floor":97},{"not_picked":["hermit:Determination"],"picked":"SKIP","floor":97}],"player_experience":375080,"relics_obtained":[{"floor":2.0,"key":"infinitespire:WardingShard"},{"floor":6.0,"key":"Pantograph"},{"floor":9.0,"key":"Ginger"},{"floor":12.0,"key":"Blood Vial"},{"floor":23.0,"key":"aspiration:ChemicalBlood"},{"floor":26.0,"key":"War Paint"},{"floor":28.0,"key":"Bronze Scales"},{"floor":43,"key":"Smiling Mask"},{"floor":58,"key":"hermit:RedScarf"},{"floor":60,"key":"WingedGreaves"},{"floor":62,"key":"Potion Belt"},{"floor":76,"key":"infinitespire:Lucky Rock"},{"floor":77,"key":"infinitespire:Satchel"},{"floor":85,"key":"FossilizedHelix"},{"floor":85,"key":"Molten Egg 2"},{"floor":85,"key":"Lantern"},{"floor":92,"key":"Mummified Hand"},{"floor":93,"key":"Mango"},{"floor":94,"key":"hermit:Spyglass"}],"event_choices":[{"damage_healed":0.0,"max_hp_gain":0.0,"max_hp_loss":0.0,"gold_gain":0.0,"event_name":"Golden Idol","player_choice":"Take Damage","floor":3.0,"gold_loss":0.0,"damage_taken":18.0,"relics_obtained":["Golden Idol"]},{"damage_healed":0.0,"max_hp_gain":0.0,"max_hp_loss":0.0,"gold_gain":0.0,"event_name":"Big Fish","player_choice":"Box","floor":4.0,"gold_loss":0.0,"damage_taken":0.0,"relics_obtained":["aspiration:Lifesprig"],"cards_obtained":["Regret"]},{"damage_healed":0.0,"max_hp_gain":0.0,"max_hp_loss":0.0,"gold_gain":0.0,"event_name":"Living Wall","player_choice":"Grow","floor":10.0,"gold_loss":0.0,"damage_taken":0.0,"cards_upgraded":["hermit:Scavenge"]},{"cards_removed":["hermit:Showdown"],"damage_healed":1.0,"max_hp_gain":0.0,"max_hp_loss":0.0,"gold_gain":0.0,"event_name":"Bonfire Elementals","player_choice":"Offered Uncommon","floor":19.0,"gold_loss":0.0,"damage_taken":0.0},{"damage_healed":0.0,"max_hp_gain":0.0,"max_hp_loss":0.0,"gold_gain":0.0,"event_name":"Upgrade Shrine","player_choice":"Upgraded","floor":25.0,"gold_loss":0.0,"damage_taken":0.0,"cards_upgraded":["hermit:Grudge"]},{"damage_healed":0,"gold_gain":0,"player_choice":"Memory 1","damage_taken":0,"max_hp_gain":0,"max_hp_loss":0,"event_name":"SensoryStone","floor":37,"gold_loss":0},{"damage_healed":0,"gold_gain":333,"player_choice":"Gave Idol","damage_taken":0,"max_hp_gain":0,"max_hp_loss":0,"event_name":"The Moai Head","floor":38,"relics_lost":["Golden Idol"],"gold_loss":0},{"damage_healed":0,"gold_gain":0,"player_choice":"Ignored","damage_taken":0,"max_hp_gain":0,"max_hp_loss":0,"event_name":"Mysterious Sphere","floor":45,"gold_loss":0},{"damage_healed":0,"gold_gain":0,"player_choice":"Entered Light","damage_taken":15,"max_hp_gain":0,"max_hp_loss":0,"event_name":"Shining Light","floor":53,"gold_loss":0,"cards_upgraded":["hermit:HeroicBravado","hermit:Strike_Hermit"]},{"cards_removed":["hermit:Strike_Hermit"],"damage_healed":0,"gold_gain":0,"player_choice":"Card Removal","damage_taken":0,"max_hp_gain":0,"max_hp_loss":0,"event_name":"The Cleric","floor":55,"gold_loss":50},{"damage_healed":0,"gold_gain":0,"player_choice":"Bought 0 Potions","damage_taken":0,"max_hp_gain":0,"max_hp_loss":0,"event_name":"The Woman in Blue","floor":56,"gold_loss":0},{"damage_healed":0,"gold_gain":30,"player_choice":"Searched \u00273\u0027 times","damage_taken":0,"relics_obtained":["Ornamental Fan"],"max_hp_gain":0,"max_hp_loss":0,"event_name":"Dead Adventurer","floor":61,"gold_loss":0},{"damage_healed":0,"gold_gain":0,"player_choice":"Fight","damage_taken":0,"max_hp_gain":0,"max_hp_loss":0,"event_name":"MindBloom","floor":93,"gold_loss":0},{"cards_removed":["hermit:HeroicBravado"],"damage_healed":0,"gold_gain":0,"player_choice":"Removed Skill","damage_taken":0,"max_hp_gain":0,"max_hp_loss":0,"event_name":"Falling","floor":95,"gold_loss":0},{"damage_healed":0,"gold_gain":0,"player_choice":"Ignored","damage_taken":0,"max_hp_gain":0,"max_hp_loss":0,"event_name":"Tomb of Lord Red Mask","floor":96,"gold_loss":0}],"is_beta":false,"boss_relics":[{"not_picked":["infinitespire:Cupcake","Runic Pyramid"],"picked":"Velvet Choker"},{"not_picked":["Sozu","Philosopher\u0027s Stone"],"picked":"Busted Crown"},{"not_picked":["aspiration:RunicSpoon","aspiration:PoetsPen_weak"],"picked":"Empty Cage"},{"not_picked":["Runic Dome","Snecko Eye","infinitespire:Cupcake"]},{"not_picked":["aspiration:SilentSkillbook","Coffee Dripper"],"picked":"Calling Bell"}],"items_purged_floors":[0,8,31,54,78],"is_endless":true,"potions_floor_spawned":[6,12,13,14,18,23,29,33,35,42,44,50,52,57,65,67,70,71,81,84,86,93],"killed_by":"Transient","ascension_level":0}}