{"host":"v54ek091sdz7ha6h","time":1613904880,"event":{"mods":["BaseMod","Colored Map","Colored Powertips","Custom Start","DeckTracker","Highlight Path","KOR Keyword Fix","Minty Spire (QoL Compilation)","Random Character Button","Rare Cards Sparkle","Relic Stats","StSLib","SuperFastMode","everything is the same but u backflip on backflip"],"gold_per_floor":[110,110,124,124,124,124,49,49,76,111,111,127,148,148,148,274,274,289,137,152,173,192,192,210,210,237,237,252,266,56,92,92,220,220,241,265,283,307,6,42,42,57,104,119,119,160,493,318,318,318,318,318,42,74,74,74],"floor_reached":55,"language":"KOR","playtime":1424,"items_purged":["Pain","Strike_B","Strike_B","Strike_B","Strike_B","Defend_B"],"score":749,"play_id":"67d0de74-bf65-416d-8d82-d27bb3d0e9ef","local_time":"20210221195440","is_ascension_mode":false,"campfire_choices":[{"data":"Storm","floor":6.0,"key":"SMITH"},{"data":"Zap","floor":8.0,"key":"SMITH"},{"floor":11.0,"key":"REST"},{"data":"Loop","floor":15.0,"key":"SMITH"},{"floor":23.0,"key":"REST"},{"floor":25.0,"key":"REST"},{"floor":27.0,"key":"DIG"},{"floor":32.0,"key":"DIG"},{"floor":41.0,"key":"RECALL"},{"floor":45.0,"key":"REST"},{"floor":49.0,"key":"DIG"},{"floor":52.0,"key":"DIG"}],"circlet_count":0,"master_deck":["Defend_B","Defend_B+1","Defend_B","Zap+1","Dualcast","Amplify+1","Ball Lightning","Storm+1","Loop+1","Force Field","Chill","Echo Form","Turbo","Genetic Algorithm","Coolheaded+1","White Noise","Barrage+1","Biased Cognition","Go for the Eyes+1","Loop","Static Discharge+1","Creative AI","White Noise+1","Coolheaded+1"],"relics":["Cracked Core","WarpedTongs","Bronze Scales","Omamori","Akabeko","Calling Bell","Vajra","Question Card","Shovel","Lantern","MealTicket","PreservedInsect","Matryoshka","Runic Pyramid","DataDisk","Gremlin Horn","Singing Bowl","Potion Belt","Orichalcum","Symbiotic Virus","Pear"],"acts_visited":["Exordium","TheCity","TheBeyond","TheEnding"],"potions_floor_usage":[55,55,55],"damage_taken":[{"damage":1.0,"enemies":"Cultist","floor":1.0,"turns":3.0},{"damage":3.0,"enemies":"Jaw Worm","floor":3.0,"turns":3.0},{"damage":21.0,"enemies":"3 Sentries","floor":10.0,"turns":6.0},{"damage":11.0,"enemies":"2 Louse","floor":12.0,"turns":2.0},{"damage":0.0,"enemies":"Red Slaver","floor":13.0,"turns":4.0},{"damage":21.0,"enemies":"Slime Boss","floor":16.0,"turns":7.0},{"damage":9.0,"enemies":"Shell Parasite","floor":18.0,"turns":5.0},{"damage":10.0,"enemies":"3 Byrds","floor":20.0,"turns":3.0},{"damage":37.0,"enemies":"Cultist and Chosen","floor":21.0,"turns":6.0},{"damage":8.0,"enemies":"Sentry and Sphere","floor":22.0,"turns":5.0},{"damage":28.0,"enemies":"Centurion and Healer","floor":24.0,"turns":8.0},{"damage":5.0,"enemies":"Chosen and Byrds","floor":28.0,"turns":3.0},{"damage":3.0,"enemies":"Snake Plant","floor":29.0,"turns":5.0},{"damage":0.0,"enemies":"Gremlin Leader","floor":31.0,"turns":5.0},{"damage":29.0,"enemies":"Champ","floor":33.0,"turns":10.0},{"damage":0.0,"enemies":"Orb Walker","floor":35.0,"turns":4.0},{"damage":10.0,"enemies":"3 Darklings","floor":36.0,"turns":4.0},{"damage":0.0,"enemies":"Transient","floor":37.0,"turns":5.0},{"damage":0.0,"enemies":"Maw","floor":38.0,"turns":4.0},{"damage":28.0,"enemies":"Nemesis","floor":40.0,"turns":5.0},{"damage":21.0,"enemies":"Jaw Worm Horde","floor":42.0,"turns":3.0},{"damage":17.0,"enemies":"4 Shapes","floor":44.0,"turns":4.0},{"damage":10.0,"enemies":"Giant Head","floor":46.0,"turns":4.0},{"damage":15.0,"enemies":"Time Eater","floor":50.0,"turns":7.0},{"damage":33.0,"enemies":"Shield and Spear","floor":54.0,"turns":3.0},{"damage":54,"enemies":"The Heart","floor":55,"turns":6}],"seed_played":"3087508842569134156","potions_obtained":[{"floor":3.0,"key":"Fire Potion"},{"floor":10.0,"key":"PotionOfCapacity"},{"floor":13.0,"key":"LiquidMemories"},{"floor":20.0,"key":"Fire Potion"},{"floor":21.0,"key":"SpeedPotion"},{"floor":33.0,"key":"FocusPotion"},{"floor":35.0,"key":"Ancient Potion"},{"floor":38.0,"key":"SteroidPotion"},{"floor":40.0,"key":"FocusPotion"},{"floor":54.0,"key":"Block Potion"}],"is_trial":false,"path_per_floor":["M","?","M","?","?","R","$","R","T","E","R","M","M","?","R","B",null,"M","$","M","M","M","R","M","R","T","R","M","M","$","E","R","B",null,"M","M","M","M","$","E","R","M","T","M","R","E","?","$","R","B",null,"R","$","E","B"],"character_chosen":"DEFECT","items_purchased":["Turbo","White Noise","Explosive Potion","DataDisk","PotionOfCapacity"],"campfire_rested":4,"item_purchase_floors":[19,30,30,39,53],"current_hp_per_floor":[74,59,56,38,38,38,38,38,38,17,39,28,28,28,28,7,75,66,66,56,19,11,33,5,27,27,27,22,19,34,34,34,5,75,75,65,65,65,75,47,47,26,26,9,31,21,21,36,36,21,75,75,75,52,0,0],"gold":74,"neow_bonus":"ONE_RANDOM_RARE_CARD","is_daily":false,"chose_seed":false,"campfire_upgraded":3,"win_rate":0.0,"timestamp":1613904880,"path_taken":["M","?","M","?","?","R","$","R","T","E","R","M","?","?","R","BOSS","M","$","M","M","M","R","?","R","T","R","M","M","?","E","R","BOSS","M","M","M","M","$","E","R","M","T","?","R","E","?","$","R","BOSS","R","$","E","BOSS"],"items_purchased_type":["Card","Card","Potion","Relic","Potion"],"build_version":"2020-12-22","purchased_purges":6,"victory":false,"max_hp_per_floor":[75,75,75,75,75,75,75,75,75,75,75,75,75,75,75,75,75,75,75,75,75,75,75,75,75,75,75,75,75,75,75,75,75,75,75,75,75,75,75,75,75,75,75,75,75,75,75,75,75,75,75,75,75,85,85,85],"relic_stats":{"Shovel":4,"Gremlin Horn":[6,6],"Singing Bowl":0,"counters":[26,123],"Bronze Scales":[379],"MealTicket":40,"PreservedInsect":240,"Orichalcum":[42],"Question Card":18,"obtain_stats":[{"Potion Belt":46,"Lantern":26,"Pear":54,"Gremlin Horn":40,"Singing Bowl":43,"Golden Idol":4,"Vajra":17,"PreservedInsect":31,"Omamori":10,"Orichalcum":49,"Question Card":17,"Akabeko":14,"WarpedTongs":5,"Calling Bell":17,"DataDisk":39,"Shovel":17,"Matryoshka":32,"Bronze Scales":9,"MealTicket":27,"Cracked Core":0,"Symbiotic Virus":52,"Runic Pyramid":34},{"Potion Belt":23,"Lantern":11,"Pear":25,"Gremlin Horn":20,"Singing Bowl":21,"Golden Idol":2,"Vajra":6,"PreservedInsect":14,"Omamori":3,"Orichalcum":23,"Question Card":6,"Akabeko":5,"WarpedTongs":2,"Calling Bell":6,"DataDisk":19,"Shovel":6,"Matryoshka":14,"Bronze Scales":2,"MealTicket":11,"Cracked Core":0,"Symbiotic Virus":24,"Runic Pyramid":15},{"Potion Belt":107,"Lantern":52,"Pear":117,"Gremlin Horn":96,"Singing Bowl":99,"Golden Idol":6,"Vajra":25,"PreservedInsect":65,"Omamori":12,"Orichalcum":107,"Question Card":25,"Akabeko":18,"WarpedTongs":6,"Calling Bell":25,"DataDisk":92,"Shovel":25,"Matryoshka":65,"Bronze Scales":6,"MealTicket":52,"Cracked Core":0,"Symbiotic Virus":114,"Runic Pyramid":75}],"WarpedTongs":[115]},"card_choices":[{"not_picked":["Hologram","Rip and Tear"],"picked":"Ball Lightning","floor":1.0},{"not_picked":["Barrage","Gash"],"picked":"Storm","floor":3.0},{"not_picked":["Steam Power","Turbo"],"picked":"Loop","floor":10.0},{"not_picked":["Reinforced Body","Scrape"],"picked":"Force Field","floor":12.0},{"not_picked":["Reprogram","Stack"],"picked":"Chill","floor":13.0},{"not_picked":["Seek","All For One"],"picked":"Echo Form","floor":16.0},{"not_picked":["Rebound","Leap","Melter","Coolheaded"],"picked":"SKIP","floor":18.0},{"not_picked":["Blizzard","Beam Cell+1","Compile Driver"],"picked":"Genetic Algorithm","floor":20.0},{"not_picked":["Force Field","Go for the Eyes","Reinforced Body","Redo"],"picked":"SKIP","floor":21.0},{"not_picked":["Compile Driver+1","Leap","Go for the Eyes","Turbo+1"],"picked":"SKIP","floor":22.0},{"not_picked":["Aggregate+1","All For One","Stack","Tempest"],"picked":"SKIP","floor":24.0},{"not_picked":["Sweeping Beam","Scrape+1","Genetic Algorithm","Recycle"],"picked":"SKIP","floor":28.0},{"not_picked":["Rebound+1","Aggregate","Darkness"],"picked":"Coolheaded+1","floor":29.0},{"not_picked":["Static Discharge","Melter","Stack"],"picked":"Barrage+1","floor":31.0},{"not_picked":["Buffer","Machine Learning","All For One"],"picked":"Biased Cognition","floor":33.0},{"not_picked":["Turbo","Conserve Battery+1","Fusion"],"picked":"Go for the Eyes+1","floor":35.0},{"not_picked":["Steam+1","Darkness","Turbo+1"],"picked":"Loop","floor":36.0},{"not_picked":["Go for the Eyes+1","Tempest","Undo","Ball Lightning"],"picked":"SKIP","floor":37.0},{"not_picked":["Streamline","Redo","Skim"],"picked":"Static Discharge+1","floor":38.0},{"not_picked":["Stack","Streamline+1","Redo+1","Glacier+1"],"picked":"SKIP","floor":40.0},{"not_picked":["Hologram+1","Conserve Battery","Darkness+1","Ball Lightning"],"picked":"SKIP","floor":42.0},{"not_picked":["Chaos","Beam Cell+1","Tempest+1"],"picked":"Creative AI","floor":44.0},{"not_picked":["Rebound+1","Fission","Streamline+1"],"picked":"White Noise+1","floor":46.0},{"not_picked":["Auto Shields","BootSequence+1","Hologram+1"],"picked":"Coolheaded+1","floor":54.0}],"player_experience":1486404,"relics_obtained":[{"floor":9.0,"key":"Bronze Scales"},{"floor":10.0,"key":"Omamori"},{"floor":17.0,"key":"Vajra"},{"floor":17.0,"key":"Question Card"},{"floor":17.0,"key":"Shovel"},{"floor":26.0,"key":"Lantern"},{"floor":27.0,"key":"MealTicket"},{"floor":31.0,"key":"PreservedInsect"},{"floor":32.0,"key":"Matryoshka"},{"floor":40.0,"key":"Gremlin Horn"},{"floor":43.0,"key":"Singing Bowl"},{"floor":46.0,"key":"Potion Belt"},{"floor":49.0,"key":"Orichalcum"},{"floor":52.0,"key":"Symbiotic Virus"},{"floor":54.0,"key":"Pear"}],"event_choices":[{"damage_healed":0.0,"max_hp_gain":0.0,"max_hp_loss":0.0,"gold_gain":0.0,"event_name":"Shining Light","player_choice":"Entered Light","floor":2.0,"gold_loss":0.0,"damage_taken":15.0,"cards_upgraded":["Defend_B","Amplify"]},{"damage_healed":0.0,"max_hp_gain":0.0,"max_hp_loss":0.0,"gold_gain":0.0,"event_name":"Golden Idol","player_choice":"Take Damage","floor":4.0,"gold_loss":0.0,"damage_taken":18.0,"relics_obtained":["Golden Idol"]},{"damage_healed":0.0,"max_hp_gain":0.0,"max_hp_loss":0.0,"gold_gain":0.0,"event_name":"Accursed Blacksmith","player_choice":"Rummage","floor":5.0,"gold_loss":0.0,"damage_taken":0.0,"relics_obtained":["WarpedTongs"],"cards_obtained":["Pain"]},{"damage_healed":0.0,"max_hp_gain":0.0,"max_hp_loss":0.0,"gold_gain":0.0,"event_name":"WeMeetAgain","player_choice":"Gave Potion","floor":14.0,"gold_loss":0.0,"damage_taken":0.0,"relics_obtained":["Akabeko"]},{"damage_healed":0.0,"max_hp_gain":0.0,"max_hp_loss":0.0,"gold_gain":333.0,"event_name":"The Moai Head","player_choice":"Gave Idol","floor":47.0,"relics_lost":["Golden Idol"],"gold_loss":0.0,"damage_taken":0.0}],"is_beta":false,"boss_relics":[{"not_picked":["Velvet Choker","FrozenCore"],"picked":"Calling Bell"},{"not_picked":["Cursed Key","SacredBark"],"picked":"Runic Pyramid"}],"items_purged_floors":[7,19,30,39,48,53],"is_endless":false,"potions_floor_spawned":[3,10,13,20,21,24,33,35,38,40,42,54],"killed_by":"The Heart","ascension_level":0}}