{"host":"dkr0dog13pegamnp","time":1613892974,"event":{"mods":["AchievementEnabler","BaseMod","Minty Spire (QoL Compilation)","Rare Cards Sparkle","StSLib","SuperFastMode","everything is the same but u backflip on backflip"],"gold_per_floor":[111,124,134,152,172,172,205,221,247,247,257,257,268,278,278,376,376,387,160,177,197,197,197,222,222,222,247,147,147,160,176,176,176,176],"floor_reached":33,"language":"KOR","playtime":1027,"items_purged":["Strike_G","Strike_G"],"score":479,"play_id":"d95e4c2e-e6e9-49cd-8892-10ab46e61bcc","local_time":"20210221163614","is_ascension_mode":true,"campfire_choices":[{"data":"Noxious Fumes","floor":6,"key":"SMITH"},{"data":"Deadly Poison","floor":12,"key":"SMITH"},{"data":"Deadly Poison","floor":15,"key":"SMITH"},{"data":"Burst","floor":23,"key":"SMITH"},{"data":"Calculated Gamble","floor":25,"key":"SMITH"},{"floor":29,"key":"DIG"},{"floor":32,"key":"DIG"}],"circlet_count":0,"master_deck":["AscendersBane","Strike_G","Defend_G","Defend_G","Defend_G","Defend_G","Defend_G","Survivor","Neutralize","Dash","Noxious Fumes+1","Deadly Poison+1","Acrobatics","Deadly Poison+1","Outmaneuver","Burst+1","PiercingWail","Calculated Gamble+1","Backstab","Escape Plan+1"],"relics":["Ring of the Snake","Meat on the Bone","Strawberry","Sozu","Bronze Scales","Blood Vial","Shovel","Potion Belt","Ancient Tea Set","Vajra"],"acts_visited":["Exordium","TheCity"],"potions_floor_usage":[5,7,16,27,33],"damage_taken":[{"damage":0,"enemies":"Cultist","floor":1,"turns":5},{"damage":10,"enemies":"2 Louse","floor":2,"turns":3},{"damage":0,"enemies":"Small Slimes","floor":3,"turns":3},{"damage":8,"enemies":"Exordium Thugs","floor":4,"turns":7},{"damage":1,"enemies":"Looter","floor":5,"turns":4},{"damage":25,"enemies":"Gremlin Nob","floor":7,"turns":5},{"damage":3,"enemies":"3 Louse","floor":8,"turns":4},{"damage":5,"enemies":"2 Fungi Beasts","floor":11,"turns":4},{"damage":8,"enemies":"Blue Slaver","floor":13,"turns":4},{"damage":0,"enemies":"Large Slime","floor":14,"turns":5},{"damage":23,"enemies":"Slime Boss","floor":16,"turns":8},{"damage":5,"enemies":"3 Byrds","floor":18,"turns":5},{"damage":13,"enemies":"Spheric Guardian","floor":20,"turns":5},{"damage":10,"enemies":"Centurion and Healer","floor":21,"turns":7},{"damage":31,"enemies":"Gremlin Leader","floor":24,"turns":6},{"damage":23,"enemies":"Book of Stabbing","floor":27,"turns":6},{"damage":6,"enemies":"Snecko","floor":30,"turns":5},{"damage":7,"enemies":"Snake Plant","floor":31,"turns":4},{"damage":47,"enemies":"Champ","floor":33,"turns":9}],"seed_played":"-2029639059640819136","potions_obtained":[{"floor":2,"key":"Strength Potion"},{"floor":3,"key":"CunningPotion"},{"floor":4,"key":"AttackPotion"},{"floor":8,"key":"CunningPotion"},{"floor":13,"key":"BlessingOfTheForge"},{"floor":16,"key":"ColorlessPotion"}],"is_trial":false,"path_per_floor":["M","M","M","M","M","R","E","M","T","?","M","R","M","M","R","B",null,"M","$","M","M","?","R","E","R","T","E","$","R","M","M","R","B"],"character_chosen":"THE_SILENT","items_purchased":["Bronze Scales"],"campfire_rested":0,"item_purchase_floors":[19],"current_hp_per_floor":[59,49,49,41,40,40,15,24,31,31,38,38,42,54,54,43,79,74,74,61,51,51,51,32,32,32,23,23,23,31,38,38,0,0],"gold":176,"neow_bonus":"TWENTY_PERCENT_HP_BONUS","is_daily":false,"chose_seed":false,"campfire_upgraded":5,"win_rate":0.0,"timestamp":1613892974,"path_taken":["M","M","M","M","M","R","E","M","T","?","M","R","M","?","R","BOSS","M","$","M","M","?","R","E","R","T","E","?","R","M","M","R","BOSS"],"items_purchased_type":["Relic"],"build_version":"2020-12-22","purchased_purges":2,"victory":false,"max_hp_per_floor":[84,84,84,84,84,84,84,84,91,91,91,91,91,91,91,91,91,91,91,91,91,91,91,91,91,91,91,91,91,91,91,91,91,91],"card_choices":[{"not_picked":["PiercingWail","Dodge and Roll","Distraction"],"picked":"SKIP","floor":1},{"not_picked":["Poisoned Stab","Bane"],"picked":"Dash","floor":2},{"not_picked":["Sucker Punch","Caltrops"],"picked":"Noxious Fumes","floor":3},{"not_picked":["Outmaneuver","Poisoned Stab"],"picked":"Deadly Poison","floor":4},{"not_picked":["Riddle With Holes","Dagger Throw","Tools of the Trade"],"picked":"SKIP","floor":5},{"not_picked":["Outmaneuver","Dodge and Roll","Terror"],"picked":"SKIP","floor":7},{"not_picked":["Outmaneuver","Dodge and Roll","Terror"],"picked":"SKIP","floor":7},{"not_picked":["Deflect","Quick Slash"],"picked":"Acrobatics","floor":8},{"not_picked":["Dodge and Roll","Deadly Poison","Leg Sweep"],"picked":"SKIP","floor":11},{"not_picked":["Dodge and Roll","Leg Sweep"],"picked":"Deadly Poison","floor":11},{"not_picked":["Eviscerate","Terror","Dagger Throw"],"picked":"SKIP","floor":13},{"not_picked":["Backstab","Slice"],"picked":"Outmaneuver","floor":14},{"not_picked":["Night Terror","Tools of the Trade"],"picked":"Burst","floor":16},{"not_picked":["Slice","Deflect"],"picked":"PiercingWail","floor":18},{"not_picked":["Underhanded Strike+1","Quick Slash","Prepared"],"picked":"SKIP","floor":20},{"not_picked":["Acrobatics","Backflip"],"picked":"Calculated Gamble","floor":21},{"not_picked":["Accuracy","Sucker Punch+1","Wraith Form v2"],"picked":"SKIP","floor":24},{"not_picked":["Backstab+1","Skewer+1","Outmaneuver"],"picked":"SKIP","floor":27},{"not_picked":["Dagger Throw","Blade Dance"],"picked":"Escape Plan+1","floor":30},{"not_picked":["Bane","Well Laid Plans","Acrobatics"],"picked":"SKIP","floor":31}],"player_experience":77169,"relics_obtained":[{"floor":7,"key":"Meat on the Bone"},{"floor":9,"key":"Strawberry"},{"floor":24,"key":"Blood Vial"},{"floor":26,"key":"Shovel"},{"floor":27,"key":"Potion Belt"},{"floor":29,"key":"Ancient Tea Set"},{"floor":32,"key":"Vajra"}],"event_choices":[{"cards_removed":["Strike_G"],"damage_healed":0,"gold_gain":0,"player_choice":"Purged","damage_taken":0,"max_hp_gain":0,"max_hp_loss":0,"event_name":"Purifier","floor":10,"gold_loss":0},{"damage_healed":0,"gold_gain":0,"cards_transformed":["Strike_G"],"player_choice":"Transformed","damage_taken":0,"max_hp_gain":0,"max_hp_loss":0,"event_name":"Transmorgrifier","floor":22,"gold_loss":0,"cards_obtained":["Backstab"]}],"is_beta":false,"boss_relics":[{"not_picked":["Runic Dome","Runic Pyramid"],"picked":"Sozu"}],"items_purged_floors":[19,28],"is_endless":false,"potions_floor_spawned":[2,3,4,8,13,16,20,27,30,31],"killed_by":"Champ","ascension_level":11}}