{"host":"Jinnai","time":1613941038,"event":{"mods":["BaseMod","Block Reminder","Colored Map","Colored Powertips","Curses Come First","Highlight Path","Minty Spire (QoL Compilation)","Potion Indicator Mod","Quick Restart","Relic Stats","StSLib","ojb\u0027s Info Mod"],"gold_per_floor":[119,137,149,164,164,164,191,156,183,183,183],"floor_reached":10,"language":"ENG","playtime":419,"items_purged":[],"score":136,"play_id":"6a7f58d0-5fce-4355-a45e-84c8602e0156","local_time":"20210221155718","is_ascension_mode":true,"campfire_choices":[{"floor":6,"key":"REST"}],"circlet_count":0,"master_deck":["AscendersBane","Strike_B","Strike_B","Strike_B","Strike_B","Defend_B","Defend_B","Defend_B","Defend_B","Zap","Dualcast","Rainbow","Genetic Algorithm","Reinforced Body","Rebound","Coolheaded"],"relics":["Cracked Core","Strawberry","Smiling Mask","Ancient Tea Set"],"acts_visited":["Exordium"],"potions_floor_usage":[7,7],"damage_taken":[{"damage":7,"enemies":"Jaw Worm","floor":1,"turns":4},{"damage":10,"enemies":"2 Louse","floor":2,"turns":4},{"damage":10,"enemies":"Small Slimes","floor":3,"turns":3},{"damage":12,"enemies":"3 Louse","floor":4,"turns":6},{"damage":49,"enemies":"3 Sentries","floor":7,"turns":10},{"damage":30,"enemies":"Lagavulin","floor":10,"turns":6}],"seed_played":"-8922470107077267084","potions_obtained":[{"floor":1,"key":"Regen Potion"},{"floor":3,"key":"GamblersBrew"},{"floor":7,"key":"Swift Potion"}],"is_trial":false,"path_per_floor":["M","M","M","M","?","R","E","?","T","E"],"character_chosen":"DEFECT","items_purchased":[],"campfire_rested":1,"item_purchase_floors":[],"current_hp_per_floor":[57,47,37,25,14,37,3,22,22,0,0],"gold":183,"neow_bonus":"ONE_RANDOM_RARE_CARD","is_daily":false,"chose_seed":false,"campfire_upgraded":0,"win_rate":0.0,"timestamp":1613941038,"path_taken":["M","M","M","M","?","R","E","?","T","E"],"items_purchased_type":[],"build_version":"2020-12-18","purchased_purges":0,"victory":false,"max_hp_per_floor":[71,71,71,71,78,78,78,78,78,78,78],"relic_stats":{"counters":[6,33],"Smiling Mask":0,"obtain_stats":[{"Strawberry":5,"Cracked Core":0,"Smiling Mask":7,"Ancient Tea Set":9},{"Strawberry":4,"Cracked Core":0,"Smiling Mask":5,"Ancient Tea Set":5},{"Strawberry":17,"Cracked Core":0,"Smiling Mask":27,"Ancient Tea Set":27}]},"card_choices":[{"not_picked":["Barrage","Stack"],"picked":"Genetic Algorithm","floor":1},{"not_picked":["Tempest","Leap","Blizzard"],"picked":"SKIP","floor":2},{"not_picked":["Self Repair","Hologram"],"picked":"Reinforced Body","floor":3},{"not_picked":["Genetic Algorithm","White Noise"],"picked":"Rebound","floor":4},{"not_picked":["Reboot","Turbo"],"picked":"Coolheaded","floor":7}],"player_experience":1747691,"relics_obtained":[{"floor":7,"key":"Smiling Mask"},{"floor":9,"key":"Ancient Tea Set"}],"event_choices":[{"damage_healed":0,"gold_gain":0,"player_choice":"Success","damage_taken":18,"relics_obtained":["Strawberry"],"max_hp_gain":0,"max_hp_loss":0,"event_name":"Scrap Ooze","floor":5,"gold_loss":0},{"damage_healed":19,"gold_gain":0,"player_choice":"Healed","damage_taken":0,"max_hp_gain":0,"max_hp_loss":0,"event_name":"The Cleric","floor":8,"gold_loss":35}],"is_beta":true,"boss_relics":[],"items_purged_floors":[],"is_endless":false,"potions_floor_spawned":[1,3,7],"killed_by":"Lagavulin","ascension_level":20}}