{"host":"dl909bjyolgrn2uw","time":1613866289,"event":{"mods":["2.2 Compatiblity","BaseMod","Bestiary","Better Altar","Better Note","Better Sensory Stone","Better Skull","Better Vampires","Better-Laid Plans","Colored Powertips","Curses Come First","Disable Question Mark Monsters","Displayed Cursed Tome","Emptier Cage","Minty Spire (QoL Compilation)","Morshu Shopkeeper","Permanent Neow","Quick Restart","Rare Cards Sparkle","Relic Stats","Shop Mod","Spicy Shops","StSLib","SuperFastMode","Transform Curses"],"gold_per_floor":[362,373,51,66,85,110,110,110,110,110,129,144,144,144,144,218,218,235,247,259,28,28,28,60,73,123,135,135,162,181,196,196,196,196],"floor_reached":33,"language":"ENG","playtime":1875,"items_purged":["Strike_B","Strike_B"],"score":567,"play_id":"fcea660a-3631-4562-9ccc-a014d689392a","local_time":"20210220181129","is_ascension_mode":true,"campfire_choices":[{"data":"Fission","floor":7.0,"key":"SMITH"},{"data":"Streamline","floor":10.0,"key":"SMITH"},{"floor":13.0,"key":"REST"},{"data":"Secret Technique","floor":15.0,"key":"SMITH"},{"data":"Hologram","floor":23,"key":"SMITH"},{"floor":28,"key":"REST"},{"floor":32,"key":"REST"}],"circlet_count":0,"master_deck":["AscendersBane","Strike_B","Defend_B","Defend_B","Defend_B","Defend_B","Zap","Dualcast","Streamline+1","Ball Lightning","Fission+1","Compile Driver","Sweeping Beam","Leap","Go for the Eyes","Conserve Battery","Aggregate","Secret Technique+1","Hologram","Chill","Electrodynamics","Conserve Battery","Undo","Skim","Hologram+1","Coolheaded","Core Surge","Coolheaded","Glacier"],"relics":["Cracked Core","Orrery","ClockworkSouvenir","Prayer Wheel","Darkstone Periapt","Snecko Eye","Mercury Hourglass","Regal Pillow","Lantern"],"acts_visited":["Exordium","TheCity"],"potions_floor_usage":[16,16,16,24,29,33,33],"damage_taken":[{"damage":4.0,"enemies":"2 Louse","floor":1.0,"turns":2.0},{"damage":4.0,"enemies":"Jaw Worm","floor":2.0,"turns":4.0},{"damage":0.0,"enemies":"Small Slimes","floor":4.0,"turns":2.0},{"damage":0.0,"enemies":"Red Slaver","floor":5.0,"turns":3.0},{"damage":5.0,"enemies":"Gremlin Nob","floor":6.0,"turns":3.0},{"damage":0.0,"enemies":"2 Fungi Beasts","floor":11.0,"turns":2.0},{"damage":14.0,"enemies":"Exordium Thugs","floor":12.0,"turns":4.0},{"damage":11,"enemies":"Slime Boss","floor":16,"turns":5},{"damage":0,"enemies":"Chosen","floor":18,"turns":3},{"damage":12,"enemies":"2 Thieves","floor":19,"turns":4},{"damage":9,"enemies":"Centurion and Healer","floor":20,"turns":7},{"damage":24,"enemies":"Slavers","floor":24,"turns":2},{"damage":0,"enemies":"Sentry and Sphere","floor":25,"turns":3},{"damage":0,"enemies":"Snecko","floor":27,"turns":4},{"damage":35,"enemies":"Book of Stabbing","floor":29,"turns":6},{"damage":16,"enemies":"Centurion and Healer","floor":30,"turns":6},{"damage":0,"enemies":"3 Cultists","floor":31,"turns":2},{"damage":54,"enemies":"Automaton","floor":33,"turns":10}],"seed_played":"-7485316039565577068","potions_obtained":[{"floor":2.0,"key":"ColorlessPotion"},{"floor":5.0,"key":"Strength Potion"},{"floor":6.0,"key":"EntropicBrew"},{"floor":24,"key":"Weak Potion"},{"floor":25,"key":"EssenceOfDarkness"},{"floor":30,"key":"Swift Potion"}],"is_trial":false,"path_per_floor":["M","M","$","M","M","E","R","?","T","R","M","M","R","?","R","B",null,"M","M","M","$","?","R","E","M","T","M","R","E","M","M","R","B"],"character_chosen":"DEFECT","items_purchased":["Orrery","ClockworkSouvenir","PowerPotion"],"campfire_rested":3,"item_purchase_floors":[3,3,21],"current_hp_per_floor":[42,38,38,38,38,33,33,33,33,33,33,19,40,63,63,52,66,66,54,45,45,45,45,21,21,21,21,57,27,11,11,47,0,0],"gold":196,"neow_bonus":"TWO_FIFTY_GOLD","is_daily":false,"chose_seed":false,"campfire_upgraded":4,"win_rate":0.0,"timestamp":1613866289,"path_taken":["M","M","$","M","M","E","R","?","T","R","M","M","R","?","R","BOSS","M","M","M","$","?","R","E","M","T","M","R","E","M","M","R","BOSS"],"items_purchased_type":["Relic","Relic","Potion"],"build_version":"2020-12-22","purchased_purges":2,"victory":false,"max_hp_per_floor":[71,71,71,71,71,71,71,71,71,71,71,71,71,71,71,71,71,71,71,71,71,71,71,71,71,71,71,71,71,71,71,71,71,71],"relic_stats":{"Darkstone Periapt":0,"Regal Pillow":30,"counters":[18,72],"Snecko Eye":[103,85,94,81],"Prayer Wheel":9,"obtain_stats":[{"Darkstone Periapt":9,"Regal Pillow":26,"Lantern":29,"Orrery":3,"Snecko Eye":17,"Prayer Wheel":6,"Cracked Core":0,"ClockworkSouvenir":3,"Mercury Hourglass":24},{"Darkstone Periapt":5,"Regal Pillow":13,"Lantern":15,"Orrery":2,"Snecko Eye":8,"Prayer Wheel":5,"Cracked Core":0,"ClockworkSouvenir":2,"Mercury Hourglass":12},{"Darkstone Periapt":14,"Regal Pillow":44,"Lantern":54,"Orrery":6,"Snecko Eye":25,"Prayer Wheel":14,"Cracked Core":0,"ClockworkSouvenir":6,"Mercury Hourglass":41}],"Mercury Hourglass":[111]},"card_choices":[{"not_picked":["Go for the Eyes","Barrage"],"picked":"Streamline","floor":1.0},{"not_picked":["Hologram","Beam Cell"],"picked":"Ball Lightning","floor":2.0},{"not_picked":["Redo","Steam"],"picked":"Fission","floor":3.0},{"not_picked":["Stack","Conserve Battery"],"picked":"Compile Driver","floor":3.0},{"not_picked":["Barrage","White Noise"],"picked":"Sweeping Beam","floor":3.0},{"not_picked":["Fusion","Barrage"],"picked":"Leap","floor":3.0},{"not_picked":["Storm","Melter"],"picked":"Go for the Eyes","floor":4.0},{"not_picked":["Amplify","Go for the Eyes"],"picked":"Conserve Battery","floor":5.0},{"not_picked":["Hologram","Heatsinks"],"picked":"Aggregate","floor":6.0},{"not_picked":["Discovery","Swift Strike"],"picked":"Secret Technique","floor":8.0},{"not_picked":["Redo","Steam Power"],"picked":"Hologram","floor":11.0},{"not_picked":["Go for the Eyes","Melter","Double Energy"],"picked":"SKIP","floor":11.0},{"not_picked":["Go for the Eyes","Barrage"],"picked":"Chill","floor":12.0},{"not_picked":["Streamline","Hologram","Compile Driver"],"picked":"SKIP","floor":12.0},{"not_picked":["Multi-Cast","Fission"],"picked":"Electrodynamics","floor":16},{"not_picked":["Double Energy","Genetic Algorithm"],"picked":"Conserve Battery","floor":18},{"not_picked":["Compile Driver","Sweeping Beam","Blizzard"],"picked":"SKIP","floor":18},{"not_picked":["Go for the Eyes","Beam Cell"],"picked":"Undo","floor":19},{"not_picked":["Barrage","White Noise"],"picked":"Skim","floor":19},{"not_picked":["Skim","Cold Snap"],"picked":"Hologram","floor":20},{"not_picked":["Go for the Eyes","Redo","Ball Lightning"],"picked":"SKIP","floor":20},{"not_picked":["Chaos","Sweeping Beam","Hello World"],"picked":"SKIP","floor":24},{"not_picked":["Streamline","Steam"],"picked":"Coolheaded","floor":25},{"not_picked":["Barrage","Self Repair","Redo+1"],"picked":"SKIP","floor":25},{"not_picked":["Melter","Hologram"],"picked":"Core Surge","floor":27},{"not_picked":["Gash","Storm","Rebound"],"picked":"SKIP","floor":27},{"not_picked":["Conserve Battery","BootSequence","Scrape"],"picked":"SKIP","floor":29},{"not_picked":["Cold Snap+1","Compile Driver"],"picked":"Coolheaded","floor":30},{"not_picked":["Cold Snap","Conserve Battery+1"],"picked":"Glacier","floor":30},{"not_picked":["Conserve Battery","Redo","Steam"],"picked":"SKIP","floor":31},{"not_picked":["Rebound","Conserve Battery","Leap"],"picked":"SKIP","floor":31}],"player_experience":476522,"relics_obtained":[{"floor":6.0,"key":"Prayer Wheel"},{"floor":9.0,"key":"Darkstone Periapt"},{"floor":24,"key":"Mercury Hourglass"},{"floor":26,"key":"Regal Pillow"},{"floor":29,"key":"Lantern"}],"event_choices":[{"damage_healed":0.0,"max_hp_gain":0.0,"max_hp_loss":0.0,"gold_gain":1.0,"event_name":"betterStone:BetterStone","player_choice":"1","floor":8.0,"gold_loss":0.0,"damage_taken":0.0},{"damage_healed":23.0,"max_hp_gain":0.0,"max_hp_loss":0.0,"gold_gain":0.0,"event_name":"Big Fish","player_choice":"Banana","floor":14.0,"gold_loss":0.0,"damage_taken":0.0},{"cards_removed":["Strike_B"],"damage_healed":0,"gold_gain":0,"player_choice":"Purged","damage_taken":0,"max_hp_gain":0,"max_hp_loss":0,"event_name":"Purifier","floor":22,"gold_loss":0}],"is_beta":false,"boss_relics":[{"not_picked":["Philosopher\u0027s Stone","Busted Crown"],"picked":"Snecko Eye"}],"items_purged_floors":[21,21],"is_endless":false,"potions_floor_spawned":[2,5,6,12,24,25,30,31],"killed_by":"Automaton","ascension_level":19}}