{"host":"93bjq340p293ukqy","time":1613940649,"event":{"mods":["BaseMod","Hermit","Minty Spire (QoL Compilation)","StSLib","The Cursed"],"gold_per_floor":[363,375,375,386,406,406,431,431,431,42,71,81,97,97,97,200,200,213,226,260,40,40,72,72,171,171,171,171,187,216,226,226,327,327,344,566,566,83,103,103,118,153,179,198,198,228,228,239,239,239,239],"floor_reached":50,"language":"ENG","playtime":3059,"items_purged":["Normality","Strike_G"],"score":860,"play_id":"aeb9f31e-5984-450c-ad87-b9cb45393b92","local_time":"20210221225049","is_ascension_mode":true,"campfire_choices":[{"data":"Noxious Fumes","floor":6,"key":"SMITH"},{"floor":8,"key":"REST"},{"floor":15,"key":"REST"},{"floor":24,"key":"REST"},{"floor":28,"key":"REST"},{"floor":32,"key":"REST"},{"floor":40,"key":"REST"},{"data":"Envenom","floor":45,"key":"SMITH"},{"data":"Sadistic Nature","floor":49,"key":"SMITH"}],"circlet_count":0,"master_deck":["Strike_G","Strike_G","Strike_G+1","Defend_G","Defend_G","Defend_G","Defend_G","Defend_G","Survivor","Neutralize","Dagger Throw+1","Dagger Throw+1","Noxious Fumes+1","Blur","Terror","Apotheosis","Caltrops","Dramatic Entrance","Envenom+1","Blade Dance","Leg Sweep","After Image","Blade Dance+1","Escape Plan+1","Infinite Blades","Acrobatics","Infinite Blades","Accuracy","Phantasmal Killer","PiercingWail+1","After Image","Footwork","Sadistic Nature+1","Parasite","Noxious Fumes+1"],"relics":["Ring of the Snake","FossilizedHelix","CaptainsWheel","TungstenRod","Sozu","Red Mask","Juzu Bracelet","Lantern","Question Card","Bottled Tornado","Enchiridion","Eternal Feather","HoveringKite","ClockworkSouvenir","HornCleat","Whetstone","White Beast Statue"],"acts_visited":["Exordium","TheCity","TheBeyond"],"potions_floor_usage":[12,16,20,30],"damage_taken":[{"damage":7,"enemies":"Jaw Worm","floor":1,"turns":8},{"damage":1,"enemies":"2 Louse","floor":2,"turns":4},{"damage":0,"enemies":"Cultist","floor":4,"turns":4},{"damage":2,"enemies":"2 Fungi Beasts","floor":5,"turns":4},{"damage":24,"enemies":"Gremlin Nob","floor":7,"turns":5},{"damage":0,"enemies":"Lagavulin","floor":11,"turns":7},{"damage":3,"enemies":"Lots of Slimes","floor":12,"turns":2},{"damage":0,"enemies":"3 Louse","floor":13,"turns":2},{"damage":18,"enemies":"Slime Boss","floor":16,"turns":10},{"damage":0,"enemies":"3 Byrds","floor":18,"turns":5},{"damage":0,"enemies":"Spheric Guardian","floor":19,"turns":4},{"damage":28,"enemies":"Masked Bandits","floor":20,"turns":7},{"damage":18,"enemies":"Book of Stabbing","floor":23,"turns":6},{"damage":0,"enemies":"Chosen and Byrds","floor":29,"turns":4},{"damage":7,"enemies":"Slavers","floor":30,"turns":5},{"damage":7,"enemies":"Centurion and Healer","floor":31,"turns":6},{"damage":39,"enemies":"Collector","floor":33,"turns":6},{"damage":26,"enemies":"3 Darklings","floor":35,"turns":5},{"damage":0,"enemies":"3 Shapes","floor":39,"turns":4},{"damage":2,"enemies":"Maw","floor":41,"turns":6},{"damage":19,"enemies":"Reptomancer","floor":42,"turns":5},{"damage":2,"enemies":"Writhing Mass","floor":44,"turns":5},{"damage":0,"enemies":"Giant Head","floor":46,"turns":5},{"damage":0,"enemies":"Jaw Worm Horde","floor":48,"turns":4},{"damage":98,"enemies":"Awakened One","floor":50,"turns":7}],"seed_played":"8231955207876011339","potions_obtained":[{"floor":4,"key":"GamblersBrew"},{"floor":11,"key":"Swift Potion"},{"floor":12,"key":"AttackPotion"},{"floor":13,"key":"FearPotion"},{"floor":14,"key":"GhostInAJar"},{"floor":14,"key":"Block Potion"},{"floor":14,"key":"PowerPotion"},{"floor":16,"key":"Strength Potion"}],"is_trial":false,"path_per_floor":["M","M","?","M","M","R","E","R","T","$","E","M","M","?","R","B",null,"M","M","?","$","?","E","R","?","T","?","R","M","E","M","R","B",null,"M","?","?","$","M","R","M","E","T","M","R","E","?","M","R","B"],"character_chosen":"THE_SILENT","items_purchased":["Apotheosis","Caltrops","Dramatic Entrance","Infinite Blades","Juzu Bracelet","Footwork","Sadistic Nature","ClockworkSouvenir"],"campfire_rested":6,"item_purchase_floors":[10,10,10,21,21,38,38,38],"current_hp_per_floor":[56,55,55,55,53,53,29,50,50,50,50,47,47,47,68,50,65,65,65,37,37,37,19,40,40,40,28,49,49,42,35,70,31,60,34,34,34,34,34,70,68,49,49,47,68,68,68,68,70,0,0],"gold":239,"neow_bonus":"TWO_FIFTY_GOLD","is_daily":false,"chose_seed":false,"campfire_upgraded":3,"win_rate":0.0,"timestamp":1613940649,"path_taken":["M","M","?","M","M","R","E","R","T","$","E","M","M","?","R","BOSS","M","M","?","$","?","E","R","?","T","?","R","M","E","M","R","BOSS","M","?","?","$","M","R","M","E","T","M","R","E","?","M","R","BOSS"],"items_purchased_type":["Card","Card","Card","Card","Relic","Card","Card","Relic"],"build_version":"2020-12-22","purchased_purges":2,"victory":false,"max_hp_per_floor":[70,70,70,70,70,70,70,70,70,70,70,70,70,70,70,70,70,70,70,70,70,70,70,70,70,70,70,70,70,70,70,70,70,70,70,70,70,70,70,70,70,70,70,70,70,70,70,70,70,70,70],"card_choices":[{"not_picked":["Poisoned Stab","Slice"],"picked":"Dagger Throw","floor":1},{"not_picked":["Quick Slash","Poisoned Stab"],"picked":"Dagger Throw","floor":2},{"not_picked":["Heel Hook","Backstab"],"picked":"Noxious Fumes","floor":4},{"not_picked":["Setup","Quick Slash"],"picked":"Blur","floor":5},{"not_picked":["Deflect","Underhanded Strike"],"picked":"Terror","floor":7},{"not_picked":["Deflect","Choke"],"picked":"Envenom","floor":11},{"not_picked":["Blade Dance","Underhanded Strike","Dodge and Roll"],"picked":"SKIP","floor":12},{"not_picked":["Underhanded Strike","Dodge and Roll"],"picked":"Blade Dance","floor":12},{"not_picked":["Bouncing Flask","Underhanded Strike"],"picked":"Leg Sweep","floor":13},{"not_picked":["Wraith Form v2","Burst"],"picked":"After Image","floor":16},{"not_picked":["Accuracy","Dodge and Roll"],"picked":"Blade Dance+1","floor":18},{"not_picked":["Expertise+1","Predator+1","Poisoned Stab"],"picked":"SKIP","floor":19},{"not_picked":["Catalyst","Deadly Poison"],"picked":"Escape Plan+1","floor":20},{"not_picked":["Noxious Fumes","Flying Knee","Well Laid Plans"],"picked":"SKIP","floor":23},{"not_picked":["Crippling Poison","Deadly Poison","Outmaneuver"],"picked":"Acrobatics","floor":29},{"not_picked":["Blade Dance","Endless Agony","Bouncing Flask"],"picked":"Infinite Blades","floor":30},{"not_picked":["Deflect+1","Slice","Bullet Time"],"picked":"Accuracy","floor":31},{"not_picked":["Burst","Venomology","Wraith Form v2"],"picked":"Phantasmal Killer","floor":33},{"not_picked":["Quick Slash+1","Deflect","Poisoned Stab"],"picked":"PiercingWail+1","floor":35},{"not_picked":["PiercingWail+1","Sucker Punch+1","Poisoned Stab+1","Deadly Poison+1"],"picked":"SKIP","floor":39},{"not_picked":["Distraction+1","Cloak And Dagger+1","Poisoned Stab+1","Outmaneuver"],"picked":"SKIP","floor":41},{"not_picked":["Masterful Stab+1","Bane+1","All Out Attack+1","Skewer+1"],"picked":"SKIP","floor":42},{"not_picked":["Poisoned Stab","Catalyst","Flying Knee+1","Corpse Explosion"],"picked":"SKIP","floor":44},{"not_picked":["Acrobatics+1","Poisoned Stab","Escape Plan"],"picked":"Noxious Fumes+1","floor":46},{"not_picked":["Masterful Stab","Dodge and Roll","Quick Slash","Deadly Poison"],"picked":"SKIP","floor":48}],"player_experience":271354,"relics_obtained":[{"floor":7,"key":"FossilizedHelix"},{"floor":9,"key":"CaptainsWheel"},{"floor":11,"key":"TungstenRod"},{"floor":20,"key":"Red Mask"},{"floor":23,"key":"Question Card"},{"floor":26,"key":"Bottled Tornado"},{"floor":27,"key":"Enchiridion"},{"floor":30,"key":"Eternal Feather"},{"floor":42,"key":"HornCleat"},{"floor":43,"key":"Whetstone"},{"floor":46,"key":"White Beast Statue"}],"event_choices":[{"damage_healed":0,"gold_gain":0,"player_choice":"Grow","damage_taken":0,"max_hp_gain":0,"max_hp_loss":0,"event_name":"Living Wall","floor":3,"gold_loss":0,"cards_upgraded":["Dagger Throw"]},{"damage_healed":0,"gold_gain":0,"player_choice":"Got Potions","damage_taken":0,"max_hp_gain":0,"max_hp_loss":0,"event_name":"Lab","floor":14,"gold_loss":0},{"damage_healed":0,"gold_gain":0,"player_choice":"Fought Bandits","damage_taken":0,"max_hp_gain":0,"max_hp_loss":0,"event_name":"Masked Bandits","floor":20,"gold_loss":0},{"damage_healed":0,"gold_gain":0,"player_choice":"Gave Potion","damage_taken":0,"relics_obtained":["Lantern"],"max_hp_gain":0,"max_hp_loss":0,"event_name":"WeMeetAgain","floor":22,"gold_loss":0},{"damage_healed":0,"gold_gain":99,"player_choice":"Stole From Cult","damage_taken":0,"max_hp_gain":0,"max_hp_loss":0,"event_name":"Nest","floor":25,"gold_loss":0},{"damage_healed":0,"gold_gain":0,"player_choice":"Obtained Book","damage_taken":16,"max_hp_gain":0,"max_hp_loss":0,"event_name":"Cursed Tome","floor":27,"gold_loss":0},{"damage_healed":0,"gold_gain":222,"player_choice":"Wore Mask","damage_taken":0,"max_hp_gain":0,"max_hp_loss":0,"event_name":"Tomb of Lord Red Mask","floor":36,"gold_loss":0},{"damage_healed":0,"gold_gain":0,"player_choice":"Copied","damage_taken":0,"max_hp_gain":0,"max_hp_loss":0,"event_name":"Duplicator","floor":37,"gold_loss":0,"cards_obtained":["After Image"]},{"cards_removed":["Strike_G"],"damage_healed":0,"gold_gain":0,"player_choice":"Removed Attack","damage_taken":0,"max_hp_gain":0,"max_hp_loss":0,"event_name":"Falling","floor":47,"gold_loss":0}],"is_beta":false,"boss_relics":[{"not_picked":["Coffee Dripper","Empty Cage"],"picked":"Sozu"},{"not_picked":["Snecko Eye","Runic Pyramid"],"picked":"HoveringKite"}],"items_purged_floors":[10,38],"is_endless":false,"potions_floor_spawned":[4,11,12,13,16,23,30,31,41,42,48],"killed_by":"Awakened One","ascension_level":7}}