{"host":"9pdg8buogrkk8pz5","time":1613884573,"event":{"mods":["AchievementEnabler","Act Like it!","Bard","BaseMod","ChefMod","Dark Map","Minty Spire (QoL Compilation)","Potionbrewer","StSLib","The Cursed","The Disciple","The Forsaken","The Marked","The Runesmith","The Showman","The Spell Scribe","TheVacant"],"gold_per_floor":[117,133,133,133,152,152,182,97,97,97,116,116,127,174,174,277,277,287,30,0,0,65,100,87,87,141,141,191,209,209,259,259,354,404,424,474,493,9,73,37,87,99,99,74,92,104,104,117,117,117,117],"floor_reached":50,"language":"ENG","playtime":3998,"items_purged":[],"score":510,"play_id":"84c24e71-cdc9-4cc5-b932-00587081dc10","local_time":"20210221001613","is_ascension_mode":false,"campfire_choices":[{"data":"Runesmith:UnstableHammer","floor":6,"key":"SMITH"},{"floor":10,"key":"REST"},{"data":"Runesmith:Repurpose","floor":15,"key":"SMITH"},{"floor":25,"key":"REST"},{"floor":27,"key":"REST"},{"floor":30,"key":"REST"},{"data":"Runesmith:LithiumIon","floor":32,"key":"SMITH"},{"floor":47,"key":"REST"},{"floor":49,"key":"REST"}],"circlet_count":0,"master_deck":["Runesmith:Strike_RS","Runesmith:Strike_RS","Runesmith:Strike_RS","Runesmith:Strike_RS","Runesmith:Defend_RS","Runesmith:Defend_RS","Runesmith:Defend_RS","Runesmith:Defend_RS","Runesmith:CraftFirestone+1","Runesmith:Fortify","Runesmith:RuneHurl","Runesmith:UnstableHammer+1","Runesmith:HeatExchange","Runesmith:CraftVitae","Runesmith:ChiselStab+1","Runesmith:LithiumIon+1","Runesmith:EnergizedChisel","Runesmith:Repurpose+1","Runesmith:ArcReactor","Runesmith:HammerThrow","Runesmith:Terraform","Runesmith:Firewall","Runesmith:CraftMagma","Runesmith:CraftSpiculum","Runesmith:MakeshiftArmor+1","Runesmith:EarthShield","Runesmith:MetallurgicalResearch","Runesmith:Grindstone","Runesmith:Superposition+1","Runesmith:MakeshiftArmor+1","Runesmith:ChiselStab+1","Runesmith:CraftPrismatica","Runesmith:HeatedChisel+1","Runesmith:EnergizedChisel+1","Runesmith:CraftMagma","Runesmith:RunicBlueprint","Runesmith:ReplicatingBarrier","Runesmith:HammerTime","Runesmith:UnstableHammer+1","Runesmith:Grindstone","Runesmith:EnergizedChisel","Runesmith:CraftMagma","Runesmith:OneForEveryone+1"],"relics":["Runesmith:BrokenRuby","Unceasing Top","Shuriken","Smiling Mask","theForsaken:PaleLantern","SsserpentHead","StoneCalendar","potionbrewer:Torch","Art of War","Tiny House","CaptainsWheel","Orrery","Sundial"],"acts_visited":["Exordium","TheCity","TheBeyond"],"potions_floor_usage":[7,22,39,45,50],"damage_taken":[{"damage":6,"enemies":"2 Louse","floor":1,"turns":2},{"damage":6,"enemies":"Jaw Worm","floor":2,"turns":3},{"damage":0,"enemies":"Small Slimes","floor":5,"turns":2},{"damage":14,"enemies":"Gremlin Nob","floor":7,"turns":3},{"damage":0,"enemies":"Looter","floor":11,"turns":3},{"damage":5,"enemies":"Exordium Wildlife","floor":13,"turns":3},{"damage":19,"enemies":"Slime Boss","floor":16,"turns":8},{"damage":5,"enemies":"Chosen","floor":18,"turns":4},{"damage":18,"enemies":"2 Thieves","floor":20,"turns":4},{"damage":36,"enemies":"3 Cultists","floor":22,"turns":6},{"damage":46,"enemies":"Gremlin Leader","floor":23,"turns":8},{"damage":23,"enemies":"Snecko","floor":29,"turns":6},{"damage":27,"enemies":"Automaton","floor":33,"turns":9},{"damage":23,"enemies":"3 Shapes","floor":35,"turns":5},{"damage":12,"enemies":"Orb Walker","floor":37,"turns":4},{"damage":0,"enemies":"Transient","floor":39,"turns":5},{"damage":43,"enemies":"Sphere and 2 Shapes","floor":42,"turns":7},{"damage":17,"enemies":"4 Shapes","floor":45,"turns":5},{"damage":0,"enemies":"Transient","floor":46,"turns":5},{"damage":1,"enemies":"Jaw Worm Horde","floor":48,"turns":4},{"damage":73,"enemies":"Donu and Deca","floor":50,"turns":8}],"seed_played":"-3649122153846351629","potions_obtained":[{"floor":2,"key":"FearPotion"},{"floor":11,"key":"potionbrewer:BoundlessPotion"},{"floor":16,"key":"potionbrewer:DiscountPotion"},{"floor":18,"key":"GamblersBrew"},{"floor":29,"key":"BlessingOfTheForge"},{"floor":33,"key":"Strength Potion"},{"floor":34,"key":"LiquidMemories"},{"floor":36,"key":"FairyPotion"},{"floor":45,"key":"potionbrewer:EndurancePotion"}],"is_trial":false,"path_per_floor":["M","M","?","?","M","R","E","$","T","R","M","?","M","T","R","B",null,"M","$","M","?","M","E","?","R","T","R","?","M","R","T","R","B",null,"M","?","M","$","M","$","?","M","T","$","M","M","R","M","R","B"],"character_chosen":"RUNESMITH_CLASS","items_purchased":["Runesmith:ChiselStab","Runesmith:LithiumIon","FairyPotion","Runesmith:Terraform","Runesmith:Firewall","CaptainsWheel","Orrery","Runesmith:CraftMagma","Runesmith:RunicBlueprint","Runesmith:HammerTime","Runesmith:Grindstone"],"campfire_rested":6,"item_purchase_floors":[8,8,19,19,19,38,38,38,38,40,44],"current_hp_per_floor":[71,65,65,65,65,65,51,51,51,74,74,74,69,69,69,50,77,72,72,54,54,18,1,21,44,44,67,67,44,67,67,67,40,82,59,59,47,47,47,47,47,4,4,4,19,19,43,42,66,0,0],"gold":117,"neow_bonus":"TEN_PERCENT_HP_BONUS","is_daily":false,"chose_seed":false,"campfire_upgraded":3,"win_rate":0.0,"timestamp":1613884573,"path_taken":["M","M","?","?","M","R","E","$","T","R","M","?","M","?","R","BOSS","M","$","M","?","?","E","?","R","T","R","?","M","R","?","R","BOSS","M","?","M","?","?","$","?","M","T","$","M","M","R","M","R","BOSS"],"items_purchased_type":["Card","Card","Potion","Card","Card","Relic","Relic","Card","Card","Card","Card"],"build_version":"2020-12-22","purchased_purges":0,"victory":false,"max_hp_per_floor":[77,77,77,77,77,77,77,77,77,77,77,77,77,77,77,77,77,77,77,77,77,77,77,77,77,77,77,77,77,77,77,77,77,82,82,82,82,82,82,82,82,82,82,82,82,82,82,82,82,82,82],"card_choices":[{"not_picked":["Runesmith:ShiftingStrike","Runesmith:BackupBattery"],"picked":"Runesmith:RuneHurl","floor":1},{"not_picked":["Runesmith:Permafrost","Runesmith:Overpower"],"picked":"Runesmith:UnstableHammer","floor":2},{"not_picked":["Runesmith:ChaoticBlast","Runesmith:MakeshiftArmor"],"picked":"Runesmith:HeatExchange","floor":5},{"not_picked":["Runesmith:Firewall","Runesmith:Overpower"],"picked":"Runesmith:CraftVitae","floor":7},{"not_picked":["Runesmith:HammerAndChisel","Runesmith:ChiselStab"],"picked":"Runesmith:EnergizedChisel","floor":11},{"not_picked":["Runesmith:NanitesCloud","Runesmith:StaticCage"],"picked":"Runesmith:Repurpose","floor":13},{"not_picked":["Runesmith:CraftMedicinae","Runesmith:FissionHammer"],"picked":"Runesmith:ArcReactor","floor":16},{"not_picked":["Runesmith:ShiftingStrike","Runesmith:PoweredAnvil"],"picked":"Runesmith:HammerThrow","floor":18},{"not_picked":["Runesmith:RuneHurl+1","Runesmith:HeatedChisel"],"picked":"Runesmith:CraftMagma","floor":20},{"not_picked":["Runesmith:Terraform","Runesmith:RuneHurl"],"picked":"Runesmith:CraftSpiculum","floor":22},{"not_picked":["Runesmith:NanitesCloud","Runesmith:LightningRod"],"picked":"Runesmith:MakeshiftArmor+1","floor":23},{"not_picked":["Runesmith:BackupBattery","Runesmith:NegativeSpace"],"picked":"Runesmith:EarthShield","floor":29},{"not_picked":["Runesmith:ReplicatingBarrier","Runesmith:Duplicate"],"picked":"Runesmith:MetallurgicalResearch","floor":33},{"not_picked":["Runesmith:UnstableHammer","Runesmith:PoweredAnvil"],"picked":"Runesmith:Grindstone","floor":34},{"not_picked":["Runesmith:CraftProtectio","Runesmith:HammerThrow"],"picked":"Runesmith:Superposition+1","floor":35},{"not_picked":["Runesmith:Refine+1","Runesmith:Grindstone"],"picked":"Runesmith:EnergizedChisel","floor":37},{"not_picked":["Runesmith:Retool","Runesmith:DoubleUp"],"picked":"Runesmith:MakeshiftArmor+1","floor":38},{"not_picked":["Runesmith:CraftReservo","Runesmith:NegativeSpace+1"],"picked":"Runesmith:ChiselStab+1","floor":38},{"not_picked":["Runesmith:Firewall","Runesmith:BackupBattery+1"],"picked":"Runesmith:CraftPrismatica","floor":38},{"not_picked":["Runesmith:BackupBattery+1","Runesmith:UnstableHammer"],"picked":"Runesmith:HeatedChisel+1","floor":38},{"not_picked":["Runesmith:ShiftingStrike","Runesmith:CraftMagma+1"],"picked":"Runesmith:EnergizedChisel+1","floor":38},{"not_picked":["Runesmith:Repurpose+1","Runesmith:HammerThrow+1"],"picked":"Runesmith:ReplicatingBarrier","floor":39},{"not_picked":["Runesmith:RuneHurl","Runesmith:Empowerment+1"],"picked":"Runesmith:UnstableHammer+1","floor":42},{"not_picked":["Runesmith:NegativeSpace","Runesmith:ChiselStab"],"picked":"Runesmith:EnergizedChisel","floor":45},{"not_picked":["Runesmith:StaticCage","Runesmith:ElementalConversion+1"],"picked":"Runesmith:CraftMagma","floor":46},{"not_picked":["Runesmith:ShiftingStrike+1","Runesmith:Grindstone"],"picked":"Runesmith:OneForEveryone+1","floor":48}],"player_experience":86841,"relics_obtained":[{"floor":7,"key":"Unceasing Top"},{"floor":9,"key":"Shuriken"},{"floor":14,"key":"Smiling Mask"},{"floor":23,"key":"StoneCalendar"},{"floor":26,"key":"potionbrewer:Torch"},{"floor":31,"key":"Art of War"},{"floor":43,"key":"Sundial"}],"event_choices":[{"damage_healed":0,"gold_gain":0,"player_choice":"Grow","damage_taken":0,"max_hp_gain":0,"max_hp_loss":0,"event_name":"Living Wall","floor":3,"gold_loss":0,"cards_upgraded":["Runesmith:CraftFirestone"]},{"damage_healed":0,"gold_gain":0,"player_choice":"Ignored","damage_taken":0,"max_hp_gain":0,"max_hp_loss":0,"event_name":"Shining Light","floor":4,"gold_loss":0},{"damage_healed":0,"gold_gain":0,"player_choice":"Fled","damage_taken":0,"max_hp_gain":0,"max_hp_loss":0,"event_name":"Scrap Ooze","floor":12,"gold_loss":0},{"damage_healed":0,"gold_gain":0,"player_choice":"Trade","damage_taken":0,"relics_obtained":["SsserpentHead"],"max_hp_gain":0,"max_hp_loss":0,"event_name":"FaceTrader","floor":21,"gold_loss":0},{"damage_healed":0,"gold_gain":0,"player_choice":"Ignored","damage_taken":0,"max_hp_gain":0,"max_hp_loss":0,"event_name":"Ghosts","floor":28,"gold_loss":0},{"damage_healed":0,"gold_gain":0,"player_choice":"Got Potions","damage_taken":0,"max_hp_gain":0,"max_hp_loss":0,"event_name":"Lab","floor":36,"gold_loss":0},{"cards_removed":["Runesmith:EnergizedChisel"],"damage_healed":0,"gold_gain":0,"player_choice":"Removed Attack","damage_taken":0,"max_hp_gain":0,"max_hp_loss":0,"event_name":"Falling","floor":41,"gold_loss":0}],"is_beta":false,"boss_relics":[{"not_picked":["Astrolabe","Busted Crown"],"picked":"theForsaken:PaleLantern"},{"not_picked":["Runic Dome","Snecko Eye"],"picked":"Tiny House"}],"items_purged_floors":[],"is_endless":false,"potions_floor_spawned":[2,11,16,18,29,33,35,37,45],"killed_by":"Donu and Deca","ascension_level":0}}