{"host":"6r762osam2bvfm66","time":1613881200,"event":{"mods":["AchievementEnabler","BaseMod","Bestiary","Colored Map","Highlight Path","Minty Spire (QoL Compilation)","Relic Stats"],"gold_per_floor":[217,228,243,243,259,286,286,286,337,64,64,87,122,151,151,280,352,370,109,137,167,190,190,240,165,191,207,207,238,238,257,257,388,388,411,137,137,137,151,151,169,224,224,224,224,272,182,404,404,404],"floor_reached":51,"language":"ENG","playtime":3050,"items_purged":["Strike_G","Skewer","Choke"],"score":968,"play_id":"47cf7d4a-2c7f-435c-82e3-8a49e2bb2ef1","local_time":"20210220222000","is_ascension_mode":true,"campfire_choices":[{"data":"Noxious Fumes","floor":7,"key":"SMITH"},{"data":"Storm of Steel","floor":11,"key":"SMITH"},{"data":"Malaise","floor":15,"key":"SMITH"},{"floor":23,"key":"REST"},{"floor":28,"key":"REST"},{"data":"Wraith Form v2","floor":30,"key":"SMITH"},{"data":"Accuracy","floor":32,"key":"SMITH"},{"floor":40,"key":"RECALL"},{"floor":49,"key":"REST"}],"circlet_count":0,"master_deck":["Survivor+1","Neutralize+1","Backflip+1","Blade Dance+1","Storm of Steel+1","Adrenaline+1","Accuracy+1","PiercingWail+1","Caltrops+1","Malaise+1","Wraith Form v2+1","Terror+1","Flying Knee+1","Venomology+1","Quick Slash+1","All Out Attack+1","Riddle With Holes+1","Leg Sweep+1","Dodge and Roll+1","Deflect+1","Backflip+1","Footwork+1","Accuracy+1","Dash+1","Concentrate+1"],"relics":["Ring of the Snake","Gremlin Horn","Golden Idol","Potion Belt","Membership Card","CeramicFish","Pandora\u0027s Box","Paper Crane","Juzu Bracelet","Blood Vial","Happy Flower","Red Mask","Runic Pyramid","Bag of Marbles","Whetstone","Mark of the Bloom","Bag of Preparation","Meat on the Bone","White Beast Statue"],"acts_visited":["Exordium","TheCity","TheBeyond"],"potions_floor_usage":[5,6,21,22,24,24,24,31,33,35,46,50,50,50,50,50],"damage_taken":[{"damage":0.0,"enemies":"Cultist","floor":1.0,"turns":6.0},{"damage":1,"enemies":"2 Louse","floor":2,"turns":4},{"damage":0,"enemies":"Jaw Worm","floor":3,"turns":5},{"damage":0,"enemies":"Large Slime","floor":5,"turns":5},{"damage":17,"enemies":"Lagavulin","floor":6,"turns":5},{"damage":0,"enemies":"3 Louse","floor":12,"turns":1},{"damage":7,"enemies":"3 Sentries","floor":13,"turns":5},{"damage":8,"enemies":"Blue Slaver","floor":14,"turns":2},{"damage":6,"enemies":"Hexaghost","floor":16,"turns":8},{"damage":10,"enemies":"Spheric Guardian","floor":18,"turns":3},{"damage":8,"enemies":"Shell Parasite","floor":20,"turns":5},{"damage":16,"enemies":"Centurion and Healer","floor":21,"turns":6},{"damage":5,"enemies":"Shelled Parasite and Fungi","floor":22,"turns":5},{"damage":15,"enemies":"Book of Stabbing","floor":24,"turns":5},{"damage":0,"enemies":"Cultist and Chosen","floor":27,"turns":6},{"damage":3,"enemies":"Masked Bandits","floor":29,"turns":5},{"damage":10,"enemies":"3 Cultists","floor":31,"turns":6},{"damage":10,"enemies":"Champ","floor":33,"turns":13},{"damage":11,"enemies":"3 Darklings","floor":35,"turns":5},{"damage":1,"enemies":"Orb Walker","floor":39,"turns":3},{"damage":0,"enemies":"Sphere and 2 Shapes","floor":41,"turns":6},{"damage":0,"enemies":"Giant Head","floor":46,"turns":4},{"damage":48,"enemies":"Time Eater","floor":50,"turns":10}],"seed_played":"3036130899848240992","potions_obtained":[{"floor":2,"key":"SteroidPotion"},{"floor":3,"key":"PowerPotion"},{"floor":6,"key":"BlessingOfTheForge"},{"floor":13,"key":"AttackPotion"},{"floor":14,"key":"Strength Potion"},{"floor":18,"key":"Dexterity Potion"},{"floor":27,"key":"Ancient Potion"},{"floor":31,"key":"Strength Potion"},{"floor":33,"key":"LiquidBronze"},{"floor":39,"key":"Weak Potion"}],"is_trial":false,"path_per_floor":["M","M","M","?","M","E","R","?","T","$","R","M","E","M","R","B",null,"M","$","M","M","M","R","E","?","T","M","R","?","R","M","R","B",null,"M","$","?","?","M","R","M","T","T","?","?","E","?","?","R","B",null],"character_chosen":"THE_SILENT","items_purchased":["Membership Card","Accuracy","Choke","PiercingWail","Leg Sweep","Paper Crane","Juzu Bracelet","Bag of Marbles","Accuracy","Whetstone","Dash"],"campfire_rested":3,"item_purchase_floors":[10,10,10,10,19,19,19,36,36,36,36],"current_hp_per_floor":[63,62,62,62,62,45,45,28,28,28,28,28,21,13,13,7,54,44,44,36,20,15,36,21,21,21,23,44,43,43,35,35,27,59,50,50,50,50,49,49,49,49,49,49,49,49,49,49,49,1],"gold":404,"neow_bonus":"HUNDRED_GOLD","is_daily":false,"chose_seed":false,"campfire_upgraded":5,"win_rate":0.0,"timestamp":1613881200,"path_taken":["M","M","M","?","M","E","R","?","T","$","R","M","E","M","R","BOSS","M","$","M","M","M","R","E","?","T","M","R","?","R","M","R","BOSS","M","$","?","?","M","R","M","?","T","?","?","E","?","?","R","BOSS"],"items_purchased_type":["Relic","Card","Card","Card","Card","Relic","Relic","Relic","Card","Relic","Card"],"build_version":"2020-12-22","purchased_purges":3,"victory":true,"max_hp_per_floor":[70,70,70,70,70,70,70,70,70,70,70,70,70,70,70,70,70,70,70,70,70,70,70,70,70,70,70,70,70,70,70,70,70,70,70,70,70,66,66,66,66,66,66,66,66,66,66,66,66,66],"relic_stats":{"Mark of the Bloom":39,"Gremlin Horn":[14,14],"Happy Flower":[19],"counters":[23,123],"Golden Idol":148,"CeramicFish":162,"Juzu Bracelet":2,"Bag of Preparation":[4],"Whetstone":["Quick Slash","Flying Knee"],"Blood Vial":10,"Pandora\u0027s Box":["Choke","Terror","Flying Knee","Venomology","Quick Slash","Skewer","All Out Attack","Riddle With Holes"],"obtain_stats":[{"Potion Belt":9,"Mark of the Bloom":37,"Gremlin Horn":6,"Happy Flower":26,"Golden Idol":8,"CeramicFish":13,"Juzu Bracelet":19,"Bag of Preparation":42,"Whetstone":36,"Paper Crane":19,"White Beast Statue":46,"Blood Vial":24,"Pandora\u0027s Box":17,"Red Mask":29,"Bag of Marbles":36,"Membership Card":10,"Ring of the Snake":0,"Runic Pyramid":34,"Meat on the Bone":43},{"Potion Belt":5,"Mark of the Bloom":19,"Gremlin Horn":5,"Happy Flower":14,"Golden Idol":5,"CeramicFish":7,"Juzu Bracelet":10,"Bag of Preparation":21,"Whetstone":19,"Paper Crane":10,"White Beast Statue":22,"Blood Vial":14,"Pandora\u0027s Box":9,"Red Mask":16,"Bag of Marbles":19,"Membership Card":5,"Ring of the Snake":0,"Runic Pyramid":18,"Meat on the Bone":21},{"Potion Belt":25,"Mark of the Bloom":100,"Gremlin Horn":25,"Happy Flower":65,"Golden Idol":25,"CeramicFish":31,"Juzu Bracelet":44,"Bag of Preparation":109,"Whetstone":100,"Paper Crane":44,"White Beast Statue":113,"Blood Vial":65,"Pandora\u0027s Box":41,"Red Mask":76,"Bag of Marbles":100,"Membership Card":25,"Ring of the Snake":0,"Runic Pyramid":95,"Meat on the Bone":109}],"Ring of the Snake":[46],"Meat on the Bone":0},"card_choices":[{"not_picked":["Accuracy","Prepared"],"picked":"Backflip","floor":1},{"not_picked":["PiercingWail","Prepared"],"picked":"Noxious Fumes","floor":2},{"not_picked":["Prepared","Backstab"],"picked":"Blade Dance","floor":3},{"not_picked":["Setup","Calculated Gamble"],"picked":"Flying Knee","floor":5},{"not_picked":["Deflect","Bane"],"picked":"Adrenaline","floor":6},{"not_picked":["Bane","Prepared","Caltrops"],"picked":"SKIP","floor":12},{"not_picked":["Bane","Prepared"],"picked":"Caltrops","floor":12},{"not_picked":["Sucker Punch","Cloak And Dagger","Eviscerate"],"picked":"SKIP","floor":13},{"not_picked":["Noxious Fumes","PiercingWail"],"picked":"Malaise","floor":14},{"not_picked":["Corpse Explosion","Grand Finale"],"picked":"Wraith Form v2","floor":16},{"not_picked":["Flying Knee","Skewer","Deadly Poison+1"],"picked":"SKIP","floor":18},{"not_picked":["Sucker Punch","Deflect"],"picked":"Dodge and Roll","floor":20},{"not_picked":["Deadly Poison","Acrobatics"],"picked":"Deflect","floor":21},{"not_picked":["Tactician","Deadly Poison"],"picked":"Backflip","floor":22},{"not_picked":["Storm of Steel","Prepared"],"picked":"Footwork+1","floor":24},{"not_picked":["PiercingWail","Dagger Throw","Sucker Punch"],"picked":"SKIP","floor":27},{"not_picked":["Sucker Punch+1","Deadly Poison","Dagger Spray"],"picked":"SKIP","floor":31},{"not_picked":["Blur","Tactician+1","Well Laid Plans"],"picked":"SKIP","floor":35},{"not_picked":["Dagger Spray+1","Bane+1","Deflect"],"picked":"SKIP","floor":39},{"not_picked":["Escape Plan+1","Heel Hook","Dagger Spray+1"],"picked":"SKIP","floor":41},{"not_picked":["Acrobatics+1","Prepared"],"picked":"Concentrate","floor":46}],"player_experience":123746,"relics_obtained":[{"floor":6,"key":"Gremlin Horn"},{"floor":9,"key":"Potion Belt"},{"floor":13,"key":"CeramicFish"},{"floor":24,"key":"Blood Vial"},{"floor":26,"key":"Happy Flower"},{"floor":29,"key":"Red Mask"},{"floor":42,"key":"Bag of Preparation"},{"floor":43,"key":"Meat on the Bone"},{"floor":46,"key":"White Beast Statue"}],"event_choices":[{"damage_healed":0,"gold_gain":0,"cards_transformed":["Strike_G"],"player_choice":"Change","damage_taken":0,"max_hp_gain":0,"max_hp_loss":0,"event_name":"Living Wall","floor":4,"gold_loss":0,"cards_obtained":["Storm of Steel"]},{"damage_healed":0,"gold_gain":0,"player_choice":"Take Damage","damage_taken":17,"relics_obtained":["Golden Idol"],"max_hp_gain":0,"max_hp_loss":0,"event_name":"Golden Idol","floor":8,"gold_loss":0},{"cards_removed":["Choke"],"damage_healed":0,"gold_gain":0,"player_choice":"Gave Gold","damage_taken":0,"max_hp_gain":0,"max_hp_loss":0,"event_name":"Beggar","floor":25,"gold_loss":75},{"damage_healed":0,"gold_gain":0,"player_choice":"Fought Bandits","damage_taken":0,"max_hp_gain":0,"max_hp_loss":0,"event_name":"Masked Bandits","floor":29,"gold_loss":0},{"damage_healed":0,"gold_gain":0,"player_choice":"Upgrade","damage_taken":0,"relics_obtained":["Mark of the Bloom"],"max_hp_gain":0,"max_hp_loss":0,"event_name":"MindBloom","floor":37,"gold_loss":0,"cards_upgraded":["Survivor","Neutralize","Backflip","Blade Dance","Flying Knee","Adrenaline","PiercingWail","Caltrops","Terror","Venomology","All Out Attack","Riddle With Holes","Leg Sweep","Dodge and Roll","Deflect","Backflip","Accuracy","Dash"]},{"damage_healed":0,"gold_gain":0,"player_choice":"Max HP","damage_taken":0,"max_hp_gain":0,"max_hp_loss":4,"event_name":"Winding Halls","floor":38,"gold_loss":0},{"damage_healed":0,"gold_gain":0,"player_choice":"Ignored","damage_taken":0,"max_hp_gain":0,"max_hp_loss":0,"event_name":"Mysterious Sphere","floor":44,"gold_loss":0},{"cards_removed":["Flying Knee"],"damage_healed":0,"gold_gain":0,"player_choice":"Removed Attack","damage_taken":0,"max_hp_gain":0,"max_hp_loss":0,"event_name":"Falling","floor":45,"gold_loss":0},{"cards_removed":["Noxious Fumes"],"damage_healed":0,"gold_gain":0,"player_choice":"Upgrade and Remove","damage_taken":0,"max_hp_gain":0,"max_hp_loss":0,"event_name":"Designer","floor":47,"gold_loss":90,"cards_upgraded":["Concentrate"]},{"damage_healed":0,"gold_gain":222,"player_choice":"Wore Mask","damage_taken":0,"max_hp_gain":0,"max_hp_loss":0,"event_name":"Tomb of Lord Red Mask","floor":48,"gold_loss":0}],"is_beta":false,"boss_relics":[{"not_picked":["Philosopher\u0027s Stone","Black Star"],"picked":"Pandora\u0027s Box"},{"not_picked":["Tiny House","Coffee Dripper"],"picked":"Runic Pyramid"}],"items_purged_floors":[10,19,36],"is_endless":false,"potions_floor_spawned":[2,3,6,13,14,18,27,31,33,39,41],"ascension_level":7}}