{"host":"d3b2x3wue20uj2ir","time":1613875277,"event":{"mods":["AchievementEnabler","BaseMod","Better Third Choice","BetterRewards","Exacting","FTL Soundtrack","Minty Spire (QoL Compilation)","Shop Mod","StSLib"],"gold_per_floor":[112,112,112,127,127,127,139,115,142,174,188,188,188],"floor_reached":12,"language":"ENG","playtime":327,"items_purged":[],"score":90,"play_id":"bd580b49-8085-46fe-9aad-a0b5a18afa51","local_time":"20210221124117","is_ascension_mode":true,"campfire_choices":[{"data":"Loop","floor":6,"key":"SMITH"}],"circlet_count":0,"master_deck":["Strike_B","Strike_B","Strike_B","Defend_B","Defend_B","Defend_B","Defend_B","Zap+1","Dualcast","Aggregate","Loop+1","Genetic Algorithm","Leap","Heatsinks","Hello World"],"relics":["Cracked Core","betterThird:SlimedRelic","Prayer Wheel"],"acts_visited":["Exordium"],"potions_floor_usage":[4,12],"damage_taken":[{"damage":3,"enemies":"2 Louse","floor":1,"turns":2},{"damage":7,"enemies":"Jaw Worm","floor":4,"turns":2},{"damage":1,"enemies":"Cultist","floor":7,"turns":3},{"damage":20,"enemies":"Lagavulin","floor":10,"turns":7},{"damage":9,"enemies":"Blue Slaver","floor":11,"turns":5},{"damage":35,"enemies":"Gremlin Nob","floor":12,"turns":4}],"seed_played":"2466510466540557803","potions_obtained":[{"floor":1,"key":"Fire Potion"},{"floor":11,"key":"FocusPotion"}],"is_trial":false,"path_per_floor":["M","?","?","M","?","R","M","?","T","E","M","E"],"character_chosen":"DEFECT","items_purchased":[],"campfire_rested":0,"item_purchase_floors":[],"current_hp_per_floor":[79,79,79,72,72,72,71,60,60,40,31,0,0],"gold":188,"neow_bonus":"TEN_PERCENT_HP_BONUS","is_daily":false,"chose_seed":false,"campfire_upgraded":1,"win_rate":0.0,"timestamp":1613875277,"path_taken":["M","?","?","?","?","R","M","?","T","E","M","E"],"items_purchased_type":[],"build_version":"2020-12-22","purchased_purges":0,"victory":false,"max_hp_per_floor":[82,82,82,82,82,82,82,82,82,82,82,82,82],"card_choices":[{"not_picked":["Steam","Doom and Gloom"],"picked":"Aggregate","floor":1},{"not_picked":["Recycle","Hologram"],"picked":"Loop","floor":4},{"not_picked":["Hologram","Double Energy"],"picked":"Genetic Algorithm","floor":7},{"not_picked":["Rip and Tear","Steam Power"],"picked":"Leap","floor":10},{"not_picked":["Recycle","Skim"],"picked":"Heatsinks","floor":11},{"not_picked":["Sweeping Beam","Compile Driver"],"picked":"Hello World","floor":11}],"player_experience":716675,"relics_obtained":[{"floor":10,"key":"Prayer Wheel"}],"event_choices":[{"damage_healed":0,"gold_gain":0,"player_choice":"Grow","damage_taken":0,"max_hp_gain":0,"max_hp_loss":0,"event_name":"Living Wall","floor":2,"gold_loss":0,"cards_upgraded":["Zap"]},{"cards_removed":["Strike_B"],"damage_healed":0,"gold_gain":0,"player_choice":"Card Removal","damage_taken":0,"max_hp_gain":0,"max_hp_loss":0,"event_name":"Wheel of Change","floor":3,"gold_loss":0},{"damage_healed":0,"gold_gain":0,"player_choice":"Ignored","damage_taken":0,"max_hp_gain":0,"max_hp_loss":0,"event_name":"Golden Wing","floor":5,"gold_loss":0},{"damage_healed":0,"gold_gain":0,"player_choice":"Slimed","damage_taken":11,"max_hp_gain":0,"max_hp_loss":0,"event_name":"betterThird:BetterGoop","floor":8,"gold_loss":24}],"is_beta":false,"boss_relics":[],"items_purged_floors":[],"is_endless":false,"potions_floor_spawned":[1,11],"killed_by":"Gremlin Nob","ascension_level":3}}