{"host":"YagamiMirai","time":1613872577,"event":{"mods":["Act Like it!","Alarm Clock","BaseMod","Bossed Relics","Conspire","Downfall","Hermit","Minty Spire (QoL Compilation)","Pale of the Ancients","Relic Filter Mod","Reliquary","Replay The Spire","Robot Space Explorer","Spicy Shops","StSLib","The Dragon Tamer","The Gatherer","The Mystic","TheHeartMod","Wide Potions","¡¾ÒÅÎï¿¨ÅÆ¡¿REMEMod","óô»ðÖ¸ÄÏ"],"gold_per_floor":[116,41,41,91,366,401,413,477,554,564,592,35,75,150,150,275,275,305,305,350,300,335,387,413,413,438,438,496,528,585,615,615,726,726,763,813,848,866,917,1004,1044,1044,1093,1150,1150,1150,1247,1330,542,588,588,181,13,68,136],"floor_reached":56,"language":"ZHS","playtime":6295,"items_purged":["sneckomod:Strike","Regret"],"score":1649,"play_id":"60c9649b-2c6c-4620-9ac2-e6d4b87df3e4","local_time":"20210221095617","is_ascension_mode":true,"campfire_choices":[{"data":"sneckomod:TailWhip","floor":15,"key":"SMITH"},{"data":"sneckomod:UnknownBoss","floor":25,"key":"SMITH"},{"floor":32,"key":"RECALL"},{"data":"sneckomod:Unknown0Cost","floor":42,"key":"SMITH"}],"circlet_count":0,"master_deck":["sneckomod:Strike","sneckomod:Strike","sneckomod:Defend","sneckomod:Defend","sneckomod:Defend","sneckomod:TailWhip+1","sneckomod:SnekBite","sneckomod:Unknown","sneckomod:Unknown+1","Guardian:RevengeProtocol","sneckomod:Nope","sneckomod:Unknown1Cost","sneckomod:UnknownExhaust","sneckomod:RainOfDice","sneckomod:Unknown2Cost","sneckomod:UnknownX","sneckomod:UnknownColorless","sneckomod:UnknownExhaust","sneckomod:UnknownBoss+1","sneckomod:UnknownWeak","sneckomod:SoulCleanse+1","sneckomod:SoulExchange","sneckomod:MasterEye+1","sneckomod:WideSting+1","sneckomod:UnknownStrength","sneckomod:Rotation","sneckomod:Cheat+1","sneckomod:WideSting+1","sneckomod:Unknown0Cost+1","sneckomod:UnknownCommonAttack+1","sneckomod:RainOfDice+1","sneckomod:Cheat","sneckomod:UnlimitedRolls+1","sneckomod:MorePower+1","sneckomod:UnknownRareSkill+1","sneckomod:UnknownCommonSkill+1","sneckomod:UnknownX+1","sneckomod:UnknownBoss+1","sneckomod:TrashToTreasure+1","sneckomod:SlitherStrike+1","sneckomod:UnknownWeak+1","sneckomod:UnknownVulnerable+1","sneckomod:UnknownWeak+1","sneckomod:UnknownUncommonAttack+1","sneckomod:UnknownStrength+1","sneckomod:UnknownRareSkill+1","sneckomod:UnknownClassSLIMEBOUND+1","sneckomod:UnknownUncommonPower+1","Swift Strike+1","Bandage Up","REME_BuildACard","conspire:Banana","Finesse","REME_MagicPocketWatch","Trip","sneckomod:TrashToTreasure+1","sneckomod:UnknownClassTHE_BRONZE_AUTOMATON","sneckomod:UnknownUncommonSkill+1","Mind Blast+1"],"relics":["sneckomod:SneckoSoul","REME_ComplimentaryCards","conspire:TopHat","Blood Vial","reliquary:PurpleTingedLeaf","Frozen Egg 2","Dead Branch","Replay:Bandana","reliquary:Knoch","OrangePellets","ReplayFunnel","Black Star","hexamod:BolsterEngine","REME_IWantAll","sneckomod:LoadedDie","ReplayTheSpireMod:TigerMarble","Molten Egg 2","reliquary:SilkGlove","War Paint","Painkiller Herb","reliquary:Spinner","Unceasing Top","Mango","Art of War","Quantum Egg","Ice Cream","CaptainsWheel","Incense Burner","Chemical X","Shuriken","Ornamental Fan","Ginger","InkBottle","reliquary:RosewoodLute","Bird Faced Urn"],"acts_visited":["Exordium","TheCity","TheBeyond","TheEnding"],"potions_floor_usage":[8,10,16,20,22,36,37,37,40,40,47,50,55,55],"damage_taken":[{"damage":1,"enemies":"conspire:RoseBush","floor":1,"turns":4},{"damage":16,"enemies":"Lagavulin","floor":6,"turns":4},{"damage":10,"enemies":"2 Louse","floor":7,"turns":3},{"damage":32,"enemies":"3 Sentries","floor":8,"turns":7},{"damage":1,"enemies":"Cultist","floor":10,"turns":3},{"damage":41,"enemies":"Lagavulin","floor":11,"turns":7},{"damage":4,"enemies":"Blue Slaver","floor":13,"turns":4},{"damage":0,"enemies":"conspire:MimicChest","floor":14,"turns":4},{"damage":13,"enemies":"Fading Forest","floor":16,"turns":11},{"damage":10,"enemies":"Chosen","floor":18,"turns":4},{"damage":12,"enemies":"conspire:FuzzyDice","floor":20,"turns":4},{"damage":10,"enemies":"Snecko","floor":22,"turns":4},{"damage":5,"enemies":"conspire:SneckoGhost","floor":23,"turns":4},{"damage":1,"enemies":"conspire:HollyBat","floor":24,"turns":5},{"damage":2,"enemies":"Book of Stabbing","floor":28,"turns":4},{"damage":23,"enemies":"Snake Plant","floor":29,"turns":3},{"damage":21,"enemies":"conspire:Head Lice","floor":30,"turns":5},{"damage":0,"enemies":"Snecko","floor":31,"turns":2},{"damage":25,"enemies":"conspire:MysteriousRune","floor":33,"turns":7},{"damage":5,"enemies":"Orb Walker","floor":35,"turns":2},{"damage":12,"enemies":"3 Darklings","floor":36,"turns":3},{"damage":18,"enemies":"Maw","floor":37,"turns":5},{"damage":7,"enemies":"Spire Growth","floor":38,"turns":5},{"damage":0,"enemies":"Sphere and 2 Shapes","floor":39,"turns":2},{"damage":14,"enemies":"Reptomancer","floor":40,"turns":5},{"damage":0,"enemies":"Maw","floor":41,"turns":6},{"damage":0,"enemies":"R_Hoarder","floor":44,"turns":3},{"damage":0,"enemies":"Reptomancer","floor":47,"turns":3},{"damage":10,"enemies":"2 Orb Walkers","floor":48,"turns":3},{"damage":0,"enemies":"Awakened One","floor":50,"turns":5},{"damage":0,"enemies":"Shield and Spear","floor":54,"turns":2},{"damage":6,"enemies":"The Heart","floor":55,"turns":3}],"seed_played":"9040490250702018241","potions_obtained":[{"floor":7,"key":"REME_GoldPotion"},{"floor":8,"key":"Fruit Juice"},{"floor":10,"key":"Reflective Coating"},{"floor":13,"key":"Energy Potion"},{"floor":20,"key":"Reflective Coating"},{"floor":22,"key":"sneckomod:DiceRollPotion"},{"floor":39,"key":"REME_GoldPotion"},{"floor":41,"key":"Slimebound:ThreeZeroPotion"},{"floor":44,"key":"Fruit Juice"}],"is_trial":false,"path_per_floor":["M","$","?","?","?","E","M","E","T","M","E","$","M","?","R","B",null,"M","?","M","?","M","E","M","R","T","?","E","M","E","M","R","B",null,"?","?","?","?","?","E","?","T","T","E","?","?","E","?","T","B",null,"T","T","E","B",null],"character_chosen":"THE_SNECKO","items_purchased":["Replay:Bandana","reliquary:Knoch","OrangePellets","Incense Burner","Chemical X","Shuriken","Mind Blast+1","Ornamental Fan","Ginger","InkBottle","Strength Potion"],"campfire_rested":0,"item_purchase_floors":[12,12,12,49,49,49,49,52,52,53,53],"current_hp_per_floor":[89,89,89,89,89,73,65,35,35,49,17,17,16,18,18,8,102,93,93,84,84,77,78,80,80,80,80,84,64,49,51,51,42,114,109,103,97,92,94,83,89,89,89,109,105,105,115,107,107,115,152,152,152,152,150],"gold":136,"neow_bonus":"RANDOM_COMMON_RELIC","is_daily":false,"chose_seed":false,"campfire_upgraded":3,"win_rate":0.0,"timestamp":1613872577,"path_taken":["M","$","?","?","?","E","M","E","T","?","E","$","M","?","R","BOSS","M","?","M","?","?","E","M","R","T","?","E","M","E","M","R","BOSS","?","?","?","?","?","E","?","T","T","E","?","?","E","?","T","BOSS","T","T","E","BOSS"],"items_purchased_type":["Relic","Relic","Relic","Relic","Relic","Relic","Card","Relic","Relic","Relic","Potion"],"build_version":"2020-12-18","purchased_purges":2,"victory":true,"max_hp_per_floor":[90,90,90,90,90,90,90,90,90,102,102,102,102,102,102,102,102,102,102,102,102,102,105,105,105,105,105,108,108,111,111,111,114,114,114,117,117,117,117,117,120,120,120,137,143,143,151,151,151,152,152,152,152,152,153],"card_choices":[{"not_picked":["sneckomod:UnknownStrike","sneckomod:UnknownCommonAttack"],"picked":"sneckomod:Nope","floor":1},{"not_picked":["sneckomod:Unknown2Cost","sneckomod:SnekBeam"],"picked":"sneckomod:Unknown1Cost","floor":6},{"not_picked":["sneckomod:QuickMove","sneckomod:DiceCrush"],"picked":"sneckomod:UnknownExhaust","floor":7},{"not_picked":["sneckomod:ImprovisedAttack","sneckomod:QuickMove"],"picked":"sneckomod:RainOfDice","floor":8},{"not_picked":["sneckomod:QuickBite","sneckomod:Memorize"],"picked":"sneckomod:Unknown2Cost","floor":10},{"not_picked":["sneckomod:DangerNoodle","sneckomod:UnknownDraw"],"picked":"sneckomod:UnknownX","floor":11},{"not_picked":["sneckomod:UnknownCommonSkill","sneckomod:TrashToTreasure"],"picked":"sneckomod:UnknownColorless","floor":13},{"not_picked":["sneckomod:DiceCrush","sneckomod:WideSting"],"picked":"sneckomod:UnknownExhaust","floor":14},{"not_picked":["sneckomod:UnknownRareSkill","sneckomod:Restock"],"picked":"sneckomod:UnknownBoss","floor":16},{"not_picked":["sneckomod:RainOfDice","sneckomod:QuickBite"],"picked":"sneckomod:UnknownWeak","floor":18},{"not_picked":["sneckomod:UnknownDraw","sneckomod:ImprovisedGuard+1"],"picked":"sneckomod:SoulCleanse+1","floor":20},{"not_picked":["sneckomod:DiceBlock","sneckomod:UnknownClassGUARDIAN"],"picked":"sneckomod:SoulExchange","floor":22},{"not_picked":["sneckomod:MasterEye+1","sneckomod:WideSting+1","sneckomod:UnknownStrength"],"picked":"Singing Bowl","floor":23},{"not_picked":["sneckomod:SoulDraw","sneckomod:PureSnecko","sneckomod:UnknownX"],"picked":"SKIP","floor":24},{"not_picked":["sneckomod:Rotation","sneckomod:Cheat","sneckomod:WideSting+1"],"picked":"Singing Bowl","floor":28},{"not_picked":["sneckomod:UnendingSupply+1","sneckomod:UnknownClassSLIMEBOUND","sneckomod:SoulDraw"],"picked":"SKIP","floor":29},{"not_picked":["sneckomod:Unknown0Cost","sneckomod:UnknownCommonAttack+1","sneckomod:RainOfDice+1"],"picked":"Singing Bowl","floor":30},{"not_picked":["sneckomod:ImprovisedAttack+1","sneckomod:DiceCrush+1","sneckomod:RainOfDice+1"],"picked":"SKIP","floor":31},{"not_picked":["sneckomod:Cheat","sneckomod:UnlimitedRolls+1","sneckomod:MorePower+1"],"picked":"Singing Bowl","floor":33},{"not_picked":["sneckomod:UnknownX+1","sneckomod:Unknown2Cost+1"],"picked":"sneckomod:UnknownRareSkill+1","floor":35},{"not_picked":["sneckomod:ImprovisedAttack+1","sneckomod:SoulDraw+1","sneckomod:UnknownBlock+1"],"picked":"SKIP","floor":35},{"not_picked":["sneckomod:UnknownCommonSkill+1","sneckomod:UnknownX+1","sneckomod:UnknownBoss+1"],"picked":"Singing Bowl","floor":36},{"not_picked":["sneckomod:QuickMove+1","sneckomod:UnknownClassGUARDIAN"],"picked":"sneckomod:TrashToTreasure+1","floor":36},{"not_picked":["sneckomod:ImprovisedGuard+1","sneckomod:UnknownCommonAttack+1"],"picked":"sneckomod:SlitherStrike+1","floor":37},{"not_picked":["sneckomod:UnknownExhaust+1","sneckomod:UnknownUncommonSkill+1"],"picked":"sneckomod:UnknownWeak+1","floor":38},{"not_picked":["sneckomod:SoulRoll","sneckomod:Unknown3Cost","sneckomod:CheapStock+1"],"picked":"SKIP","floor":38},{"not_picked":["sneckomod:SoulRoll","sneckomod:Unknown3Cost","sneckomod:CheapStock+1"],"picked":"SKIP","floor":38},{"not_picked":["sneckomod:UnknownUncommonAttack+1","sneckomod:UnknownClassTHE_BRONZE_AUTOMATON","sneckomod:UnknownClassGUARDIAN+1"],"picked":"SKIP","floor":39},{"not_picked":["sneckomod:Mudshield+1","sneckomod:UnknownUncommonSkill+1","sneckomod:ImprovisedGuard+1"],"picked":"SKIP","floor":40},{"not_picked":["sneckomod:UnknownVulnerable+1","sneckomod:UnknownWeak+1","sneckomod:UnknownUncommonAttack+1"],"picked":"Singing Bowl","floor":41},{"not_picked":["sneckomod:DiceBoulder+1","sneckomod:UnknownClassTHE_BRONZE_AUTOMATON+1","sneckomod:UnknownStrike+1"],"picked":"SKIP","floor":41},{"not_picked":["sneckomod:UnknownStrength+1","sneckomod:UnknownRareSkill+1","sneckomod:UnknownClassSLIMEBOUND+1"],"picked":"Singing Bowl","floor":44},{"not_picked":["sneckomod:DiceCrush+1","sneckomod:UnknownExhaust+1"],"picked":"sneckomod:UnknownUncommonPower+1","floor":44},{"not_picked":["Replay:Bootleg Shield Generator","PanicButton"],"picked":"Swift Strike+1","floor":45},{"not_picked":["Bandage Up","REME_BuildACard","conspire:Banana"],"picked":"Singing Bowl","floor":45},{"not_picked":["Finesse","REME_MagicPocketWatch","Trip"],"picked":"Singing Bowl","floor":45},{"not_picked":["sneckomod:TrashToTreasure+1","sneckomod:UnknownClassTHE_BRONZE_AUTOMATON","sneckomod:UnknownUncommonSkill+1"],"picked":"Singing Bowl","floor":47},{"not_picked":["sneckomod:ImprovisedAttack+1","sneckomod:QuickMove","sneckomod:MorePower+1"],"picked":"SKIP","floor":54}],"player_experience":1001654,"relics_obtained":[{"floor":6,"key":"Blood Vial"},{"floor":8,"key":"reliquary:PurpleTingedLeaf"},{"floor":9,"key":"Frozen Egg 2"},{"floor":11,"key":"Dead Branch"},{"floor":14,"key":"ReplayFunnel"},{"floor":23,"key":"hexamod:BolsterEngine"},{"floor":23,"key":"REME_IWantAll"},{"floor":26,"key":"sneckomod:LoadedDie"},{"floor":28,"key":"ReplayTheSpireMod:TigerMarble"},{"floor":28,"key":"Molten Egg 2"},{"floor":30,"key":"reliquary:SilkGlove"},{"floor":30,"key":"War Paint"},{"floor":40,"key":"reliquary:Spinner"},{"floor":40,"key":"Unceasing Top"},{"floor":44,"key":"Mango"},{"floor":44,"key":"Art of War"},{"floor":47,"key":"Quantum Egg"},{"floor":47,"key":"Ice Cream"},{"floor":48,"key":"CaptainsWheel"},{"floor":54,"key":"reliquary:RosewoodLute"},{"floor":54,"key":"Bird Faced Urn"}],"event_choices":[{"damage_healed":0,"gold_gain":0,"player_choice":"Leave","damage_taken":0,"max_hp_gain":0,"max_hp_loss":0,"event_name":"The Cleric","floor":3,"gold_loss":0},{"damage_healed":0,"gold_gain":50,"player_choice":"Gained Gold","damage_taken":0,"max_hp_gain":0,"max_hp_loss":0,"event_name":"Golden Wing","floor":4,"gold_loss":0},{"damage_healed":0,"gold_gain":275,"player_choice":"Desecrate","damage_taken":0,"max_hp_gain":0,"max_hp_loss":0,"event_name":"Golden Shrine","floor":5,"gold_loss":0,"cards_obtained":["Regret"]},{"damage_healed":0,"gold_gain":0,"player_choice":"Ignored","damage_taken":0,"max_hp_gain":0,"max_hp_loss":0,"event_name":"Ghosts","floor":19,"gold_loss":0},{"damage_healed":0,"gold_gain":0,"player_choice":"Bet on Murderer","damage_taken":0,"max_hp_gain":0,"max_hp_loss":0,"event_name":"The Joust","floor":21,"gold_loss":50},{"damage_healed":0,"gold_gain":0,"player_choice":"Leave","damage_taken":0,"max_hp_gain":0,"max_hp_loss":0,"event_name":"conspire:Investor","floor":27,"gold_loss":0},{"damage_healed":0,"gold_gain":0,"player_choice":"Memory 3","damage_taken":10,"max_hp_gain":0,"max_hp_loss":0,"event_name":"SensoryStone","floor":45,"gold_loss":0},{"damage_healed":0,"gold_gain":0,"player_choice":"Ignored","damage_taken":0,"max_hp_gain":0,"max_hp_loss":0,"event_name":"Tomb of Lord Red Mask","floor":46,"gold_loss":0},{"damage_healed":0,"gold_gain":0,"player_choice":"Fight","damage_taken":0,"max_hp_gain":0,"max_hp_loss":0,"event_name":"Mysterious Sphere","floor":48,"gold_loss":0}],"is_beta":true,"boss_relics":[{"not_picked":["reliquary:RedCape","Fusion Hammer"],"picked":"Black Star"},{"not_picked":["Kintsugi","reliquary:KinkedSpring"],"picked":"Painkiller Herb"}],"items_purged_floors":[2,12],"is_endless":false,"potions_floor_spawned":[7,8,10,13,20,22,29,30,37,39,41,44],"ascension_level":1}}