{"host":"qwv9nni2x0umspiu","time":1613888428,"event":{"mods":["BaseMod","Downfall","Minty Spire (QoL Compilation)","Replay The Spire","StSLib","The Hierophant","Wandering Minibosses"],"gold_per_floor":[117,41,59,134,134,134,160,173,173,191,203,222,222,237,237,301,301,367,432,82,107,116,116,194,265,265,265,375,1262,1442,1530,1530,1520,1520],"floor_reached":33,"language":"ENG","playtime":1480,"items_purged":["hierophant:Strike_Hierophant"],"score":907,"play_id":"73395c33-d47e-4a31-ad98-2e0aa4b0e199","local_time":"20210220222028","is_ascension_mode":true,"campfire_choices":[{"data":"hierophant:ChurchCoffers","floor":6.0,"key":"SMITH"},{"data":"hierophant:Upheaval","floor":13.0,"key":"SMITH"},{"data":"hierophant:HammerAndAnvil","floor":15.0,"key":"SMITH"},{"floor":23.0,"key":"REST"},{"floor":27.0,"key":"REST"},{"data":"hierophant:Shelter","floor":32.0,"key":"SMITH"}],"circlet_count":0,"master_deck":["AscendersBane","hierophant:Strike_Hierophant","hierophant:Strike_Hierophant","hierophant:Strike_Hierophant","hierophant:Punish","hierophant:Defend_Hierophant","hierophant:Defend_Hierophant","hierophant:Defend_Hierophant","hierophant:Defend_Hierophant","hierophant:ChurchCoffers+1","hierophant:Upheaval+1","hierophant:Racketeering","hierophant:SealAway","hierophant:Zeal","hierophant:HammerAndAnvil+1","hierophant:Shelter+1","hierophant:BulkyChest+1","hierophant:Smite","hierophant:Encroach+1","hierophant:Alms","hierophant:MirrorShield+1"],"relics":["hierophant:PropheticMaskRelic","NeowsBlessing","Potion Belt","Singing Bowl","SlaversCollar","Bronze Scales","Centennial Puzzle","Replay:Bottled Eggs","Kunai","Art of War","wanderingMiniBosses:MasterThiefsPresence","FossilizedHelix","The Courier"],"acts_visited":["Exordium","TheCity"],"potions_floor_usage":[33],"damage_taken":[{"damage":0.0,"enemies":"Small Slimes","floor":1.0,"turns":1.0},{"damage":0.0,"enemies":"Jaw Worm","floor":3.0,"turns":1.0},{"damage":0.0,"enemies":"Gremlin Nob","floor":7.0,"turns":1.0},{"damage":1.0,"enemies":"Cultist","floor":8.0,"turns":3.0},{"damage":0.0,"enemies":"Lots of Slimes","floor":10.0,"turns":1.0},{"damage":9.0,"enemies":"Exordium Wildlife","floor":11.0,"turns":2.0},{"damage":3.0,"enemies":"Blue Slaver","floor":12.0,"turns":2.0},{"damage":0.0,"enemies":"Large Slime","floor":14.0,"turns":3.0},{"damage":0.0,"enemies":"Fading Forest","floor":16.0,"turns":13.0},{"damage":0.0,"enemies":"Spheric Guardian","floor":18.0,"turns":1.0},{"damage":53.0,"enemies":"2 Thieves","floor":19.0,"turns":4.0},{"damage":15.0,"enemies":"Cultist and Chosen","floor":22.0,"turns":6.0},{"damage":25.0,"enemies":"Slavers","floor":24.0,"turns":5.0},{"damage":7.0,"enemies":"Snake Plant","floor":25.0,"turns":2.0},{"damage":0.0,"enemies":"Gremlin Leader","floor":28.0,"turns":2.0},{"damage":16.0,"enemies":"3 Cultists","floor":29.0,"turns":5.0},{"damage":0.0,"enemies":"Colosseum Slavers","floor":30.0,"turns":1.0},{"damage":0.0,"enemies":"Colosseum Nobs","floor":30.0,"turns":1.0},{"damage":0.0,"enemies":"Centurion and Healer","floor":31.0,"turns":2.0},{"damage":0,"enemies":"Collector","floor":33,"turns":6}],"seed_played":"7329152919768651940","potions_obtained":[{"floor":1.0,"key":"PowerPotion"},{"floor":3.0,"key":"LiquidMemories"},{"floor":8.0,"key":"GamblersBrew"},{"floor":14.0,"key":"AttackPotion"},{"floor":18.0,"key":"Dexterity Potion"},{"floor":28.0,"key":"Reflective Coating"},{"floor":29.0,"key":"Explosive Potion"}],"is_trial":false,"path_per_floor":["M","$","M","?","T","R","E","M","T","M","M","M","R","M","R","B",null,"M","M","$","T","M","R","E","M","T","R","E","M","?","M","R","B"],"character_chosen":"HIEROPHANT","items_purchased":["hierophant:Racketeering","Fruit Juice","Bronze Scales"],"campfire_rested":2,"item_purchase_floors":[2,20,20],"current_hp_per_floor":[68,68,68,57,57,57,57,56,56,56,49,46,46,48,48,48,71,73,22,27,27,12,38,13,6,6,32,32,18,20,22,22,22,22],"gold":1520,"neow_bonus":"THREE_ENEMY_KILL","is_daily":false,"chose_seed":false,"campfire_upgraded":4,"win_rate":0.0,"timestamp":1613888428,"path_taken":["M","$","M","?","?","R","E","M","T","M","M","?","R","M","R","BOSS","M","M","$","?","M","R","E","M","T","R","E","M","?","M","R","BOSS"],"items_purchased_type":["Card","Potion","Relic"],"build_version":"2020-12-22","purchased_purges":1,"victory":false,"max_hp_per_floor":[75,75,75,75,75,75,75,75,75,75,77,77,77,79,79,79,79,81,83,88,88,88,88,88,88,88,88,88,90,92,94,94,94,94],"card_choices":[{"not_picked":["hierophant:AuricShield","hierophant:AuricBeam"],"picked":"hierophant:Upheaval","floor":1.0},{"not_picked":["hierophant:SealAway","hierophant:FlamingChariot","hierophant:Flagellation"],"picked":"SKIP","floor":3.0},{"not_picked":["hierophant:FlamingChariot","hierophant:Flagellation"],"picked":"hierophant:SealAway","floor":3.0},{"not_picked":["hierophant:Chorus","hierophant:Blessing","hierophant:Generosity"],"picked":"SKIP","floor":7.0},{"not_picked":["hierophant:FaithHealing","hierophant:Sermon"],"picked":"hierophant:Zeal","floor":8.0},{"not_picked":["hierophant:OrnateJavelin","hierophant:HolyVerse"],"picked":"hierophant:HammerAndAnvil","floor":10.0},{"not_picked":["hierophant:Doomsaying","hierophant:FlamingChariot","hierophant:Zeal"],"picked":"Singing Bowl","floor":11.0},{"not_picked":["hierophant:Charity","hierophant:Empathy"],"picked":"hierophant:Shelter","floor":12.0},{"not_picked":["hierophant:Patience","hierophant:Blessing","hierophant:Sermon"],"picked":"Singing Bowl","floor":14.0},{"not_picked":["hierophant:AuricForm","hierophant:Invocation"],"picked":"hierophant:BulkyChest","floor":16.0},{"not_picked":["hierophant:RecallFunds+1","hierophant:Encroach","hierophant:Invocation"],"picked":"Singing Bowl","floor":18.0},{"not_picked":["hierophant:MorningPrayer","hierophant:TollTheBells","hierophant:Sermon"],"picked":"Singing Bowl","floor":19.0},{"not_picked":["hierophant:FlamingChariot","hierophant:Endure+1"],"picked":"hierophant:Smite","floor":22.0},{"not_picked":["hierophant:Blessing","hierophant:FieryStrike+1","hierophant:Encroach+1"],"picked":"SKIP","floor":24.0},{"not_picked":["hierophant:Blessing","hierophant:FieryStrike+1"],"picked":"hierophant:Encroach+1","floor":24.0},{"not_picked":["hierophant:Invocation","hierophant:AuricShield+1"],"picked":"hierophant:Alms","floor":25.0},{"not_picked":["hierophant:Exaltation","hierophant:Martyrdom"],"picked":"hierophant:MirrorShield+1","floor":28.0},{"not_picked":["hierophant:SealAway","hierophant:DisplayOfPower","hierophant:MorningPrayer"],"picked":"Singing Bowl","floor":29.0},{"not_picked":["hierophant:Anathema","hierophant:FaithHealing","hierophant:Sermon"],"picked":"Singing Bowl","floor":30.0},{"not_picked":["hierophant:RustyCrate","hierophant:Purify","hierophant:EyeForCoin"],"picked":"Singing Bowl","floor":31.0}],"player_experience":1376486,"relics_obtained":[{"floor":7.0,"key":"Potion Belt"},{"floor":9.0,"key":"Singing Bowl"},{"floor":21.0,"key":"Centennial Puzzle"},{"floor":24.0,"key":"Replay:Bottled Eggs"},{"floor":26.0,"key":"Kunai"},{"floor":28.0,"key":"Art of War"},{"floor":29.0,"key":"wanderingMiniBosses:MasterThiefsPresence"},{"floor":30.0,"key":"FossilizedHelix"},{"floor":30.0,"key":"The Courier"}],"event_choices":[{"damage_healed":0.0,"max_hp_gain":0.0,"max_hp_loss":0.0,"gold_gain":75.0,"event_name":"World of Goop","player_choice":"Gather Gold","floor":4.0,"gold_loss":0.0,"damage_taken":11.0},{"damage_healed":0.0,"max_hp_gain":0.0,"max_hp_loss":0.0,"gold_gain":0.0,"event_name":"Colosseum","player_choice":"Fight","floor":30.0,"gold_loss":0.0,"damage_taken":0.0},{"damage_healed":0.0,"max_hp_gain":0.0,"max_hp_loss":0.0,"gold_gain":0.0,"event_name":"Colosseum","player_choice":"Fought Nobs","floor":30.0,"gold_loss":0.0,"damage_taken":0.0}],"is_beta":false,"boss_relics":[{"not_picked":["Ring of Chaos","Velvet Choker"],"picked":"SlaversCollar"}],"items_purged_floors":[20],"is_endless":false,"potions_floor_spawned":[1,3,8,14,18,28,29,30],"killed_by":"Collector","ascension_level":20}}