{"host":"b9id4afcchnn1rfb","time":1613870533,"event":{"mods":["Act Like it!","BaseMod","Better Note","Colored Map","Colored Powertips","Hallownest","Hermit","Infinite Spire","Minty Spire (QoL Compilation)","StSLib","SuperFastMode","The Death Knight","The Necromancer"],"gold_per_floor":[109,121,121,121,46,74,74,100,100,127,147,147,163,181,181,278,278,289,309,319,330,348,348,348,348,348,362,362,390,390,408,408,510,510,527,25,25,37,37,68,68,68,68],"floor_reached":42,"language":"ENG","playtime":1803,"items_purged":["Strike_B"],"score":752,"play_id":"dbb1c150-74df-499b-b218-78b3dca67cf3","local_time":"20210221022213","is_ascension_mode":true,"campfire_choices":[{"data":"Creative AI","floor":7,"key":"SMITH"},{"floor":12,"key":"REST"},{"data":"Chill","floor":15,"key":"SMITH"},{"floor":23,"key":"RECALL"},{"data":"Amplify","floor":25,"key":"SMITH"},{"data":"Chill","floor":32,"key":"SMITH"},{"data":"Echo Form","floor":41,"key":"SMITH"}],"circlet_count":0,"master_deck":["AscendersBane","Strike_B","Strike_B","Strike_B","Defend_B","Defend_B","Defend_B","Defend_B","Zap","Dualcast","Beam Cell","Compile Driver","Creative AI+1","Self Repair","Glacier","Chill+1","Consume+1","Amplify+1","Echo Form+1","Hallownest:attackAdjustingAction","Glacier+1","Chill+1","Fission+1","Storm+1","Panache+1","Swift Strike"],"relics":["Cracked Core","NeowsBlessing","Hallownest:DreamNailRelic","infinitespire:ShieldingShard","White Beast Statue","DeathKnight:SindragosasSkull","Inserter","Mercury Hourglass","Boot","SlaversCollar","Eternal Feather","Pen Nib"],"acts_visited":["Exordium","Hallownest:Greenpath","TheBeyond"],"potions_floor_usage":[8,8,10,14,16,18,18,20,20,29,35,40,40,42,42],"damage_taken":[{"damage":0,"enemies":"2_ Uuma","floor":1,"turns":2},{"damage":0,"enemies":"Hallownest:2_MossCreeps","floor":2,"turns":1},{"damage":0,"enemies":"Hallownest:eliteVengeflyKing","floor":6,"turns":1},{"damage":25,"enemies":"Hallownest:eliteMossKnight","floor":8,"turns":8},{"damage":42,"enemies":"Hallownest:eliteVengeflyKing","floor":10,"turns":8},{"damage":0,"enemies":"Hallownest:monsterHuskWarrior","floor":11,"turns":5},{"damage":6,"enemies":"Hallownest:monsterMossCharger","floor":13,"turns":7},{"damage":14,"enemies":"Hallownest:1_Ooma_and_2_Uuma","floor":14,"turns":6},{"damage":33,"enemies":"Hallownest:BossHornet","floor":16,"turns":18},{"damage":39,"enemies":"Hallownest:3_Youths","floor":18,"turns":8},{"damage":0,"enemies":"Hallownest:2_Mistakes","floor":19,"turns":10},{"damage":0,"enemies":"Hallownest:Warrior_and_Youth","floor":20,"turns":9},{"damage":8,"enemies":"Hallownest:Master_and_Novice","floor":21,"turns":10},{"damage":1,"enemies":"Hallownest:3_Mistakes","floor":22,"turns":14},{"damage":0,"enemies":"Hallownest:monsterMisterMushroom","floor":24,"turns":9},{"damage":9,"enemies":"Hallownest:Master_and_Novice","floor":27,"turns":7},{"damage":5,"enemies":"Hallownest:eliteWatcherKnight","floor":29,"turns":14},{"damage":0,"enemies":"Hallownest:eliteWatcherKnight","floor":30,"turns":8},{"damage":0,"enemies":"Hallownest:3_Mistakes","floor":31,"turns":11},{"damage":40,"enemies":"Hallownest:BossGrimm","floor":33,"turns":16},{"damage":7,"enemies":"3 Shapes","floor":35,"turns":7},{"damage":4,"enemies":"Orb Walker","floor":38,"turns":5},{"damage":0,"enemies":"Giant Head","floor":40,"turns":7},{"damage":81,"enemies":"Transient","floor":42,"turns":4}],"seed_played":"8440006138894752192","potions_obtained":[{"floor":1,"key":"DistilledChaos"},{"floor":6,"key":"GamblersBrew"},{"floor":10,"key":"Strength Potion"},{"floor":11,"key":"BlessingOfTheForge"},{"floor":13,"key":"FocusPotion"},{"floor":14,"key":"Swift Potion"},{"floor":16,"key":"Block Potion"},{"floor":18,"key":"Block Potion"},{"floor":19,"key":"Explosive Potion"},{"floor":20,"key":"SpeedPotion"},{"floor":21,"key":"DuplicationPotion"},{"floor":24,"key":"SkillPotion"},{"floor":29,"key":"Fire Potion"},{"floor":35,"key":"Regen Potion"},{"floor":40,"key":"SpeedPotion"}],"is_trial":false,"path_per_floor":["M","M","?","?","$","E","R","E","T","E","M","R","M","M","R","B",null,"M","M","M","M","M","R","M","R","T","M","?","E","?","M","R","B",null,"M","$","?","M","?","E","R","M"],"character_chosen":"DEFECT","items_purchased":["Storm","Panache","Eternal Feather"],"campfire_rested":1,"item_purchase_floors":[36,36,36],"current_hp_per_floor":[68,68,68,68,68,68,68,58,58,23,30,52,53,46,46,20,61,29,36,43,49,55,55,69,69,69,67,67,75,75,75,75,42,67,74,74,52,55,55,62,75,0,0],"gold":68,"neow_bonus":"THREE_ENEMY_KILL","is_daily":false,"chose_seed":false,"campfire_upgraded":5,"win_rate":0.0,"timestamp":1613870533,"path_taken":["M","M","?","?","$","E","R","E","T","E","M","R","M","?","R","BOSS","M","?","?","M","M","R","M","R","T","M","?","E","?","M","R","BOSS","M","$","?","M","?","E","R","?"],"items_purchased_type":["Card","Card","Relic"],"build_version":"2020-12-22","purchased_purges":1,"victory":false,"max_hp_per_floor":[75,75,75,75,75,75,75,75,75,75,75,75,75,75,75,75,75,75,75,75,75,75,75,75,75,75,75,75,75,75,75,75,75,75,75,75,75,75,75,75,75,75,75],"card_choices":[{"not_picked":["Lockon","FTL"],"picked":"Beam Cell","floor":1},{"not_picked":["Turbo","Melter"],"picked":"Compile Driver","floor":2},{"not_picked":["Conserve Battery","Streamline"],"picked":"Creative AI","floor":6},{"not_picked":["Lockon","Blizzard"],"picked":"Self Repair","floor":8},{"not_picked":["Darkness","Recycle"],"picked":"Glacier","floor":10},{"not_picked":["Leap","Turbo","Recycle"],"picked":"SKIP","floor":11},{"not_picked":["Turbo","Conserve Battery"],"picked":"Chill","floor":13},{"not_picked":["Streamline","Barrage"],"picked":"Consume","floor":14},{"not_picked":["Rainbow","Biased Cognition"],"picked":"Amplify","floor":16},{"not_picked":["Ball Lightning","Doom and Gloom+1","Compile Driver"],"picked":"SKIP","floor":18},{"not_picked":["Ball Lightning","Redo","Barrage"],"picked":"SKIP","floor":19},{"not_picked":["Ball Lightning","Redo","Barrage"],"picked":"SKIP","floor":19},{"not_picked":["Melter","Aggregate+1","Conserve Battery"],"picked":"SKIP","floor":20},{"not_picked":["Stack","Cold Snap+1"],"picked":"Echo Form","floor":21},{"not_picked":["Melter","Hologram","Conserve Battery"],"picked":"SKIP","floor":22},{"not_picked":["Sweeping Beam","Steam Power"],"picked":"Glacier+1","floor":24},{"not_picked":["Streamline","Stack","Recycle"],"picked":"SKIP","floor":27},{"not_picked":["Turbo","Steam","Seek"],"picked":"SKIP","floor":29},{"not_picked":["Cold Snap","Conserve Battery"],"picked":"Chill","floor":31},{"not_picked":["Biased Cognition","Thunder Strike"],"picked":"Fission","floor":33},{"not_picked":["Heatsinks","Sweeping Beam","Genetic Algorithm+1"],"picked":"SKIP","floor":35},{"not_picked":["Genetic Algorithm","Capacitor","Double Energy+1"],"picked":"SKIP","floor":38},{"not_picked":["Skim+1","Beam Cell","Redo+1"],"picked":"SKIP","floor":40}],"player_experience":497388,"relics_obtained":[{"floor":6,"key":"infinitespire:ShieldingShard"},{"floor":8,"key":"White Beast Statue"},{"floor":10,"key":"DeathKnight:SindragosasSkull"},{"floor":26,"key":"Mercury Hourglass"},{"floor":29,"key":"Boot"},{"floor":40,"key":"Pen Nib"}],"event_choices":[{"damage_healed":0,"gold_gain":0,"player_choice":"1 cards matched","damage_taken":0,"max_hp_gain":0,"max_hp_loss":0,"event_name":"Match and Keep!","floor":39,"gold_loss":0,"cards_obtained":["Swift Strike"]}],"is_beta":false,"boss_relics":[{"not_picked":["Ectoplasm","Calling Bell"],"picked":"Inserter"},{"not_picked":["Busted Crown","Empty Cage"],"picked":"SlaversCollar"}],"items_purged_floors":[5],"is_endless":false,"potions_floor_spawned":[1,6,10,11,13,14,16,18,19,20,21,22,24,27,29,30,31,33,35,38,40],"killed_by":"Transient","ascension_level":10}}