{"host":"vxgtqwpb0ulpisda","time":1613870391,"event":{"mods":["BaseMod","Bestiary","Minty Spire (QoL Compilation)","Relic Stats","ojb\u0027s Info Mod"],"gold_per_floor":[116,133,149,5,5,5,5],"floor_reached":6,"language":"ENG","playtime":399,"items_purged":[],"score":47,"play_id":"1a58858a-d95e-46f9-9f41-9cb062a8a371","local_time":"20210220201951","is_ascension_mode":true,"campfire_choices":[],"circlet_count":0,"master_deck":["Strike_G","Strike_G","Strike_G","Strike_G","Strike_G","Defend_G","Defend_G","Defend_G","Defend_G","Defend_G","Survivor","Neutralize","PiercingWail","PiercingWail","Crippling Poison"],"relics":["Ring of the Snake","Happy Flower","Shuriken"],"acts_visited":["Exordium"],"potions_floor_usage":[],"damage_taken":[{"damage":11,"enemies":"Jaw Worm","floor":1,"turns":8},{"damage":3,"enemies":"Small Slimes","floor":2,"turns":6},{"damage":1,"enemies":"Cultist","floor":3,"turns":6},{"damage":59,"enemies":"Gremlin Nob","floor":6,"turns":5}],"seed_played":"4918851156819287891","potions_obtained":[],"is_trial":false,"path_per_floor":["M","M","M","$","?","E"],"character_chosen":"THE_SILENT","items_purchased":["Happy Flower"],"campfire_rested":0,"item_purchase_floors":[4],"current_hp_per_floor":[59,56,55,55,52,0,0],"gold":5,"neow_bonus":"TEN_PERCENT_HP_BONUS","is_daily":false,"chose_seed":false,"campfire_upgraded":0,"win_rate":0.0,"timestamp":1613870391,"path_taken":["M","M","M","$","?","E"],"items_purchased_type":["Relic"],"build_version":"2020-12-22","purchased_purges":0,"victory":false,"max_hp_per_floor":[77,77,77,77,77,77,77],"relic_stats":{"Happy Flower":[1],"counters":[4,25],"Shuriken":[0],"obtain_stats":[{"Happy Flower":4,"Shuriken":5,"Ring of the Snake":0},{"Happy Flower":3,"Shuriken":3,"Ring of the Snake":0},{"Happy Flower":20,"Shuriken":20,"Ring of the Snake":0}],"Ring of the Snake":[8]},"card_choices":[{"not_picked":["Backflip","Dodge and Roll"],"picked":"PiercingWail","floor":1},{"not_picked":["Cloak And Dagger","Poisoned Stab"],"picked":"PiercingWail","floor":2},{"not_picked":["Prepared","Dagger Throw"],"picked":"Crippling Poison","floor":3}],"player_experience":420625,"relics_obtained":[],"event_choices":[{"damage_healed":0,"gold_gain":0,"player_choice":"Success","damage_taken":3,"relics_obtained":["Shuriken"],"max_hp_gain":0,"max_hp_loss":0,"event_name":"Scrap Ooze","floor":5,"gold_loss":0}],"is_beta":false,"boss_relics":[],"items_purged_floors":[],"is_endless":false,"potions_floor_spawned":[],"killed_by":"Gremlin Nob","ascension_level":6}}