{"host":"j6f6v8ly7ajbjvlz","time":1613919097,"event":{"mods":["ATMod(阿瑾Mod)","Act Like it!","Arknights","BaseMod","Colored Powertips","Friendly Minions","Gensokyo","HumanHunterMod(怪物杀人mod)","KinomotoSakuraMod(木之本樱)","Kiyohime（清姬）","Minty Spire (QoL Compilation)","Relic Stats","RumiaBox-露米娅的神秘盒子","Spicy Shops","StSLib","The Administrix","Yakumo Yukari mod","noobMod","【功能Mod】混沌之环修复补丁","【遗物卡牌】REMEMod","残留之物","篝火指南"],"gold_per_floor":[113,113,125,25,25,25,25,58,112,127,127,157,157],"floor_reached":12,"language":"ZHS","playtime":416,"items_purged":[],"score":136,"play_id":"b11d4526-05c6-484c-b42e-89d3d84fc4fb","local_time":"20210221225137","is_ascension_mode":false,"campfire_choices":[{"data":"AdministrixMod:SeventeenArticleLaser","floor":6,"key":"SMITH"},{"data":"AdministrixMod:FeastOfDew","floor":11,"key":"SMITH"}],"circlet_count":0,"master_deck":["AdministrixMod:Strike_Administrix","AdministrixMod:Strike_Administrix","AdministrixMod:Strike_Administrix","AdministrixMod:Strike_Administrix","AdministrixMod:RedCloak","AdministrixMod:Defend_Administrix","AdministrixMod:Defend_Administrix","AdministrixMod:Defend_Administrix","AdministrixMod:Defend_Administrix","AdministrixMod:BlueCloak","AdministrixMod:SeventeenArticleLaser+1","AdministrixMod:FuneraryRites","AdministrixMod:FeastOfDew+1"],"relics":["AdministrixMod:ConductorRitualBaton","AT_ATBox","REME_ComplimentaryCards","ice","NeowsBlessing","Pear","HornCleat","Bag of Preparation","AdministrixMod:AbandonedRose","Strawberry","MagicDraw4"],"acts_visited":["Gensokyo:Gensokyo"],"potions_floor_usage":[12],"damage_taken":[{"damage":0,"enemies":"Gensokyo:Python","floor":1,"turns":1},{"damage":0,"enemies":"Gensokyo:Gryphon","floor":3,"turns":1},{"damage":0,"enemies":"Gensokyo:Aya","floor":8,"turns":1},{"damage":0,"enemies":"Gensokyo:3_Fairies","floor":10,"turns":3},{"damage":16,"enemies":"Gensokyo:Cirno","floor":12,"turns":5}],"seed_played":"142197657340851975","potions_obtained":[{"floor":1,"key":"SteroidPotion"},{"floor":8,"key":"SkillPotion"}],"is_trial":false,"path_per_floor":["M","?","M","?","?","R","?","E","T","M","R","E"],"character_chosen":"TheAdministrix","items_purchased":[],"campfire_rested":0,"item_purchase_floors":[],"current_hp_per_floor":[65,60,60,60,45,45,45,45,52,52,52,36,36],"gold":157,"neow_bonus":"THREE_ENEMY_KILL","is_daily":false,"chose_seed":false,"campfire_upgraded":2,"win_rate":0.0,"timestamp":1613919097,"path_taken":["M","?","?","?","?","R","?","E","T","M","R","E"],"items_purchased_type":[],"build_version":"2020-12-22","purchased_purges":0,"victory":false,"max_hp_per_floor":[65,75,75,75,75,75,75,75,82,82,82,82,82],"relic_stats":{"counters":[5,11],"Bag of Preparation":[6],"obtain_stats":[{"AdministrixMod:AbandonedRose":8,"AT_ATBox":0,"Pear":2,"HornCleat":4,"NeowsBlessing":0,"Strawberry":9,"AdministrixMod:ConductorRitualBaton":0,"ice":0,"Bag of Preparation":5,"MagicDraw4":12,"REME_ComplimentaryCards":0},{"AdministrixMod:AbandonedRose":3,"AT_ATBox":0,"Pear":1,"HornCleat":2,"NeowsBlessing":0,"Strawberry":3,"AdministrixMod:ConductorRitualBaton":0,"ice":0,"Bag of Preparation":2,"MagicDraw4":5,"REME_ComplimentaryCards":0},{"AdministrixMod:AbandonedRose":3,"AT_ATBox":0,"Pear":1,"HornCleat":2,"NeowsBlessing":0,"Strawberry":3,"AdministrixMod:ConductorRitualBaton":0,"ice":0,"Bag of Preparation":2,"MagicDraw4":11,"REME_ComplimentaryCards":0}]},"card_choices":[{"not_picked":["AdministrixMod:SealAway","AdministrixMod:CastOffRegrets"],"picked":"AdministrixMod:SeventeenArticleLaser","floor":1},{"not_picked":["AdministrixMod:SealAway","AdministrixMod:TouchOfCinnabar"],"picked":"AdministrixMod:FuneraryRites","floor":3},{"not_picked":["AdministrixMod:PassageOfAges","AdministrixMod:TrickOfTheLight"],"picked":"AdministrixMod:FeastOfDew","floor":8},{"not_picked":["AdministrixMod:SyncreticPlunge","AdministrixMod:PassageOfAges","AdministrixMod:FeastOfDew"],"picked":"SKIP","floor":10},{"not_picked":["AdministrixMod:LightOfYourLife","AdministrixMod:SyncreticSurge","AdministrixMod:HiddenPower"],"picked":"SKIP","floor":12}],"player_experience":88567,"relics_obtained":[{"floor":8,"key":"AdministrixMod:AbandonedRose"},{"floor":9,"key":"Strawberry"},{"floor":12,"key":"MagicDraw4"}],"event_choices":[],"is_beta":false,"boss_relics":[],"items_purged_floors":[],"is_endless":false,"potions_floor_spawned":[1,8],"killed_by":"Gensokyo:Cirno","ascension_level":0}}