{"host":"en4narc5947t7k9n","time":1613902284,"event":{"mods":["AchievementEnabler","BaseMod","Colored Map","Minty Spire (QoL Compilation)","SuperFastMode"],"gold_per_floor":[117,192,192,211,226,260,260,260,260,274,274,29,44,59,59,59,59],"floor_reached":16,"language":"KOR","playtime":558,"items_purged":["Strike_G"],"score":102,"play_id":"ba0f3749-ce2c-4b32-81bb-1982cc90b7f2","local_time":"20210221191124","is_ascension_mode":false,"campfire_choices":[{"floor":7,"key":"RECALL"},{"data":"Crippling Poison","floor":11,"key":"SMITH"},{"data":"Tools of the Trade","floor":15,"key":"SMITH"}],"circlet_count":0,"master_deck":["Strike_G","Strike_G","Defend_G","Defend_G","Defend_G","Defend_G","Defend_G","Survivor","Neutralize","Crippling Poison+1","Poisoned Stab","Catalyst","Leg Sweep","Terror","After Image","Dramatic Entrance","Tools of the Trade+1","Prepared"],"relics":["Ring of the Snake","Blood Vial"],"acts_visited":["Exordium"],"potions_floor_usage":[16,16],"damage_taken":[{"damage":4,"enemies":"Small Slimes","floor":1,"turns":7},{"damage":0,"enemies":"2 Louse","floor":4,"turns":3},{"damage":0,"enemies":"Cultist","floor":5,"turns":4},{"damage":18,"enemies":"Lagavulin","floor":6,"turns":9},{"damage":0,"enemies":"2 Fungi Beasts","floor":10,"turns":4},{"damage":7,"enemies":"Looter","floor":13,"turns":3},{"damage":1,"enemies":"3 Louse","floor":14,"turns":3},{"damage":38,"enemies":"Slime Boss","floor":16,"turns":10}],"seed_played":"75926388200465103","potions_obtained":[{"floor":6,"key":"SmokeBomb"},{"floor":13,"key":"FearPotion"},{"floor":14,"key":"SteroidPotion"}],"is_trial":false,"path_per_floor":["M","?","?","M","M","E","R","?","T","M","R","$","M","M","R","B"],"character_chosen":"THE_SILENT","items_purchased":["After Image","Dramatic Entrance"],"campfire_rested":0,"item_purchase_floors":[12,12],"current_hp_per_floor":[73,62,55,55,55,37,37,37,37,39,39,39,34,35,35,0,0],"gold":59,"neow_bonus":"TEN_PERCENT_HP_BONUS","is_daily":false,"chose_seed":false,"campfire_upgraded":2,"win_rate":0.0,"timestamp":1613902284,"path_taken":["M","?","?","M","M","E","R","?","T","M","R","$","?","M","R","BOSS"],"items_purchased_type":["Card","Card"],"build_version":"2020-12-22","purchased_purges":1,"victory":false,"max_hp_per_floor":[77,77,77,77,77,77,77,77,77,77,77,77,77,77,77,77,77],"card_choices":[{"not_picked":["Poisoned Stab","Prepared"],"picked":"Crippling Poison","floor":1},{"not_picked":["Eviscerate","Finisher"],"picked":"Poisoned Stab","floor":4},{"not_picked":["Escape Plan","Dagger Spray"],"picked":"Catalyst","floor":5},{"not_picked":["Dagger Throw","Catalyst"],"picked":"Leg Sweep","floor":6},{"not_picked":["Blade Dance","Choke"],"picked":"Terror","floor":10},{"not_picked":["Choke","Tactician"],"picked":"Tools of the Trade","floor":13},{"not_picked":["Dagger Throw","Finisher"],"picked":"Prepared","floor":14}],"player_experience":124872,"relics_obtained":[{"floor":6,"key":"Blood Vial"}],"event_choices":[{"damage_healed":0,"gold_gain":75,"player_choice":"Gather Gold","damage_taken":11,"max_hp_gain":0,"max_hp_loss":0,"event_name":"World of Goop","floor":2,"gold_loss":0},{"cards_removed":["Strike_G"],"damage_healed":0,"gold_gain":0,"player_choice":"Card Removal","damage_taken":7,"max_hp_gain":0,"max_hp_loss":0,"event_name":"Golden Wing","floor":3,"gold_loss":0},{"cards_removed":["Strike_G"],"damage_healed":0,"gold_gain":0,"player_choice":"Offered Basic","damage_taken":0,"max_hp_gain":0,"max_hp_loss":0,"event_name":"Bonfire Elementals","floor":8,"gold_loss":0}],"is_beta":false,"boss_relics":[],"items_purged_floors":[12],"is_endless":false,"potions_floor_spawned":[6,13,14],"killed_by":"Slime Boss","ascension_level":0}}