{"host":"r4aerl4ckfvw1dw3","time":1613878942,"event":{"mods":["BaseMod","BetterRewards","Minty Spire (QoL Compilation)","Quick Restart","StSLib"],"gold_per_floor":[110,124,139,154,124,124,154,154,154,0,18,18,51,65,65,160,160,180,67,67,77,108,137,137,166,238,256,268,268,288,130,130,130,130],"floor_reached":33,"language":"ENG","playtime":2133,"items_purged":["Decay","Strike_B"],"score":403,"play_id":"af3f9eca-ede1-4d96-a323-fed051c9e03c","local_time":"20210220194222","is_ascension_mode":true,"campfire_choices":[{"data":"Sweeping Beam","floor":6,"key":"SMITH"},{"floor":8,"key":"REST"},{"floor":15,"key":"REST"},{"floor":24,"key":"REST"},{"floor":29,"key":"REST"},{"data":"Defragment","floor":32,"key":"SMITH"}],"circlet_count":0,"master_deck":["Strike_B","Strike_B","Strike_B","Defend_B","Defend_B","Defend_B","Defend_B","Zap+1","Dualcast","Sweeping Beam+1","Coolheaded","Steam","Stack","Consume","Heatsinks","Ball Lightning","Defragment+1","Gash","Electrodynamics","Go for the Eyes+1","Loop+1","Ball Lightning+1","Force Field","Hologram","Force Field+1","Turbo"],"relics":["Cracked Core","StoneCalendar","Letter Opener","Anchor","Pear","Velvet Choker","Red Mask","Happy Flower","Nunchaku","The Courier"],"acts_visited":["Exordium","TheCity"],"potions_floor_usage":[7,16,23],"damage_taken":[{"damage":2,"enemies":"Jaw Worm","floor":1,"turns":4},{"damage":6,"enemies":"Cultist","floor":2,"turns":4},{"damage":7,"enemies":"2 Louse","floor":3,"turns":3},{"damage":0,"enemies":"Large Slime","floor":4,"turns":5},{"damage":1,"enemies":"Looter","floor":5,"turns":4},{"damage":43,"enemies":"Gremlin Nob","floor":7,"turns":5},{"damage":4,"enemies":"Blue Slaver","floor":11,"turns":5},{"damage":27,"enemies":"Lagavulin","floor":13,"turns":6},{"damage":5,"enemies":"2 Fungi Beasts","floor":14,"turns":3},{"damage":7,"enemies":"The Guardian","floor":16,"turns":11},{"damage":32,"enemies":"Chosen","floor":18,"turns":5},{"damage":16,"enemies":"Spheric Guardian","floor":21,"turns":4},{"damage":0,"enemies":"Masked Bandits","floor":22,"turns":2},{"damage":0,"enemies":"Gremlin Leader","floor":23,"turns":7},{"damage":24,"enemies":"Book of Stabbing","floor":25,"turns":6},{"damage":19,"enemies":"Snake Plant","floor":27,"turns":3},{"damage":11,"enemies":"3 Cultists","floor":28,"turns":4},{"damage":0,"enemies":"Centurion and Healer","floor":30,"turns":5},{"damage":87,"enemies":"Automaton","floor":33,"turns":6}],"seed_played":"-6122459897200155364","potions_obtained":[{"floor":4,"key":"SkillPotion"},{"floor":7,"key":"Dexterity Potion"},{"floor":14,"key":"FairyPotion"},{"floor":16,"key":"FairyPotion"},{"floor":22,"key":"SpeedPotion"},{"floor":23,"key":"LiquidMemories"}],"is_trial":false,"path_per_floor":["M","M","M","M","M","R","E","R","T","$","M","?","E","M","R","B",null,"M","$","?","M","?","E","R","E","T","M","M","R","M","$","R","B"],"character_chosen":"DEFECT","items_purchased":["Anchor","Loop","EntropicBrew"],"campfire_rested":4,"item_purchase_floors":[10,19,31],"current_hp_per_floor":[73,67,60,60,59,59,16,38,38,38,34,34,17,12,37,30,71,39,39,39,23,23,23,48,24,24,5,25,50,50,50,50,0,0],"gold":130,"neow_bonus":"UPGRADE_CARD","is_daily":false,"chose_seed":false,"campfire_upgraded":2,"win_rate":0.0,"timestamp":1613878942,"path_taken":["M","M","M","M","M","R","E","R","T","$","M","?","E","M","R","BOSS","M","$","?","?","?","E","R","E","T","M","M","R","M","$","R","BOSS"],"items_purchased_type":["Relic","Card","Potion"],"build_version":"2020-12-22","purchased_purges":2,"victory":false,"max_hp_per_floor":[75,75,75,75,75,75,75,75,75,75,75,75,85,85,85,85,85,85,85,85,85,85,85,85,85,85,85,85,85,85,85,85,85,85],"card_choices":[{"not_picked":["Hologram","Rebound"],"picked":"Sweeping Beam","floor":1},{"not_picked":["Beam Cell","Leap"],"picked":"Coolheaded","floor":2},{"not_picked":["Double Energy","Redo"],"picked":"Steam","floor":3},{"not_picked":["Heatsinks","BootSequence"],"picked":"Stack","floor":4},{"not_picked":["Self Repair","Redo"],"picked":"Consume","floor":5},{"not_picked":["Barrage","Conserve Battery"],"picked":"Heatsinks","floor":7},{"not_picked":["Glacier","Hello World"],"picked":"Ball Lightning","floor":11},{"not_picked":["Sweeping Beam","Machine Learning"],"picked":"Defragment","floor":13},{"not_picked":["Coolheaded","Storm"],"picked":"Gash","floor":14},{"not_picked":["Core Surge","Meteor Strike"],"picked":"Electrodynamics","floor":16},{"not_picked":["FTL","Streamline"],"picked":"Go for the Eyes+1","floor":18},{"not_picked":["Glacier","Steam+1"],"picked":"Ball Lightning+1","floor":21},{"not_picked":["Darkness+1","Self Repair"],"picked":"Force Field","floor":22},{"not_picked":["Consume","Recycle","Blizzard"],"picked":"SKIP","floor":23},{"not_picked":["Skim","Scrape"],"picked":"Hologram","floor":25},{"not_picked":["Steam","Leap"],"picked":"Force Field+1","floor":27},{"not_picked":["Gash","Sweeping Beam+1"],"picked":"Turbo","floor":28},{"not_picked":["Reboot","Heatsinks","Turbo"],"picked":"SKIP","floor":30}],"player_experience":636555,"relics_obtained":[{"floor":7,"key":"StoneCalendar"},{"floor":9,"key":"Letter Opener"},{"floor":13,"key":"Pear"},{"floor":22,"key":"Red Mask"},{"floor":23,"key":"Happy Flower"},{"floor":25,"key":"Nunchaku"},{"floor":26,"key":"The Courier"}],"event_choices":[{"damage_healed":0,"gold_gain":0,"player_choice":"Cursed","damage_taken":0,"max_hp_gain":0,"max_hp_loss":0,"event_name":"Wheel of Change","floor":12,"gold_loss":0,"cards_obtained":["Decay"]},{"damage_healed":0,"gold_gain":0,"player_choice":"Upgraded","damage_taken":0,"max_hp_gain":0,"max_hp_loss":0,"event_name":"Upgrade Shrine","floor":20,"gold_loss":0,"cards_upgraded":["Loop"]},{"damage_healed":0,"gold_gain":0,"player_choice":"Fought Bandits","damage_taken":0,"max_hp_gain":0,"max_hp_loss":0,"event_name":"Masked Bandits","floor":22,"gold_loss":0}],"is_beta":false,"boss_relics":[{"not_picked":["Fusion Hammer","Runic Pyramid"],"picked":"Velvet Choker"}],"items_purged_floors":[19,31],"is_endless":false,"potions_floor_spawned":[4,7,14,16,22,23],"killed_by":"Automaton","ascension_level":5}}