{"host":"k18hfimadcku5042","time":1613904009,"event":{"mods":["Act Like it!","Aspiration","BaseMod","Minty Spire (QoL Compilation)","Pale of the Ancients","Replay The Spire","Spicy Shops","StSLib","The Runesmith","¡¾ÒÅÎï¿¨ÅÆ¡¿REMEMod"],"gold_per_floor":[118,36,49,61,72,100,120,135,135,164,179,179,192,192,192,292,292,311,311,326,343,29,55,71,71,71],"floor_reached":25,"language":"ZHS","playtime":1617,"items_purged":["Runesmith:Strike_RS"],"score":304,"play_id":"0b0a2dd1-76ee-4291-8fe6-e4e2daec39d7","local_time":"20210221184009","is_ascension_mode":true,"campfire_choices":[{"data":"Runesmith:CraftFirestone","floor":12.0,"key":"SMITH"},{"data":"Runesmith:Defend_RS","floor":15.0,"key":"PURGE"}],"circlet_count":0,"master_deck":["Runesmith:Strike_RS","Runesmith:Strike_RS","Runesmith:Strike_RS","Runesmith:Defend_RS+1","Runesmith:Defend_RS+1","Runesmith:CraftFirestone+1","Runesmith:Fortify","Judgement","Runesmith:RuneHurl","FlyingSleeves","FollowUp","Runesmith:UnstableHammer","EmptyFist","Runesmith:UnstableHammer","Runesmith:LastStand","Tantrum","Runesmith:EarthShield","Runesmith:CraftMedicinae","Runesmith:Firewall","ForeignInfluence","Runesmith:UnstableHammer+1","Halt+1"],"relics":["Runesmith:BrokenRuby","REME_ComplimentaryCards","NeowsBlessing","aspiration:SeaSaltIceCream","aspiration:Nostalgia","Replay:M_SmolderingBlood","Darkstone Periapt","REME_HourglassOfDeath","War Paint","SlaversCollar","CultistMask","Kunai","Strawberry"],"acts_visited":["Exordium","TheCity"],"potions_floor_usage":[25],"damage_taken":[{"damage":0.0,"enemies":"2 Louse","floor":1.0,"turns":1.0},{"damage":0.0,"enemies":"Cultist","floor":3.0,"turns":1.0},{"damage":0.0,"enemies":"Jaw Worm","floor":4.0,"turns":1.0},{"damage":3.0,"enemies":"Blue Slaver","floor":5.0,"turns":2.0},{"damage":6.0,"enemies":"Replay:BlueRogue","floor":6.0,"turns":5.0},{"damage":4.0,"enemies":"Lots of Slimes","floor":7.0,"turns":3.0},{"damage":1.0,"enemies":"3 Louse","floor":8.0,"turns":2.0},{"damage":0.0,"enemies":"Gremlin Nob","floor":10.0,"turns":2.0},{"damage":0.0,"enemies":"Exordium Thugs","floor":11.0,"turns":3.0},{"damage":0.0,"enemies":"Blue Slaver","floor":13.0,"turns":2.0},{"damage":11.0,"enemies":"Fading Forest","floor":16.0,"turns":11.0},{"damage":7.0,"enemies":"Shell Parasite","floor":18.0,"turns":3.0},{"damage":0.0,"enemies":"Spheric Guardian","floor":20.0,"turns":3.0},{"damage":6.0,"enemies":"3 Cultists","floor":21.0,"turns":4.0},{"damage":40.0,"enemies":"Book of Stabbing","floor":23.0,"turns":5.0},{"damage":31.0,"enemies":"Shelled Parasite and Fungi","floor":24.0,"turns":3.0},{"damage":37,"enemies":"Replay:Snechameleon","floor":25,"turns":2}],"seed_played":"-8097931214127354523","potions_obtained":[{"floor":3.0,"key":"SkillPotion"},{"floor":8.0,"key":"SkillPotion"},{"floor":11.0,"key":"Ancient Potion"},{"floor":13.0,"key":"Swift Potion"},{"floor":16.0,"key":"FairyPotion"},{"floor":18.0,"key":"SneckoOil"},{"floor":20.0,"key":"Venom Potion"},{"floor":24.0,"key":"Strength Potion"}],"is_trial":false,"path_per_floor":["M","?","M","M","M","E","M","M","T","E","M","R","M","?","R","B",null,"M","?","M","M","$","E","M","E"],"character_chosen":"RUNESMITH_CLASS","items_purchased":["Kunai"],"campfire_rested":0,"item_purchase_floors":[22],"current_hp_per_floor":[70,70,70,70,67,61,57,56,56,56,56,56,56,49,49,58,70,63,63,63,57,57,24,23,0,0],"gold":71,"neow_bonus":"THREE_ENEMY_KILL","is_daily":false,"chose_seed":false,"campfire_upgraded":1,"win_rate":0.0,"timestamp":1613904009,"path_taken":["M","?","M","M","?","E","M","M","T","E","M","R","M","?","R","BOSS","M","?","M","M","$","E","M","E"],"items_purchased_type":["Relic"],"build_version":"2020-12-22","purchased_purges":1,"victory":false,"max_hp_per_floor":[70,70,70,70,70,70,70,70,70,70,70,70,70,70,70,70,70,70,70,70,70,70,77,77,77,77],"card_choices":[{"not_picked":["Runesmith:EarthShield","Runesmith:PerfectChisel"],"picked":"Runesmith:RuneHurl","floor":1.0},{"not_picked":["Runesmith:Empowerment","Runesmith:MakeshiftArmor"],"picked":"FlyingSleeves","floor":3.0},{"not_picked":["Runesmith:HammerTime","Runesmith:RuneHurl"],"picked":"FollowUp","floor":4.0},{"not_picked":["Runesmith:LightningRod","Runesmith:Overpower","Runesmith:Prism"],"picked":"SKIP","floor":5.0},{"not_picked":["Runesmith:HeatedChisel","Runesmith:ChiselStab"],"picked":"Runesmith:UnstableHammer","floor":6.0},{"not_picked":["CrushJoints","Runesmith:MakeshiftArmor"],"picked":"EmptyFist","floor":7.0},{"not_picked":["Runesmith:CraftObretio","BowlingBash"],"picked":"Runesmith:UnstableHammer","floor":8.0},{"not_picked":["Runesmith:EarthShield","Bludgeon"],"picked":"Runesmith:LastStand","floor":10.0},{"not_picked":["Runesmith:ShiftingStrike","Runesmith:UnstableHammer"],"picked":"Tantrum","floor":11.0},{"not_picked":["Runesmith:EnergizedChisel","Runesmith:Malloc"],"picked":"Runesmith:EarthShield","floor":13.0},{"not_picked":["Runesmith:LastStand","Runesmith:FissionHammer"],"picked":"Runesmith:CraftMedicinae","floor":16.0},{"not_picked":["Runesmith:GoWithTheFlow","Whirlwind+1"],"picked":"Runesmith:Firewall","floor":18.0},{"not_picked":["Runesmith:NegativeSpace","Runesmith:CraftObretio"],"picked":"ForeignInfluence","floor":20.0},{"not_picked":["Halt","Crescendo"],"picked":"Runesmith:UnstableHammer+1","floor":21.0},{"not_picked":["Runesmith:EnergizedChisel","Runesmith:Grindstone","Runesmith:Overpower"],"picked":"SKIP","floor":23.0},{"not_picked":["Runesmith:ChargedHammer+1","Runesmith:EarthShield"],"picked":"Halt+1","floor":24.0}],"player_experience":220137,"relics_obtained":[{"floor":6.0,"key":"Darkstone Periapt"},{"floor":9.0,"key":"REME_HourglassOfDeath"},{"floor":10.0,"key":"War Paint"},{"floor":23.0,"key":"Strawberry"}],"event_choices":[{"damage_healed":0.0,"max_hp_gain":0.0,"max_hp_loss":0.0,"gold_gain":0.0,"event_name":"WeMeetAgain","player_choice":"Paid Gold","floor":2.0,"gold_loss":82.0,"damage_taken":0.0,"relics_obtained":["aspiration:SeaSaltIceCream"]},{"cards_removed":["Runesmith:Defend_RS"],"damage_healed":0.0,"max_hp_gain":0.0,"max_hp_loss":0.0,"gold_gain":0.0,"event_name":"Golden Wing","player_choice":"Card Removal","floor":14.0,"gold_loss":0.0,"damage_taken":7.0},{"damage_healed":0.0,"max_hp_gain":0.0,"max_hp_loss":0.0,"gold_gain":0.0,"event_name":"FaceTrader","player_choice":"Trade","floor":19.0,"gold_loss":0.0,"damage_taken":0.0,"relics_obtained":["CultistMask"]}],"is_beta":false,"boss_relics":[{"not_picked":["Snecko Eye","SacredBark"],"picked":"SlaversCollar"}],"items_purged_floors":[22],"is_endless":false,"potions_floor_spawned":[3,8,11,13,16,18,20,24],"killed_by":"Replay:Snechameleon","ascension_level":3}}