{"host":"as7albp2mcgkylj3","time":1613934021,"event":{"mods":["2.2 Compatiblity","AchievementEnabler","BaseMod","Colored Map","DeckTracker","Googly Eyes","Highlight Path","Minty Spire (QoL Compilation)","StSLib","SuperFastMode"],"gold_per_floor":[110,110,110,8,27,27,55,55,55,73,73,92,119,39,39,137,137,147,158,58,75,174,174,190,190,190,190,207,207,207,222,222,326,326,337,0,0,10,20,20,51,61,136,136,136,146,166,166,166,166,166],"floor_reached":50,"language":"ITA","playtime":1435,"items_purged":["Defend_G","Strike_G","Strike_G"],"score":507,"play_id":"8e895297-5942-4e90-9a2a-f29f90b2a53b","local_time":"20210221200021","is_ascension_mode":false,"campfire_choices":[{"data":"Deadly Poison","floor":6.0,"key":"SMITH"},{"data":"Deadly Poison","floor":8.0,"key":"SMITH"},{"data":"Neutralize","floor":11.0,"key":"SMITH"},{"data":"Survivor","floor":15.0,"key":"SMITH"},{"data":"Adrenaline","floor":23.0,"key":"SMITH"},{"data":"Defend_G","floor":27.0,"key":"SMITH"},{"data":"Defend_G","floor":30.0,"key":"SMITH"},{"floor":32.0,"key":"REST"},{"data":"Deadly Poison","floor":40,"key":"SMITH"},{"data":"Defend_G","floor":49,"key":"SMITH"}],"circlet_count":0,"master_deck":["Strike_G+1","Strike_G+1","Defend_G+1","Defend_G+1","Defend_G+1","Defend_G","Survivor+1","Neutralize+1","Deadly Poison+1","Deadly Poison+1","Adrenaline+1","Acrobatics+1","Corpse Explosion","Deadly Poison+1","Master of Strategy","Doubt"],"relics":["Ring of the Serpent","NeowsBlessing","The Courier","Meat on the Bone","Question Card","White Beast Statue","HoveringKite","Bag of Marbles","Red Mask","Whetstone","StrikeDummy"],"acts_visited":["Exordium","TheCity","TheBeyond"],"potions_floor_usage":[50],"damage_taken":[{"damage":0.0,"enemies":"2 Louse","floor":1.0,"turns":1.0},{"damage":0.0,"enemies":"Small Slimes","floor":5.0,"turns":1.0},{"damage":0.0,"enemies":"3 Sentries","floor":7.0,"turns":2.0},{"damage":3.0,"enemies":"Jaw Worm","floor":10.0,"turns":3.0},{"damage":0.0,"enemies":"3 Louse","floor":12.0,"turns":3.0},{"damage":19.0,"enemies":"Lagavulin","floor":13.0,"turns":6.0},{"damage":10.0,"enemies":"Hexaghost","floor":16.0,"turns":8.0},{"damage":0.0,"enemies":"Shell Parasite","floor":18.0,"turns":4.0},{"damage":17.0,"enemies":"Spheric Guardian","floor":19.0,"turns":4.0},{"damage":5.0,"enemies":"Shelled Parasite and Fungi","floor":21.0,"turns":4.0},{"damage":39.0,"enemies":"3 Cultists","floor":24.0,"turns":8.0},{"damage":6.0,"enemies":"Centurion and Healer","floor":28.0,"turns":9.0},{"damage":0.0,"enemies":"Snecko","floor":31.0,"turns":4.0},{"damage":94.0,"enemies":"Automaton","floor":33.0,"turns":14.0},{"damage":2.0,"enemies":"Orb Walker","floor":35.0,"turns":3.0},{"damage":17,"enemies":"3 Darklings","floor":38,"turns":3},{"damage":9,"enemies":"Writhing Mass","floor":39,"turns":5},{"damage":23,"enemies":"Giant Head","floor":41,"turns":8},{"damage":1,"enemies":"4 Shapes","floor":42,"turns":3},{"damage":0,"enemies":"Transient","floor":46,"turns":5},{"damage":10,"enemies":"Spire Growth","floor":47,"turns":4},{"damage":105,"enemies":"Time Eater","floor":50,"turns":11}],"seed_played":"8509560328748944825","potions_obtained":[{"floor":10.0,"key":"Weak Potion"},{"floor":12.0,"key":"Poison Potion"},{"floor":13.0,"key":"Fire Potion"},{"floor":19.0,"key":"FairyPotion"},{"floor":24.0,"key":"PowerPotion"},{"floor":33.0,"key":"Energy Potion"},{"floor":35,"key":"FairyPotion"}],"is_trial":false,"path_per_floor":["M","?","?","$","M","R","E","R","T","M","R","M","E","$","R","B",null,"M","M","$","M","?","R","M","?","T","R","M","?","R","M","R","B",null,"M","?","?","M","M","R","E","M","T","?","?","M","M","?","R","B"],"character_chosen":"THE_SILENT","items_purchased":["Deadly Poison"],"campfire_rested":1,"item_purchase_floors":[4],"current_hp_per_floor":[70,63,68,68,68,68,68,68,68,65,65,65,46,46,46,48,75,75,58,58,53,53,53,26,51,51,51,45,45,45,45,67,34,75,73,73,73,56,47,47,36,47,47,47,47,47,37,71,71,0,0],"gold":166,"neow_bonus":"THREE_ENEMY_KILL","is_daily":false,"chose_seed":false,"campfire_upgraded":9,"win_rate":0.0,"timestamp":1613934021,"path_taken":["M","?","?","$","M","R","E","R","T","M","R","M","E","$","R","BOSS","M","M","$","M","?","R","M","?","T","R","M","?","R","M","R","BOSS","M","?","?","M","M","R","E","M","T","?","?","M","M","?","R","BOSS"],"items_purchased_type":["Card"],"build_version":"2020-12-22","purchased_purges":3,"victory":false,"max_hp_per_floor":[70,70,75,75,75,75,75,75,75,75,75,75,75,75,75,75,75,75,75,75,75,75,75,75,75,75,75,75,75,75,75,75,75,75,75,75,75,75,75,75,75,75,75,75,71,71,71,71,71,71,71],"card_choices":[{"not_picked":["Bane","Flechettes","Slice"],"picked":"SKIP","floor":1.0},{"not_picked":["Flechettes","Predator","Leg Sweep"],"picked":"SKIP","floor":5.0},{"not_picked":["Dagger Throw","Acrobatics"],"picked":"Deadly Poison","floor":7.0},{"not_picked":["Skewer","Sucker Punch","Expertise","Well Laid Plans"],"picked":"SKIP","floor":10.0},{"not_picked":["Riddle With Holes","Dodge and Roll","Masterful Stab","Bouncing Flask"],"picked":"SKIP","floor":12.0},{"not_picked":["Envenom","Backstab","Footwork","Dodge and Roll"],"picked":"SKIP","floor":13.0},{"not_picked":["Phantasmal Killer","After Image","Envenom"],"picked":"Adrenaline","floor":16.0},{"not_picked":["Underhanded Strike","Sucker Punch","Predator","Slice"],"picked":"SKIP","floor":18.0},{"not_picked":["Dagger Throw+1","Blade Dance","Setup+1","Accuracy"],"picked":"SKIP","floor":19.0},{"not_picked":["PiercingWail+1","Footwork","Backflip","Underhanded Strike"],"picked":"SKIP","floor":21.0},{"not_picked":["Die Die Die","Skewer+1","Blade Dance","Dagger Spray+1"],"picked":"SKIP","floor":24.0},{"not_picked":["Poisoned Stab","Backflip","Deflect+1"],"picked":"Acrobatics+1","floor":28.0},{"not_picked":["Underhanded Strike+1","Slice+1","Heel Hook+1","Blur"],"picked":"SKIP","floor":31.0},{"not_picked":["Grand Finale","Tools of the Trade","Malaise"],"picked":"Corpse Explosion","floor":33.0},{"not_picked":["Endless Agony","Backflip+1","PiercingWail+1"],"picked":"Deadly Poison","floor":35},{"not_picked":["Dagger Spray","Bane","Unload","Flying Knee"],"picked":"SKIP","floor":38},{"not_picked":["Acrobatics","Noxious Fumes+1","Flying Knee","Backflip+1"],"picked":"SKIP","floor":39},{"not_picked":["Poisoned Stab+1","Blade Dance+1","Finisher","Predator"],"picked":"SKIP","floor":41},{"not_picked":["Prepared+1","Sucker Punch+1","Expertise","Poisoned Stab"],"picked":"SKIP","floor":42},{"not_picked":["Secret Technique","Dramatic Entrance","Chrysalis"],"picked":"Master of Strategy","floor":44},{"not_picked":["Quick Slash+1","Leg Sweep+1","Slice+1","Acrobatics"],"picked":"SKIP","floor":46},{"not_picked":["Underhanded Strike+1","Deflect+1","Quick Slash+1","Slice"],"picked":"SKIP","floor":47}],"player_experience":485888,"relics_obtained":[{"floor":7.0,"key":"Meat on the Bone"},{"floor":9.0,"key":"Question Card"},{"floor":13.0,"key":"White Beast Statue"},{"floor":26.0,"key":"Bag of Marbles"},{"floor":41,"key":"Whetstone"},{"floor":43,"key":"StrikeDummy"}],"event_choices":[{"damage_healed":0.0,"max_hp_gain":0.0,"max_hp_loss":0.0,"gold_gain":0.0,"event_name":"Scrap Ooze","player_choice":"Success","floor":2.0,"gold_loss":0.0,"damage_taken":7.0,"relics_obtained":["The Courier"]},{"damage_healed":0.0,"max_hp_gain":5.0,"max_hp_loss":0.0,"gold_gain":0.0,"event_name":"Big Fish","player_choice":"Donut","floor":3.0,"gold_loss":0.0,"damage_taken":0.0},{"damage_healed":0.0,"max_hp_gain":0.0,"max_hp_loss":0.0,"gold_gain":99.0,"event_name":"Nest","player_choice":"Stole From Cult","floor":22.0,"gold_loss":0.0,"damage_taken":0.0},{"damage_healed":25.0,"max_hp_gain":0.0,"max_hp_loss":0.0,"gold_gain":0.0,"event_name":"The Library","player_choice":"Heal","floor":25.0,"gold_loss":0.0,"damage_taken":0.0},{"damage_healed":0.0,"max_hp_gain":0.0,"max_hp_loss":0.0,"gold_gain":0.0,"event_name":"The Mausoleum","player_choice":"Ignored","floor":29.0,"gold_loss":0.0,"damage_taken":0.0},{"damage_healed":0,"gold_gain":0,"player_choice":"Paid","damage_taken":0,"relics_obtained":["Red Mask"],"max_hp_gain":0,"max_hp_loss":0,"event_name":"Tomb of Lord Red Mask","floor":36,"gold_loss":337},{"cards_removed":["Strike_G"],"damage_healed":0,"gold_gain":0,"player_choice":"Removed Attack","damage_taken":0,"max_hp_gain":0,"max_hp_loss":0,"event_name":"Falling","floor":37,"gold_loss":0},{"damage_healed":0,"gold_gain":0,"player_choice":"Memory 1","damage_taken":0,"max_hp_gain":0,"max_hp_loss":0,"event_name":"SensoryStone","floor":44,"gold_loss":0},{"damage_healed":0,"gold_gain":0,"player_choice":"Max HP","damage_taken":0,"max_hp_gain":0,"max_hp_loss":4,"event_name":"Winding Halls","floor":45,"gold_loss":0},{"damage_healed":34,"gold_gain":0,"player_choice":"Heal","damage_taken":0,"max_hp_gain":0,"max_hp_loss":0,"event_name":"MindBloom","floor":48,"gold_loss":0,"cards_obtained":["Doubt"]}],"is_beta":false,"boss_relics":[{"not_picked":["Pandora\u0027s Box","Ectoplasm"],"picked":"HoveringKite"},{"not_picked":["Calling Bell","Astrolabe"],"picked":"Ring of the Serpent"}],"items_purged_floors":[4,14,20],"is_endless":false,"potions_floor_spawned":[10,12,13,16,18,19,21,24,28,31,33,35,38,39,41,42,46,47],"killed_by":"Time Eater","ascension_level":0}}