{"host":"d8d3jqle49sogkjv","time":1613924280,"event":{"mods":["BaseMod","Colored Map","Colored Powertips","Minty Spire (QoL Compilation)","StSLib"],"gold_per_floor":[112,132,132,132,152,180,180,199,223,248,264,299,239,256,256,353,353,366,286,286,304,315,315,249,279,305,305,305],"floor_reached":27,"language":"ENG","playtime":967,"items_purged":["Strike_R","Strike_R"],"score":392,"play_id":"b9d6c99c-9faa-463f-8389-2f6056de25b8","local_time":"20210221171800","is_ascension_mode":true,"campfire_choices":[{"data":"Carnage","floor":7,"key":"SMITH"},{"floor":15,"key":"REST"},{"floor":23,"key":"REST"}],"circlet_count":0,"master_deck":["AscendersBane","Strike_R","Strike_R","Strike_R","Defend_R","Defend_R","Defend_R","Defend_R","Bash","Hemokinesis","Carnage+1","Offering","Uppercut","Ghostly Armor","True Grit","Demon Form","Armaments","Metallicize+1"],"relics":["Burning Blood","Pocketwatch","Nunchaku","Ancient Tea Set","Orichalcum","The Courier","Sozu","StrikeDummy","Akabeko","MealTicket"],"acts_visited":["Exordium","TheCity"],"potions_floor_usage":[6,10,10,16,16],"damage_taken":[{"damage":6,"enemies":"Cultist","floor":1,"turns":3},{"damage":11,"enemies":"Jaw Worm","floor":2,"turns":4},{"damage":9,"enemies":"Small Slimes","floor":5,"turns":3},{"damage":10,"enemies":"Gremlin Nob","floor":6,"turns":3},{"damage":20,"enemies":"Exordium Thugs","floor":8,"turns":2},{"damage":38,"enemies":"3 Sentries","floor":10,"turns":5},{"damage":3,"enemies":"Blue Slaver","floor":11,"turns":3},{"damage":20,"enemies":"Lagavulin","floor":12,"turns":4},{"damage":8,"enemies":"Lots of Slimes","floor":14,"turns":3},{"damage":33,"enemies":"The Guardian","floor":16,"turns":8},{"damage":2,"enemies":"Chosen","floor":18,"turns":3},{"damage":18,"enemies":"2 Thieves","floor":21,"turns":3},{"damage":24,"enemies":"Snake Plant","floor":22,"turns":4},{"damage":37,"enemies":"Gremlin Leader","floor":25,"turns":5},{"damage":10,"enemies":"Sentry and Sphere","floor":27,"turns":4}],"seed_played":"-4341250075528373366","potions_obtained":[{"floor":2,"key":"SneckoOil"},{"floor":4,"key":"DuplicationPotion"},{"floor":4,"key":"BloodPotion"},{"floor":8,"key":"DistilledChaos"},{"floor":12,"key":"Explosive Potion"},{"floor":14,"key":"DuplicationPotion"}],"is_trial":false,"path_per_floor":["M","M","?","?","M","E","R","M","T","E","M","E","$","M","R","B",null,"M","$","?","M","M","R","?","E","T","M"],"character_chosen":"IRONCLAD","items_purchased":[],"campfire_rested":2,"item_purchase_floors":[],"current_hp_per_floor":[72,67,67,67,64,60,60,46,46,28,31,17,17,15,36,9,56,60,60,47,35,17,40,40,9,9,0,0],"gold":305,"neow_bonus":"ONE_RARE_RELIC","is_daily":false,"chose_seed":false,"campfire_upgraded":1,"win_rate":0.0,"timestamp":1613924280,"path_taken":["M","?","?","?","?","E","R","M","T","E","M","E","$","M","R","BOSS","M","$","?","M","M","R","?","E","T","M"],"items_purchased_type":[],"build_version":"2020-12-22","purchased_purges":2,"victory":false,"max_hp_per_floor":[72,72,72,72,72,72,72,72,72,72,72,72,72,72,72,72,72,72,72,77,77,77,77,77,77,77,77,77],"card_choices":[{"not_picked":["Cleave","Havoc","Wild Strike"],"picked":"SKIP","floor":1},{"not_picked":["Burning Pact","Metallicize"],"picked":"Hemokinesis","floor":2},{"not_picked":["True Grit","Warcry"],"picked":"Carnage","floor":5},{"not_picked":["Seeing Red","Metallicize"],"picked":"Offering","floor":6},{"not_picked":["Sword Boomerang","Flex"],"picked":"Uppercut","floor":8},{"not_picked":["Burning Pact","Heavy Blade"],"picked":"Ghostly Armor","floor":10},{"not_picked":["Thunderclap","Reckless Charge","Anger"],"picked":"SKIP","floor":11},{"not_picked":["Pommel Strike","Intimidate","Seeing Red"],"picked":"SKIP","floor":12},{"not_picked":["Body Slam","Havoc"],"picked":"True Grit","floor":14},{"not_picked":["Corruption","Immolate"],"picked":"Demon Form","floor":16},{"not_picked":["Reckless Charge","Clash"],"picked":"Armaments","floor":18},{"not_picked":["Warcry","Heavy Blade","Headbutt"],"picked":"SKIP","floor":21},{"not_picked":["Seeing Red","Clash","Sword Boomerang"],"picked":"SKIP","floor":22},{"not_picked":["Flex","Warcry"],"picked":"Metallicize+1","floor":25}],"player_experience":452437,"relics_obtained":[{"floor":6,"key":"Nunchaku"},{"floor":9,"key":"Ancient Tea Set"},{"floor":10,"key":"Orichalcum"},{"floor":12,"key":"The Courier"},{"floor":25,"key":"Akabeko"},{"floor":26,"key":"MealTicket"}],"event_choices":[{"damage_healed":0,"gold_gain":0,"player_choice":"Ignored","damage_taken":0,"max_hp_gain":0,"max_hp_loss":0,"event_name":"Liars Game","floor":3,"gold_loss":0},{"damage_healed":0,"gold_gain":0,"player_choice":"Got Potions","damage_taken":0,"max_hp_gain":0,"max_hp_loss":0,"event_name":"Lab","floor":4,"gold_loss":0},{"damage_healed":0,"gold_gain":0,"player_choice":"Shed Blood","damage_taken":18,"max_hp_gain":5,"max_hp_loss":0,"event_name":"Forgotten Altar","floor":20,"gold_loss":0},{"damage_healed":0,"gold_gain":0,"player_choice":"Paid Gold","damage_taken":0,"relics_obtained":["StrikeDummy"],"max_hp_gain":0,"max_hp_loss":0,"event_name":"WeMeetAgain","floor":24,"gold_loss":66}],"is_beta":false,"boss_relics":[{"not_picked":["Velvet Choker","Pandora\u0027s Box"],"picked":"Sozu"}],"items_purged_floors":[13,19],"is_endless":false,"potions_floor_spawned":[2,5,8,12,14],"killed_by":"Sentry and Sphere","ascension_level":11}}