{"host":"6152go0anyt7mc9e","time":1613895768,"event":{"mods":["BaseMod","Colored Map","Minty Spire (QoL Compilation)","StSLib"],"gold_per_floor":[114,39,214,289,189,219,219,249,249,249,1,31,61,103,115,227,239,266,193,205,232,169,199,199,229,304,334,171,201,101,201,201,301,301,316,316,316,53,68,98,98,128,128,158,188,188,218,248,248,248],"floor_reached":51,"language":"ZHT","playtime":1457,"items_purged":["Shrug It Off","Doubt","Iron Wave","True Grit","Sever Soul","Fiend Fire","Warcry"],"score":1400,"play_id":"25558c47-8223-4b1f-aec1-3266d7df0a6b","local_time":"20210221162248","daily_mods":["SealedDeck","Flight","Elite Swarm"],"is_ascension_mode":false,"campfire_choices":[{"data":"Hemokinesis","floor":7.0,"key":"SMITH"},{"data":"Rampage","floor":10.0,"key":"SMITH"},{"data":"1","floor":15.0,"key":"LIFT"},{"data":"2","floor":24,"key":"LIFT"},{"data":"3","floor":32,"key":"LIFT"},{"data":"Offering","floor":41,"key":"SMITH"},{"data":"Dropkick","floor":49,"key":"SMITH"}],"circlet_count":0,"master_deck":["Shrug It Off","Hemokinesis+1","Thunderclap+1","Pommel Strike+1","Intimidate","Rampage+1","Offering+1","Dropkick+1","Offering","Dropkick+1"],"relics":["Burning Blood","FossilizedHelix","Bronze Scales","White Beast Statue","Membership Card","Girya","MawBank","MealTicket","Coffee Dripper","Letter Opener","Orichalcum","Mercury Hourglass","Pantograph","Bottled Lightning","Anchor","HornCleat","Thread and Needle","Eternal Feather","Philosopher\u0027s Stone","Bag of Marbles","Whetstone","Juzu Bracelet","Bag of Preparation","Meat on the Bone","Sundial","Molten Egg 2","Shovel","TungstenRod"],"acts_visited":["TheCity","TheBeyond"],"potions_floor_usage":[25,50],"damage_taken":[{"damage":4.0,"enemies":"Small Slimes","floor":1.0,"turns":3.0},{"damage":11.0,"enemies":"Gremlin Nob","floor":6.0,"turns":3.0},{"damage":20.0,"enemies":"Lagavulin","floor":8.0,"turns":4.0},{"damage":0.0,"enemies":"Gremlin Nob","floor":12.0,"turns":3.0},{"damage":4.0,"enemies":"Lagavulin","floor":13.0,"turns":2.0},{"damage":2.0,"enemies":"Gremlin Nob","floor":14.0,"turns":2.0},{"damage":60.0,"enemies":"The Guardian","floor":16.0,"turns":4.0},{"damage":11.0,"enemies":"Chosen","floor":18.0,"turns":2.0},{"damage":7,"enemies":"2 Thieves","floor":21,"turns":2},{"damage":12,"enemies":"Book of Stabbing","floor":23,"turns":3},{"damage":0,"enemies":"Slavers","floor":25,"turns":2},{"damage":8,"enemies":"Gremlin Leader","floor":27,"turns":2},{"damage":6,"enemies":"Slavers","floor":29,"turns":1},{"damage":6,"enemies":"Colosseum Slavers","floor":31,"turns":1},{"damage":6,"enemies":"Colosseum Nobs","floor":31,"turns":1},{"damage":6,"enemies":"Collector","floor":33,"turns":2},{"damage":6,"enemies":"3 Darklings","floor":35,"turns":1},{"damage":0,"enemies":"3 Shapes","floor":39,"turns":1},{"damage":0,"enemies":"Reptomancer","floor":40,"turns":1},{"damage":0,"enemies":"Giant Head","floor":42,"turns":1},{"damage":0,"enemies":"Nemesis","floor":44,"turns":1},{"damage":0,"enemies":"Reptomancer","floor":45,"turns":1},{"damage":0,"enemies":"Nemesis","floor":47,"turns":1},{"damage":0,"enemies":"Giant Head","floor":48,"turns":1},{"damage":0,"enemies":"Donu and Deca","floor":50,"turns":1}],"seed_played":"-7397021786818157212","potions_obtained":[{"floor":6.0,"key":"SkillPotion"},{"floor":12.0,"key":"Ancient Potion"},{"floor":13.0,"key":"Swift Potion"},{"floor":14.0,"key":"LiquidBronze"},{"floor":16.0,"key":"AttackPotion"},{"floor":18.0,"key":"PowerPotion"},{"floor":25,"key":"BlessingOfTheForge"},{"floor":31,"key":"FearPotion"},{"floor":48,"key":"Energy Potion"}],"is_trial":false,"path_per_floor":["M","$","?","?","$","E","R","E","T","R","$","E","E","E","R","B",null,"M","?","?","M","$","E","R","E","T","E","$","E","$","?","R","B",null,"M","?","?","$","M","E","R","E","T","E","E","?","E","E","R","B",null],"character_chosen":"IRONCLAD","items_purchased":["Membership Card","Dropkick","Anchor","Bag of Marbles","Whetstone"],"campfire_rested":0,"item_purchase_floors":[11,11,28,38,38],"current_hp_per_floor":[80,80,80,69,69,64,64,50,50,50,50,56,58,62,62,8,80,75,75,75,74,80,74,74,80,80,78,80,80,80,80,80,80,80,80,80,80,80,80,80,80,80,80,80,80,76,76,76,76,76],"gold":248,"neow_bonus":"","is_daily":true,"chose_seed":false,"campfire_upgraded":4,"win_rate":0.0,"timestamp":1613895768,"path_taken":["M","$","?","?","$","E","R","E","T","R","$","E","E","E","R","BOSS","M","?","?","M","$","E","R","E","T","E","$","E","$","?","R","BOSS","M","?","?","$","?","E","R","E","T","E","E","?","E","E","R","BOSS"],"items_purchased_type":["Relic","Card","Relic","Relic","Relic"],"build_version":"2020-12-22","purchased_purges":7,"victory":true,"max_hp_per_floor":[80,80,80,80,80,80,80,80,80,80,80,80,80,80,80,80,80,80,80,80,80,80,80,80,80,80,80,80,80,80,80,80,80,80,80,80,80,80,80,80,80,80,80,80,80,76,76,76,76,76],"card_choices":[{"not_picked":["Anger","True Grit"],"picked":"Rampage","floor":1.0},{"not_picked":["Brutality","Impervious","Barricade"],"picked":"SKIP","floor":6.0},{"not_picked":["Brutality","Impervious","Barricade"],"picked":"SKIP","floor":6.0},{"not_picked":["Barricade","Reaper"],"picked":"Offering","floor":8.0},{"not_picked":["Berserk","Juggernaut","Exhume"],"picked":"SKIP","floor":12.0},{"not_picked":["Exhume","Berserk","Demon Form"],"picked":"SKIP","floor":13.0},{"not_picked":["Barricade","Bludgeon","Exhume"],"picked":"SKIP","floor":14.0},{"not_picked":["Immolate","Limit Break"],"picked":"Fiend Fire","floor":16.0},{"not_picked":["Flex+1","Searing Blow+1","Reckless Charge+1"],"picked":"SKIP","floor":18.0},{"not_picked":["Twin Strike","Headbutt","Metallicize"],"picked":"SKIP","floor":21},{"not_picked":["Reaper","Brutality","Barricade"],"picked":"SKIP","floor":23},{"not_picked":["Reaper","Barricade","Impervious"],"picked":"SKIP","floor":25},{"not_picked":["Bludgeon","Brutality"],"picked":"Offering","floor":27},{"not_picked":["Fiend Fire","Immolate","Offering"],"picked":"SKIP","floor":29},{"not_picked":["Fiend Fire","Immolate","Offering"],"picked":"SKIP","floor":29},{"not_picked":["Twin Strike+1","Shockwave+1","Whirlwind"],"picked":"SKIP","floor":35},{"not_picked":["Warcry+1","Shrug It Off"],"picked":"Dropkick","floor":39},{"not_picked":["Corruption","Berserk","Impervious"],"picked":"SKIP","floor":40},{"not_picked":["Feed","Berserk","Demon Form"],"picked":"SKIP","floor":42},{"not_picked":["Bludgeon","Barricade","Impervious"],"picked":"SKIP","floor":44},{"not_picked":["Offering","Feed+1","Immolate+1"],"picked":"SKIP","floor":45},{"not_picked":["Exhume","Juggernaut","Bludgeon+1"],"picked":"SKIP","floor":47},{"not_picked":["Barricade","Brutality","Reaper+1"],"picked":"SKIP","floor":48}],"player_experience":1553172,"relics_obtained":[{"floor":6.0,"key":"FossilizedHelix"},{"floor":8.0,"key":"Bronze Scales"},{"floor":9.0,"key":"White Beast Statue"},{"floor":12.0,"key":"Girya"},{"floor":13.0,"key":"MawBank"},{"floor":14.0,"key":"MealTicket"},{"floor":23,"key":"Orichalcum"},{"floor":25,"key":"Mercury Hourglass"},{"floor":26,"key":"Pantograph"},{"floor":27,"key":"Bottled Lightning"},{"floor":29,"key":"HornCleat"},{"floor":31,"key":"Thread and Needle"},{"floor":31,"key":"Eternal Feather"},{"floor":40,"key":"Juzu Bracelet"},{"floor":42,"key":"Bag of Preparation"},{"floor":43,"key":"Meat on the Bone"},{"floor":44,"key":"Sundial"},{"floor":45,"key":"Molten Egg 2"},{"floor":47,"key":"Shovel"},{"floor":48,"key":"TungstenRod"}],"event_choices":[{"damage_healed":0.0,"max_hp_gain":0.0,"max_hp_loss":0.0,"gold_gain":175.0,"event_name":"Liars Game","player_choice":"AGREE","floor":3.0,"gold_loss":0.0,"damage_taken":0.0,"cards_obtained":["Doubt"]},{"damage_healed":0.0,"max_hp_gain":0.0,"max_hp_loss":0.0,"gold_gain":75.0,"event_name":"World of Goop","player_choice":"Gather Gold","floor":4.0,"gold_loss":0.0,"damage_taken":11.0},{"damage_healed":0.0,"max_hp_gain":0.0,"max_hp_loss":0.0,"gold_gain":0.0,"event_name":"Addict","player_choice":"Obtained Relic","floor":19.0,"gold_loss":85.0,"damage_taken":0.0,"relics_obtained":["Letter Opener"]},{"damage_healed":0,"gold_gain":0,"player_choice":"Ignored","damage_taken":0,"max_hp_gain":0,"max_hp_loss":0,"event_name":"The Mausoleum","floor":20,"gold_loss":0},{"damage_healed":0,"gold_gain":0,"player_choice":"Fight","damage_taken":0,"max_hp_gain":0,"max_hp_loss":0,"event_name":"Colosseum","floor":31,"gold_loss":0},{"damage_healed":0,"gold_gain":0,"player_choice":"Fought Nobs","damage_taken":0,"max_hp_gain":0,"max_hp_loss":0,"event_name":"Colosseum","floor":31,"gold_loss":0},{"damage_healed":0,"gold_gain":0,"player_choice":"Memory 1","damage_taken":0,"max_hp_gain":0,"max_hp_loss":0,"event_name":"SensoryStone","floor":36,"gold_loss":0},{"damage_healed":0,"gold_gain":0,"player_choice":"Upgraded","damage_taken":0,"max_hp_gain":0,"max_hp_loss":0,"event_name":"Upgrade Shrine","floor":37,"gold_loss":0,"cards_upgraded":["Pommel Strike"]},{"damage_healed":0,"gold_gain":0,"player_choice":"Max HP","damage_taken":0,"max_hp_gain":0,"max_hp_loss":4,"event_name":"Winding Halls","floor":46,"gold_loss":0}],"is_beta":false,"boss_relics":[{"not_picked":["Velvet Choker","Calling Bell"],"picked":"Coffee Dripper"},{"not_picked":["SlaversCollar","Tiny House"],"picked":"Philosopher\u0027s Stone"}],"items_purged_floors":[2,5,11,22,28,30,38],"is_endless":false,"potions_floor_spawned":[6,12,13,14,16,18,21,23,25,27,29,31,31,33,35,39,40,42,44,45,47,48],"ascension_level":0}}