{"host":"hf83sijwe64ts2lm","time":1613876866,"event":{"mods":["2.2 Compatiblity","BaseMod","Better Altar","Better Match","Better Note","Better Sensory Stone","Better Skull","Better Third Choice","Colored Map","Colored Powertips","Highlight Path","Hubris","Infinite Spire","Minty Spire (QoL Compilation)","Quick Restart","Rare Cards Sparkle","Relic Stats","Reliquary","Replay The Spire","Shop Mod","Spicy Shops","Spire Arcade","StSLib","Thieving Mod"],"gold_per_floor":[119,137,100,100,100,100,113,130,130,56,81,81,111,7,7,102,102,118,118,118,138,28,62,62,62,62,78,93,93,112,140,140,235,235,249,249,249,265,285,317,317,352,406,406,406],"floor_reached":44,"language":"ENG","playtime":1045,"items_purged":[],"score":643,"play_id":"9fe95e68-3a51-4ce5-bbe0-eaba820475a8","local_time":"20210220220746","is_ascension_mode":true,"campfire_choices":[{"floor":6.0,"key":"RECALL"},{"floor":25,"key":"REST"},{"data":"Demon Form","floor":32,"key":"SMITH"},{"floor":41,"key":"REST"}],"circlet_count":0,"master_deck":["Strike_R","Strike_R","Strike_R","Strike_R","Strike_R","Defend_R","Defend_R","Defend_R","Defend_R","Bash+1","Run Through","Shockwave","Perfected Strike+1","Run Through","Infernal Blade","Rupture","ReplayTheSpireMod:Limb From Limb","Demon Form+1","ReplayTheSpireMod:Muscle Training+1","Replay:Undeath\u0027s Touch","Anger+1","Barricade","ReplayTheSpireMod:Chaos Vortex","Heavy Blade","Iron Wave","ReplayTheSpireMod:Chaos Vortex","Clothesline","Replay:Many Hands+1","Pommel Strike","Cleave","hubris:CleavingFinish","infinitespire:OneForAll+1","Reckless Charge"],"relics":["Black Blood","betterThird:SlimedRelic","Ring of Misfortune","Ring of Fury","hubris:Icosahedron","reliquary:PrincelyHelmet","reliquary:CitrusReamer","reliquary:Vitrine","Potion Belt","King of Hearts","Counterbalance","Golden Egg","hubris:AstralHammer","Ring of Chaos","hubris:Towel","reliquary:MedicineBall","Torii","MealTicket"],"acts_visited":["Exordium","TheCity","TheBeyond"],"potions_floor_usage":[13,18,33,33,42,44],"damage_taken":[{"damage":12.0,"enemies":"Small Slimes","floor":1.0,"turns":3.0},{"damage":7.0,"enemies":"Jaw Worm","floor":2.0,"turns":3.0},{"damage":0.0,"enemies":"2 Louse","floor":7.0,"turns":2.0},{"damage":17.0,"enemies":"Large Slime","floor":8.0,"turns":7.0},{"damage":8.0,"enemies":"Gremlin Nob","floor":11.0,"turns":4.0},{"damage":15,"enemies":"Lagavulin","floor":13,"turns":4},{"damage":45,"enemies":"The Guardian","floor":16,"turns":10},{"damage":4,"enemies":"2 Thieves","floor":18,"turns":4},{"damage":19,"enemies":"Shell Parasite","floor":21,"turns":5},{"damage":33,"enemies":"Slavers","floor":23,"turns":6},{"damage":8,"enemies":"Sentry and Sphere","floor":27,"turns":6},{"damage":0,"enemies":"Snecko","floor":28,"turns":2},{"damage":8,"enemies":"Snake Plant","floor":30,"turns":4},{"damage":17,"enemies":"Nightmare","floor":31,"turns":6},{"damage":29,"enemies":"hubris:MusketHawk","floor":33,"turns":7},{"damage":0,"enemies":"3 Shapes","floor":35,"turns":5},{"damage":0,"enemies":"Orb Walker","floor":38,"turns":4},{"damage":27,"enemies":"3 Darklings","floor":39,"turns":3},{"damage":48,"enemies":"Nemesis","floor":40,"turns":7},{"damage":29,"enemies":"Reptomancer","floor":42,"turns":7},{"damage":43,"enemies":"Nemesis","floor":44,"turns":4}],"seed_played":"6252610401559875418","potions_obtained":[{"floor":2.0,"key":"Block Potion"},{"floor":8.0,"key":"SteroidPotion"},{"floor":11.0,"key":"SteroidPotion"},{"floor":13,"key":"SpeedPotion"},{"floor":27,"key":"BloodPotion"},{"floor":28,"key":"SpeedPotion"},{"floor":40,"key":"Explosive Potion"},{"floor":42,"key":"LiquidBronze"}],"is_trial":false,"path_per_floor":["M","M","?","?","?","R","M","M","T","$","E","?","E","$","R_BF","B",null,"M","?","?","M","$","E","AVR","R","T","M","M","?","M","NM","R","B",null,"M","?","?","M","M","E","R","E","T","E"],"character_chosen":"IRONCLAD","items_purchased":["reliquary:CitrusReamer","Rupture","ReplayTheSpireMod:Limb From Limb","King of Hearts","Anger+1"],"campfire_rested":2,"item_purchase_floors":[10,14,14,22,22],"current_hp_per_floor":[74,73,62,62,62,62,68,57,57,57,55,55,46,46,70,31,68,76,76,79,72,72,51,51,75,75,79,83,83,83,78,78,77,82,83,83,83,83,68,32,56,39,39,0,0],"gold":406,"neow_bonus":"RANDOM_EVENT","is_daily":false,"chose_seed":false,"campfire_upgraded":1,"win_rate":0.0,"timestamp":1613876866,"path_taken":["M","M","?","?","?","R","?","M","T","$","E","?","E","$","R_BF","BOSS","M","?","?","M","$","E","AVR","R","T","M","M","?","?","NM","R","BOSS","M","?","?","?","M","E","R","E","T","E"],"items_purchased_type":["Relic","Card","Card","Relic","Card"],"build_version":"2020-12-22","purchased_purges":0,"victory":false,"max_hp_per_floor":[80,80,80,80,80,80,80,80,80,80,80,80,80,80,80,80,80,80,80,83,83,83,83,83,83,83,83,83,83,83,83,83,83,83,83,83,83,83,83,83,83,83,83,83,83],"relic_stats":{"Torii":2,"counters":[21,103],"Black Blood":163,"MealTicket":0,"obtain_stats":[{"Potion Belt":13,"Golden Egg":24,"Torii":42,"reliquary:PrincelyHelmet":9,"Counterbalance":23,"Black Blood":17,"King of Hearts":22,"Ring of Chaos":34,"hubris:Towel":36,"Burning Blood":0,"hubris:Icosahedron":5,"reliquary:CitrusReamer":10,"hubris:AstralHammer":31,"betterThird:SlimedRelic":3,"Ring of Misfortune":4,"Ring of Fury":4,"MealTicket":43,"reliquary:MedicineBall":40,"reliquary:Vitrine":11},{"Potion Belt":6,"Golden Egg":10,"Torii":20,"reliquary:PrincelyHelmet":4,"Counterbalance":10,"Black Blood":7,"King of Hearts":9,"Ring of Chaos":15,"hubris:Towel":16,"Burning Blood":0,"hubris:Icosahedron":2,"reliquary:CitrusReamer":4,"hubris:AstralHammer":14,"betterThird:SlimedRelic":2,"Ring of Misfortune":2,"Ring of Fury":2,"MealTicket":20,"reliquary:MedicineBall":19,"reliquary:Vitrine":5},{"Potion Belt":23,"Golden Egg":48,"Torii":99,"reliquary:PrincelyHelmet":15,"Counterbalance":48,"Black Blood":33,"King of Hearts":42,"Ring of Chaos":73,"hubris:Towel":78,"Burning Blood":0,"hubris:Icosahedron":6,"reliquary:CitrusReamer":15,"hubris:AstralHammer":66,"betterThird:SlimedRelic":6,"Ring of Misfortune":6,"Ring of Fury":6,"MealTicket":99,"reliquary:MedicineBall":92,"reliquary:Vitrine":19}]},"card_choices":[{"not_picked":["hubris:CleavingFinish","ReplayReversal"],"picked":"Run Through","floor":1.0},{"not_picked":["Massacre","Warcry"],"picked":"Shockwave","floor":2.0},{"not_picked":["Run Through","Cleave"],"picked":"Perfected Strike","floor":7.0},{"not_picked":["Second Wind","Clothesline"],"picked":"Life Link","floor":8.0},{"not_picked":["Entrench","Offering"],"picked":"Run Through","floor":11.0},{"not_picked":["Blood for Blood","ReplayReversal"],"picked":"Infernal Blade","floor":13},{"not_picked":["Brutality","Fiend Fire"],"picked":"Demon Form","floor":16},{"not_picked":["Feel No Pain","Sword Boomerang"],"picked":"ReplayTheSpireMod:Muscle Training+1","floor":18},{"not_picked":["Second Wind","ReplayTheSpireMod:Corrosion Curse"],"picked":"Replay:Undeath\u0027s Touch","floor":21},{"not_picked":["Wild Strike","Sever Soul"],"picked":"Barricade","floor":23},{"not_picked":["Dropkick","Wild Strike"],"picked":"Heavy Blade","floor":27},{"not_picked":["True Grit","Havoc"],"picked":"Iron Wave","floor":28},{"not_picked":["True Grit+1","hubris:StunningStrike"],"picked":"Clothesline","floor":30},{"not_picked":["Havoc","Iron Wave+1"],"picked":"hubris:CleavingFinish","floor":31},{"not_picked":["Fiend Fire","Offering"],"picked":"Replay:Many Hands","floor":33},{"not_picked":["True Grit","Havoc"],"picked":"Pommel Strike","floor":35},{"not_picked":["Run Through","ReplayTheSpireMod:Stacked"],"picked":"Cleave","floor":38},{"not_picked":["Dual Wield+1","Wild Strike+1"],"picked":"hubris:CleavingFinish","floor":39},{"not_picked":["Blood for Blood","Body Slam+1"],"picked":"infinitespire:OneForAll+1","floor":40},{"not_picked":["Bloodletting","Bludgeon"],"picked":"Reckless Charge","floor":42}],"player_experience":191295,"relics_obtained":[{"floor":4.0,"key":"Ring of Misfortune"},{"floor":4.0,"key":"Ring of Fury"},{"floor":9.0,"key":"reliquary:PrincelyHelmet"},{"floor":11.0,"key":"reliquary:Vitrine"},{"floor":13,"key":"Potion Belt"},{"floor":23,"key":"Counterbalance"},{"floor":31,"key":"hubris:AstralHammer"},{"floor":40,"key":"reliquary:MedicineBall"},{"floor":42,"key":"Torii"},{"floor":43,"key":"MealTicket"}],"event_choices":[{"damage_healed":0.0,"max_hp_gain":0.0,"max_hp_loss":0.0,"gold_gain":0.0,"event_name":"Living Wall","player_choice":"Grow","floor":0.0,"gold_loss":0.0,"damage_taken":0.0,"cards_upgraded":["Bash"]},{"damage_healed":0.0,"max_hp_gain":0.0,"max_hp_loss":0.0,"gold_gain":0.0,"event_name":"betterThird:BetterGoop","player_choice":"Slimed","floor":3.0,"gold_loss":37.0,"damage_taken":11.0},{"damage_healed":0,"gold_gain":0,"player_choice":"Ignored","damage_taken":0,"max_hp_gain":0,"max_hp_loss":0,"event_name":"Vampires","floor":19,"gold_loss":0},{"damage_healed":0,"gold_gain":0,"player_choice":"Copied","damage_taken":0,"max_hp_gain":0,"max_hp_loss":0,"event_name":"Duplicator","floor":29,"gold_loss":0,"cards_obtained":["ReplayTheSpireMod:Chaos Vortex"]},{"cards_removed":["hubris:CleavingFinish"],"damage_healed":0,"gold_gain":0,"player_choice":"Offered Uncommon","damage_taken":0,"max_hp_gain":0,"max_hp_loss":0,"event_name":"Bonfire Elementals","floor":37,"gold_loss":0}],"is_beta":false,"boss_relics":[{"not_picked":["Sozu","hubris:CrackedHourglass"],"picked":"Black Blood"},{"not_picked":["Pandora\u0027s Box","Replay:Grab Bag"],"picked":"Ring of Chaos"}],"items_purged_floors":[],"is_endless":false,"potions_floor_spawned":[2,8,11,13,27,28,40,42],"killed_by":"Nemesis","ascension_level":5}}