{"host":"7e64twihcj4u7qhg","time":1613943551,"event":{"mods":["Act Like it!","Bard","BaseMod","Better Note","BetterRewards","Card Forge","Clockwork Mod","Colored Map","Colored Powertips","Conspire","Custom Start","Energized Spire","Gensokyo","GungeonMod","Hallownest","Hubris","Infinite Spire","Koishi","Marisa????????","Minty Spire (QoL Compilation)","Quick Restart","Reimu??????","Replay The Spire","Shop Mod","Spikes Relics","StSLib","SuperFastMode","Swap Starting Deck Mod","The Saiyan","The Senshi","The Servant 0.9.4","Wandering Minibosses"],"gold_per_floor":[113,39,39,56,71,2,2,2],"floor_reached":7,"language":"ENG","playtime":1575,"items_purged":[],"score":49,"play_id":"f468223c-5f57-417d-bacf-de1066133ff7","local_time":"20210221163911","daily_mods":["Heirloom"],"is_ascension_mode":true,"campfire_choices":[],"circlet_count":0,"master_deck":["Strike_G","Strike_G","Strike_G","Strike_G","Strike_G","Defend_G","Defend_G","Defend_G","Defend_G","Defend_G","Survivor","Neutralize","Calculated Gamble","Storm of Steel","Poisoned Stab","PiercingWail","Deflect","Gensokyo:ScrapIron","Gensokyo:TarnishedGold"],"relics":["Ring of the Snake","Hammer of Thor","Seething Fire","Anvil of the Gods","DemoMod:VorpalBullet"],"acts_visited":["Gensokyo:Gensokyo"],"potions_floor_usage":[],"damage_taken":[{"damage":5.0,"enemies":"Gensokyo:Python","floor":1.0,"turns":4.0},{"damage":4.0,"enemies":"Gensokyo:3_Fairies","floor":3.0,"turns":6.0},{"damage":3,"enemies":"Gensokyo:Gryphon","floor":4,"turns":4},{"damage":7,"enemies":"Gensokyo:Kitsune","floor":5,"turns":5},{"damage":59,"enemies":"Gensokyo:Mamizou","floor":7,"turns":13}],"seed_played":"-2763512606104926113","potions_obtained":[{"floor":1.0,"key":"Swift Potion"}],"is_trial":true,"path_per_floor":["M","$","M","M","M","COS","E"],"character_chosen":"THE_SILENT","items_purchased":["Storm of Steel"],"campfire_rested":0,"item_purchase_floors":[2],"current_hp_per_floor":[65,65,61,58,51,51,0,0],"gold":2,"neow_bonus":"","is_daily":false,"chose_seed":false,"campfire_upgraded":0,"win_rate":0.0,"timestamp":1613943551,"path_taken":["M","?","?","M","M","COS","E"],"items_purchased_type":["Card"],"build_version":"2020-12-22","purchased_purges":0,"victory":false,"max_hp_per_floor":[70,70,70,70,70,70,70,70],"card_choices":[{"not_picked":["Reflex","Bouncing Flask"],"picked":"Calculated Gamble","floor":1.0},{"not_picked":["Dodge and Roll","Draining Mist"],"picked":"Poisoned Stab","floor":3.0},{"not_picked":["Dodge and Roll","Hidden Blade"],"picked":"PiercingWail","floor":4},{"not_picked":["Prepared","Pace"],"picked":"Deflect","floor":5}],"player_experience":605599,"relics_obtained":[],"event_choices":[],"is_beta":false,"boss_relics":[],"items_purged_floors":[],"is_endless":false,"potions_floor_spawned":[1],"killed_by":"Gensokyo:Mamizou","ascension_level":4}}