{"host":"40jzjik7hyc9heun","time":1613876395,"event":{"mods":["BaseMod","Colored Powertips","Downfall","Minty Spire (QoL Compilation)","StSLib"],"gold_per_floor":[99,116,116,116,52,52,52,52,52,52,86,86,102,202,218,322,372,372,384,384,443,501,501,501,518,533,547,547,647,213,230,244,346,346,346,365,451,470,485,496,496,524,544,562,573,573,273,5,25,25,25,60,60,60,60,60],"floor_reached":57,"language":"ENG","playtime":4878,"items_purged":["Pain","Slimebound:Defend_Slimebound","Slimebound:Defend_Slimebound"],"score":1238,"play_id":"cedb56a9-21b2-469d-912f-1e594a82466b","local_time":"20210220215955","is_ascension_mode":false,"campfire_choices":[{"data":"Slimebound:Split","floor":1,"key":"SMITH"},{"data":"Slimebound:SplitLeeching","floor":8,"key":"SMITH"},{"data":"Slimebound:GoopSpray","floor":10,"key":"SMITH"},{"data":"Slimebound:Overexert","floor":12,"key":"SMITH"},{"data":"Slimebound:MassRepurpose","floor":18,"key":"SMITH"},{"floor":35,"key":"RECALL"},{"floor":47,"key":"REST"},{"floor":54,"key":"REST"}],"circlet_count":0,"master_deck":["Slimebound:Strike_Slimebound","Slimebound:Strike_Slimebound","Slimebound:Defend_Slimebound","Slimebound:Split+1","Slimebound:CorrosiveSpit+1","Slimebound:MinionMaster","Slimebound:Schlurp","Slimebound:SplitLeeching+1","Slimebound:GoopSpray+1","Slimebound:Overexert+1","Slimebound:SamplingLick","Slimebound:MassRepurpose+1","Slimebound:SelfFormingGoo","Slimebound:GoopSpray","Slimebound:SamplingLick+1","Slimebound:Replication+1","Slimebound:LevelUp+1","Slimebound:SplitBruiser","Slimebound:SplitBruiser","Slimebound:Repurpose","Slimebound:Split","Slimebound:Schlurp","Slimebound:SlimeBarrage","Slimebound:RallyTheTroops","Dark Shackles","Mayhem","Slimebound:MassRepurpose","Slimebound:SplitBruiser+1","Slimebound:MassRepurpose","Slimebound:LeadByExample","Slimebound:Repurpose+1","Slimebound:ForwardTackle","Slimebound:PressTheAttack","Slimebound:PressTheAttack+1","Slimebound:Overexert","Slimebound:Overexert"],"relics":["Slimebound:AbsorbEndCombat","Blue Candle","Incense Burner","Meat on the Bone","Mummified Hand","Tiny House","downfall:KnowingSkull","Ancient Tea Set","Potion Belt","downfall:GremlinSack","Happy Flower","Fusion Hammer","Anchor","Eternal Feather","Mercury Hourglass","downfall:HeartBlessingRed","downfall:HeartBlessingGreen","downfall:HeartBlessingBlue","Centennial Puzzle","Art of War"],"acts_visited":["Exordium","TheCity","TheBeyond","TheEnding"],"potions_floor_usage":[16,16,42,45,49,55,55,55,56,56,56],"damage_taken":[{"damage":0,"enemies":"2 Louse","floor":2,"turns":3},{"damage":5,"enemies":"downfall:FleeingMerchant","floor":5,"turns":4},{"damage":10,"enemies":"3 Sentries","floor":11,"turns":7},{"damage":0,"enemies":"Jaw Worm","floor":13,"turns":3},{"damage":0,"enemies":"Small Slimes","floor":15,"turns":3},{"damage":27,"enemies":"WA_ARCHETYPE_RETAIN","floor":16,"turns":9},{"damage":11,"enemies":"Spheric Guardian","floor":19,"turns":5},{"damage":13,"enemies":"Chosen","floor":21,"turns":5},{"damage":3,"enemies":"Snecko","floor":22,"turns":4},{"damage":9,"enemies":"Snake Plant","floor":25,"turns":4},{"damage":0,"enemies":"Centurion and Healer","floor":26,"turns":6},{"damage":14,"enemies":"Sentry and Sphere","floor":27,"turns":4},{"damage":30,"enemies":"Sentry and Sphere","floor":28,"turns":5},{"damage":7,"enemies":"Sentry and Sphere","floor":29,"turns":3},{"damage":1,"enemies":"downfall:FleeingMerchant","floor":30,"turns":4},{"damage":29,"enemies":"Cultist and Chosen","floor":31,"turns":8},{"damage":0,"enemies":"Centurion and Healer","floor":32,"turns":4},{"damage":26,"enemies":"IC_MUSHROOM_ARCHETYPE","floor":33,"turns":6},{"damage":15,"enemies":"3 Darklings","floor":36,"turns":6},{"damage":8,"enemies":"downfall:FleeingMerchant","floor":37,"turns":4},{"damage":0,"enemies":"3 Shapes","floor":38,"turns":3},{"damage":9,"enemies":"Spire Growth","floor":39,"turns":4},{"damage":17,"enemies":"4 Shapes","floor":40,"turns":4},{"damage":37,"enemies":"Reptomancer","floor":42,"turns":5},{"damage":3,"enemies":"Jaw Worm Horde","floor":43,"turns":4},{"damage":30,"enemies":"Maw","floor":44,"turns":6},{"damage":32,"enemies":"3 Darklings","floor":45,"turns":3},{"damage":0,"enemies":"Writhing Mass","floor":49,"turns":3},{"damage":10,"enemies":"SI_POISON_ARCHETYPE","floor":50,"turns":5},{"damage":38,"enemies":"downfall:CharBossMerchant","floor":52,"turns":5},{"damage":31,"enemies":"downfall:NeowBoss","floor":55,"turns":9},{"damage":37,"enemies":"downfall:NeowBossFinal","floor":56,"turns":6}],"seed_played":"7819917677178065929","potions_obtained":[{"floor":2,"key":"hexamod:SoulburnPotion"},{"floor":13,"key":"champ:CounterPotion"},{"floor":16,"key":"EssenceOfSteel"},{"floor":17,"key":"Slimebound:SpawnSlimePotion"},{"floor":19,"key":"Ancient Potion"},{"floor":26,"key":"sneckomod:MuddlingPotion"},{"floor":27,"key":"FairyPotion"},{"floor":33,"key":"SteroidPotion"},{"floor":36,"key":"Slimebound:SlimedPotion"},{"floor":42,"key":"Fire Potion"},{"floor":45,"key":"Block Potion"}],"is_trial":false,"path_per_floor":["R","M","?","?","$","?","T","R","?","R","E","R","M","?","M","B",null,"R","M","?","M","M","?","T","M","M","M","?","?","$","M","M","B",null,"R","M","$","M","M","M","T","E","M","M","M","?","R","$","M","B",null,"E","$","R","B","B",null],"character_chosen":"SLIMEBOUND","items_purchased":["Slimebound:GoopSpray","Mayhem","Happy Flower","Anchor","Centennial Puzzle"],"campfire_rested":2,"item_purchase_floors":[5,30,30,37,48],"current_hp_per_floor":[65,65,60,60,59,59,59,59,59,59,57,57,59,59,61,42,70,70,61,55,44,45,45,45,40,48,36,20,25,38,25,39,31,70,70,55,49,55,50,37,37,18,27,17,25,25,80,80,80,72,80,46,46,80,71,42],"gold":60,"neow_bonus":"ONE_RANDOM_RARE_CARD","is_daily":false,"chose_seed":false,"campfire_upgraded":5,"win_rate":0.0,"timestamp":1613876395,"path_taken":["R","M","?","?","?","?","T","R","?","R","E","R","M","?","M","BOSS","R","M","?","?","M","?","T","M","M","M","?","?","$","M","M","BOSS","R","M","$","M","M","M","T","E","M","M","M","?","R","$","M","BOSS","E","$","R","BOSS","BOSS"],"items_purchased_type":["Card","Card","Relic","Relic","Relic"],"build_version":"2020-12-22","purchased_purges":3,"victory":true,"max_hp_per_floor":[65,65,65,65,65,65,65,65,65,65,65,65,65,65,65,65,70,70,70,70,70,70,70,70,70,70,70,70,70,70,70,70,70,70,70,70,70,70,70,70,70,70,70,70,70,70,80,80,80,80,80,80,80,80,80,80],"card_choices":[{"not_picked":["Slimebound:HauntingLick","Slimebound:FinishingTackle"],"picked":"Slimebound:Schlurp","floor":2},{"not_picked":["Slimebound:BestDefense","Slimebound:SlimeTap"],"picked":"Slimebound:SplitLeeching","floor":5},{"not_picked":["Slimebound:SpikyOuterGoop","Slimebound:LeechingTouch"],"picked":"Slimebound:Overexert","floor":11},{"not_picked":["Slimebound:LivingWall","Slimebound:ForwardTackle"],"picked":"Slimebound:SamplingLick","floor":13},{"not_picked":["Slimebound:BestDefense","Slimebound:SamplingLick"],"picked":"Slimebound:MassRepurpose","floor":15},{"not_picked":["Slimebound:OozeBath","Slimebound:MassFeed"],"picked":"Slimebound:SelfFormingGoo","floor":16},{"not_picked":["Slimebound:SlimeBarrage","Slimebound:ForwardTackle"],"picked":"Slimebound:GoopSpray","floor":17},{"not_picked":["Slimebound:SlimeSpikes+1","Slimebound:ItLooksTasty"],"picked":"Slimebound:SamplingLick+1","floor":19},{"not_picked":["Slimebound:PressTheAttack","Slimebound:HauntingLick+1"],"picked":"Slimebound:Replication+1","floor":21},{"not_picked":["Slimebound:DouseInSlime","Slimebound:GoopTackle","Slimebound:DisruptingSlam"],"picked":"SKIP","floor":22},{"not_picked":["Slimebound:LeechingTouch","Slimebound:LeechEnergy"],"picked":"Slimebound:LevelUp+1","floor":25},{"not_picked":["Slimebound:PressTheAttack","Slimebound:LivingWall"],"picked":"Slimebound:SplitBruiser","floor":26},{"not_picked":["Slimebound:FinishingTackle","Slimebound:SpikyOuterGoop+1"],"picked":"Slimebound:SplitBruiser","floor":27},{"not_picked":["Slimebound:ComboTackle","Slimebound:PressTheAttack"],"picked":"Slimebound:Repurpose","floor":29},{"not_picked":["Slimebound:SlimeTap","Slimebound:RejuvenatingLick","Slimebound:AcidTongue"],"picked":"SKIP","floor":30},{"not_picked":["Slimebound:SlimeSpikes+1","Slimebound:Prepare"],"picked":"Slimebound:MassRepurpose","floor":31},{"not_picked":["Slimebound:Prepare","Slimebound:SamplingLick"],"picked":"Slimebound:SplitBruiser+1","floor":32},{"not_picked":["Slimebound:DouseInSlime","Slimebound:MinionMaster"],"picked":"Slimebound:MassRepurpose","floor":33},{"not_picked":["Slimebound:SplitAcid","Slimebound:BestDefense","Slimebound:AcidTongue+1"],"picked":"SKIP","floor":36},{"not_picked":["Slimebound:Teamwork","Slimebound:GoopTackle+1"],"picked":"Slimebound:LeadByExample","floor":37},{"not_picked":["Slimebound:DisruptingSlam+1","Slimebound:SplitMire+1","Slimebound:SplitAcid"],"picked":"SKIP","floor":38},{"not_picked":["Slimebound:RollThrough","Slimebound:LivingWall+1"],"picked":"Slimebound:Repurpose+1","floor":39},{"not_picked":["Slimebound:Replication","Slimebound:DisruptingSlam","Slimebound:Schlurp"],"picked":"SKIP","floor":40},{"not_picked":["Slimebound:SpikyOuterGoop+1","Slimebound:HauntingLick"],"picked":"Slimebound:ForwardTackle","floor":42},{"not_picked":["Slimebound:ViciousTackle+1","Slimebound:SlimeSpikes+1"],"picked":"Slimebound:PressTheAttack","floor":43},{"not_picked":["Slimebound:SlimeBarrage","Slimebound:Nibble"],"picked":"Slimebound:PressTheAttack+1","floor":44},{"not_picked":["Slimebound:ItLooksTasty","Slimebound:SplitAcid+1","Slimebound:SplitBruiser"],"picked":"SKIP","floor":45},{"not_picked":["Slimebound:Equalize+1","Slimebound:Nibble"],"picked":"Slimebound:Overexert","floor":49},{"not_picked":["Slimebound:GoopTackle","Slimebound:Schlurp+1"],"picked":"Slimebound:Overexert","floor":52}],"player_experience":127713,"relics_obtained":[{"floor":7,"key":"Meat on the Bone"},{"floor":11,"key":"Mummified Hand"},{"floor":24,"key":"Potion Belt"},{"floor":29,"key":"downfall:GremlinSack"},{"floor":42,"key":"Eternal Feather"},{"floor":46,"key":"Mercury Hourglass"},{"floor":52,"key":"Art of War"}],"event_choices":[{"damage_healed":0,"gold_gain":0,"player_choice":"Box","damage_taken":0,"relics_obtained":["Incense Burner"],"max_hp_gain":0,"max_hp_loss":0,"event_name":"Big Fish","floor":6,"gold_loss":0,"cards_obtained":["Regret"]},{"cards_removed":["Regret"],"damage_healed":0,"gold_gain":0,"player_choice":"Card Removal","damage_taken":0,"max_hp_gain":0,"max_hp_loss":0,"event_name":"The Cleric","floor":9,"gold_loss":0}],"is_beta":false,"boss_relics":[{"not_picked":["bronze:MakeshiftBattery","Pandora\u0027s Box"],"picked":"Tiny House"},{"not_picked":["Empty Cage","Slimebound:AbsorbEndCombatUpgraded"],"picked":"Fusion Hammer"}],"items_purged_floors":[30,37,48],"is_endless":false,"potions_floor_spawned":[2,13,16,19,22,26,27,31,33,36,39,42,43,44,45],"ascension_level":0}}