{"host":"gobyjzz6xbwq9f9i","time":1613891559,"event":{"mods":["AchievementEnabler","BaseMod","Bestiary","Colored Map","Minty Spire (QoL Compilation)","Relic Stats","ojb\u0027s Info Mod"],"gold_per_floor":[113,148,168,182,182,218,218,259,259,259,295,313,351,14,14,14,14],"floor_reached":16,"language":"ENG","playtime":550,"items_purged":[],"score":221,"play_id":"b132c829-6809-4292-a2d4-540ad52ca333","local_time":"20210220231239","is_ascension_mode":true,"campfire_choices":[{"data":"Conclude","floor":7,"key":"SMITH"},{"data":"CarveReality","floor":10,"key":"SMITH"},{"data":"WaveOfTheHand","floor":15,"key":"SMITH"}],"circlet_count":0,"master_deck":["AscendersBane","Strike_P","Strike_P","Strike_P","Strike_P","Defend_P","Defend_P","Defend_P","Defend_P","Eruption","Vigilance","Wish","Consecrate","SignatureMove","FollowUp","Conclude+1","ClearTheMind","CarveReality+1","CutThroughFate","Evaluate","WaveOfTheHand+1","Swift Strike"],"relics":["PureWater","Golden Idol","Strawberry","StoneCalendar","Kunai","Letter Opener","Shuriken"],"acts_visited":["Exordium"],"potions_floor_usage":[6,6,11],"damage_taken":[{"damage":0,"enemies":"Small Slimes","floor":1,"turns":3},{"damage":1,"enemies":"2 Louse","floor":2,"turns":5},{"damage":7,"enemies":"Jaw Worm","floor":3,"turns":3},{"damage":0,"enemies":"Exordium Wildlife","floor":4,"turns":3},{"damage":16,"enemies":"Gremlin Nob","floor":6,"turns":3},{"damage":0,"enemies":"Lagavulin","floor":8,"turns":4},{"damage":4,"enemies":"3 Sentries","floor":11,"turns":6},{"damage":0,"enemies":"Large Slime","floor":12,"turns":4},{"damage":8,"enemies":"3 Louse","floor":13,"turns":4},{"damage":21,"enemies":"Hexaghost","floor":16,"turns":4}],"seed_played":"5419055403478284224","potions_obtained":[{"floor":2,"key":"LiquidMemories"},{"floor":3,"key":"Ambrosia"},{"floor":4,"key":"SkillPotion"},{"floor":6,"key":"ColorlessPotion"},{"floor":11,"key":"SpeedPotion"}],"is_trial":false,"path_per_floor":["M","M","M","M","?","E","R","E","T","R","E","M","M","$","R","B"],"character_chosen":"WATCHER","items_purchased":["Shuriken","Swift Strike"],"campfire_rested":0,"item_purchase_floors":[14,14],"current_hp_per_floor":[65,64,57,57,41,32,32,32,32,32,28,28,20,20,20,0,0],"gold":14,"neow_bonus":"THREE_RARE_CARDS","is_daily":false,"chose_seed":false,"campfire_upgraded":3,"win_rate":0.0,"timestamp":1613891559,"path_taken":["M","M","M","M","?","E","R","E","T","R","E","M","M","$","R","BOSS"],"items_purchased_type":["Relic","Card"],"build_version":"2020-12-22","purchased_purges":0,"victory":false,"max_hp_per_floor":[65,65,65,65,65,72,72,72,72,72,72,72,72,72,72,72,72],"relic_stats":{"counters":[10,39],"Golden Idol":29,"Shuriken":[4],"StoneCalendar":[0],"Kunai":[7],"Letter Opener":[0],"obtain_stats":[{"Golden Idol":5,"Shuriken":14,"Strawberry":6,"StoneCalendar":8,"Kunai":9,"Letter Opener":11,"PureWater":0},{"Golden Idol":4,"Shuriken":9,"Strawberry":5,"StoneCalendar":6,"Kunai":6,"Letter Opener":7,"PureWater":0},{"Golden Idol":14,"Shuriken":35,"Strawberry":17,"StoneCalendar":21,"Kunai":21,"Letter Opener":27,"PureWater":0}]},"card_choices":[{"not_picked":["MasterReality","Devotion"],"picked":"Wish","floor":0},{"not_picked":["ClearTheMind","PathToVictory"],"picked":"Consecrate","floor":1},{"not_picked":["PathToVictory","MentalFortress"],"picked":"SignatureMove","floor":2},{"not_picked":["Weave","WindmillStrike"],"picked":"FollowUp","floor":3},{"not_picked":["Protect","ConjureBlade"],"picked":"Conclude","floor":4},{"not_picked":["Nirvana","LikeWater"],"picked":"ClearTheMind","floor":6},{"not_picked":["Wireheading","Prostrate"],"picked":"CarveReality","floor":8},{"not_picked":["Weave","Protect"],"picked":"CutThroughFate","floor":11},{"not_picked":["Conclude","MasterReality"],"picked":"Evaluate","floor":12},{"not_picked":["FollowUp","CutThroughFate"],"picked":"WaveOfTheHand","floor":13}],"player_experience":1372744,"relics_obtained":[{"floor":6,"key":"Strawberry"},{"floor":8,"key":"StoneCalendar"},{"floor":9,"key":"Kunai"},{"floor":11,"key":"Letter Opener"}],"event_choices":[{"damage_healed":0,"gold_gain":0,"player_choice":"Take Damage","damage_taken":16,"relics_obtained":["Golden Idol"],"max_hp_gain":0,"max_hp_loss":0,"event_name":"Golden Idol","floor":5,"gold_loss":0}],"is_beta":false,"boss_relics":[],"items_purged_floors":[],"is_endless":false,"potions_floor_spawned":[2,3,4,6,11],"killed_by":"Hexaghost","ascension_level":10}}