{"host":"s0nrlal5fls38heo","time":1613875626,"event":{"mods":["AchievementEnabler","BaseMod","Colored Powertips","Dark Map","Displayed Cursed Tome","Downfall","Faster Ascension Climbing","GifTheSpireLib","Minty Spire (QoL Compilation)","Permanent Neow","Rare Cards Sparkle","Relic Filter Mod","StSLib"],"gold_per_floor":[99,112,112,112,132,167,167,201,220,220,249,265,265,283,302,379,379,279,294,314,333,333,368,368,368,395,426,426,458,358,358,373,373,373,373],"floor_reached":33,"language":"ENG","playtime":1755,"items_purged":[],"score":619,"play_id":"7e285b0c-1541-462b-abd4-30fde8db27c1","local_time":"20210221034706","is_ascension_mode":true,"campfire_choices":[{"data":"Guardian:TwinSlam","floor":1.0,"key":"SMITH"},{"data":"Guardian:StasisStrike","floor":10.0,"key":"SMITH"},{"floor":13.0,"key":"RECALL"},{"data":"Guardian:StasisField","floor":18.0,"key":"SMITH"},{"data":"Guardian:DecasProtection","floor":25.0,"key":"SMITH"},{"data":"Guardian:GuardianWhirl","floor":30,"key":"SMITH"}],"circlet_count":0,"master_deck":["AscendersBane","Guardian:Strike_Guardian","Guardian:Strike_Guardian","Guardian:Strike_Guardian","Guardian:Defend_Guardian","Guardian:Defend_Guardian","Guardian:Defend_Guardian","Guardian:Defend_Guardian","Guardian:CurlUp+1","Guardian:TwinSlam+1","Guardian:Gem_Green","Guardian:Gem_White","Guardian:Gem_Red","Guardian:Recover","Guardian:StasisStrike+1","Guardian:ChargeUp","Guardian:SpikerProtocol","Guardian:ShieldCharger","Guardian:ShieldSpikes","Guardian:GuardianWhirl+1","Guardian:StasisField+1","Guardian:DecasProtection+1","Guardian:ShieldCharger+1","Guardian:Gem_Lightblue","Guardian:DonusPower","Guardian:ChargeUp","Guardian:StasisStrike+1","Guardian:DonusPower"],"relics":["expansioncontent:StudyCardRelic","Pen Nib","Meat on the Bone","Thread and Needle","Centennial Puzzle","Black Star","downfall:HeartBlessingRed","Bird Faced Urn","Pantograph","Lantern","Red Mask","Bag of Marbles","Molten Egg 2","War Paint","Anchor","downfall:HeartBlessingGreen"],"acts_visited":["Exordium","TheCity"],"potions_floor_usage":[31,33,33],"damage_taken":[{"damage":7.0,"enemies":"Jaw Worm","floor":2.0,"turns":3.0},{"damage":10.0,"enemies":"Jaw Worm","floor":3.0,"turns":5.0},{"damage":1.0,"enemies":"2 Louse","floor":5.0,"turns":3.0},{"damage":6.0,"enemies":"Lagavulin","floor":6.0,"turns":7.0},{"damage":29.0,"enemies":"Gremlin Nob","floor":8.0,"turns":4.0},{"damage":0.0,"enemies":"Cultist","floor":9.0,"turns":2.0},{"damage":0.0,"enemies":"Lagavulin","floor":11.0,"turns":7.0},{"damage":1.0,"enemies":"Gremlin Gang","floor":12.0,"turns":5.0},{"damage":0.0,"enemies":"3 Louse","floor":14.0,"turns":3.0},{"damage":0.0,"enemies":"downfall:LooterAlt","floor":15.0,"turns":3.0},{"damage":30.0,"enemies":"DF_ARCHETYPE_STREAMLINE","floor":16.0,"turns":12.0},{"damage":8.0,"enemies":"Shell Parasite","floor":19.0,"turns":7.0},{"damage":18.0,"enemies":"downfall:LooterAlt2","floor":20.0,"turns":4.0},{"damage":2.0,"enemies":"Snake Plant","floor":21.0,"turns":4.0},{"damage":0.0,"enemies":"Gremlin Leader","floor":23.0,"turns":6.0},{"damage":0.0,"enemies":"Masked Bandits","floor":26.0,"turns":2.0},{"damage":11.0,"enemies":"Book of Stabbing","floor":27.0,"turns":7.0},{"damage":10,"enemies":"Gremlin Leader","floor":29,"turns":6},{"damage":0,"enemies":"Centurion and Healer","floor":32,"turns":7},{"damage":101,"enemies":"IC_MUSHROOM_ARCHETYPE","floor":33,"turns":11}],"seed_played":"-7254654107266924128","potions_obtained":[{"floor":4.0,"key":"Explosive Potion"},{"floor":4.0,"key":"DuplicationPotion"},{"floor":9.0,"key":"SkillPotion"},{"floor":11.0,"key":"Guardian:StasisDiscoveryPotion"},{"floor":19.0,"key":"SpeedPotion"},{"floor":20.0,"key":"Fire Potion"},{"floor":31,"key":"Fruit Juice"},{"floor":31,"key":"hexamod:SoulburnPotion"}],"is_trial":false,"path_per_floor":["R","M","?","?","M","E","T","E","M","R","E","M","R","M","M","B",null,"R","M","M","M","?","E","T","R","?","E","?","E","R","?","M","B"],"character_chosen":"GUARDIAN","items_purchased":[],"campfire_rested":0,"item_purchase_floors":[],"current_hp_per_floor":[72,65,43,43,42,36,36,19,31,31,43,42,42,42,42,24,66,66,58,52,50,50,50,50,50,54,53,53,53,53,58,68,0,0,0],"gold":373,"neow_bonus":"BOSS_RELIC","is_daily":false,"chose_seed":false,"campfire_upgraded":5,"win_rate":0.0,"timestamp":1613875626,"path_taken":["R","M","?","?","?","E","T","E","M","R","E","M","R","?","M","BOSS","R","M","M","M","?","E","T","R","?","E","?","E","R","?","M","BOSS"],"items_purchased_type":[],"build_version":"2020-12-22","purchased_purges":0,"victory":false,"max_hp_per_floor":[80,80,80,80,80,80,80,80,80,80,80,80,80,80,80,80,80,80,80,80,80,80,80,80,80,80,80,80,80,80,85,85,85,85,85],"card_choices":[{"not_picked":["Guardian:RollAttack","Guardian:VentSteam","Guardian:Gem_Cyan"],"picked":"SKIP","floor":2.0},{"not_picked":["Guardian:PiercingHide","Guardian:BronzeArmor"],"picked":"Guardian:Recover","floor":5.0},{"not_picked":["Guardian:BodySlam","Guardian:ChargeCore"],"picked":"Guardian:StasisStrike","floor":6.0},{"not_picked":["Guardian:Gem_Cyan","Guardian:BronzeArmor"],"picked":"Guardian:ChargeUp","floor":8.0},{"not_picked":["Guardian:RollAttack","Guardian:CrystalBeam"],"picked":"Guardian:SpikerProtocol","floor":9.0},{"not_picked":["Guardian:Gem_Purple","Guardian:GemFinder"],"picked":"Guardian:ShieldCharger","floor":11.0},{"not_picked":["Guardian:Gem_Green","Guardian:ShieldCharger"],"picked":"Guardian:ShieldSpikes","floor":12.0},{"not_picked":["Guardian:PrimingBeam","Guardian:PrismaticBarrier","Guardian:Gem_Red"],"picked":"SKIP","floor":14.0},{"not_picked":["Guardian:EvasiveProtocol","Guardian:ShieldCharger"],"picked":"Guardian:GuardianWhirl","floor":15.0},{"not_picked":["Guardian:FastForward","Guardian:AncientConstruct"],"picked":"Guardian:StasisField","floor":16.0},{"not_picked":["Guardian:PrimingBeam","Guardian:Recover"],"picked":"Guardian:DecasProtection","floor":19.0},{"not_picked":["Guardian:PrimingBeam","Guardian:PrismaticBarrier","Guardian:VentSteam"],"picked":"SKIP","floor":20.0},{"not_picked":["Guardian:Suspension","Guardian:Gem_Cyan"],"picked":"Guardian:ShieldCharger","floor":21.0},{"not_picked":["Guardian:Gem_Purple","Guardian:GuardianWhirl"],"picked":"Guardian:DonusPower","floor":23.0},{"not_picked":["Guardian:PrismaticBeam+1","Guardian:Gem_White"],"picked":"Guardian:ChargeUp","floor":27.0},{"not_picked":["Guardian:Gem_Yellow","Guardian:Gem_Cyan"],"picked":"Guardian:StasisStrike+1","floor":29},{"not_picked":["Guardian:ChargeCore+1","Guardian:Suspension"],"picked":"Guardian:DonusPower","floor":32}],"player_experience":54810,"relics_obtained":[{"floor":6.0,"key":"Pen Nib"},{"floor":7.0,"key":"Meat on the Bone"},{"floor":8.0,"key":"Thread and Needle"},{"floor":11.0,"key":"Centennial Puzzle"},{"floor":23.0,"key":"Bird Faced Urn"},{"floor":23.0,"key":"Pantograph"},{"floor":24.0,"key":"Lantern"},{"floor":26.0,"key":"Red Mask"},{"floor":27.0,"key":"Bag of Marbles"},{"floor":27.0,"key":"Molten Egg 2"},{"floor":29,"key":"War Paint"},{"floor":29,"key":"Anchor"}],"event_choices":[{"damage_healed":0.0,"max_hp_gain":0.0,"max_hp_loss":0.0,"gold_gain":0.0,"event_name":"Lab","player_choice":"Got Potions","floor":4.0,"gold_loss":0.0,"damage_taken":0.0},{"damage_healed":0.0,"max_hp_gain":0.0,"max_hp_loss":0.0,"gold_gain":0.0,"event_name":"Masked Bandits","player_choice":"Fought Bandits","floor":26.0,"gold_loss":0.0,"damage_taken":0.0},{"damage_healed":0,"gold_gain":0,"player_choice":"Ignored","damage_taken":0,"max_hp_gain":0,"max_hp_loss":0,"event_name":"Ghosts","floor":28,"gold_loss":0}],"is_beta":false,"boss_relics":[{"not_picked":["Astrolabe","Calling Bell"],"picked":"Black Star"}],"items_purged_floors":[],"is_endless":false,"potions_floor_spawned":[3,9,11,12,14,19,20,32],"killed_by":"IC_MUSHROOM_ARCHETYPE","ascension_level":13}}