{"host":"rolltorest","time":1613948115,"event":{"mods":["BaseMod","Minty Spire (QoL Compilation)","Relic Stats","Slay the Relics Exporter","StSLib"],"gold_per_floor":[112,112,129,147,147,174,16,31,31,63,63,63,82,101,101,199,199,220,8,28,28,28,28,64,26,26,67,67,117,117,161,161,259,259,284,173,197,12,26,62,74,100,135,188,224,252,27,27,27,27,27,27,27,27,60,60],"floor_reached":57,"language":"ENG","playtime":2486,"items_purged":["Pain","Strike_R+1","Strike_R+1"],"score":3056,"play_id":"c83f4161-6543-4d0b-b3fa-8a19fa2884ea","local_time":"20210221145515","is_ascension_mode":true,"campfire_choices":[{"data":"Uppercut","floor":11,"key":"SMITH"},{"data":"Disarm","floor":15,"key":"SMITH"},{"data":"Feed","floor":23,"key":"SMITH"},{"data":"Burning Pact","floor":28,"key":"SMITH"},{"data":"Feel No Pain","floor":30,"key":"SMITH"},{"data":"Dual Wield","floor":32,"key":"SMITH"},{"floor":49,"key":"RECALL"},{"data":"1","floor":53,"key":"LIFT"}],"circlet_count":0,"master_deck":["AscendersBane","Strike_R+1","Strike_R+1","Strike_R+1","Defend_R+1","Defend_R+1","Defend_R+1","Defend_R+1","Bash","Shrug It Off","Iron Wave","Disarm+1","Uppercut+1","Perfected Strike","Feed+1","Disarm","Shockwave","Limit Break","Feel No Pain+1","Burning Pact+1","Dual Wield+1","Fiend Fire","Evolve+1","Corruption+1","Secret Technique","Warcry+1","Shockwave","Shrug It Off","Demon Form+1","Thinking Ahead"],"relics":["Coffee Dripper","WarpedTongs","Singing Bowl","CaptainsWheel","Mango","Pear","Golden Idol","Black Star","Membership Card","Nilry\u0027s Codex","Centennial Puzzle","Sundial","HornCleat","Champion Belt","Happy Flower","Anchor","Frozen Egg 2","Busted Crown","Art of War","MawBank","Girya","FossilizedHelix","Pantograph","Du-Vu Doll"],"acts_visited":["Exordium","TheCity","TheBeyond","TheEnding"],"potions_floor_usage":[6,10,16,20,33,33,39,50,56],"damage_taken":[{"damage":2,"enemies":"Jaw Worm","floor":1,"turns":4},{"damage":5,"enemies":"Cultist","floor":3,"turns":4},{"damage":2,"enemies":"2 Louse","floor":4,"turns":3},{"damage":20,"enemies":"Lagavulin","floor":6,"turns":10},{"damage":4,"enemies":"Large Slime","floor":8,"turns":5},{"damage":0,"enemies":"Gremlin Nob","floor":10,"turns":4},{"damage":3,"enemies":"Exordium Thugs","floor":13,"turns":4},{"damage":4,"enemies":"Exordium Wildlife","floor":14,"turns":4},{"damage":0,"enemies":"Hexaghost","floor":16,"turns":7},{"damage":5,"enemies":"Shell Parasite","floor":18,"turns":6},{"damage":0,"enemies":"3 Byrds","floor":20,"turns":3},{"damage":2,"enemies":"Gremlin Leader","floor":24,"turns":7},{"damage":2,"enemies":"Book of Stabbing","floor":27,"turns":9},{"damage":13,"enemies":"Gremlin Leader","floor":31,"turns":6},{"damage":26,"enemies":"Automaton","floor":33,"turns":12},{"damage":0,"enemies":"Orb Walker","floor":35,"turns":3},{"damage":0,"enemies":"3 Shapes","floor":37,"turns":5},{"damage":0,"enemies":"Jaw Worm Horde","floor":39,"turns":4},{"damage":20,"enemies":"Giant Head","floor":40,"turns":8},{"damage":2,"enemies":"4 Shapes","floor":42,"turns":6},{"damage":56,"enemies":"Reptomancer","floor":44,"turns":7},{"damage":0,"enemies":"Transient","floor":45,"turns":6},{"damage":0,"enemies":"Spire Growth","floor":46,"turns":4},{"damage":0,"enemies":"Donu and Deca","floor":50,"turns":9},{"damage":49,"enemies":"Awakened One","floor":51,"turns":11},{"damage":25,"enemies":"Shield and Spear","floor":55,"turns":6},{"damage":68,"enemies":"The Heart","floor":56,"turns":9}],"seed_played":"5559873347300186693","potions_obtained":[{"floor":3,"key":"HeartOfIron"},{"floor":8,"key":"ColorlessPotion"},{"floor":10,"key":"CultistPotion"},{"floor":20,"key":"LiquidMemories"},{"floor":24,"key":"Swift Potion"},{"floor":40,"key":"Ancient Potion"},{"floor":44,"key":"Regen Potion"}],"is_trial":false,"path_per_floor":["M","?","M","M","?","E","$","M","T","E","R","?","M","M","R","B",null,"M","$","M","?","?","R","E","$","T","E","R","?","R","E","R","B",null,"M","$","M","$","M","E","?","M","T","E","M","M","$","?","R","B","B",null,"R","$","E","B",null],"character_chosen":"IRONCLAD","items_purchased":["LiquidBronze","Membership Card","Shockwave","Feel No Pain","Evolve+1","LiquidMemories","Corruption+1","Secret Technique","Demon Form+1","Thinking Ahead"],"campfire_rested":0,"item_purchase_floors":[7,19,19,25,36,36,38,38,47,47],"current_hp_per_floor":[66,66,61,59,54,36,36,34,48,58,58,58,57,53,53,53,85,84,84,86,65,65,65,63,63,63,65,65,65,65,52,52,30,89,95,95,101,101,105,87,87,91,91,39,41,47,47,47,47,70,25,124,124,124,101,58],"gold":60,"neow_bonus":"BOSS_RELIC","is_daily":false,"chose_seed":false,"campfire_upgraded":6,"win_rate":0.0,"timestamp":1613948115,"path_taken":["M","?","?","M","?","E","$","M","T","E","R","?","M","M","R","BOSS","M","$","M","?","?","R","E","$","T","E","R","?","R","E","R","BOSS","M","$","M","$","M","E","?","M","T","E","M","M","?","?","R","BOSS","BOSS","R","$","E","BOSS"],"items_purchased_type":["Potion","Relic","Card","Card","Card","Potion","Card","Card","Card","Card"],"build_version":"2020-12-18","purchased_purges":3,"victory":true,"max_hp_per_floor":[75,75,75,75,75,77,77,79,93,103,103,93,95,95,95,95,95,99,99,101,101,101,101,101,101,101,105,105,105,105,105,105,109,109,115,115,121,121,125,127,127,133,133,137,139,145,145,145,145,153,157,157,157,157,159,159],"relic_stats":{"Singing Bowl":22,"Happy Flower":[32],"counters":[27,166],"Golden Idol":183,"MawBank":84,"WarpedTongs":[151],"Centennial Puzzle":[27],"Busted Crown":18,"Sundial":[16],"Pantograph":25,"Black Star":6,"Art of War":[7],"Champion Belt":[75],"obtain_stats":[{"Singing Bowl":5,"Nilry\u0027s Codex":21,"Mango":9,"Burning Blood":0,"Centennial Puzzle":24,"HornCleat":26,"Sundial":24,"Pantograph":55,"Girya":44,"Pear":10,"Happy Flower":27,"Golden Idol":12,"Frozen Egg 2":31,"MawBank":40,"WarpedTongs":2,"Du-Vu Doll":55,"CaptainsWheel":6,"Anchor":31,"Busted Crown":34,"Coffee Dripper":0,"Black Star":17,"Art of War":40,"Membership Card":19,"Champion Belt":27,"FossilizedHelix":44},{"Singing Bowl":3,"Nilry\u0027s Codex":11,"Mango":5,"Burning Blood":0,"Centennial Puzzle":12,"HornCleat":12,"Sundial":12,"Pantograph":26,"Girya":21,"Pear":6,"Happy Flower":13,"Golden Idol":6,"Frozen Egg 2":14,"MawBank":19,"WarpedTongs":1,"Du-Vu Doll":26,"CaptainsWheel":4,"Anchor":14,"Busted Crown":15,"Coffee Dripper":0,"Black Star":9,"Art of War":19,"Membership Card":10,"Champion Belt":13,"FossilizedHelix":21},{"Singing Bowl":11,"Nilry\u0027s Codex":54,"Mango":26,"Burning Blood":0,"Centennial Puzzle":61,"HornCleat":61,"Sundial":61,"Pantograph":157,"Girya":121,"Pear":30,"Happy Flower":70,"Golden Idol":30,"Frozen Egg 2":76,"MawBank":108,"WarpedTongs":4,"Du-Vu Doll":157,"CaptainsWheel":21,"Anchor":76,"Busted Crown":88,"Coffee Dripper":0,"Black Star":45,"Art of War":108,"Membership Card":51,"Champion Belt":70,"FossilizedHelix":121}]},"card_choices":[{"not_picked":["Sword Boomerang","Armaments"],"picked":"Shrug It Off","floor":1},{"not_picked":["Twin Strike","Ghostly Armor"],"picked":"Iron Wave","floor":3},{"not_picked":["Pommel Strike","Perfected Strike"],"picked":"Disarm","floor":4},{"not_picked":["Hemokinesis","Searing Blow","Sword Boomerang"],"picked":"Singing Bowl","floor":6},{"not_picked":["Shrug It Off","Combust","Havoc"],"picked":"Singing Bowl","floor":8},{"not_picked":["Burning Pact","Twin Strike"],"picked":"Uppercut","floor":10},{"not_picked":["Sword Boomerang","Armaments","Flex"],"picked":"Singing Bowl","floor":13},{"not_picked":["Entrench","Twin Strike"],"picked":"Perfected Strike","floor":14},{"not_picked":["Immolate","Bludgeon"],"picked":"Feed","floor":16},{"not_picked":["Clothesline","Shrug It Off"],"picked":"Disarm","floor":18},{"not_picked":["Heavy Blade","Intimidate","Bloodletting"],"picked":"Singing Bowl","floor":20},{"not_picked":["Perfected Strike","Sever Soul+1"],"picked":"Limit Break","floor":24},{"not_picked":["Anger","Battle Trance"],"picked":"Burning Pact","floor":27},{"not_picked":["Rage","Clothesline"],"picked":"Dual Wield","floor":31},{"not_picked":["Juggernaut+1","Feed"],"picked":"Fiend Fire","floor":33},{"not_picked":["Warcry"],"picked":"Singing Bowl","floor":35},{"not_picked":["Warcry"],"picked":"Singing Bowl","floor":37},{"not_picked":[],"picked":"Warcry+1","floor":39},{"not_picked":["Perfected Strike"],"picked":"Singing Bowl","floor":40},{"not_picked":["Body Slam"],"picked":"Singing Bowl","floor":42},{"not_picked":[],"picked":"Shrug It Off","floor":44},{"not_picked":["Warcry"],"picked":"Singing Bowl","floor":45},{"not_picked":["Sentinel+1"],"picked":"Singing Bowl","floor":46},{"not_picked":["True Grit"],"picked":"Singing Bowl","floor":55}],"player_experience":2016498,"relics_obtained":[{"floor":6,"key":"CaptainsWheel"},{"floor":9,"key":"Mango"},{"floor":10,"key":"Pear"},{"floor":21,"key":"Nilry\u0027s Codex"},{"floor":24,"key":"Centennial Puzzle"},{"floor":24,"key":"Sundial"},{"floor":26,"key":"HornCleat"},{"floor":27,"key":"Champion Belt"},{"floor":27,"key":"Happy Flower"},{"floor":31,"key":"Anchor"},{"floor":31,"key":"Frozen Egg 2"},{"floor":40,"key":"Art of War"},{"floor":40,"key":"MawBank"},{"floor":44,"key":"Girya"},{"floor":44,"key":"FossilizedHelix"},{"floor":55,"key":"Pantograph"},{"floor":55,"key":"Du-Vu Doll"}],"event_choices":[{"damage_healed":0,"gold_gain":0,"player_choice":"Rummage","damage_taken":0,"relics_obtained":["WarpedTongs"],"max_hp_gain":0,"max_hp_loss":0,"event_name":"Accursed Blacksmith","floor":2,"gold_loss":0,"cards_obtained":["Pain"]},{"damage_healed":0,"gold_gain":0,"player_choice":"Success","damage_taken":5,"relics_obtained":["Singing Bowl"],"max_hp_gain":0,"max_hp_loss":0,"event_name":"Scrap Ooze","floor":5,"gold_loss":0},{"damage_healed":0,"gold_gain":0,"player_choice":"Lose Max HP","damage_taken":0,"relics_obtained":["Golden Idol"],"max_hp_gain":0,"max_hp_loss":10,"event_name":"Golden Idol","floor":12,"gold_loss":0},{"damage_healed":0,"gold_gain":0,"player_choice":"Obtained Book","damage_taken":21,"max_hp_gain":0,"max_hp_loss":0,"event_name":"Cursed Tome","floor":21,"gold_loss":0},{"damage_healed":0,"gold_gain":0,"player_choice":"Simplicity","damage_taken":0,"max_hp_gain":0,"max_hp_loss":0,"event_name":"Back to Basics","floor":22,"gold_loss":0,"cards_upgraded":["Strike_R","Strike_R","Strike_R","Strike_R","Strike_R","Defend_R","Defend_R","Defend_R","Defend_R"]},{"damage_healed":0,"gold_gain":50,"player_choice":"Stole From Cult","damage_taken":0,"max_hp_gain":0,"max_hp_loss":0,"event_name":"Nest","floor":29,"gold_loss":0},{"damage_healed":0,"gold_gain":0,"player_choice":"Copied","damage_taken":0,"max_hp_gain":0,"max_hp_loss":0,"event_name":"Duplicator","floor":41,"gold_loss":0,"cards_obtained":["Shockwave"]},{"damage_healed":0,"gold_gain":0,"player_choice":"Ignored","damage_taken":0,"max_hp_gain":0,"max_hp_loss":0,"event_name":"SecretPortal","floor":48,"gold_loss":0}],"is_beta":true,"boss_relics":[{"not_picked":["SlaversCollar","Tiny House"],"picked":"Black Star"},{"not_picked":["Pandora\u0027s Box","Empty Cage"],"picked":"Busted Crown"}],"items_purged_floors":[7,36,47],"is_endless":false,"potions_floor_spawned":[3,8,10,13,14,20,24,40,44],"ascension_level":20}}