{"host":"as7albp2mcgkylj3","time":1613920700,"event":{"mods":["2.2 Compatiblity","AchievementEnabler","BaseMod","Colored Map","DeckTracker","Googly Eyes","Highlight Path","Minty Spire (QoL Compilation)","StSLib","SuperFastMode"],"gold_per_floor":[116,116,136,61,72,91,91,105,105,105,5,5,25,40,40,141,141,154,29,29,42,42,42,42,42,42,42,42,57,57,76,76,76,76],"floor_reached":33,"language":"ITA","playtime":408,"items_purged":["Defend_P","Strike_P","Defend_P"],"score":237,"play_id":"6115a28e-3564-4e3e-9404-33c7b72d8aae","local_time":"20210221161820","is_ascension_mode":false,"campfire_choices":[{"data":"Eruption","floor":7,"key":"SMITH"},{"data":"Strike_P","floor":12,"key":"SMITH"},{"data":"Strike_P","floor":15,"key":"SMITH"},{"floor":23,"key":"REST"},{"floor":28,"key":"REST"},{"floor":32,"key":"REST"}],"circlet_count":0,"master_deck":["Strike_P+1","Strike_P+1","Strike_P","Defend_P","Eruption+1","Vigilance"],"relics":["PureWater"],"acts_visited":["Exordium","TheCity"],"potions_floor_usage":[16,29],"damage_taken":[{"damage":6,"enemies":"Jaw Worm","floor":1,"turns":2},{"damage":0,"enemies":"2 Louse","floor":3,"turns":1},{"damage":0,"enemies":"Cultist","floor":5,"turns":2},{"damage":13,"enemies":"Exordium Thugs","floor":6,"turns":5},{"damage":5,"enemies":"2 Fungi Beasts","floor":8,"turns":3},{"damage":2,"enemies":"Looter","floor":13,"turns":4},{"damage":0,"enemies":"3 Louse","floor":14,"turns":1},{"damage":45,"enemies":"The Guardian","floor":16,"turns":10},{"damage":20,"enemies":"Chosen","floor":18,"turns":4},{"damage":40,"enemies":"Shell Parasite","floor":21,"turns":3},{"damage":30,"enemies":"Snecko","floor":29,"turns":3},{"damage":20,"enemies":"Cultist and Chosen","floor":31,"turns":3},{"damage":64,"enemies":"Collector","floor":33,"turns":2}],"seed_played":"3044401143505186360","potions_obtained":[{"floor":1,"key":"AttackPotion"},{"floor":3,"key":"Energy Potion"},{"floor":14,"key":"Ancient Potion"},{"floor":16,"key":"SkillPotion"},{"floor":29,"key":"LiquidMemories"}],"is_trial":false,"path_per_floor":["M","?","M","$","M","M","R","M","T","?","$","R","M","M","R","B",null,"M","$","?","M","$","R","?","?","T","?","R","M","$","M","R","B"],"character_chosen":"WATCHER","items_purchased":[],"campfire_rested":3,"item_purchase_floors":[],"current_hp_per_floor":[73,73,73,73,73,60,60,55,55,55,55,55,53,53,53,8,79,59,59,59,19,19,42,42,42,42,42,65,35,35,15,38,0,0],"gold":76,"neow_bonus":"TEN_PERCENT_HP_BONUS","is_daily":false,"chose_seed":false,"campfire_upgraded":3,"win_rate":0.0,"timestamp":1613920700,"path_taken":["M","?","M","$","M","M","R","M","T","?","$","R","?","M","R","BOSS","M","$","?","M","$","R","?","?","T","?","R","?","$","M","R","BOSS"],"items_purchased_type":[],"build_version":"2020-12-22","purchased_purges":3,"victory":false,"max_hp_per_floor":[79,79,79,79,79,79,79,79,79,79,79,79,79,79,79,79,79,79,79,79,79,79,79,79,79,79,79,79,79,79,79,79,79,79],"card_choices":[{"not_picked":["WaveOfTheHand","Consecrate","Study"],"picked":"SKIP","floor":1},{"not_picked":["Wireheading","Conclude","FlyingSleeves"],"picked":"SKIP","floor":3},{"not_picked":["ClearTheMind","Halt","ReachHeaven"],"picked":"SKIP","floor":5},{"not_picked":["SashWhip","CrushJoints","ThirdEye"],"picked":"SKIP","floor":6},{"not_picked":["FollowUp","Adaptation","MentalFortress"],"picked":"SKIP","floor":8},{"not_picked":["FearNoEvil","JustLucky","Meditate"],"picked":"SKIP","floor":13},{"not_picked":["FollowUp","InnerPeace","EmptyMind"],"picked":"SKIP","floor":14},{"not_picked":["Wallop","Prostrate","FlyingSleeves"],"picked":"SKIP","floor":18},{"not_picked":["WreathOfFlame","JustLucky","Protect"],"picked":"SKIP","floor":21},{"not_picked":["Wallop","CutThroughFate+1","Meditate"],"picked":"SKIP","floor":29},{"not_picked":["JustLucky+1","Protect","EmptyMind"],"picked":"SKIP","floor":31}],"player_experience":483674,"relics_obtained":[],"event_choices":[{"cards_removed":["Defend_P"],"damage_healed":0,"gold_gain":0,"player_choice":"Forget","damage_taken":0,"max_hp_gain":0,"max_hp_loss":0,"event_name":"Living Wall","floor":2,"gold_loss":0},{"damage_healed":0,"gold_gain":0,"player_choice":"Ignored","damage_taken":0,"max_hp_gain":0,"max_hp_loss":0,"event_name":"WeMeetAgain","floor":10,"gold_loss":0},{"damage_healed":0,"gold_gain":0,"player_choice":"Ignored","damage_taken":0,"max_hp_gain":0,"max_hp_loss":0,"event_name":"The Mausoleum","floor":20,"gold_loss":0},{"damage_healed":0,"gold_gain":0,"player_choice":"Ignored","damage_taken":0,"max_hp_gain":0,"max_hp_loss":0,"event_name":"Ghosts","floor":24,"gold_loss":0},{"damage_healed":0,"gold_gain":0,"player_choice":"Ignored","damage_taken":0,"max_hp_gain":0,"max_hp_loss":0,"event_name":"NoteForYourself","floor":27,"gold_loss":0}],"is_beta":false,"boss_relics":[{"not_picked":["Sozu","SlaversCollar","Busted Crown"]}],"items_purged_floors":[4,11,19],"is_endless":false,"potions_floor_spawned":[1,3,14,16,29],"killed_by":"Collector","ascension_level":0}}