{"host":"ghnln56zhm0b0ozo","time":1613943648,"event":{"mods":["2.2 Compatiblity","BaseMod","Block Reminder","Downfall","Minty Spire (QoL Compilation)","Quick Restart","Rare Cards Sparkle","Relic Stats","StSLib"],"gold_per_floor":[99,99,112,129,146,321,373,388,401,411,411,8,20,36,52,152,152,152,165,178,178,128,128,153,67,67,79,79,14,14,30,48,48,48,48],"floor_reached":33,"language":"ENG","playtime":1819,"items_purged":["downfall:Haunted","Doubt"],"score":243,"play_id":"56f6c512-4fbc-48dd-b79c-6dffc8522d4d","local_time":"20210221234048","is_ascension_mode":false,"campfire_choices":[{"data":"champ:Execute","floor":1,"key":"SMITH"},{"floor":11,"key":"REST"},{"data":"champ:Improvising","floor":18,"key":"SMITH"}],"circlet_count":0,"master_deck":["champ:Strike","champ:Strike","champ:Strike","champ:Strike","champ:Defend+1","champ:Defend","champ:Defend","champ:Defend","champ:Execute+1","champ:Taunt+1","champ:Encircle","champ:Encircle","champ:SkillfulDodge","champ:StanceDance+1","champ:FlashCut","champ:AdrenalArmor","champ:PreciseThrust","champ:Improvising+1","champ:FanOfKnives","champ:DefensiveShout","champ:DeathBlow","champ:ArenaPreparation+1","champ:GutPunch","champ:BringItOn","champ:HoldFirm","champ:TornadoPunch","champ:BladeFlurry+1","Pride","champ:FaceSlap","champ:IronFortress","champ:CrownThrow+1","champ:BerserkersShout+1","Injury","champ:StrikeOfGenius"],"relics":["champ:ChampionCrownUpgraded","Dead Branch","downfall:RedIOU","Smiling Mask","Letter Opener"],"acts_visited":["Exordium","TheCity"],"potions_floor_usage":[27,33,33,33],"damage_taken":[{"damage":16,"enemies":"2 Louse","floor":3,"turns":2},{"damage":10,"enemies":"Cultist","floor":4,"turns":3},{"damage":15,"enemies":"Jaw Worm","floor":5,"turns":4},{"damage":15,"enemies":"downfall:LooterAlt","floor":8,"turns":4},{"damage":34,"enemies":"Large Slime","floor":9,"turns":7},{"damage":23,"enemies":"3 Louse","floor":10,"turns":2},{"damage":25,"enemies":"downfall:FleeingMerchant","floor":12,"turns":4},{"damage":30,"enemies":"Exordium Thugs","floor":13,"turns":4},{"damage":18,"enemies":"2 Fungi Beasts","floor":14,"turns":3},{"damage":15,"enemies":"Exordium Wildlife","floor":15,"turns":2},{"damage":41,"enemies":"DF_ARCHETYPE_STREAMLINE","floor":16,"turns":9},{"damage":50,"enemies":"Shell Parasite","floor":19,"turns":6},{"damage":43,"enemies":"Spheric Guardian","floor":20,"turns":6},{"damage":10,"enemies":"downfall:FleeingMerchant","floor":25,"turns":4},{"damage":57,"enemies":"Centurion and Healer","floor":27,"turns":5},{"damage":20,"enemies":"downfall:FleeingMerchant","floor":29,"turns":4},{"damage":25,"enemies":"Snake Plant","floor":31,"turns":1},{"damage":64,"enemies":"Snecko","floor":32,"turns":7},{"damage":54,"enemies":"SI_MIRROR_ARCHETYPE","floor":33,"turns":4}],"seed_played":"6513797210651033574","potions_obtained":[{"floor":4,"key":"BlessingOfTheForge"},{"floor":9,"key":"champ:TechniquePotion"},{"floor":10,"key":"Ancient Potion"},{"floor":28,"key":"CultistPotion"}],"is_trial":false,"path_per_floor":["R","?","M","M","M","?","T","M","M","M","R","$","M","M","M","B",null,"R","M","M","?","?","?","T","$","?","M","?","$","?","M","M","B"],"character_chosen":"THE_CHAMP","items_purchased":["champ:Improvising","champ:FanOfKnives","champ:DefensiveShout","champ:DeathBlow","champ:IronFortress"],"campfire_rested":1,"item_purchase_floors":[12,12,12,12,25],"current_hp_per_floor":[99,99,93,93,88,88,88,83,69,56,85,85,65,57,57,51,99,99,89,51,51,86,86,86,86,86,74,74,74,74,74,35,0,0,0],"gold":48,"neow_bonus":"TEN_PERCENT_HP_BONUS","is_daily":false,"chose_seed":false,"campfire_upgraded":2,"win_rate":0.0,"timestamp":1613943648,"path_taken":["R","?","M","M","?","?","T","M","M","M","R","$","M","M","M","BOSS","R","M","M","?","?","?","T","$","?","?","?","$","?","M","M","BOSS"],"items_purchased_type":["Card","Card","Card","Card","Card"],"build_version":"2020-12-22","purchased_purges":2,"victory":false,"max_hp_per_floor":[99,99,99,99,99,99,99,99,99,99,99,99,99,99,99,99,99,99,99,99,99,99,99,99,99,99,99,99,99,99,99,99,99,99,99],"relic_stats":{"counters":[19,81],"Dead Branch":[13],"Letter Opener":[20],"Smiling Mask":50,"obtain_stats":[{"Nunchaku":7,"Dead Branch":21,"champ:ChampionCrown":0,"champ:ChampionCrownUpgraded":17,"downfall:RedIOU":23,"Letter Opener":26,"Smiling Mask":24},{"Nunchaku":3,"Dead Branch":13,"champ:ChampionCrown":0,"champ:ChampionCrownUpgraded":11,"downfall:RedIOU":13,"Letter Opener":14,"Smiling Mask":13},{"Nunchaku":9,"Dead Branch":56,"champ:ChampionCrown":0,"champ:ChampionCrownUpgraded":44,"downfall:RedIOU":56,"Letter Opener":60,"Smiling Mask":56}]},"card_choices":[{"not_picked":["champ:DeathBlow","champ:BringItOn"],"picked":"champ:Encircle","floor":3},{"not_picked":["champ:BladeFlurry","champ:PerfectedStrike"],"picked":"champ:Encircle","floor":4},{"not_picked":["champ:BladeFlurry","champ:PreemptiveStrike"],"picked":"champ:SkillfulDodge","floor":5},{"not_picked":["champ:Shatter","champ:Haymaker"],"picked":"champ:StanceDance","floor":8},{"not_picked":["champ:PreemptiveStrike","champ:Circumvent"],"picked":"champ:FlashCut","floor":9},{"not_picked":["champ:Circumvent","champ:Parry"],"picked":"champ:AdrenalArmor","floor":10},{"not_picked":["champ:PreemptiveStrike","champ:Haymaker"],"picked":"champ:PreciseThrust","floor":12},{"not_picked":["champ:FlashCut","champ:IgnorePain"],"picked":"champ:ArenaPreparation","floor":13},{"not_picked":["champ:StanceDance","champ:BringItOn"],"picked":"champ:GutPunch","floor":14},{"not_picked":["champ:GladiatorStyle","champ:GutPunch"],"picked":"champ:BringItOn","floor":15},{"not_picked":["champ:Improvising","champ:ShieldThrow"],"picked":"champ:HoldFirm","floor":16},{"not_picked":["champ:PerfectedStrike","champ:Encircle"],"picked":"champ:TornadoPunch","floor":19},{"not_picked":["champ:CalledShot+1","champ:Haymaker"],"picked":"champ:BladeFlurry+1","floor":20},{"not_picked":["champ:BerserkersShout+1","champ:BladeFlurry"],"picked":"champ:FaceSlap","floor":25},{"not_picked":["champ:TornadoPunch+1","champ:FocusedDefense"],"picked":"champ:CrownThrow+1","floor":27},{"not_picked":["champ:TornadoPunch+1","champ:FlashCut"],"picked":"champ:BerserkersShout+1","floor":29},{"not_picked":["champ:RecklessLeap","champ:FaceSlap","champ:FancyFootwork"],"picked":"SKIP","floor":31},{"not_picked":["champ:PreciseThrust","champ:PerfectedStrike+1"],"picked":"champ:StrikeOfGenius","floor":32}],"player_experience":179625,"relics_obtained":[{"floor":7,"key":"Nunchaku"},{"floor":24,"key":"Smiling Mask"}],"event_choices":[{"damage_healed":0,"gold_gain":0,"player_choice":"Stole Relic","damage_taken":0,"relics_obtained":["Dead Branch"],"max_hp_gain":0,"max_hp_loss":0,"event_name":"Addict","floor":21,"gold_loss":0,"cards_obtained":["Pride"]}],"is_beta":false,"boss_relics":[{"not_picked":["Empty Cage","Pandora\u0027s Box"],"picked":"champ:ChampionCrownUpgraded"}],"items_purged_floors":[12,29],"is_endless":false,"potions_floor_spawned":[4,9,10,14,16,19,20,31,32],"killed_by":"SI_MIRROR_ARCHETYPE","ascension_level":0}}