{"host":"bo0l18oso54lsuur","time":1613906217,"event":{"mods":["BaseMod","Colored Map","Colored Powertips","Downfall","Minty Spire (QoL Compilation)","Relic Sorter","StSLib"],"gold_per_floor":[99,111,167,7,21,21,21,34,34,134,151,164,199,209,228,333,333,333,348,365,383,383,383,383,383],"floor_reached":23,"language":"ENG","playtime":1169,"items_purged":[],"score":195,"play_id":"f30f8095-171c-470d-bf2b-eed7dc7526a5","local_time":"20210221221657","is_ascension_mode":false,"campfire_choices":[{"data":"Slimebound:CorrosiveSpit","floor":1.0,"key":"SMITH"},{"data":"Slimebound:Repurpose","floor":6.0,"key":"SMITH"},{"data":"Slimebound:LeadByExample","floor":9.0,"key":"SMITH"},{"floor":18,"key":"RECALL"}],"circlet_count":0,"master_deck":["Slimebound:Strike_Slimebound","Slimebound:Strike_Slimebound","Slimebound:Strike_Slimebound","Slimebound:Tackle","Slimebound:Defend_Slimebound","Slimebound:Defend_Slimebound","Slimebound:Defend_Slimebound","Slimebound:Defend_Slimebound","Slimebound:Split","Slimebound:CorrosiveSpit+1","Flash of Steel","Slimebound:SplitBruiser","Slimebound:GoopSpray","Slimebound:LeadByExample+1","Slimebound:Repurpose+1","Slimebound:LevelUp","Slimebound:SlimeSpikes","Slimebound:SpikyOuterGoop","Slimebound:DuplicatedForm","Slimebound:LivingWall","Slimebound:LeechEnergy+1","Slimebound:HauntingLick","Slimebound:Gluttony","Slimebound:WasteNot","Slimebound:Prepare","Slimebound:SplitAcid","Writhe"],"relics":["Slimebound:AbsorbEndCombat","Molten Egg 2","Sundial","Bronze Scales","Fusion Hammer","MealTicket"],"acts_visited":["Exordium","TheCity"],"potions_floor_usage":[13,16,21],"damage_taken":[{"damage":3.0,"enemies":"Jaw Worm","floor":2.0,"turns":4.0},{"damage":37.0,"enemies":"Lagavulin Event","floor":3.0,"turns":6.0},{"damage":3.0,"enemies":"downfall:FleeingMerchant","floor":4.0,"turns":4.0},{"damage":1.0,"enemies":"2 Louse","floor":5.0,"turns":4.0},{"damage":1.0,"enemies":"Cultist","floor":8.0,"turns":3.0},{"damage":3.0,"enemies":"Red Slaver","floor":11.0,"turns":4.0},{"damage":0,"enemies":"Blue Slaver","floor":12,"turns":2},{"damage":15,"enemies":"3 Sentries","floor":13,"turns":6},{"damage":0,"enemies":"Large Slime","floor":14,"turns":5},{"damage":0,"enemies":"Exordium Wildlife","floor":15,"turns":4},{"damage":16,"enemies":"SI_SHIV_ARCHETYPE","floor":16,"turns":5},{"damage":22,"enemies":"3 Byrds","floor":19,"turns":3},{"damage":27,"enemies":"Shell Parasite","floor":20,"turns":6},{"damage":20,"enemies":"Shelled Parasite and Fungi","floor":21,"turns":5},{"damage":50,"enemies":"Gremlin Leader","floor":23,"turns":4}],"seed_played":"8406251864110951894","potions_obtained":[{"floor":3.0,"key":"Regen Potion"},{"floor":8.0,"key":"bronze:BurnAndBuffPotion"},{"floor":13,"key":"PowerPotion"},{"floor":16,"key":"Energy Potion"}],"is_trial":false,"path_per_floor":["R","M","?","$","M","R","T","M","R","?","M","M","E","M","M","B",null,"R","M","M","M","?","E"],"character_chosen":"SLIMEBOUND","items_purchased":["Slimebound:Repurpose","Slimebound:LevelUp"],"campfire_rested":0,"item_purchase_floors":[4,4],"current_hp_per_floor":[65,65,34,39,42,42,42,41,41,41,42,44,47,51,55,47,65,65,45,39,42,42,0,0,0],"gold":383,"neow_bonus":"RANDOM_COLORLESS","is_daily":false,"chose_seed":false,"campfire_upgraded":3,"win_rate":0.0,"timestamp":1613906217,"path_taken":["R","M","?","$","M","R","T","M","R","?","M","M","E","M","M","BOSS","R","M","M","M","?","E"],"items_purchased_type":["Card","Card"],"build_version":"2020-12-22","purchased_purges":0,"victory":false,"max_hp_per_floor":[65,65,65,65,65,65,65,65,65,65,65,65,65,65,65,65,65,65,65,65,65,65,65,65,65],"card_choices":[{"not_picked":["Forethought","Deep Breath"],"picked":"Flash of Steel","floor":0.0},{"not_picked":["Slimebound:GoopSpray","Slimebound:RejuvenatingLick"],"picked":"Slimebound:SplitBruiser","floor":2.0},{"not_picked":["Slimebound:SplitAcid","Slimebound:AcidTongue"],"picked":"Slimebound:GoopSpray","floor":3.0},{"not_picked":["Slimebound:HauntingLick","Slimebound:LivingWall"],"picked":"Slimebound:LeadByExample","floor":4.0},{"not_picked":["Slimebound:LeechEnergy+1","Slimebound:DisruptingSlam+1"],"picked":"Slimebound:SlimeSpikes","floor":5.0},{"not_picked":["Slimebound:RainOfGoop","Slimebound:LevelUp"],"picked":"Slimebound:SpikyOuterGoop","floor":8.0},{"not_picked":["Slimebound:Chomp+1","Slimebound:GoopTackle+1"],"picked":"Slimebound:DuplicatedForm","floor":11.0},{"not_picked":["Slimebound:SplitBruiser","Slimebound:Nibble+1"],"picked":"Slimebound:LivingWall","floor":12},{"not_picked":["Slimebound:ProtectTheBoss","Slimebound:WasteNot"],"picked":"Slimebound:LeechEnergy+1","floor":13},{"not_picked":["Slimebound:LevelUp","Slimebound:Replication"],"picked":"Slimebound:HauntingLick","floor":14},{"not_picked":["Slimebound:SamplingLick","Slimebound:ComboTackle+1"],"picked":"Slimebound:Gluttony","floor":15},{"not_picked":["Slimebound:PrepareCrush","Slimebound:DouseInSlime"],"picked":"Slimebound:WasteNot","floor":16},{"not_picked":["Slimebound:SpikyOuterGoop","Slimebound:SplitBruiser+1"],"picked":"Slimebound:Prepare","floor":19},{"not_picked":["Slimebound:ServeAndProtect","Slimebound:FinishingTackle+1","Slimebound:ItLooksTasty+1"],"picked":"SKIP","floor":20},{"not_picked":["Slimebound:Prepare","Slimebound:Gluttony"],"picked":"Slimebound:SplitAcid","floor":21}],"player_experience":96554,"relics_obtained":[{"floor":3.0,"key":"Molten Egg 2"},{"floor":7.0,"key":"Sundial"},{"floor":13,"key":"Bronze Scales"}],"event_choices":[],"is_beta":false,"boss_relics":[{"not_picked":["Runic Dome","Velvet Choker"],"picked":"Fusion Hammer"}],"items_purged_floors":[],"is_endless":false,"potions_floor_spawned":[3,8,13,16],"killed_by":"Gremlin Leader","ascension_level":0}}