{"host":"w14xfy17z3c5mpoi","time":1613947592,"event":{"mods":["AchievementEnabler","BaseMod","Minty Spire (QoL Compilation)","Relic Stats"],"gold_per_floor":[109,127,145,162,181,208,208,208,208,168,168,180,211,224,224,224,224],"floor_reached":16,"language":"ENG","playtime":850,"items_purged":[],"score":177,"play_id":"995c54e5-2dcf-4962-ab0a-2ab0bbbbc8c1","local_time":"20210221174632","is_ascension_mode":true,"campfire_choices":[{"data":"Blade Dance","floor":8,"key":"SMITH"},{"floor":11,"key":"REST"},{"data":"Cloak And Dagger","floor":15,"key":"SMITH"}],"circlet_count":0,"master_deck":["AscendersBane","Strike_G","Strike_G","Strike_G","Strike_G","Strike_G","Defend_G","Defend_G","Defend_G","Defend_G","Defend_G","Survivor","Neutralize","Thinking Ahead","Dagger Spray","Leg Sweep","Blade Dance+1","Poisoned Stab","Cloak And Dagger+1","Dagger Spray","Parasite","Cloak And Dagger","Dagger Throw","Unload"],"relics":["Ring of the Snake","Centennial Puzzle","Blood Vial","Toy Ornithopter"],"acts_visited":["Exordium"],"potions_floor_usage":[13],"damage_taken":[{"damage":0,"enemies":"2 Louse","floor":1,"turns":3},{"damage":0,"enemies":"Cultist","floor":2,"turns":4},{"damage":0,"enemies":"Small Slimes","floor":3,"turns":2},{"damage":9,"enemies":"3 Louse","floor":4,"turns":4},{"damage":3,"enemies":"Looter","floor":5,"turns":3},{"damage":42,"enemies":"Lagavulin","floor":6,"turns":9},{"damage":0,"enemies":"Large Slime","floor":12,"turns":5},{"damage":24,"enemies":"3 Sentries","floor":13,"turns":6},{"damage":14,"enemies":"Exordium Thugs","floor":14,"turns":4},{"damage":15,"enemies":"Hexaghost","floor":16,"turns":9}],"seed_played":"3412651003278495309","potions_obtained":[{"floor":1,"key":"Ancient Potion"},{"floor":6,"key":"GamblersBrew"},{"floor":10,"key":"SpeedPotion"},{"floor":12,"key":"CunningPotion"},{"floor":14,"key":"PowerPotion"}],"is_trial":false,"path_per_floor":["M","M","M","M","M","E","?","R","T","?","R","M","E","M","R","B"],"character_chosen":"THE_SILENT","items_purchased":[],"campfire_rested":1,"item_purchase_floors":[],"current_hp_per_floor":[63,63,63,54,51,9,24,24,24,24,42,44,22,10,10,0,0],"gold":224,"neow_bonus":"RANDOM_COLORLESS_2","is_daily":false,"chose_seed":false,"campfire_upgraded":2,"win_rate":0.0,"timestamp":1613947592,"path_taken":["M","M","M","M","M","E","?","R","T","?","R","M","E","M","R","BOSS"],"items_purchased_type":[],"build_version":"2020-12-22","purchased_purges":0,"victory":false,"max_hp_per_floor":[63,63,63,63,63,63,63,63,63,63,63,63,63,63,63,63,63],"relic_stats":{"Blood Vial":8,"Centennial Puzzle":[9],"counters":[10,49],"obtain_stats":[{"Blood Vial":9,"Centennial Puzzle":6,"Toy Ornithopter":13,"Ring of the Snake":0},{"Blood Vial":6,"Centennial Puzzle":6,"Toy Ornithopter":8,"Ring of the Snake":0},{"Blood Vial":25,"Centennial Puzzle":25,"Toy Ornithopter":36,"Ring of the Snake":0}],"Toy Ornithopter":0,"Ring of the Snake":[20]},"card_choices":[{"not_picked":["Sadistic Nature","Magnetism"],"picked":"Thinking Ahead","floor":0},{"not_picked":["Escape Plan","PiercingWail"],"picked":"Dagger Spray","floor":1},{"not_picked":["Slice","Acrobatics"],"picked":"Leg Sweep","floor":2},{"not_picked":["Dodge and Roll","Prepared"],"picked":"Blade Dance","floor":3},{"not_picked":["Backflip","Riddle With Holes"],"picked":"Poisoned Stab","floor":4},{"not_picked":["Choke","Storm of Steel"],"picked":"Cloak And Dagger","floor":5},{"not_picked":["Dodge and Roll","Sucker Punch"],"picked":"Dagger Spray","floor":6},{"not_picked":["Outmaneuver","Dagger Spray"],"picked":"Cloak And Dagger","floor":12},{"not_picked":["Leg Sweep","Cloak And Dagger"],"picked":"Dagger Throw","floor":13},{"not_picked":["Distraction","All Out Attack"],"picked":"Unload","floor":14}],"player_experience":747591,"relics_obtained":[{"floor":6,"key":"Centennial Puzzle"},{"floor":9,"key":"Blood Vial"},{"floor":13,"key":"Toy Ornithopter"}],"event_choices":[{"damage_healed":15,"gold_gain":0,"player_choice":"Healed and dodged fight","damage_taken":0,"max_hp_gain":0,"max_hp_loss":0,"event_name":"Mushrooms","floor":7,"gold_loss":0,"cards_obtained":["Parasite"]},{"damage_healed":0,"gold_gain":0,"player_choice":"Bought 3 Potions","damage_taken":0,"max_hp_gain":0,"max_hp_loss":0,"event_name":"The Woman in Blue","floor":10,"gold_loss":0}],"is_beta":false,"boss_relics":[],"items_purged_floors":[],"is_endless":false,"potions_floor_spawned":[1,6,12,14],"killed_by":"Hexaghost","ascension_level":11}}