{"host":"iggyqwhh1tk9qczq","time":1613886057,"event":{"mods":["BaseMod","Downfall","Googly Eyes","Minty Spire (QoL Compilation)","StSLib","The Disciple","The Mystic","The Necromancer","The Runesmith","The Servant 0.9.4","Together in Spire","Yuri Mod"],"gold_per_floor":[109,128,78,78,89,89,120,130,154,171,171,198,198,224,224,328,328,346,346,346,365,159,186,186,101,101,101,118,143,143,162,162,257,257,270,286,336,336,391,391,402,422,422,422,434,434,463,135,135,135],"floor_reached":51,"language":"ENG","playtime":2822,"items_purged":["Strike_R","Defend_R"],"score":738,"play_id":"3373a68a-f366-418d-85e0-fde2f02ac481","local_time":"20210220214057","is_ascension_mode":false,"campfire_choices":[{"data":"Iron Wave","floor":6,"key":"SMITH"},{"data":"Clothesline","floor":13,"key":"SMITH"},{"data":"Shrug It Off","floor":15,"key":"SMITH"},{"data":"Apotheosis","floor":24,"key":"SMITH"},{"floor":27,"key":"REST"},{"data":"Demon Form","floor":30,"key":"SMITH"},{"data":"Shrug It Off","floor":32,"key":"SMITH"},{"data":"Jack Of All Trades","floor":40,"key":"SMITH"},{"data":"Pommel Strike","floor":46,"key":"SMITH"},{"data":"Rampage","floor":49,"key":"SMITH"}],"circlet_count":0,"master_deck":["Defend_R","Defend_R","Defend_R","Bash","Pommel Strike+1","Iron Wave+1","Thunderclap","Shrug It Off+1","Clothesline+1","Rampage+1","Dropkick","Demon Form+1","RitualDagger","Apotheosis+1","Shrug It Off+1","Jack Of All Trades+1","Evaluate"],"relics":["Burning Blood","Boot","Strawberry","Pen Nib","StoneCalendar","The Courier","Philosopher\u0027s Stone","Bag of Preparation","Bird Faced Urn","Bag of Marbles","Red Mask","Sozu","Incense Burner","FossilizedHelix","Molten Egg 2","Juzu Bracelet","Vajra","Orichalcum"],"acts_visited":["Exordium","TheCity","TheBeyond"],"potions_floor_usage":[7,12,23,28,29,33,35],"damage_taken":[{"damage":3,"enemies":"Jaw Worm","floor":1,"turns":4},{"damage":0,"enemies":"2 Louse","floor":2,"turns":3},{"damage":1,"enemies":"Cultist","floor":5,"turns":3},{"damage":28,"enemies":"Lagavulin","floor":7,"turns":7},{"damage":3,"enemies":"2 Fungi Beasts","floor":8,"turns":3},{"damage":4,"enemies":"Large Slime","floor":10,"turns":6},{"damage":5,"enemies":"3 Sentries","floor":12,"turns":8},{"damage":8,"enemies":"Gremlin Nob","floor":14,"turns":5},{"damage":29,"enemies":"The Guardian","floor":16,"turns":10},{"damage":16,"enemies":"Spheric Guardian","floor":18,"turns":5},{"damage":1,"enemies":"Chosen","floor":21,"turns":5},{"damage":48,"enemies":"Slavers","floor":23,"turns":6},{"damage":3,"enemies":"Snake Plant","floor":28,"turns":3},{"damage":3,"enemies":"Masked Bandits","floor":29,"turns":5},{"damage":0,"enemies":"Chosen and Byrds","floor":31,"turns":4},{"damage":27,"enemies":"Automaton","floor":33,"turns":9},{"damage":12,"enemies":"3 Darklings","floor":35,"turns":4},{"damage":3,"enemies":"3 Shapes","floor":36,"turns":4},{"damage":4,"enemies":"Mind Bloom Boss Battle","floor":37,"turns":5},{"damage":1,"enemies":"2 Orb Walkers","floor":39,"turns":4},{"damage":0,"enemies":"Spire Growth","floor":41,"turns":3},{"damage":0,"enemies":"Transient","floor":42,"turns":5},{"damage":0,"enemies":"Maw","floor":45,"turns":6},{"damage":0,"enemies":"Giant Head","floor":47,"turns":5},{"damage":15,"enemies":"Time Eater","floor":50,"turns":6}],"seed_played":"5835700046051535197","potions_obtained":[{"floor":2,"key":"DistilledChaos"},{"floor":7,"key":"SpeedPotion"},{"floor":8,"key":"BlessingOfTheForge"},{"floor":10,"key":"LiquidMemories"},{"floor":12,"key":"bronze:BurnAndBuffPotion"},{"floor":18,"key":"Ancient Potion"},{"floor":28,"key":"Strength Potion"},{"floor":31,"key":"SpeedPotion"},{"floor":33,"key":"ColorlessPotion"}],"is_trial":false,"path_per_floor":["M","M","?","?","M","R","E","M","T","M","?","E","R","E","R","B",null,"M","?","?","M","$","E","R","?","T","R","M","?","R","M","R","B",null,"M","M","?","?","?","R","M","M","T","?","M","R","E","$","R","B",null],"character_chosen":"IRONCLAD","items_purchased":["Apotheosis","Vajra","Orichalcum"],"campfire_rested":1,"item_purchase_floors":[22,48,48],"current_hp_per_floor":[80,80,80,80,80,80,58,61,68,70,67,68,68,66,66,43,87,77,71,71,76,76,34,34,34,34,60,63,66,66,74,74,53,87,81,86,87,87,87,87,87,87,87,87,87,87,87,87,87,78],"gold":135,"neow_bonus":"REMOVE_CARD","is_daily":false,"chose_seed":false,"campfire_upgraded":9,"win_rate":0.0,"timestamp":1613886057,"path_taken":["M","M","?","?","M","R","E","M","T","?","?","E","R","E","R","BOSS","M","?","?","M","$","E","R","?","T","R","?","?","R","M","R","BOSS","M","M","?","?","?","R","?","M","T","?","M","R","E","$","R","BOSS"],"items_purchased_type":["Card","Relic","Relic"],"build_version":"2020-12-22","purchased_purges":2,"victory":true,"max_hp_per_floor":[80,80,80,80,80,80,80,80,87,87,87,87,87,87,87,87,87,87,87,87,87,87,87,87,87,87,87,87,87,87,87,87,87,87,87,87,87,87,87,87,87,87,87,87,87,87,87,87,87,87],"card_choices":[{"not_picked":["Havoc","Second Wind"],"picked":"Pommel Strike","floor":1},{"not_picked":["Bloodletting","Feel No Pain"],"picked":"Iron Wave","floor":2},{"not_picked":["Fire Breathing","Headbutt","Pummel"],"picked":"SKIP","floor":5},{"not_picked":["Carnage","Heavy Blade"],"picked":"Thunderclap","floor":7},{"not_picked":["Body Slam","Reckless Charge"],"picked":"Shrug It Off","floor":8},{"not_picked":["Headbutt","Armaments"],"picked":"Clothesline","floor":10},{"not_picked":["Immolate","Feel No Pain"],"picked":"Rampage","floor":12},{"not_picked":["Evolve","Warcry"],"picked":"Dropkick","floor":14},{"not_picked":["Berserk","Offering"],"picked":"Demon Form","floor":16},{"not_picked":["Shrug It Off","Armaments+1","Anger"],"picked":"SKIP","floor":18},{"not_picked":["Clash","Shrug It Off","Anger"],"picked":"SKIP","floor":21},{"not_picked":["Cleave","Ghostly Armor"],"picked":"Shrug It Off","floor":23},{"not_picked":["True Grit","Twin Strike+1","Thunderclap+1"],"picked":"SKIP","floor":28},{"not_picked":["Heavy Blade","Fiend Fire","Dual Wield"],"picked":"SKIP","floor":31},{"not_picked":["Thunderclap","Twin Strike","True Grit"],"picked":"SKIP","floor":35},{"not_picked":["Iron Wave+1","Anger+1","Fire Breathing+1"],"picked":"SKIP","floor":36},{"not_picked":["Apotheosis","Blind"],"picked":"Jack Of All Trades","floor":38},{"not_picked":["Flex","Thunderclap+1","Rupture+1"],"picked":"SKIP","floor":41},{"not_picked":["Disarm+1","Body Slam+1","Shrug It Off"],"picked":"SKIP","floor":42},{"not_picked":["Perfected Strike+1","Havoc","Intimidate+1"],"picked":"SKIP","floor":45},{"not_picked":["Anger+1","Rupture","Bloodletting+1"],"picked":"SKIP","floor":47}],"player_experience":145300,"relics_obtained":[{"floor":7,"key":"Boot"},{"floor":9,"key":"Strawberry"},{"floor":12,"key":"StoneCalendar"},{"floor":14,"key":"The Courier"},{"floor":23,"key":"Bag of Preparation"},{"floor":26,"key":"Bag of Marbles"},{"floor":29,"key":"Red Mask"},{"floor":37,"key":"Incense Burner"},{"floor":39,"key":"FossilizedHelix"},{"floor":43,"key":"Molten Egg 2"},{"floor":47,"key":"Juzu Bracelet"}],"event_choices":[{"cards_removed":["Strike_R"],"damage_healed":0,"gold_gain":0,"player_choice":"Card Removal","damage_taken":0,"max_hp_gain":0,"max_hp_loss":0,"event_name":"The Cleric","floor":3,"gold_loss":50},{"cards_removed":["Strike_R"],"damage_healed":0,"gold_gain":0,"player_choice":"Offered Basic","damage_taken":0,"max_hp_gain":0,"max_hp_loss":0,"event_name":"Bonfire Elementals","floor":4,"gold_loss":0},{"damage_healed":0,"gold_gain":0,"player_choice":"Success","damage_taken":3,"relics_obtained":["Pen Nib"],"max_hp_gain":0,"max_hp_loss":0,"event_name":"Scrap Ooze","floor":11,"gold_loss":0},{"damage_healed":0,"gold_gain":0,"player_choice":"Joined the Cult","damage_taken":6,"max_hp_gain":0,"max_hp_loss":0,"event_name":"Nest","floor":19,"gold_loss":0,"cards_obtained":["RitualDagger"]},{"damage_healed":0,"gold_gain":0,"player_choice":"Ignored","damage_taken":0,"max_hp_gain":0,"max_hp_loss":0,"event_name":"Ghosts","floor":20,"gold_loss":0},{"damage_healed":0,"gold_gain":0,"player_choice":"Obtained Relic","damage_taken":0,"relics_obtained":["Bird Faced Urn"],"max_hp_gain":0,"max_hp_loss":0,"event_name":"Addict","floor":25,"gold_loss":85},{"damage_healed":0,"gold_gain":0,"player_choice":"Fought Bandits","damage_taken":0,"max_hp_gain":0,"max_hp_loss":0,"event_name":"Masked Bandits","floor":29,"gold_loss":0},{"damage_healed":0,"gold_gain":0,"player_choice":"Fight","damage_taken":0,"max_hp_gain":0,"max_hp_loss":0,"event_name":"MindBloom","floor":37,"gold_loss":0},{"damage_healed":0,"gold_gain":0,"player_choice":"Memory 1","damage_taken":0,"max_hp_gain":0,"max_hp_loss":0,"event_name":"SensoryStone","floor":38,"gold_loss":0},{"damage_healed":0,"gold_gain":0,"player_choice":"Fight","damage_taken":0,"max_hp_gain":0,"max_hp_loss":0,"event_name":"Mysterious Sphere","floor":39,"gold_loss":0},{"cards_removed":["Strike_R"],"damage_healed":0,"gold_gain":0,"player_choice":"Took Card","damage_taken":0,"max_hp_gain":0,"max_hp_loss":0,"event_name":"NoteForYourself","floor":44,"gold_loss":0,"cards_obtained":["Evaluate"]}],"is_beta":false,"boss_relics":[{"not_picked":["Pandora\u0027s Box","Tiny House"],"picked":"Philosopher\u0027s Stone"},{"not_picked":["Black Blood","SacredBark"],"picked":"Sozu"}],"items_purged_floors":[22,48],"is_endless":false,"potions_floor_spawned":[2,7,8,10,12,18,28,31,33,35,36,39,41],"ascension_level":0}}