{"host":"q9718omregw4er46","time":1613896584,"event":{"mods":["BaseMod","Bestiary","Colored Powertips","Custom Start","Minty Spire (QoL Compilation)","Quick Restart","Relic Stats"],"gold_per_floor":[110,260,270,270,95,95,123,135,181,216,90,90,90,103,103,178,178,194,207,207,157,157,157,187,187,260,289,303,315,415,429,429,503,503,514,526,551,531,549,575,575,607,607,620,620,631,650,679,679,679,679,679,679,23,48,48,48],"floor_reached":56,"language":"ENG","playtime":2943,"items_purged":["Strike_P","Strike_P","Strike_P"],"score":2220,"play_id":"2665516c-1e5a-4ff4-8c25-f61642792924","local_time":"20210221133624","is_ascension_mode":true,"campfire_choices":[{"data":"Eruption","floor":6.0,"key":"SMITH"},{"data":"TalkToTheHand","floor":12.0,"key":"SMITH"},{"data":"Conclude","floor":15.0,"key":"SMITH"},{"data":"Scrawl","floor":23.0,"key":"SMITH"},{"data":"Adaptation","floor":25.0,"key":"SMITH"},{"data":"ThirdEye","floor":32.0,"key":"SMITH"},{"data":"EmptyMind","floor":41.0,"key":"SMITH"},{"floor":49.0,"key":"RECALL"},{"data":"CutThroughFate","floor":53,"key":"SMITH"}],"circlet_count":0,"master_deck":["AscendersBane","Defend_P","Defend_P","Defend_P","Defend_P","Eruption+1","Vigilance","WheelKick","FollowUp","ReachHeaven","Tantrum","TalkToTheHand+1","Scrawl+1","Adaptation+1","Conclude+1","DevaForm","EmptyFist","FlurryOfBlows","ThirdEye+1","CutThroughFate+1","DeceiveReality","Blasphemy","EmptyMind+1","ClearTheMind","FlurryOfBlows","Weave+1","CutThroughFate+1","CutThroughFate","Wish","DeceiveReality"],"relics":["PureWater","NeowsBlessing","Lantern","Smiling Mask","Anchor","VioletLotus","WarpedTongs","TeardropLocket","Pantograph","Akabeko","Thread and Needle","Meat on the Bone","Runic Pyramid","Gambling Chip","Question Card","Darkstone Periapt","Blood Vial","HornCleat","Sling","StoneCalendar"],"acts_visited":["Exordium","TheCity","TheBeyond","TheEnding"],"potions_floor_usage":[55,56,56],"damage_taken":[{"damage":0.0,"enemies":"2 Louse","floor":1.0,"turns":1.0},{"damage":0.0,"enemies":"Small Slimes","floor":3.0,"turns":1.0},{"damage":0.0,"enemies":"Gremlin Nob","floor":7.0,"turns":1.0},{"damage":0.0,"enemies":"Cultist","floor":8.0,"turns":2.0},{"damage":0.0,"enemies":"Lagavulin","floor":10.0,"turns":3.0},{"damage":0.0,"enemies":"Blue Slaver","floor":14.0,"turns":1.0},{"damage":32.0,"enemies":"Hexaghost","floor":16.0,"turns":6.0},{"damage":17.0,"enemies":"Shell Parasite","floor":18.0,"turns":5.0},{"damage":0.0,"enemies":"Spheric Guardian","floor":19.0,"turns":2.0},{"damage":3.0,"enemies":"Gremlin Leader","floor":24.0,"turns":3.0},{"damage":5.0,"enemies":"Slavers","floor":27.0,"turns":3.0},{"damage":2.0,"enemies":"Snake Plant","floor":28.0,"turns":2.0},{"damage":0.0,"enemies":"Shelled Parasite and Fungi","floor":29.0,"turns":1.0},{"damage":5.0,"enemies":"Colosseum Slavers","floor":30.0,"turns":1.0},{"damage":2.0,"enemies":"Colosseum Nobs","floor":30.0,"turns":3.0},{"damage":2.0,"enemies":"Cultist and Chosen","floor":31.0,"turns":2.0},{"damage":7.0,"enemies":"Champ","floor":33.0,"turns":7.0},{"damage":0.0,"enemies":"3 Darklings","floor":35.0,"turns":2.0},{"damage":0.0,"enemies":"Orb Walker","floor":36.0,"turns":2.0},{"damage":11.0,"enemies":"Mind Bloom Boss Battle","floor":37.0,"turns":3.0},{"damage":26.0,"enemies":"Transient","floor":39.0,"turns":6.0},{"damage":6.0,"enemies":"Giant Head","floor":40.0,"turns":8.0},{"damage":8.0,"enemies":"Nemesis","floor":42.0,"turns":5.0},{"damage":0.0,"enemies":"3 Darklings","floor":44.0,"turns":3.0},{"damage":0.0,"enemies":"Spire Growth","floor":46.0,"turns":2.0},{"damage":0.0,"enemies":"Transient","floor":47.0,"turns":6.0},{"damage":0.0,"enemies":"Reptomancer","floor":48.0,"turns":3.0},{"damage":19,"enemies":"Awakened One","floor":50,"turns":7},{"damage":47,"enemies":"Donu and Deca","floor":51,"turns":8},{"damage":32,"enemies":"Shield and Spear","floor":55,"turns":5},{"damage":71,"enemies":"The Heart","floor":56,"turns":6}],"seed_played":"-1213152000301129061","potions_obtained":[{"floor":3.0,"key":"Swift Potion"},{"floor":16.0,"key":"AttackPotion"},{"floor":18.0,"key":"Energy Potion"},{"floor":28.0,"key":"DistilledChaos"},{"floor":47.0,"key":"Block Potion"},{"floor":48.0,"key":"Weak Potion"},{"floor":55,"key":"LiquidBronze"}],"is_trial":false,"path_per_floor":["M","?","M","?","$","R","E","M","T","E","$","R","?","M","R","B",null,"M","M","?","$","?","R","E","R","T","E","M","M","?","M","R","B",null,"M","M","?","?","M","E","R","E","T","M","?","M","M","E","R","B","B",null,"R","$","E","B"],"character_chosen":"WATCHER","items_purchased":["ReachHeaven","AttackPotion","Adaptation","HornCleat","Wish","Sling","DeceiveReality"],"campfire_rested":0,"item_purchase_floors":[5,5,11,54,54,54,54],"current_hp_per_floor":[61,61,61,61,61,61,61,61,61,61,61,61,61,61,61,29,58,41,41,41,41,41,41,38,38,38,33,31,31,24,34,34,52,64,64,64,57,57,43,37,37,41,41,41,41,41,41,41,41,49,33,59,59,59,41,0,0],"gold":48,"neow_bonus":"THREE_ENEMY_KILL","is_daily":false,"chose_seed":false,"campfire_upgraded":8,"win_rate":0.0,"timestamp":1613896584,"path_taken":["M","?","M","?","$","R","E","M","T","E","$","R","?","?","R","BOSS","M","M","?","$","?","R","E","R","T","E","M","?","?","M","R","BOSS","M","M","?","?","M","E","R","E","T","?","?","M","M","E","R","BOSS","BOSS","R","$","E","BOSS"],"items_purchased_type":["Card","Potion","Card","Relic","Card","Relic","Card"],"build_version":"2020-12-22","purchased_purges":3,"victory":false,"max_hp_per_floor":[68,68,68,68,68,68,68,68,68,68,68,68,68,68,68,68,68,68,68,68,68,68,68,68,68,68,68,68,68,68,68,68,68,68,68,68,68,68,68,68,68,68,68,68,68,68,68,68,68,68,68,68,68,68,68,68,68],"relic_stats":{"Darkstone Periapt":0,"Blood Vial":8,"counters":[31,110],"Pantograph":96,"Gambling Chip":[36],"StoneCalendar":[0],"VioletLotus":[47],"Smiling Mask":125,"Question Card":6,"obtain_stats":[{"Darkstone Periapt":42,"Lantern":7,"NeowsBlessing":0,"Thread and Needle":30,"StoneCalendar":55,"TeardropLocket":24,"Smiling Mask":9,"Question Card":40,"Sling":54,"Akabeko":27,"WarpedTongs":22,"Blood Vial":48,"Anchor":10,"HornCleat":54,"Pantograph":26,"Gambling Chip":37,"VioletLotus":17,"PureWater":0,"Meat on the Bone":30,"Runic Pyramid":34},{"Darkstone Periapt":23,"Lantern":3,"NeowsBlessing":0,"Thread and Needle":15,"StoneCalendar":30,"TeardropLocket":10,"Smiling Mask":4,"Question Card":22,"Sling":29,"Akabeko":11,"WarpedTongs":9,"Blood Vial":27,"Anchor":5,"HornCleat":29,"Pantograph":10,"Gambling Chip":20,"VioletLotus":7,"PureWater":0,"Meat on the Bone":15,"Runic Pyramid":17},{"Darkstone Periapt":70,"Lantern":3,"NeowsBlessing":0,"Thread and Needle":35,"StoneCalendar":104,"TeardropLocket":25,"Smiling Mask":5,"Question Card":65,"Sling":99,"Akabeko":28,"WarpedTongs":22,"Blood Vial":84,"Anchor":8,"HornCleat":99,"Pantograph":25,"Gambling Chip":51,"VioletLotus":15,"PureWater":0,"Meat on the Bone":35,"Runic Pyramid":44}],"WarpedTongs":[88],"Meat on the Bone":60},"card_choices":[{"not_picked":["BowlingBash","FollowUp"],"picked":"WheelKick","floor":1.0},{"not_picked":["Prostrate","Collect"],"picked":"FollowUp","floor":3.0},{"not_picked":["Meditate","Evaluate"],"picked":"Tantrum","floor":7.0},{"not_picked":["FearNoEvil","MentalFortress"],"picked":"TalkToTheHand","floor":8.0},{"not_picked":["Consecrate","Tantrum"],"picked":"Scrawl","floor":10.0},{"not_picked":["EmptyFist","Halt"],"picked":"Conclude","floor":14.0},{"not_picked":["Wish","SpiritShield"],"picked":"DevaForm","floor":16.0},{"not_picked":["Crescendo","Nirvana"],"picked":"EmptyFist","floor":18.0},{"not_picked":["Protect","ReachHeaven","Evaluate"],"picked":"SKIP","floor":19.0},{"not_picked":["Weave+1","Judgement","FollowUp"],"picked":"SKIP","floor":24.0},{"not_picked":["EmptyBody","SignatureMove","JustLucky"],"picked":"SKIP","floor":27.0},{"not_picked":["Study","ForeignInfluence"],"picked":"ThirdEye","floor":28.0},{"not_picked":["Tantrum","ClearTheMind","SashWhip"],"picked":"SKIP","floor":29.0},{"not_picked":["Tantrum","EmptyFist"],"picked":"CutThroughFate+1","floor":30.0},{"not_picked":["Conclude","EmptyBody"],"picked":"DeceiveReality","floor":31.0},{"not_picked":["Omniscience","Ragnarok"],"picked":"Blasphemy","floor":33.0},{"not_picked":["WheelKick","Adaptation"],"picked":"EmptyMind","floor":35.0},{"not_picked":["WindmillStrike","SashWhip","EmptyFist"],"picked":"SKIP","floor":36.0},{"not_picked":["CrushJoints","WheelKick"],"picked":"ClearTheMind","floor":37.0},{"not_picked":["WreathOfFlame","Vengeance+1"],"picked":"FlurryOfBlows","floor":39.0},{"not_picked":["ReachHeaven+1","EmptyMind","FlurryOfBlows"],"picked":"SKIP","floor":40.0},{"not_picked":["EmptyFist","SashWhip+1","Evaluate"],"picked":"Weave+1","floor":42.0},{"not_picked":["EmptyFist+1","Crescendo+1","PathToVictory+1","Collect"],"picked":"SKIP","floor":44.0},{"not_picked":["Evaluate","EmptyBody+1","CrushJoints","BowlingBash"],"picked":"SKIP","floor":46.0},{"not_picked":["Crescendo","DeusExMachina","Halt"],"picked":"CutThroughFate","floor":47.0},{"not_picked":["EmptyBody","SignatureMove+1","FlurryOfBlows"],"picked":"CutThroughFate","floor":48.0},{"not_picked":["SashWhip","Pray","Consecrate","CutThroughFate"],"picked":"SKIP","floor":55}],"player_experience":825863,"relics_obtained":[{"floor":7.0,"key":"Lantern"},{"floor":9.0,"key":"Smiling Mask"},{"floor":10.0,"key":"Anchor"},{"floor":24.0,"key":"TeardropLocket"},{"floor":26.0,"key":"Pantograph"},{"floor":27.0,"key":"Akabeko"},{"floor":30.0,"key":"Thread and Needle"},{"floor":30.0,"key":"Meat on the Bone"},{"floor":37.0,"key":"Gambling Chip"},{"floor":40.0,"key":"Question Card"},{"floor":42.0,"key":"Darkstone Periapt"},{"floor":48.0,"key":"Blood Vial"},{"floor":55,"key":"StoneCalendar"}],"event_choices":[{"damage_healed":0.0,"max_hp_gain":0.0,"max_hp_loss":0.0,"gold_gain":150.0,"event_name":"Liars Game","player_choice":"AGREE","floor":2.0,"gold_loss":0.0,"damage_taken":0.0,"cards_obtained":["Doubt"]},{"cards_removed":["Doubt"],"damage_healed":0.0,"max_hp_gain":0.0,"max_hp_loss":0.0,"gold_gain":0.0,"event_name":"Living Wall","player_choice":"Forget","floor":4.0,"gold_loss":0.0,"damage_taken":0.0},{"cards_removed":["Strike_P"],"damage_healed":0.0,"max_hp_gain":0.0,"max_hp_loss":0.0,"gold_gain":0.0,"event_name":"Purifier","player_choice":"Purged","floor":13.0,"gold_loss":0.0,"damage_taken":0.0},{"damage_healed":0.0,"max_hp_gain":0.0,"max_hp_loss":0.0,"gold_gain":0.0,"event_name":"The Library","player_choice":"Read","floor":20.0,"gold_loss":0.0,"damage_taken":0.0,"cards_obtained":["FlurryOfBlows"]},{"damage_healed":0.0,"max_hp_gain":0.0,"max_hp_loss":0.0,"gold_gain":0.0,"event_name":"Accursed Blacksmith","player_choice":"Rummage","floor":22.0,"gold_loss":0.0,"damage_taken":0.0,"relics_obtained":["WarpedTongs"],"cards_obtained":["Pain"]},{"damage_healed":0.0,"max_hp_gain":0.0,"max_hp_loss":0.0,"gold_gain":0.0,"event_name":"Colosseum","player_choice":"Fight","floor":30.0,"gold_loss":0.0,"damage_taken":0.0},{"damage_healed":0.0,"max_hp_gain":0.0,"max_hp_loss":0.0,"gold_gain":0.0,"event_name":"Colosseum","player_choice":"Fought Nobs","floor":30.0,"gold_loss":0.0,"damage_taken":0.0},{"damage_healed":0.0,"max_hp_gain":0.0,"max_hp_loss":0.0,"gold_gain":0.0,"event_name":"MindBloom","player_choice":"Fight","floor":37.0,"gold_loss":0.0,"damage_taken":0.0},{"damage_healed":0.0,"max_hp_gain":0.0,"max_hp_loss":0.0,"gold_gain":0.0,"event_name":"The Woman in Blue","player_choice":"Bought 1 Potion","floor":38.0,"gold_loss":0.0,"damage_taken":0.0},{"cards_removed":["Pain"],"damage_healed":0.0,"max_hp_gain":0.0,"max_hp_loss":0.0,"gold_gain":0.0,"event_name":"Fountain of Cleansing","player_choice":"Removed Curses","floor":45.0,"gold_loss":0.0,"damage_taken":0.0}],"is_beta":false,"boss_relics":[{"not_picked":["Fusion Hammer","SacredBark"],"picked":"VioletLotus"},{"not_picked":["Sozu","Pandora\u0027s Box"],"picked":"Runic Pyramid"}],"items_purged_floors":[5,11,21],"is_endless":false,"potions_floor_spawned":[3,16,18,28,29,30,31,33,36,37,39,47,48,55],"killed_by":"The Heart","ascension_level":20}}