{"host":"ywif2ugnepgiw45s","time":1613920036,"event":{"mods":["Act Like it!","BaseMod","Better Skull","Bossed Relics","Downfall","GifTheSpireLib","Gremlin Mod","Hermit","Lobotomy","Mimic Mod","Minty Spire (QoL Compilation)","Quick Restart","READ ME - Guardian Mod","Replay The Spire","Shade Mod","Shapeshifter Mod","Shop Mod","StSLib","The Cursed","The Exalted","The Hierophant","The Jungle","The Necromancer","The Servant 0.9.4"],"gold_per_floor":[115,40,115,42,77,77,108,124,124,135,135,170,170,190,190,293,393,413,222,235,252,252,252,252],"floor_reached":23,"language":"ENG","playtime":969,"items_purged":["Blood_Whip"],"score":229,"play_id":"ebf6a448-3e00-4752-b587-ebeefa4fe7ee","local_time":"20210221100716","is_ascension_mode":true,"campfire_choices":[{"data":"Bone_Wall","floor":6,"key":"SMITH"},{"data":"Pot Of Greed","floor":11,"key":"SMITH"}],"circlet_count":0,"master_deck":["Strike_W","Strike_W","Strike_W","Defend_W","Defend_W","Defend_W","Defend_W","Negative_Energy_Arrows","Bone_Wall+1","Stop_Heart","Summon_Lich","Stop_Heart","Pot Of Greed+1","Life_Drain","ReplayUltimateDefense","Mayhem"],"relics":["Vampire_Amulet","Omamori","Grinning Jar","Vajra","Replay:Multitool","Replay:Grab Bag","Busted Crown","Replay:Wanted Poster","Calling Bell","Bag of Marbles","Bromod:ArcanePulse","Replay:Bottled Snecko"],"acts_visited":["Exordium","TheCity"],"potions_floor_usage":[23],"damage_taken":[{"damage":2,"enemies":"Cultist","floor":1,"turns":4},{"damage":0,"enemies":"2 Louse","floor":5,"turns":6},{"damage":15,"enemies":"3 Sentries","floor":7,"turns":6},{"damage":0,"enemies":"2 Louse","floor":8,"turns":4},{"damage":1,"enemies":"Jaw Worm","floor":10,"turns":3},{"damage":19,"enemies":"Lagavulin","floor":12,"turns":6},{"damage":3,"enemies":"Looter","floor":14,"turns":4},{"damage":40,"enemies":"The Guardian","floor":16,"turns":10},{"damage":22,"enemies":"3 Byrds","floor":18,"turns":8},{"damage":0,"enemies":"Chosen","floor":20,"turns":5},{"damage":16,"enemies":"Centurion and Healer","floor":21,"turns":8},{"damage":100,"enemies":"Book of Stabbing","floor":23,"turns":6}],"seed_played":"-469099415717505268","potions_obtained":[{"floor":1,"key":"Dexterity Potion"},{"floor":7,"key":"champ:CounterPotion"},{"floor":13,"key":"Dexterity Potion"},{"floor":14,"key":"Venom Potion"}],"is_trial":false,"path_per_floor":["M","$","?","$","MIM","R","E","M","T","M","R","E","?","M","R","B",null,"M","$","M","M","$","E"],"character_chosen":"NECROMANCER","items_purchased":["Summon_Lich","Mayhem"],"campfire_rested":0,"item_purchase_floors":[4,19],"current_hp_per_floor":[75,75,64,64,66,66,57,61,61,62,62,45,45,50,50,24,75,69,69,75,75,75,0,0],"gold":252,"neow_bonus":"TRANSFORM_CARD","is_daily":false,"chose_seed":false,"campfire_upgraded":2,"win_rate":0.0,"timestamp":1613920036,"path_taken":["M","?","?","$","?","R","E","M","T","M","R","E","?","M","R","BOSS","M","$","?","M","$","E"],"items_purchased_type":["Card","Card"],"build_version":"2020-12-22","purchased_purges":1,"victory":false,"max_hp_per_floor":[75,75,75,75,75,75,75,75,75,75,75,75,75,75,75,75,75,75,75,75,75,75,75,75],"card_choices":[{"not_picked":["Negative_Energy_Sphere","Chill_Blood"],"picked":"Stop_Heart","floor":1},{"not_picked":["Negative_Energy_Javelin","Blood_Curse","Blood_Shield"],"picked":"SKIP","floor":7},{"not_picked":["Bone_Armor","Death_Coil","Negative_Energy_Bomb"],"picked":"SKIP","floor":8},{"not_picked":["Negative_Energy_Sphere","Pandemic"],"picked":"Stop_Heart","floor":10},{"not_picked":["Death_Coil","Blood_Curse"],"picked":"Life_Drain","floor":12},{"not_picked":["Death_Coil","Bone_Shift","Negative_Energy_Javelin"],"picked":"SKIP","floor":14},{"not_picked":["Death_Coil","Bone_Shift","Negative_Energy_Javelin"],"picked":"SKIP","floor":14},{"not_picked":["Consume_Illness"],"picked":"SKIP","floor":18},{"not_picked":["Negative_Energy_Burst"],"picked":"SKIP","floor":20},{"not_picked":["Bone_Spikes"],"picked":"SKIP","floor":21}],"player_experience":1831940,"relics_obtained":[{"floor":5,"key":"Omamori"},{"floor":7,"key":"Grinning Jar"},{"floor":9,"key":"Vajra"},{"floor":12,"key":"Replay:Multitool"},{"floor":17,"key":"Bag of Marbles"},{"floor":17,"key":"Bromod:ArcanePulse"},{"floor":17,"key":"Replay:Bottled Snecko"}],"event_choices":[{"damage_healed":0,"gold_gain":75,"player_choice":"Gather Gold","damage_taken":11,"max_hp_gain":0,"max_hp_loss":0,"event_name":"World of Goop","floor":3,"gold_loss":0},{"damage_healed":0,"gold_gain":0,"player_choice":"Got Potions","damage_taken":0,"max_hp_gain":0,"max_hp_loss":0,"event_name":"Lab","floor":13,"gold_loss":0}],"is_beta":false,"boss_relics":[{"not_picked":["Astrolabe","ReplayTheSpireMod:DimensionalGlitch"],"picked":"Replay:Grab Bag"},{"not_picked":["Ectoplasm","Cursed Key"],"picked":"Busted Crown"},{"not_picked":["Velvet Choker","Sozu"],"picked":"Replay:Wanted Poster"},{"not_picked":["Black Star","Bromod:ArcaneEnergize"],"picked":"Calling Bell"}],"items_purged_floors":[2],"is_endless":false,"potions_floor_spawned":[1,7,14,20,21],"killed_by":"Book of Stabbing","ascension_level":3}}