{"host":"1ftto2vaskemldx8","time":1613935965,"event":{"mods":["BaseMod","Downfall","Minty Spire (QoL Compilation)","Replay The Spire","StSLib","Together in Spire","[功能]功能增强和修复MOD"],"gold_per_floor":[218,27,202,216,233,266,266,266,266,92,92,120,180,193,193,486,486,503,503,503,517,357,357,384,384,459,493,493,524,342,375,375,636,636,651,667,497,497,497,497,497,497,497,497,511,539,559,385,385,385,385,385,176,201,201],"floor_reached":56,"language":"ZHS","playtime":3505,"items_purged":["Strike_B","Defend_B","Strike_B","Defend_B","Strike_B","Strike_B","Zap","Streamline","Doubt","Defend_B","Defend_B","Dualcast","Specialist","Turbo","Static Discharge"],"score":2113,"play_id":"02a6a366-043d-413e-9d32-3a614e45f7c2","local_time":"20210222033245","is_ascension_mode":true,"campfire_choices":[{"floor":7,"key":"RECALL"},{"data":"Defragment","floor":11,"key":"SMITH"},{"data":"Echo Form","floor":15,"key":"SMITH"},{"data":"Double Energy","floor":23,"key":"SMITH"},{"data":"Fusion","floor":25,"key":"SMITH"},{"floor":32,"key":"DIG"},{"data":"Creative AI","floor":40,"key":"SMITH"},{"data":"Loop","floor":42,"key":"SMITH"},{"data":"Blizzard","floor":44,"key":"SMITH"},{"data":"Defragment","floor":49,"key":"SMITH"}],"circlet_count":0,"master_deck":["Conserve Battery","ReplayRNGCard","Echo Form+1","Cold Snap","Sunder","Ball Lightning","Steam","Defragment+1","Cold Snap","Redo","Blizzard+1","Electrodynamics","Creative AI+1","Coolheaded+1","Double Energy+1","Skim+1","Fusion+1","Pot Of Greed+1","Pot Of Greed+1","Pot Of Greed+1","Meteor Strike","Rainbow+1","Apotheosis+1","Chaos+1","BasicCrystalCard+1","Fission+1","Biased Cognition+1","Capacitor+1","Capacitor+1","Leap+1","Loop+1","Pot Of Greed+1","Turbo+1","Panache","Barrage+1","Chaos+1","Core Surge","Defragment+1","Redo+1","Amplify+1","Mayhem","Double Energy+1"],"relics":["Replay:Wanted Poster","Incense Burner","Mango","Orrery","Emotion Chip","ReplayTheSpireMod:Lightbulb","Lee\u0027s Waffle","Replay:Towering Pillar of Hats","Garlic","Juzu Bracelet","DataDisk","WingedGreaves","Black Star","Prayer Wheel","BargainBundle","Pondfish Scales","Pantograph","Mirror","Regal Pillow","Toxic Egg 2","Pet Ghost","Grinning Jar","Anchor","Sling","ReplayTheSpireMod:Ninjato","Ornamental Fan","Thread and Needle","Du-Vu Doll","BranchBurnRelic","Chameleon Ring","Pen Nib","Painkiller Herb","Frozen Eye","Strawberry","Toy Ornithopter","White Beast Statue","Pear","Boot","Prayer Wheel","Symbiotic Virus","Strange Spoon","Solar Panel","Onion Ring","Raider\u0027s Mask","Bird Faced Urn","Cables"],"acts_visited":["Exordium","TheCity","TheBeyond","TheEnding"],"potions_floor_usage":[5,12,13,14,16,16,21,24,27,29,29,33,33,35,45,47,50,50,54,55,55],"damage_taken":[{"damage":3,"enemies":"2 Louse","floor":1,"turns":3},{"damage":8,"enemies":"Jaw Worm","floor":4,"turns":4},{"damage":0,"enemies":"Cultist","floor":5,"turns":3},{"damage":13,"enemies":"Lagavulin","floor":6,"turns":5},{"damage":12,"enemies":"Gremlin Nob","floor":12,"turns":4},{"damage":1,"enemies":"3 Louse","floor":14,"turns":2},{"damage":13,"enemies":"Slime Boss","floor":16,"turns":5},{"damage":6,"enemies":"3 Byrds","floor":18,"turns":4},{"damage":14,"enemies":"Chosen","floor":21,"turns":6},{"damage":36,"enemies":"Book of Stabbing","floor":24,"turns":7},{"damage":2,"enemies":"Gremlin Leader","floor":27,"turns":6},{"damage":16,"enemies":"Slavers","floor":29,"turns":5},{"damage":0,"enemies":"Book of Stabbing","floor":31,"turns":2},{"damage":1,"enemies":"Pondfish","floor":33,"turns":5},{"damage":0,"enemies":"Orb Walker","floor":35,"turns":3},{"damage":0,"enemies":"3 Darklings","floor":36,"turns":2},{"damage":0,"enemies":"Jaw Worm Horde","floor":45,"turns":2},{"damage":0,"enemies":"R_Hoarder","floor":46,"turns":4},{"damage":0,"enemies":"Transient","floor":47,"turns":5},{"damage":0,"enemies":"Awakened One","floor":50,"turns":5},{"damage":36,"enemies":"Shield and Spear","floor":54,"turns":3},{"damage":6,"enemies":"The Heart","floor":55,"turns":5}],"seed_played":"-7246918040372648273","potions_obtained":[{"floor":1,"key":"Reflective Coating"},{"floor":4,"key":"DistilledChaos"},{"floor":4,"key":"FairyPotion"},{"floor":6,"key":"EssenceOfSteel"},{"floor":12,"key":"Fire Potion"},{"floor":12,"key":"Fruit Juice"},{"floor":13,"key":"DuplicationPotion"},{"floor":14,"key":"Strength Potion"},{"floor":18,"key":"Fire Potion"},{"floor":21,"key":"EssenceOfSteel"},{"floor":24,"key":"PotionOfCapacity"},{"floor":27,"key":"Dexterity Potion"},{"floor":27,"key":"Milkshake"},{"floor":29,"key":"FocusPotion"},{"floor":29,"key":"PotionOfCapacity"},{"floor":33,"key":"Explosive Potion"},{"floor":33,"key":"FearPotion"},{"floor":36,"key":"EssenceOfDarkness"},{"floor":36,"key":"EssenceOfSteel"},{"floor":45,"key":"Adrenaline Potion"},{"floor":45,"key":"ColorlessPotion"},{"floor":47,"key":"Energy Potion"},{"floor":52,"key":"Ancient Potion"},{"floor":52,"key":"FocusPotion"},{"floor":54,"key":"FocusPotion"}],"is_trial":false,"path_per_floor":["M","$","?","M","M","E","R","?","T","$","R","E","?","M","R","B",null,"M","?","?","M","$","R","E","R","T","E","?","E","$","E","R","B",null,"?","?","T","?","?","T","?","T","T","T","?","E","?","T","T","B",null,"T","T","E","B",null],"character_chosen":"DEFECT","items_purchased":["Incense Burner","Mango","Specialist","Orrery","Defragment","Lee\u0027s Waffle","Cold Snap","Redo","Replay:Towering Pillar of Hats","Garlic","BargainBundle","Pondfish Scales","Pantograph","Fusion","Apotheosis+1","Sling","ReplayTheSpireMod:Ninjato","Ornamental Fan","Chaos+1","Frozen Eye","Strawberry","Toy Ornithopter","Loop","Turbo+1","Panache","Prayer Wheel","Symbiotic Virus","Strange Spoon","Defragment","Redo+1","Milkshake","Solar Panel","Onion Ring","Raider\u0027s Mask","Amplify+1","Mayhem"],"campfire_rested":0,"item_purchase_floors":[2,2,2,2,10,10,10,10,10,10,22,22,22,22,30,30,30,30,30,37,37,37,37,37,37,48,48,48,48,48,53,53,53,53,53,53],"current_hp_per_floor":[72,86,86,78,78,65,65,65,65,96,96,84,89,88,88,75,95,89,89,89,75,75,75,39,39,39,37,37,21,21,21,21,59,91,91,91,98,98,98,98,98,98,98,98,108,118,118,118,118,118,118,118,118,88,118],"gold":201,"neow_bonus":"BOSS_RELIC","is_daily":false,"chose_seed":false,"campfire_upgraded":8,"win_rate":0.0,"timestamp":1613935965,"path_taken":["M","$","?","M","M","E","R","?","T","$","R","E","?","M","R","BOSS","M","?","?","M","$","R","E","R","T","E","?","E","$","E","R","BOSS","?","?","T","?","?","T","?","T","T","T","?","E","?","T","T","BOSS","T","T","E","BOSS"],"items_purchased_type":["Relic","Relic","Card","Relic","Card","Relic","Card","Card","Relic","Relic","Relic","Relic","Relic","Card","Card","Relic","Relic","Relic","Card","Relic","Relic","Relic","Card","Card","Card","Relic","Relic","Relic","Card","Card","Potion","Relic","Relic","Relic","Card","Card"],"build_version":"2020-12-22","purchased_purges":15,"victory":true,"max_hp_per_floor":[75,89,89,89,89,89,89,89,89,96,96,96,101,101,101,101,101,101,101,101,101,101,101,101,101,101,101,101,101,101,101,101,101,101,101,101,108,108,108,108,108,108,108,108,108,118,118,118,118,118,118,118,118,118,118],"card_choices":[{"not_picked":["Loop","Panic Button"],"picked":"Conserve Battery","floor":1},{"not_picked":["Crystallizer","Stack"],"picked":"ReplayRNGCard","floor":2},{"not_picked":["Fusion","Beam Cell"],"picked":"Echo Form","floor":2},{"not_picked":["Beam Cell","Genetic Algorithm"],"picked":"Cold Snap","floor":2},{"not_picked":["Beam Cell","Rebound"],"picked":"Static Discharge","floor":2},{"not_picked":["Hologram","Gash"],"picked":"Streamline","floor":2},{"not_picked":["Redo","Genetic Algorithm"],"picked":"Sunder","floor":4},{"not_picked":["Heatsinks","Rip and Tear"],"picked":"Ball Lightning","floor":5},{"not_picked":["BasicCrystalCard","Panic Button"],"picked":"Steam","floor":6},{"not_picked":["Undo","BasicCrystalCard","Redo"],"picked":"SKIP","floor":12},{"not_picked":["BasicCrystalCard","Sweeping Beam"],"picked":"Blizzard","floor":13},{"not_picked":["Hologram","Panic Button"],"picked":"Turbo","floor":14},{"not_picked":["Creative AI","Thunder Strike"],"picked":"ReplayTheSpireMod:Fabricate Wheel","floor":16},{"not_picked":["Creative AI","ReplayTheSpireMod:Fabricate Wheel"],"picked":"Electrodynamics","floor":16},{"not_picked":["All For One","Fission"],"picked":"Creative AI","floor":16},{"not_picked":["Sweeping Beam","BasicCrystalCard"],"picked":"Coolheaded","floor":18},{"not_picked":["Streamline","Rebound","Panic Button+1"],"picked":"SKIP","floor":18},{"not_picked":["Reboot","Redo"],"picked":"Skim+1","floor":21},{"not_picked":["Panic Button+1","Beam Cell","Sweeping Beam"],"picked":"SKIP","floor":21},{"not_picked":["ReplayTheSpireMod:System Scan","Time Bomb"],"picked":"Skim","floor":24},{"not_picked":["Gash+1","Turbo+1"],"picked":"Meteor Strike","floor":27},{"not_picked":["Melter","Multi-Cast+1"],"picked":"Rainbow+1","floor":29},{"not_picked":["Gash","Go for the Eyes"],"picked":"BasicCrystalCard+1","floor":31},{"not_picked":["All For One","ReplayRNGCard+1"],"picked":"Fission+1","floor":33},{"not_picked":["Rainbow+1","Electrodynamics"],"picked":"Biased Cognition","floor":33},{"not_picked":["Conserve Battery+1","Turbo+1"],"picked":"Capacitor+1","floor":35},{"not_picked":["Stack+1","Steam+1"],"picked":"Capacitor+1","floor":35},{"not_picked":["Lockon+1","Steam+1"],"picked":"Leap+1","floor":36},{"not_picked":["Ball Lightning","Capacitor","BasicCrystalCard+1"],"picked":"SKIP","floor":36},{"not_picked":["Hologram+1","Steam+1"],"picked":"Barrage+1","floor":45},{"not_picked":["Panic Button+1","Compile Driver"],"picked":"Chaos+1","floor":45},{"not_picked":["Leap+1","Ball Lightning+1"],"picked":"Core Surge","floor":46},{"not_picked":["Sweeping Beam","Rip and Tear","Steam Power+1"],"picked":"SKIP","floor":47},{"not_picked":["Beam Cell","ReplaySolidLightProjector+1","Sweeping Beam"],"picked":"SKIP","floor":47},{"not_picked":["Go for the Eyes+1","Turbo+1"],"picked":"Double Energy+1","floor":54}],"player_experience":208965,"relics_obtained":[{"floor":6,"key":"Emotion Chip"},{"floor":12,"key":"Juzu Bracelet"},{"floor":13,"key":"DataDisk"},{"floor":16,"key":"WingedGreaves"},{"floor":24,"key":"Mirror"},{"floor":24,"key":"Regal Pillow"},{"floor":26,"key":"Toxic Egg 2"},{"floor":27,"key":"Pet Ghost"},{"floor":27,"key":"Grinning Jar"},{"floor":29,"key":"Dead Branch"},{"floor":29,"key":"Anchor"},{"floor":31,"key":"Thread and Needle"},{"floor":31,"key":"Du-Vu Doll"},{"floor":32,"key":"Chameleon Ring"},{"floor":33,"key":"Pen Nib"},{"floor":43,"key":"White Beast Statue"},{"floor":46,"key":"Pear"},{"floor":46,"key":"Boot"},{"floor":54,"key":"Bird Faced Urn"},{"floor":54,"key":"Cables"}],"event_choices":[{"damage_healed":0,"gold_gain":175,"player_choice":"AGREE","damage_taken":0,"max_hp_gain":0,"max_hp_loss":0,"event_name":"Liars Game","floor":3,"gold_loss":0,"cards_obtained":["Doubt"]},{"damage_healed":0,"gold_gain":0,"player_choice":"Gave Potion","damage_taken":0,"relics_obtained":["ReplayTheSpireMod:Lightbulb"],"max_hp_gain":0,"max_hp_loss":0,"event_name":"WeMeetAgain","floor":8,"gold_loss":0},{"damage_healed":0,"gold_gain":0,"player_choice":"Read","damage_taken":0,"max_hp_gain":0,"max_hp_loss":0,"event_name":"The Library","floor":19,"gold_loss":0,"cards_obtained":["Double Energy"]},{"damage_healed":0,"gold_gain":0,"player_choice":"Upgraded","damage_taken":0,"max_hp_gain":0,"max_hp_loss":0,"event_name":"Upgrade Shrine","floor":20,"gold_loss":0,"cards_upgraded":["Coolheaded"]},{"damage_healed":0,"gold_gain":0,"player_choice":"Ignored","damage_taken":0,"max_hp_gain":0,"max_hp_loss":0,"event_name":"Beggar","floor":28,"gold_loss":0},{"damage_healed":0,"gold_gain":0,"player_choice":"Upgraded","damage_taken":0,"max_hp_gain":0,"max_hp_loss":0,"event_name":"Upgrade Shrine","floor":38,"gold_loss":0,"cards_upgraded":["Biased Cognition"]},{"cards_removed":["Skim"],"damage_healed":0,"gold_gain":0,"player_choice":"Purged","damage_taken":0,"max_hp_gain":0,"max_hp_loss":0,"event_name":"Purifier","floor":39,"gold_loss":0},{"damage_healed":0,"gold_gain":0,"player_choice":"Ignored","damage_taken":0,"max_hp_gain":0,"max_hp_loss":0,"event_name":"SecretPortal","floor":41,"gold_loss":0}],"is_beta":false,"boss_relics":[{"not_picked":["Empty Cage","Inserter"],"picked":"Black Star"},{"not_picked":["Astrolabe","Replay:Drink Me"],"picked":"Painkiller Herb"}],"items_purged_floors":[2,2,2,2,2,10,22,22,30,37,37,37,37,37,48],"is_endless":false,"potions_floor_spawned":[1,4,4,6,6,12,12,14,14,18,21,24,27,27,29,29,31,33,33,36,36,45,45,45,46,47,47,47,54],"ascension_level":5}}