{"host":"nsiiwrl41ak9l0n5","time":1613898466,"event":{"mods":["100% Spire Juice","Act Like it!","BaseMod","Better Altar","Better Match","Better Note","Better Sensory Stone","Better Skull","BetterRewards","Colored Map","Colored Powertips","Downfall","Emptier Cage","GifTheSpireLib","HexUI Lib","Highlight Path","Lobotomy","LobotomyExtend","MarisaÅiñ∂âJÅ@ñÇóùçπÅj","Minty Spire (QoL Compilation)","Permanent Neow","Quick Restart","Rare Cards Sparkle","Relic Sorter","Reliquary","Ruina","SacredBarkPlus","Spicy Shops","StSLib","The Cursed","The Servant 0.9.4"],"gold_per_floor":[115,115,127,202,213,213,243,243,243,243,284,305,305,319,319,444,444,444,467,30,30,30,30,50,65,89,89,89,89,89,89,89],"floor_reached":30,"language":"ENG","playtime":2217,"items_purged":[],"score":261,"play_id":"6e5c64f2-ea8f-4673-bab2-1863ae1d1542","local_time":"20210221190746","is_ascension_mode":false,"campfire_choices":[{"floor":6,"key":"REST"},{"floor":10,"key":"REST"},{"floor":15,"key":"REST"},{"floor":23,"key":"REST"},{"floor":28,"key":"REST"}],"circlet_count":0,"master_deck":[],"relics":["reliquary:ThirdArm","LetterFromLob","Pocketwatch","Golden Idol","Dead Branch","Toxic Egg 2","PreservedInsect","Centennial Puzzle","Cursed Key","Chemical X","Orichalcum","DollysMirror","ruina:Goodbye","Shuriken","Lantern"],"acts_visited":["Exordium","Exordium"],"potions_floor_usage":[16,30,30,30],"damage_taken":[{"damage":7,"enemies":"Small Slimes","floor":1,"turns":4},{"damage":0,"enemies":"Cultist","floor":3,"turns":3},{"damage":10,"enemies":"Jaw Worm","floor":5,"turns":5},{"damage":30,"enemies":"Gremlin Nob","floor":7,"turns":5},{"damage":13,"enemies":"Lagavulin","floor":11,"turns":4},{"damage":3,"enemies":"Red Slaver","floor":12,"turns":3},{"damage":3,"enemies":"Looter","floor":14,"turns":3},{"damage":16,"enemies":"Hexaghost","floor":16,"turns":7},{"damage":25,"enemies":"ruina:3_Bats","floor":19,"turns":5},{"damage":12,"enemies":"ruina:Nosferatu","floor":24,"turns":3},{"damage":19,"enemies":"ruina:QueenOfHate","floor":25,"turns":3},{"damage":110,"enemies":"ruina:KnightOfDespair","floor":30,"turns":5}],"seed_played":"-3300542928864988088","potions_obtained":[{"floor":7,"key":"Regen Potion"},{"floor":11,"key":"SneckoOil"},{"floor":14,"key":"SteroidPotion"},{"floor":25,"key":"FearPotion"}],"is_trial":false,"path_per_floor":["M","?","M","?","M","R","E","?","T","R","E","M","?","M","R","B",null,"M","M","$","?","T","R","M","M","T","?","R","?","M"],"character_chosen":"THE_SNECKO","items_purchased":["Chemical X","Orichalcum","DollysMirror"],"campfire_rested":5,"item_purchase_floors":[20,20,20],"current_hp_per_floor":[83,83,83,74,64,90,60,60,60,83,70,67,32,29,53,52,83,83,58,58,58,58,82,70,51,51,51,75,83,0,0,0],"gold":89,"neow_bonus":"BOSS_RELIC","is_daily":false,"chose_seed":false,"campfire_upgraded":0,"win_rate":0.0,"timestamp":1613898466,"path_taken":["M","?","M","?","?","R","E","?","T","R","E","M","?","M","R","BOSS","M","M","?","?","?","R","M","?","T","?","R","?","M"],"items_purchased_type":["Relic","Relic","Relic"],"build_version":"2020-12-22","purchased_purges":0,"victory":false,"max_hp_per_floor":[90,90,90,90,90,90,90,83,83,83,83,83,83,83,83,83,83,83,83,83,83,83,83,83,83,83,83,83,83,83,83,83],"card_choices":[{"not_picked":["sneckomod:UnknownWeak","sneckomod:WideSting"],"picked":"sneckomod:Unknown1Cost","floor":1},{"not_picked":["sneckomod:TrashToTreasure","sneckomod:SoulDraw"],"picked":"sneckomod:UnknownCommonSkill","floor":3},{"not_picked":["sneckomod:DiceBlock","sneckomod:SnekBeam"],"picked":"sneckomod:Unknown1Cost","floor":5},{"not_picked":["sneckomod:IronFang","sneckomod:UnknownCommonAttack"],"picked":"sneckomod:DiceCrush","floor":7},{"not_picked":["sneckomod:CheapStock","sneckomod:WideSting"],"picked":"sneckomod:Restock+1","floor":11},{"not_picked":["sneckomod:QuickMove+1","sneckomod:IronFang"],"picked":"sneckomod:Unknown0Cost+1","floor":12},{"not_picked":["sneckomod:QuickBite","sneckomod:QuickMove+1"],"picked":"sneckomod:Unknown2Cost+1","floor":14},{"not_picked":["sneckomod:Mudshield","sneckomod:Restock+1"],"picked":"sneckomod:Cheat+1","floor":16},{"not_picked":["sneckomod:UnknownBlock+1","sneckomod:UnknownStrike+1"],"picked":"sneckomod:PureSnecko+1","floor":19},{"not_picked":["sneckomod:IronFang","sneckomod:WideSting"],"picked":"sneckomod:PureSnecko+1","floor":24},{"not_picked":["sneckomod:UnknownX+1","sneckomod:UnknownCommonSkill+1"],"picked":"sneckomod:SoulDraw+1","floor":25}],"player_experience":219119,"relics_obtained":[{"floor":1,"key":"LetterFromLob"},{"floor":7,"key":"Pocketwatch"},{"floor":9,"key":"Dead Branch"},{"floor":11,"key":"Toxic Egg 2"},{"floor":22,"key":"Shuriken"},{"floor":26,"key":"Lantern"}],"event_choices":[{"damage_healed":0,"gold_gain":0,"player_choice":"Leave","damage_taken":0,"max_hp_gain":0,"max_hp_loss":0,"event_name":"The Cleric","floor":2,"gold_loss":0},{"damage_healed":0,"gold_gain":75,"player_choice":"Touch","damage_taken":9,"max_hp_gain":0,"max_hp_loss":0,"event_name":"FaceTrader","floor":4,"gold_loss":0},{"damage_healed":0,"gold_gain":0,"player_choice":"Lose Max HP","damage_taken":0,"relics_obtained":["Golden Idol"],"max_hp_gain":0,"max_hp_loss":7,"event_name":"Golden Idol","floor":8,"gold_loss":0},{"damage_healed":0,"gold_gain":0,"player_choice":"RE RE ","damage_taken":39,"relics_obtained":["PreservedInsect","Centennial Puzzle"],"max_hp_gain":0,"max_hp_loss":0,"event_name":"betterSkull:BetterSkull","floor":13,"gold_loss":0,"cards_upgraded":[]}],"is_beta":false,"boss_relics":[{"not_picked":["Runic Pyramid","reliquary:Craggleroot"],"picked":"Cursed Key"}],"items_purged_floors":[],"is_endless":false,"potions_floor_spawned":[7,11,14,25],"killed_by":"ruina:KnightOfDespair","ascension_level":0}}