{"host":"mvhzznpw3ffw85pv","time":1613924357,"event":{"mods":["AchievementEnabler","BaseMod","Bestiary","Block Reminder","Colored Map","Highlight Path","Minty Spire (QoL Compilation)","Relic Stats"],"gold_per_floor":[117,134,134,59,72,72,92,123,123,123,141,169,183,214,214,316,316,316,231,231,231,131,131,131,131,131,131,131,131,131,6,6,6,6,6,6,6,6,6,6,6,6,6,6,6,6,6,6,6,6,6,6,6,6,6,6],"floor_reached":55,"language":"ENG","playtime":3354,"items_purged":["Defend_R","Strike_R","Strike_R"],"score":1321,"play_id":"cd53dd16-434c-478e-9b39-23e415e0ff75","local_time":"20210221111917","is_ascension_mode":true,"campfire_choices":[{"data":"Inflame","floor":6,"key":"SMITH"},{"floor":10,"key":"REST"},{"data":"Whirlwind","floor":15,"key":"SMITH"},{"data":"Heavy Blade","floor":23,"key":"SMITH"},{"data":"Heavy Blade","floor":29,"key":"SMITH"},{"data":"Shrug It Off","floor":32,"key":"SMITH"},{"floor":41,"key":"RECALL"},{"floor":49,"key":"REST"},{"floor":52,"key":"REST"}],"circlet_count":0,"master_deck":["AscendersBane","Strike_R","Defend_R","Defend_R","Bash","Spot Weakness","Inflame+1","Disarm","Whirlwind+1","Heavy Blade+1","Reaper","Heavy Blade+1","Double Tap","Shrug It Off+1","Shrug It Off+1","Offering","Shrug It Off+1","Offering","Dark Shackles","Exhume"],"relics":["Burning Blood","Regal Pillow","Pear","Matryoshka","HornCleat","Red Skull","Ectoplasm","Juzu Bracelet","Red Mask","Kunai","Singing Bowl","Strawberry","Ancient Tea Set","Fusion Hammer","PreservedInsect","Bag of Preparation","Ginger","Bag of Marbles"],"acts_visited":["Exordium","TheCity","TheBeyond","TheEnding"],"potions_floor_usage":[7,8,24,25,33,33,55],"damage_taken":[{"damage":11,"enemies":"Jaw Worm","floor":1,"turns":4},{"damage":0,"enemies":"Small Slimes","floor":2,"turns":2},{"damage":6,"enemies":"Cultist","floor":5,"turns":3},{"damage":23,"enemies":"Exordium Thugs","floor":7,"turns":5},{"damage":36,"enemies":"Lagavulin","floor":8,"turns":8},{"damage":13,"enemies":"Looter","floor":11,"turns":3},{"damage":30,"enemies":"3 Sentries","floor":12,"turns":5},{"damage":0,"enemies":"Exordium Wildlife","floor":13,"turns":3},{"damage":12,"enemies":"Gremlin Nob","floor":14,"turns":4},{"damage":38,"enemies":"Slime Boss","floor":16,"turns":9},{"damage":24,"enemies":"Shell Parasite","floor":18,"turns":5},{"damage":8,"enemies":"Chosen","floor":20,"turns":3},{"damage":23,"enemies":"Snake Plant","floor":21,"turns":3},{"damage":15,"enemies":"Masked Bandits","floor":24,"turns":3},{"damage":29,"enemies":"Gremlin Leader","floor":25,"turns":4},{"damage":0,"enemies":"Slavers","floor":27,"turns":1},{"damage":10,"enemies":"3 Cultists","floor":28,"turns":4},{"damage":76,"enemies":"Automaton","floor":33,"turns":8},{"damage":2,"enemies":"3 Darklings","floor":35,"turns":4},{"damage":3,"enemies":"3 Shapes","floor":36,"turns":2},{"damage":25,"enemies":"Writhing Mass","floor":39,"turns":5},{"damage":25,"enemies":"Reptomancer","floor":40,"turns":4},{"damage":6,"enemies":"Giant Head","floor":44,"turns":5},{"damage":34,"enemies":"Jaw Worm Horde","floor":45,"turns":4},{"damage":16,"enemies":"Sphere and 2 Shapes","floor":46,"turns":1},{"damage":83,"enemies":"Time Eater","floor":50,"turns":9},{"damage":46,"enemies":"Shield and Spear","floor":54,"turns":6},{"damage":93,"enemies":"The Heart","floor":55,"turns":5}],"seed_played":"6536841650337515014","potions_obtained":[{"floor":1,"key":"Block Potion"},{"floor":2,"key":"ColorlessPotion"},{"floor":12,"key":"SneckoOil"},{"floor":13,"key":"Explosive Potion"},{"floor":21,"key":"SkillPotion"},{"floor":24,"key":"BloodPotion"},{"floor":28,"key":"AttackPotion"},{"floor":35,"key":"Swift Potion"},{"floor":36,"key":"SteroidPotion"}],"is_trial":false,"path_per_floor":["M","M","?","$","M","R","M","E","T","R","M","E","M","E","R","B",null,"M","?","M","M","$","R","?","E","T","E","M","R","?","$","R","B",null,"M","M","?","?","M","E","R","?","T","E","M","M","?","?","R","B",null,"R","$","E","B"],"character_chosen":"IRONCLAD","items_purchased":[],"campfire_rested":3,"item_purchase_floors":[],"current_hp_per_floor":[67,73,66,66,66,66,49,29,29,71,64,61,74,78,78,66,84,73,73,78,61,61,61,52,29,36,44,66,66,66,66,66,15,78,96,101,101,96,79,76,76,76,76,95,98,90,90,90,104,43,89,104,104,77,0,0],"gold":6,"neow_bonus":"RANDOM_COMMON_RELIC","is_daily":false,"chose_seed":false,"campfire_upgraded":5,"win_rate":0.0,"timestamp":1613924357,"path_taken":["M","M","?","$","M","R","M","E","T","R","M","E","M","E","R","BOSS","M","?","M","M","$","R","?","E","T","E","M","R","?","?","R","BOSS","M","M","?","?","M","E","R","?","T","E","M","M","?","?","R","BOSS","R","$","E","BOSS"],"items_purchased_type":[],"build_version":"2020-12-22","purchased_purges":3,"victory":false,"max_hp_per_floor":[80,80,80,80,80,80,80,90,90,90,90,90,90,90,90,90,90,90,90,90,90,90,90,90,90,97,99,99,99,99,99,99,99,99,99,101,101,96,98,100,100,100,100,100,102,104,104,104,104,104,104,104,104,104,104,104],"relic_stats":{"Regal Pillow":15,"Singing Bowl":12,"counters":[28,122],"Ectoplasm":688,"PreservedInsect":207,"Juzu Bracelet":2,"Bag of Preparation":[12],"Kunai":[10],"Ginger":[2],"obtain_stats":[{"Regal Pillow":0,"Pear":8,"Singing Bowl":26,"PreservedInsect":40,"Juzu Bracelet":19,"Bag of Preparation":43,"Ginger":44,"Ancient Tea Set":27,"Burning Blood":0,"Matryoshka":9,"HornCleat":12,"Strawberry":26,"Ectoplasm":17,"Fusion Hammer":34,"Red Mask":24,"Bag of Marbles":54,"Kunai":25,"Red Skull":14},{"Regal Pillow":0,"Pear":5,"Singing Bowl":15,"PreservedInsect":22,"Juzu Bracelet":11,"Bag of Preparation":22,"Ginger":23,"Ancient Tea Set":16,"Burning Blood":0,"Matryoshka":5,"HornCleat":7,"Strawberry":15,"Ectoplasm":10,"Fusion Hammer":18,"Red Mask":14,"Bag of Marbles":27,"Kunai":15,"Red Skull":9},{"Regal Pillow":0,"Pear":22,"Singing Bowl":64,"PreservedInsect":92,"Juzu Bracelet":51,"Bag of Preparation":92,"Ginger":97,"Ancient Tea Set":65,"Burning Blood":0,"Matryoshka":22,"HornCleat":30,"Strawberry":64,"Ectoplasm":46,"Fusion Hammer":77,"Red Mask":60,"Bag of Marbles":117,"Kunai":64,"Red Skull":37}],"Burning Blood":162},"card_choices":[{"not_picked":["Pummel","Rupture"],"picked":"Spot Weakness","floor":1},{"not_picked":["Clothesline","Feel No Pain"],"picked":"Inflame","floor":2},{"not_picked":["Disarm","Body Slam","Clothesline"],"picked":"SKIP","floor":5},{"not_picked":["Body Slam","Clothesline"],"picked":"Disarm","floor":5},{"not_picked":["Fire Breathing","Warcry"],"picked":"Whirlwind","floor":7},{"not_picked":["Clash","Twin Strike"],"picked":"Heavy Blade","floor":8},{"not_picked":["Spot Weakness","Iron Wave"],"picked":"Reaper","floor":11},{"not_picked":["Dual Wield","Sever Soul","Fire Breathing"],"picked":"SKIP","floor":12},{"not_picked":["Warcry","Hemokinesis","Evolve"],"picked":"SKIP","floor":13},{"not_picked":["Uppercut","Whirlwind"],"picked":"Heavy Blade","floor":14},{"not_picked":["Immolate","Juggernaut"],"picked":"Double Tap","floor":16},{"not_picked":["Sentinel","Warcry","Feel No Pain"],"picked":"SKIP","floor":18},{"not_picked":["Headbutt","Infernal Blade","True Grit"],"picked":"SKIP","floor":20},{"not_picked":["Warcry","Dark Embrace","Wild Strike"],"picked":"SKIP","floor":21},{"not_picked":["Dropkick","Perfected Strike","Twin Strike"],"picked":"SKIP","floor":25},{"not_picked":["Bludgeon","Thunderclap","Sword Boomerang"],"picked":"Singing Bowl","floor":27},{"not_picked":["Cleave","Thunderclap+1"],"picked":"Shrug It Off+1","floor":28},{"not_picked":["Exhume","Demon Form"],"picked":"Offering","floor":33},{"not_picked":["Heavy Blade","Cleave"],"picked":"Shrug It Off+1","floor":35},{"not_picked":["Heavy Blade","Iron Wave","Dark Embrace"],"picked":"Singing Bowl","floor":36},{"not_picked":["Thunderclap","Cleave","Sword Boomerang"],"picked":"Singing Bowl","floor":39},{"not_picked":["Headbutt+1","Rupture","Thunderclap"],"picked":"Singing Bowl","floor":40},{"not_picked":["Entrench","Heavy Blade"],"picked":"Offering","floor":44},{"not_picked":["Armaments+1","Cleave","Flame Barrier"],"picked":"Singing Bowl","floor":45},{"not_picked":["Blood for Blood","Headbutt","Warcry"],"picked":"Singing Bowl","floor":46},{"not_picked":["Deep Breath","Master of Strategy"],"picked":"Dark Shackles","floor":48},{"not_picked":["Iron Wave","Sword Boomerang"],"picked":"Exhume","floor":54}],"player_experience":647387,"relics_obtained":[{"floor":8,"key":"Pear"},{"floor":9,"key":"Matryoshka"},{"floor":12,"key":"HornCleat"},{"floor":14,"key":"Red Skull"},{"floor":24,"key":"Red Mask"},{"floor":25,"key":"Kunai"},{"floor":26,"key":"Singing Bowl"},{"floor":26,"key":"Strawberry"},{"floor":27,"key":"Ancient Tea Set"},{"floor":40,"key":"PreservedInsect"},{"floor":43,"key":"Bag of Preparation"},{"floor":44,"key":"Ginger"},{"floor":54,"key":"Bag of Marbles"}],"event_choices":[{"cards_removed":["Strike_R"],"damage_healed":0,"gold_gain":0,"player_choice":"Card Removal","damage_taken":7,"max_hp_gain":0,"max_hp_loss":0,"event_name":"Golden Wing","floor":3,"gold_loss":0},{"damage_healed":0,"gold_gain":0,"player_choice":"Obtained Relic","damage_taken":0,"relics_obtained":["Juzu Bracelet"],"max_hp_gain":0,"max_hp_loss":0,"event_name":"Addict","floor":19,"gold_loss":85},{"damage_healed":0,"gold_gain":0,"player_choice":"Fought Bandits","damage_taken":0,"max_hp_gain":0,"max_hp_loss":0,"event_name":"Masked Bandits","floor":24,"gold_loss":0},{"damage_healed":0,"gold_gain":0,"player_choice":"Read","damage_taken":0,"max_hp_gain":0,"max_hp_loss":0,"event_name":"The Library","floor":30,"gold_loss":0,"cards_obtained":["Shrug It Off"]},{"cards_removed":["Defend_R"],"damage_healed":0,"gold_gain":0,"player_choice":"Offered Basic","damage_taken":0,"max_hp_gain":0,"max_hp_loss":0,"event_name":"Bonfire Elementals","floor":37,"gold_loss":0},{"damage_healed":0,"gold_gain":0,"player_choice":"Max HP","damage_taken":0,"max_hp_gain":0,"max_hp_loss":5,"event_name":"Winding Halls","floor":38,"gold_loss":0},{"damage_healed":0,"gold_gain":222,"player_choice":"Wore Mask","damage_taken":0,"max_hp_gain":0,"max_hp_loss":0,"event_name":"Tomb of Lord Red Mask","floor":42,"gold_loss":0},{"cards_removed":["Strike_R"],"damage_healed":0,"gold_gain":0,"player_choice":"Removed Attack","damage_taken":0,"max_hp_gain":0,"max_hp_loss":0,"event_name":"Falling","floor":47,"gold_loss":0},{"damage_healed":0,"gold_gain":0,"player_choice":"Memory 1","damage_taken":0,"max_hp_gain":0,"max_hp_loss":0,"event_name":"SensoryStone","floor":48,"gold_loss":0}],"is_beta":false,"boss_relics":[{"not_picked":["Empty Cage","Pandora\u0027s Box"],"picked":"Ectoplasm"},{"not_picked":["Sozu","Runic Pyramid"],"picked":"Fusion Hammer"}],"items_purged_floors":[4,22,31],"is_endless":false,"potions_floor_spawned":[1,2,5,12,13,18,21,24,28,35,36,44,45,46],"killed_by":"The Heart","ascension_level":12}}