{"host":"yfdtuf6ojcxn06xg","time":1613868210,"event":{"mods":["2.2 Compatiblity","AchievementEnabler","BaseMod","Colored Map","Colored Powertips","Curses Come First","Hermit","JesterMod","Jorbs\u0027s Wanderer Trilogy","Minty Spire (QoL Compilation)","Quick Restart","Rare Cards Sparkle","Relic Stats","Replay The Spire","StSLib","The Cursed","The Disciple","The Hierophant","The Jungle","The Marked","The Necromancer","The Servant 0.9.4"],"gold_per_floor":[119,132,57,57,71,103,103,117,168,168,196,211,241,254,254,349,349,361,7,24,24,24,24],"floor_reached":22,"language":"ENG","playtime":989,"items_purged":["Strike_R","Defend_R"],"score":237,"play_id":"858181ef-dbd8-4686-a500-4926bc3908ee","local_time":"20210220194330","is_ascension_mode":true,"campfire_choices":[{"data":"Rampage","floor":7,"key":"SMITH"},{"floor":10,"key":"REST"},{"floor":15,"key":"REST"}],"circlet_count":0,"master_deck":["Strike_R","Defend_R+1","Defend_R+1","Bash","Rampage+1","True Grit","Berserk","True Grit","Fire Breathing","Spot Weakness","Berserk","Feed+1","Warcry+1","ReplayTheSpireMod:Stacked+1","Inflame","Flame Barrier"],"relics":["Burning Blood","Bottled Flame","Gremlin Food","Oddly Smooth Stone","Singing Bowl","Astrolabe","Membership Card","Replay:Baseball"],"acts_visited":["Exordium","TheCity"],"potions_floor_usage":[6,13,13,13],"damage_taken":[{"damage":5,"enemies":"2 Louse","floor":1,"turns":4},{"damage":2,"enemies":"Jaw Worm","floor":2,"turns":3},{"damage":4,"enemies":"Small Slimes","floor":5,"turns":4},{"damage":14,"enemies":"Gremlin Nob","floor":6,"turns":4},{"damage":16,"enemies":"Blue Slaver","floor":8,"turns":3},{"damage":31,"enemies":"Lagavulin","floor":11,"turns":5},{"damage":1,"enemies":"Looter","floor":12,"turns":3},{"damage":15,"enemies":"Gremlin Nob","floor":13,"turns":4},{"damage":16,"enemies":"2 Fungi Beasts","floor":14,"turns":4},{"damage":21,"enemies":"Fading Forest","floor":16,"turns":11},{"damage":32,"enemies":"Spheric Guardian","floor":18,"turns":7},{"damage":57,"enemies":"3 Byrds","floor":20,"turns":5},{"damage":0,"enemies":"Shelled Parasite and Fungi","floor":22,"turns":1}],"seed_played":"8482375221092112050","potions_obtained":[{"floor":1,"key":"PowerPotion"},{"floor":8,"key":"Languid Potion"},{"floor":11,"key":"AttackPotion"},{"floor":12,"key":"Strength Potion"},{"floor":20,"key":"Weak Potion"}],"is_trial":false,"path_per_floor":["M","M","$","?","M","E","R","M","T","R","E","M","E","M","R","B",null,"M","$","M","?","M"],"character_chosen":"IRONCLAD","items_purchased":["Membership Card","Inflame","Flame Barrier","Replay:Baseball"],"campfire_rested":2,"item_purchase_floors":[19,19,19,19],"current_hp_per_floor":[80,80,80,73,75,67,67,57,57,80,55,60,53,45,70,55,84,60,60,15,15,15,15],"gold":24,"neow_bonus":"REMOVE_CARD","is_daily":false,"chose_seed":false,"campfire_upgraded":1,"win_rate":0.0,"timestamp":1613868210,"path_taken":["M","M","$","?","M","E","R","M","T","R","E","M","E","M","R","BOSS","M","$","M","?","M"],"items_purchased_type":["Relic","Card","Card","Relic"],"build_version":"2020-12-22","purchased_purges":2,"victory":false,"max_hp_per_floor":[80,80,80,80,80,80,80,80,80,80,80,80,82,84,84,84,84,86,86,92,92,92,92],"relic_stats":{"Singing Bowl":8,"counters":[13,58],"Astrolabe":["Feed","Warcry","ReplayTheSpireMod:Stacked"],"obtain_stats":[{"Gremlin Food":9,"Bottled Flame":6,"Replay:Baseball":19,"Singing Bowl":13,"Astrolabe":17,"Oddly Smooth Stone":11,"Membership Card":19,"Burning Blood":0},{"Gremlin Food":5,"Bottled Flame":4,"Replay:Baseball":11,"Singing Bowl":8,"Astrolabe":10,"Oddly Smooth Stone":6,"Membership Card":11,"Burning Blood":0},{"Gremlin Food":18,"Bottled Flame":15,"Replay:Baseball":52,"Singing Bowl":30,"Astrolabe":45,"Oddly Smooth Stone":23,"Membership Card":52,"Burning Blood":0}],"Burning Blood":67},"card_choices":[{"not_picked":["Seeing Red","Wild Strike"],"picked":"Rampage","floor":1},{"not_picked":["ReplayTheSpireMod:LeadingStrike","ReplayReversal"],"picked":"True Grit","floor":2},{"not_picked":["Power Through","Warcry"],"picked":"Anger","floor":5},{"not_picked":["ReplayTheSpireMod:LeadingStrike","Dark Embrace"],"picked":"Berserk","floor":6},{"not_picked":["Havoc","Clothesline"],"picked":"True Grit","floor":8},{"not_picked":["Twin Strike","ReplayTheSpireMod:Muscle Training"],"picked":"Fire Breathing","floor":11},{"not_picked":["Perfected Strike","ReplayTheSpireMod:Strike From Hell"],"picked":"Spot Weakness","floor":12},{"not_picked":["True Grit","Berserk","Wild Strike"],"picked":"Singing Bowl","floor":13},{"not_picked":["Iron Wave","Power Through","Heavy Blade"],"picked":"Singing Bowl","floor":14},{"not_picked":["Juggernaut","Replay:Many Hands"],"picked":"Berserk","floor":16},{"not_picked":["Flex","Wild Strike","Shrug It Off"],"picked":"Singing Bowl","floor":18},{"not_picked":["Body Slam","Havoc","Iron Wave+1"],"picked":"Singing Bowl","floor":20}],"player_experience":274150,"relics_obtained":[{"floor":6,"key":"Bottled Flame"},{"floor":9,"key":"Gremlin Food"},{"floor":11,"key":"Oddly Smooth Stone"},{"floor":13,"key":"Singing Bowl"}],"event_choices":[{"cards_removed":["Strike_R"],"damage_healed":0,"gold_gain":0,"player_choice":"Card Removal","damage_taken":7,"max_hp_gain":0,"max_hp_loss":0,"event_name":"Golden Wing","floor":4,"gold_loss":0}],"is_beta":false,"boss_relics":[{"not_picked":["Abe\u0027s Treasure","Ectoplasm"],"picked":"Astrolabe"}],"items_purged_floors":[3,19],"is_endless":false,"potions_floor_spawned":[1,8,11,12,20],"killed_by":"Shelled Parasite and Fungi","ascension_level":3}}