{"host":"ju66gn9zov5ov15o","time":1613892793,"event":{"mods":["100% Spire Juice","2.2 Compatiblity","Act Like it!","Aspiration","BaseMod","Conspire","Downfall","GifTheSpireLib","Hubris","Lobotomy","LobotomyExtend","Marisa????????","Minty Spire (QoL Compilation)","Pale of the Ancients","Rare Cards Sparkle","Relic Stats","Ruina","Shapeshifter Mod","StSLib","The Alterego","The Animator"],"gold_per_floor":[364,364,375,175,175,175,208,208,208,270,219,286,46,46,46,230,230,276,351,416,484,563,563,584,584],"floor_reached":24,"language":"ENG","playtime":1593,"items_purged":[],"score":256,"play_id":"c2ee48b9-8328-4a02-ab75-763eacf30e38","local_time":"20210221083313","is_ascension_mode":false,"campfire_choices":[],"circlet_count":0,"master_deck":["SpecialBullet","SpecialBullet","SpecialBullet","SpecialBullet","SpecialBullet","SpecialBullet","SpecialBullet","SecurityCode","InformationCode","DisciplinaryCode","ShedSkin+1","ScreamingWedge","conspire:SpireCoStock","conspire:SpireCoStock","conspire:SpireCoStock","conspire:SpireCoStock","SnowQueen","Reverberation","BigBadWolf","Mimicry","HappyTeddy","HandOfGreed","Regret_ego","GoldRush","LaLuna","GreenStem+1","BlackSwan","WallGazer","NothingThere","SpecialBullet","RedEyes+1"],"relics":["CogitoBucket","LetterFromLob","Lizard Tail","hubris:BottledRain","Bird Faced Urn","Membership Card","hubris:VirtuousBlindfold","ResearcherNote"],"acts_visited":["Exordium","TheCity"],"potions_floor_usage":[12,16],"damage_taken":[{"damage":10,"enemies":"Small Slimes","floor":1,"turns":2},{"damage":8,"enemies":"Jaw Worm","floor":3,"turns":6},{"damage":11,"enemies":"Gremlin Nob","floor":7,"turns":8},{"damage":0,"enemies":"Cultist","floor":10,"turns":7},{"damage":9,"enemies":"3 Sentries","floor":12,"turns":8},{"damage":22,"enemies":"Slime Boss","floor":16,"turns":12},{"damage":16,"enemies":"conspire:FuzzyDice","floor":18,"turns":4},{"damage":47,"enemies":"3 Byrds","floor":19,"turns":9},{"damage":6,"enemies":"conspire:HollyBat","floor":20,"turns":8},{"damage":40,"enemies":"Snake Plant","floor":21,"turns":6},{"damage":5,"enemies":"Centurion and Healer","floor":22,"turns":18},{"damage":59,"enemies":"conspire:Head Lice","floor":24,"turns":5}],"seed_played":"-7339527631075603990","potions_obtained":[{"floor":10,"key":"SkillPotion"},{"floor":12,"key":"DistilledChaos"},{"floor":22,"key":"Slimebound:ThreeZeroPotion"}],"is_trial":false,"path_per_floor":["M","?","M","?","?","R","E","R","T","M","$","E","$","M","R","B",null,"M","M","M","M","M","R","E"],"character_chosen":"Angela","items_purchased":["CherryBlossom","Membership Card","HandOfGreed","Regret_ego"],"campfire_rested":0,"item_purchase_floors":[11,13,13,13],"current_hp_per_floor":[47,40,32,32,32,32,29,29,29,29,29,31,31,31,31,15,70,74,49,67,47,85,85,40,40],"gold":584,"neow_bonus":"TWO_FIFTY_GOLD","is_daily":false,"chose_seed":false,"campfire_upgraded":0,"win_rate":0.0,"timestamp":1613892793,"path_taken":["M","?","M","?","?","R","E","R","T","?","$","E","$","M","R","BOSS","M","M","?","M","M","R","E"],"items_purchased_type":["Card","Relic","Card","Card"],"build_version":"2020-12-22","purchased_purges":0,"victory":false,"max_hp_per_floor":[70,70,70,70,70,70,70,70,70,70,70,70,70,70,70,70,70,74,78,82,82,86,86,86,86],"relic_stats":{"Lizard Tail":0,"counters":[13,94],"Bird Faced Urn":[37],"obtain_stats":[{"CogitoBucket":0,"Lizard Tail":7,"Bird Faced Urn":12,"hubris:VirtuousBlindfold":17,"ResearcherNote":18,"LetterFromLob":1,"Membership Card":13,"hubris:BottledRain":9},{"CogitoBucket":0,"Lizard Tail":3,"Bird Faced Urn":5,"hubris:VirtuousBlindfold":6,"ResearcherNote":8,"LetterFromLob":1,"Membership Card":5,"hubris:BottledRain":3},{"CogitoBucket":0,"Lizard Tail":16,"Bird Faced Urn":31,"hubris:VirtuousBlindfold":43,"ResearcherNote":48,"LetterFromLob":2,"Membership Card":31,"hubris:BottledRain":16}]},"card_choices":[{"not_picked":["UniverseFragment","WallGazer"],"picked":"CherryBlossoms","floor":1},{"not_picked":["Regret_ego"],"picked":"ShedSkin","floor":1},{"not_picked":["FrostShard"],"picked":"ScreamingWedge","floor":3},{"not_picked":["VoidDream","UniverseFragment"],"picked":"SnowQueen","floor":7},{"not_picked":["Harmony"],"picked":"Reverberation","floor":7},{"not_picked":["MHz","FairyFestival"],"picked":"BigBadWolf","floor":10},{"not_picked":["Heaven"],"picked":"Mimicry","floor":10},{"not_picked":["CrumblingArmor","Bloodbath"],"picked":"HappyTeddy","floor":12},{"not_picked":["Loneliness","ScreamingWedge"],"picked":"SKIP","floor":12},{"not_picked":["CENSORED_ego"],"picked":"GoldRush","floor":16},{"not_picked":["FairyFestival","ShyLook"],"picked":"LaLuna","floor":18},{"not_picked":["Heaven+1"],"picked":"GreenStem+1","floor":18},{"not_picked":["Alriune","LittlePrince"],"picked":"BlackSwan","floor":19},{"not_picked":["TodaysExpression","Loneliness+1"],"picked":"SKIP","floor":19},{"not_picked":["CrumblingArmor","LittleHelper"],"picked":"WallGazer","floor":20},{"not_picked":["Logging","Discord+1"],"picked":"SKIP","floor":20},{"not_picked":["BearPaw+1","Regret_ego"],"picked":"SKIP","floor":21},{"not_picked":["LittleHelper","DreamingCurrent"],"picked":"NothingThere","floor":22},{"not_picked":["Lantern"],"picked":"RedEyes+1","floor":22}],"player_experience":524904,"relics_obtained":[{"floor":1,"key":"LetterFromLob"},{"floor":7,"key":"Lizard Tail"},{"floor":9,"key":"hubris:BottledRain"},{"floor":12,"key":"Bird Faced Urn"}],"event_choices":[{"cards_removed":["SpecialBullet"],"damage_healed":0,"gold_gain":0,"player_choice":"Card Removal","damage_taken":7,"max_hp_gain":0,"max_hp_loss":0,"event_name":"Golden Wing","floor":2,"gold_loss":0},{"damage_healed":0,"gold_gain":0,"player_choice":"Invest 4","damage_taken":0,"max_hp_gain":0,"max_hp_loss":0,"event_name":"conspire:Investor","floor":4,"gold_loss":0},{"damage_healed":0,"gold_gain":0,"player_choice":"Upgraded","damage_taken":0,"max_hp_gain":0,"max_hp_loss":0,"event_name":"Upgrade Shrine","floor":5,"gold_loss":0,"cards_upgraded":["ShedSkin"]}],"is_beta":false,"boss_relics":[{"not_picked":["Empty Cage","SacredBark"],"picked":"hubris:VirtuousBlindfold"}],"items_purged_floors":[],"is_endless":false,"potions_floor_spawned":[10,12,22],"killed_by":"conspire:Head Lice","ascension_level":0}}