{"host":"i29s15dsg0c43zmx","time":1613937828,"event":{"mods":["AchievementEnabler","BaseMod","Colored Map","Minty Spire (QoL Compilation)","StSLib"],"gold_per_floor":[109,121,221,46,46,46,80,80,80,99,112,112,124,49,49,146,146,166,166,166,166,166],"floor_reached":21,"language":"ENG","playtime":649,"items_purged":["Strike_P"],"score":177,"play_id":"40b53740-7038-4eba-93a3-43e0cd027207","local_time":"20210221210348","is_ascension_mode":false,"campfire_choices":[{"data":"Metamorphosis","floor":6,"key":"SMITH"},{"data":"Omniscience","floor":8,"key":"SMITH"},{"data":"Eruption","floor":15,"key":"SMITH"}],"circlet_count":0,"master_deck":["Defend_P","Defend_P","Defend_P","Defend_P","Vigilance","FollowUp","Crescendo+1","Metamorphosis+1","Omniscience+1","Wireheading","Pray","Establishment","ThirdEye+1","EmptyMind","Swivel"],"relics":["PureWater","NeowsBlessing","Molten Egg 2","Matryoshka","MealTicket","Empty Cage"],"acts_visited":["Exordium","TheCity"],"potions_floor_usage":[10,16,16],"damage_taken":[{"damage":0,"enemies":"2 Louse","floor":1,"turns":1},{"damage":0,"enemies":"Cultist","floor":2,"turns":1},{"damage":1,"enemies":"3 Sentries","floor":7,"turns":2},{"damage":3,"enemies":"Small Slimes","floor":10,"turns":2},{"damage":9,"enemies":"Blue Slaver","floor":11,"turns":3},{"damage":20,"enemies":"3 Louse","floor":13,"turns":2},{"damage":43,"enemies":"Hexaghost","floor":16,"turns":5},{"damage":30,"enemies":"2 Thieves","floor":18,"turns":3},{"damage":70,"enemies":"Masked Bandits","floor":21,"turns":3}],"seed_played":"6532792976095892943","potions_obtained":[{"floor":2,"key":"EssenceOfSteel"},{"floor":7,"key":"AttackPotion"},{"floor":10,"key":"Fruit Juice"},{"floor":11,"key":"Swift Potion"},{"floor":18,"key":"Weak Potion"}],"is_trial":false,"path_per_floor":["M","M","?","$","?","R","E","R","T","M","M","?","M","$","R","B",null,"M","?","?","?"],"character_chosen":"WATCHER","items_purchased":["Metamorphosis"],"campfire_rested":0,"item_purchase_floors":[4],"current_hp_per_floor":[72,72,72,72,58,58,57,57,57,59,50,50,30,45,45,2,77,47,47,47,0,0],"gold":166,"neow_bonus":"THREE_ENEMY_KILL","is_daily":false,"chose_seed":false,"campfire_upgraded":3,"win_rate":0.0,"timestamp":1613937828,"path_taken":["M","M","?","?","?","R","E","R","T","M","?","?","M","?","R","BOSS","M","?","?","?"],"items_purchased_type":["Card"],"build_version":"2020-12-22","purchased_purges":1,"victory":false,"max_hp_per_floor":[72,72,72,72,72,72,72,72,72,77,77,77,77,77,77,77,77,77,77,77,77,77],"card_choices":[{"not_picked":["Halt","BowlingBash"],"picked":"FollowUp","floor":1},{"not_picked":["CarveReality","ReachHeaven"],"picked":"Crescendo","floor":2},{"not_picked":["ThirdEye","PathToVictory"],"picked":"Omniscience","floor":7},{"not_picked":["WreathOfFlame","SashWhip+1"],"picked":"Wireheading","floor":10},{"not_picked":["CutThroughFate+1","SashWhip+1","SignatureMove+1"],"picked":"SKIP","floor":11},{"not_picked":["CrushJoints+1","Evaluate"],"picked":"Pray","floor":13},{"not_picked":["SpiritShield","Blasphemy"],"picked":"Establishment","floor":16},{"not_picked":["SashWhip+1","JustLucky+1"],"picked":"ThirdEye+1","floor":18}],"player_experience":105900,"relics_obtained":[{"floor":7,"key":"Molten Egg 2"},{"floor":9,"key":"Matryoshka"}],"event_choices":[{"damage_healed":0,"gold_gain":100,"player_choice":"Pray","damage_taken":0,"max_hp_gain":0,"max_hp_loss":0,"event_name":"Golden Shrine","floor":3,"gold_loss":0},{"damage_healed":0,"gold_gain":0,"player_choice":"Entered Light","damage_taken":14,"max_hp_gain":0,"max_hp_loss":0,"event_name":"Shining Light","floor":5,"gold_loss":0,"cards_upgraded":["Crescendo","Strike_P"]},{"damage_healed":0,"gold_gain":0,"player_choice":"Gave Potion","damage_taken":0,"relics_obtained":["MealTicket"],"max_hp_gain":0,"max_hp_loss":0,"event_name":"WeMeetAgain","floor":12,"gold_loss":0},{"damage_healed":0,"gold_gain":0,"player_choice":"Ignored","damage_taken":0,"max_hp_gain":0,"max_hp_loss":0,"event_name":"Vampires","floor":19,"gold_loss":0},{"damage_healed":0,"gold_gain":0,"cards_transformed":["Strike_P","Eruption"],"player_choice":"Became Test Subject","damage_taken":0,"max_hp_gain":0,"max_hp_loss":0,"event_name":"Drug Dealer","floor":20,"gold_loss":0,"cards_obtained":["EmptyMind","Swivel"]},{"damage_healed":0,"gold_gain":0,"player_choice":"Fought Bandits","damage_taken":0,"max_hp_gain":0,"max_hp_loss":0,"event_name":"Masked Bandits","floor":21,"gold_loss":0}],"is_beta":false,"boss_relics":[{"not_picked":["Fusion Hammer","Velvet Choker"],"picked":"Empty Cage"}],"items_purged_floors":[14],"is_endless":false,"potions_floor_spawned":[2,7,10,11,18],"killed_by":"Masked Bandits","ascension_level":0}}