{"host":"dscols65uipasqd2","time":1613948824,"event":{"mods":["2.2 Compatiblity","AchievementEnabler","Aspiration","BaseMod","Colored Powertips","Downfall","Energized Spire","GifTheSpireLib","Hermit","Hubris","Infinite Spire","Jorbs\u0027s Wanderer Trilogy","Minty Spire (QoL Compilation)","Rare Cards Sparkle","Relic Stats","Replay The Spire","Robot Space Explorer","Shade Mod","StSLib","Stuff the Spire","The Blue Laboratory","The Cursed","The Disciple","The Forsaken","The Hierophant","The Judge","The Jungle","The Mystic","The Runesmith","TheFirefly","Wandering Minibosses"],"gold_per_floor":[99,99,5,5,5,5,5,29,42,42,73,24,24,9,22,118,118,18,29,40,40,40,68,68,68,68,68],"floor_reached":25,"language":"ENG","playtime":1430,"items_purged":[],"score":288,"play_id":"0e972fe5-8fc3-48d4-bc77-bec92deeff26","local_time":"20210221180704","is_ascension_mode":true,"campfire_choices":[{"floor":1,"key":"RECALL"},{"data":"Discovery","floor":10,"key":"SMITH"},{"floor":13,"key":"REST"}],"circlet_count":0,"master_deck":["sneckomod:Strike","sneckomod:Strike","sneckomod:Strike+1","sneckomod:Defend","sneckomod:Defend","sneckomod:Defend","sneckomod:TailWhip","sneckomod:SnekBite","sneckomod:Unknown","sneckomod:Unknown","sneckomod:IronFang","Discovery+1","sneckomod:SerpentIdol+1","sneckomod:WideSting","sneckomod:WideSting","sneckomod:UnlimitedRolls","sneckomod:CheapStock","sneckomod:RainOfDice+1","sneckomod:DiceBoulder","sneckomod:UnknownWeak","sneckomod:UnknownBoss","sneckomod:SlitherStrike","sneckomod:PureSnecko+1","ReplayTheSpireMod:Chaos Vortex+1","sneckomod:ImprovisedAttack"],"relics":["sneckomod:SneckoSoul","downfall:HeartsMalice","Gremlin Horn","infinitespire:PuzzleCube","Replay:Multitool","hubris:ScarierMask","downfall:HeartBlessingRed","Nunchaku","aspiration:SecretTechniqueScroll","hubris:Zylophone","Chameleon Ring"],"acts_visited":["Exordium","TheCity"],"potions_floor_usage":[16],"damage_taken":[{"damage":0,"enemies":"downfall:FleeingMerchant","floor":3,"turns":1},{"damage":0,"enemies":"Small Slimes","floor":5,"turns":1},{"damage":0,"enemies":"Cultist","floor":6,"turns":1},{"damage":12,"enemies":"Jaw Worm","floor":9,"turns":4},{"damage":36,"enemies":"Lagavulin","floor":11,"turns":6},{"damage":0,"enemies":"downfall:FleeingMerchant","floor":12,"turns":4},{"damage":0,"enemies":"downfall:FleeingMerchant","floor":14,"turns":4},{"damage":10,"enemies":"Exordium Thugs","floor":15,"turns":5},{"damage":25,"enemies":"IC_STATUS_ARCHETYPE","floor":16,"turns":7},{"damage":3,"enemies":"3 Byrds","floor":19,"turns":4},{"damage":36,"enemies":"Chosen","floor":20,"turns":6},{"damage":40,"enemies":"Nightmare","floor":23,"turns":7},{"damage":5,"enemies":"Centurion and Healer","floor":25,"turns":1}],"seed_played":"4276122567211735928","potions_obtained":[{"floor":11,"key":"blueLaboratory:AbyssPotion"},{"floor":15,"key":"Regen Potion"}],"is_trial":false,"path_per_floor":["R","?","$","?","M","M","T","T","M","R","E","$","R","$","M","B",null,"R","M","M","AVR","?","NM","T","M"],"character_chosen":"THE_SNECKO","items_purchased":["Discovery","sneckomod:RainOfDice+1"],"campfire_rested":1,"item_purchase_floors":[3,12],"current_hp_per_floor":[81,81,81,63,63,63,63,63,51,51,15,15,42,42,32,22,73,90,87,51,51,43,3,3,0,0,0],"gold":68,"neow_bonus":"THREE_ENEMY_KILL","is_daily":false,"chose_seed":false,"campfire_upgraded":1,"win_rate":0.0,"timestamp":1613948824,"path_taken":["R","?","?","?","?","M","T","?","M","R","E","$","R","$","M","BOSS","R","M","M","AVR","?","NM","T","?"],"items_purchased_type":["Card","Card"],"build_version":"2020-12-22","purchased_purges":0,"victory":false,"max_hp_per_floor":[90,90,90,90,90,90,90,90,90,90,90,90,90,90,90,90,90,90,90,90,90,90,90,90,90,90,90],"relic_stats":{"Nunchaku":[1],"Gremlin Horn":[2,2],"counters":[13,48],"obtain_stats":[{"hubris:Zylophone":23,"Nunchaku":21,"Chameleon Ring":24,"Gremlin Horn":4,"downfall:HeartBlessingRed":18,"hubris:ScarierMask":17,"downfall:HeartsMalice":0,"Replay:Multitool":11,"aspiration:SecretTechniqueScroll":21,"sneckomod:SneckoSoul":0,"infinitespire:PuzzleCube":8},{"hubris:Zylophone":12,"Nunchaku":11,"Chameleon Ring":12,"Gremlin Horn":1,"downfall:HeartBlessingRed":9,"hubris:ScarierMask":9,"downfall:HeartsMalice":0,"Replay:Multitool":5,"aspiration:SecretTechniqueScroll":11,"sneckomod:SneckoSoul":0,"infinitespire:PuzzleCube":3},{"hubris:Zylophone":47,"Nunchaku":40,"Chameleon Ring":47,"Gremlin Horn":0,"downfall:HeartBlessingRed":30,"hubris:ScarierMask":30,"downfall:HeartsMalice":0,"Replay:Multitool":10,"aspiration:SecretTechniqueScroll":40,"sneckomod:SneckoSoul":0,"infinitespire:PuzzleCube":0}]},"card_choices":[{"not_picked":["sneckomod:Memorize","sneckomod:UnknownBlock"],"picked":"sneckomod:IronFang","floor":3},{"not_picked":["sneckomod:RainOfDice","sneckomod:UnknownCommonAttack"],"picked":"sneckomod:SerpentIdol","floor":5},{"not_picked":["sneckomod:SoulDraw","sneckomod:Nope"],"picked":"sneckomod:WideSting","floor":6},{"not_picked":["sneckomod:Memorize","sneckomod:QuickMove"],"picked":"sneckomod:WideSting","floor":9},{"not_picked":["sneckomod:UnknownCommonSkill","sneckomod:IronFang"],"picked":"sneckomod:UnlimitedRolls","floor":11},{"not_picked":["sneckomod:QuickMove","sneckomod:Unknown1Cost"],"picked":"sneckomod:CheapStock","floor":12},{"not_picked":["sneckomod:PureSnecko","sneckomod:QuickMove"],"picked":"sneckomod:DiceBoulder","floor":14},{"not_picked":["sneckomod:WideSting","sneckomod:DiceCrush"],"picked":"sneckomod:UnknownWeak","floor":15},{"not_picked":["sneckomod:GlitteringGambit","sneckomod:Mudshield"],"picked":"sneckomod:UnknownBoss","floor":16},{"not_picked":["sneckomod:UnknownDraw","sneckomod:RainOfDice"],"picked":"sneckomod:SlitherStrike","floor":19},{"not_picked":["sneckomod:DiceBlock","sneckomod:QuickBite"],"picked":"sneckomod:PureSnecko+1","floor":20},{"not_picked":["sneckomod:QuickBite","sneckomod:Rotation+1"],"picked":"sneckomod:ImprovisedAttack","floor":23}],"player_experience":659766,"relics_obtained":[{"floor":8,"key":"infinitespire:PuzzleCube"},{"floor":11,"key":"Replay:Multitool"},{"floor":23,"key":"hubris:Zylophone"},{"floor":24,"key":"Chameleon Ring"}],"event_choices":[{"damage_healed":0,"gold_gain":0,"player_choice":"Success","damage_taken":18,"relics_obtained":["Gremlin Horn"],"max_hp_gain":0,"max_hp_loss":0,"event_name":"Scrap Ooze","floor":4,"gold_loss":0}],"is_beta":false,"boss_relics":[{"not_picked":["Replay:Fungal Core","Painkiller Herb"],"picked":"hubris:ScarierMask"}],"items_purged_floors":[],"is_endless":true,"potions_floor_spawned":[11,15],"killed_by":"Centurion and Healer","ascension_level":7}}