{"host":"t9zjxed0utvsfjwc","time":1613892531,"event":{"mods":["2.2 Compatiblity","Act Like it!","Aspiration","BaseMod","Better Altar","Better Match","Better Note","Better Sensory Stone","Better Skull","Better Third Choice","Block Reminder","Colored Map","Colored Powertips","Conspire","Defuse TimeMaze Blight","Energized Spire","GifTheSpireLib","Hermit","Highlight Path","Hubris","Infinite Spire","Marked Mod","Minty Spire (QoL Compilation)","Quick Restart","Rare Cards Sparkle","Relic Sorter","Relic Stats","Reliquary","Replay The Spire","Ruina","StSLib","Stuff the Spire","The Blue Laboratory","The Jungle","The Marked","Unceasing Turn Reminder","Wandering Minibosses","everything is the same but u backflip on backflip"],"gold_per_floor":[117,132,168,53,66,66,79,113,113,113,125,25,46,46,46,141,141,155,105,118,138,149,149,149],"floor_reached":23,"language":"ENG","playtime":996,"items_purged":["Strike_R","Strike_R"],"score":203,"play_id":"04bbd7ec-ee0a-4a3c-bed0-cd69d77a56ec","local_time":"20210221072851","is_ascension_mode":true,"campfire_choices":[{"data":"Shrug It Off","floor":6,"key":"SMITH"},{"floor":15,"key":"REST"}],"circlet_count":0,"master_deck":["Strike_R","Strike_R","Strike_R","Defend_R","Defend_R","Defend_R","Defend_R","Bash","Shrug It Off+1","Pommel Strike","Pommel Strike","Twin Strike","Iron Wave","Shrug It Off","Hallucinations","hubris:Disease","hubris:Disease","Iron Wave+1"],"relics":["energizedSpire:OgreHead","StuffTheSpire:DarkSteelAnvil","Nunchaku","reliquary:BallBearing","Odd Mushroom","aspiration:BabyByrd","Replay:Ancient Bell","Blue Doll","Blue Candle","StuffTheSpire:Wildfire"],"acts_visited":["Exordium","TheCity"],"potions_floor_usage":[11,16,16,16,18,21,22,23],"damage_taken":[{"damage":0,"enemies":"Cultist","floor":1,"turns":3},{"damage":0,"enemies":"Jaw Worm","floor":2,"turns":4},{"damage":7,"enemies":"conspire:MimicChest","floor":3,"turns":7},{"damage":7,"enemies":"Small Slimes","floor":5,"turns":2},{"damage":5,"enemies":"3 Louse","floor":7,"turns":3},{"damage":35,"enemies":"3 Sentries","floor":8,"turns":7},{"damage":0,"enemies":"Red Slaver","floor":11,"turns":3},{"damage":3,"enemies":"The Mushroom Lair","floor":13,"turns":4},{"damage":29,"enemies":"Hexaghost","floor":16,"turns":8},{"damage":14,"enemies":"Spheric Guardian","floor":18,"turns":5},{"damage":5,"enemies":"Shell Parasite","floor":20,"turns":5},{"damage":40,"enemies":"Snecko","floor":21,"turns":10},{"damage":25,"enemies":"Snake Plant","floor":22,"turns":6},{"damage":1,"enemies":"Book of Stabbing","floor":23,"turns":2}],"seed_played":"5318587412722834822","potions_obtained":[{"floor":2,"key":"Ancient Potion"},{"floor":7,"key":"Weak Potion"},{"floor":13,"key":"ElixirPotion"},{"floor":16,"key":"Fruit Juice"},{"floor":18,"key":"EntropicBrew"},{"floor":22,"key":"blueLaboratory:SavagePotion"}],"is_trial":false,"path_per_floor":["M","M","?","$","M","R","M","E","T","?","M","$","?","?","R","B",null,"M","?","M","M","M","E"],"character_chosen":"IRONCLAD","items_purchased":["Pommel Strike"],"campfire_rested":1,"item_purchase_floors":[4],"current_hp_per_floor":[80,80,73,73,66,66,61,26,26,26,26,26,23,23,47,23,85,71,71,66,26,1,0,0],"gold":149,"neow_bonus":"BOSS_RELIC","is_daily":false,"chose_seed":false,"campfire_upgraded":1,"win_rate":0.0,"timestamp":1613892531,"path_taken":["M","?","?","$","M","R","M","E","T","?","?","$","?","?","R","BOSS","M","?","M","M","M","E"],"items_purchased_type":["Card"],"build_version":"2020-12-22","purchased_purges":2,"victory":false,"max_hp_per_floor":[80,80,80,80,80,80,80,80,80,80,80,80,80,80,80,85,85,85,85,85,85,85,85,85],"relic_stats":{"Nunchaku":[10],"counters":[14,69],"Blue Candle":[12],"obtain_stats":[{"Nunchaku":8,"aspiration:BabyByrd":14,"Blue Candle":17,"StuffTheSpire:DarkSteelAnvil":3,"Blue Doll":17,"StuffTheSpire:Wildfire":17,"reliquary:BallBearing":9,"energizedSpire:OgreHead":0,"Replay:Ancient Bell":17,"Odd Mushroom":13,"Burning Blood":0},{"Nunchaku":6,"aspiration:BabyByrd":8,"Blue Candle":9,"StuffTheSpire:DarkSteelAnvil":3,"Blue Doll":9,"StuffTheSpire:Wildfire":9,"reliquary:BallBearing":6,"energizedSpire:OgreHead":0,"Replay:Ancient Bell":9,"Odd Mushroom":8,"Burning Blood":0},{"Nunchaku":26,"aspiration:BabyByrd":33,"Blue Candle":41,"StuffTheSpire:DarkSteelAnvil":14,"Blue Doll":41,"StuffTheSpire:Wildfire":41,"reliquary:BallBearing":26,"energizedSpire:OgreHead":0,"Replay:Ancient Bell":41,"Odd Mushroom":33,"Burning Blood":0}]},"card_choices":[{"not_picked":["Clash","Flex"],"picked":"Shrug It Off","floor":1},{"not_picked":["StuffTheSpire:TitanForm","hubris:ReadiedAction","StuffTheSpire:Slingshot"],"picked":"SKIP","floor":2},{"not_picked":["Combust","Clothesline","ReplayTheSpireMod:Strike From Hell"],"picked":"SKIP","floor":5},{"not_picked":["Shockwave","hubris:ReadiedAction"],"picked":"Twin Strike","floor":7},{"not_picked":["Carnage","Evolve"],"picked":"Iron Wave","floor":8},{"not_picked":["Eclipse","Havoc","Replay:Undeath\u0027s Touch"],"picked":"SKIP","floor":11},{"not_picked":["Headbutt","StuffTheSpire:Slingshot"],"picked":"Shrug It Off","floor":13},{"not_picked":["hubris:Sloth","conspire:NecroticWound"],"picked":"Hallucinations","floor":17},{"not_picked":["Amnesia","hubris:Envy"],"picked":"hubris:Disease","floor":17},{"not_picked":["hubris:Compulsion","Regret"],"picked":"hubris:Disease","floor":17},{"not_picked":["Wild Strike","Dark Embrace","Dual Wield"],"picked":"SKIP","floor":18},{"not_picked":["Cleave","ReplayTheSpireMod:LeadingStrike"],"picked":"Iron Wave+1","floor":20},{"not_picked":["Body Slam","Havoc","Pummel"],"picked":"SKIP","floor":21},{"not_picked":["Pummel+1","hubris:ReadiedAction","Twin Strike"],"picked":"SKIP","floor":22}],"player_experience":501915,"relics_obtained":[{"floor":3,"key":"StuffTheSpire:DarkSteelAnvil"},{"floor":8,"key":"Nunchaku"},{"floor":9,"key":"reliquary:BallBearing"},{"floor":13,"key":"Odd Mushroom"}],"event_choices":[{"cards_removed":["Pommel Strike"],"damage_healed":0,"gold_gain":0,"player_choice":"Give","damage_taken":0,"max_hp_gain":0,"max_hp_loss":0,"event_name":"betterNote:BetterNote","floor":10,"gold_loss":0,"cards_obtained":["Bash"]},{"damage_healed":0,"gold_gain":0,"player_choice":"Fought Mushrooms","damage_taken":0,"max_hp_gain":0,"max_hp_loss":0,"event_name":"Mushrooms","floor":13,"gold_loss":0},{"damage_healed":0,"gold_gain":0,"player_choice":"Bet on Murderer","damage_taken":0,"max_hp_gain":0,"max_hp_loss":0,"event_name":"The Joust","floor":19,"gold_loss":50}],"is_beta":false,"boss_relics":[{"not_picked":["aspiration:RitualDagger","ReplayTheSpireMod:SealedPack"],"picked":"Replay:Ancient Bell"},{"not_picked":["ReplayTheSpireMod:Lightbulb","Replay:Mystery Machine"],"picked":"Blue Doll"},{"not_picked":["Garlic","infinitespire:Broken Mirror"],"picked":"Blue Candle"},{"not_picked":["Pocketwatch","Pondfish Scales"],"picked":"StuffTheSpire:Wildfire"}],"items_purged_floors":[4,12],"is_endless":false,"potions_floor_spawned":[2,7,13,16,18,22],"killed_by":"Book of Stabbing","ascension_level":1}}