{"host":"ssbj2e5691x5ub3h","time":1613934585,"event":{"mods":["BaseMod","Downfall","Minty Spire (QoL Compilation)","Quick Restart","StSLib","SuperFastMode"],"gold_per_floor":[99,84,97,97,111,111,162,162,181,194,222,222,222,222,233,334,334,334,346,356,366,383,401,401,414,414,414,432,432,432,443,462,567,567,567,586,606,625,625,625,625],"floor_reached":39,"language":"ENG","playtime":3458,"items_purged":[],"score":389,"play_id":"ecdc2b1e-2bb4-44e7-8e4c-71b53a18ff48","local_time":"20210221160945","is_ascension_mode":false,"campfire_choices":[{"data":"sneckomod:SoulDraw","floor":8,"key":"SMITH"},{"data":"sneckomod:RainOfDice","floor":12,"key":"SMITH"},{"data":"sneckomod:Cheat","floor":29,"key":"SMITH"},{"data":"sneckomod:UnknownBoss","floor":35,"key":"SMITH"}],"circlet_count":0,"master_deck":["sneckomod:Strike","sneckomod:Defend","sneckomod:Defend","sneckomod:TailWhip+1","sneckomod:SnekBite","Shrug It Off","sneckomod:UnknownBoss","sneckomod:ImprovisedGuard","sneckomod:SoulDraw+1","sneckomod:CheapStock","sneckomod:RainOfDice+1","sneckomod:SoulRoll","sneckomod:Cheat+1","sneckomod:Mudshield+1","sneckomod:SoulCleanse+1","Battle Trance+1","sneckomod:SnakeSap+1","sneckomod:UnendingSupply+1","sneckomod:RainOfDice","sneckomod:MasterEye","sneckomod:UnknownUncommonSkill","sneckomod:QuickBite","RitualDagger+1","sneckomod:SnakeSap","sneckomod:SnakeSap+1","sneckomod:UnknownBoss+1","sneckomod:Unknown1Cost","sneckomod:DiceBlock+1"],"relics":["sneckomod:SneckoSoul","Omamori","Meat on the Bone","Astrolabe","Bird Faced Urn","Busted Crown"],"acts_visited":["Exordium","TheCity","TheBeyond"],"potions_floor_usage":[11,16,27,33,36],"damage_taken":[{"damage":0,"enemies":"downfall:FleeingMerchant","floor":2,"turns":4},{"damage":7,"enemies":"Small Slimes","floor":3,"turns":4},{"damage":3,"enemies":"Jaw Worm","floor":5,"turns":3},{"damage":0,"enemies":"2 Louse","floor":9,"turns":1},{"damage":5,"enemies":"downfall:LooterAlt","floor":10,"turns":5},{"damage":9,"enemies":"Gremlin Nob","floor":11,"turns":4},{"damage":10,"enemies":"Large Slime","floor":15,"turns":6},{"damage":35,"enemies":"SI_SHIV_ARCHETYPE","floor":16,"turns":12},{"damage":6,"enemies":"Spheric Guardian","floor":19,"turns":6},{"damage":9,"enemies":"3 Byrds","floor":20,"turns":6},{"damage":19,"enemies":"Snake Plant","floor":21,"turns":5},{"damage":0,"enemies":"Chosen and Byrds","floor":22,"turns":2},{"damage":20,"enemies":"Shelled Parasite and Fungi","floor":23,"turns":7},{"damage":32,"enemies":"3 Cultists","floor":25,"turns":6},{"damage":9,"enemies":"Snake Plant","floor":28,"turns":6},{"damage":14,"enemies":"Sentry and Sphere","floor":31,"turns":6},{"damage":14,"enemies":"Snecko","floor":32,"turns":4},{"damage":14,"enemies":"WA_ARCHETYPE_CALM","floor":33,"turns":7},{"damage":29,"enemies":"3 Darklings","floor":36,"turns":5},{"damage":11,"enemies":"Orb Walker","floor":37,"turns":4},{"damage":25,"enemies":"Spire Growth","floor":38,"turns":7},{"damage":70,"enemies":"Sphere and 2 Shapes","floor":39,"turns":7}],"seed_played":"-4905285619527259485","potions_obtained":[{"floor":5,"key":"Strength Potion"},{"floor":11,"key":"Strength Potion"},{"floor":16,"key":"champ:CounterPotion"},{"floor":20,"key":"sneckomod:DiceRollPotion"},{"floor":21,"key":"hexamod:SoulburnPotion"},{"floor":25,"key":"Block Potion"},{"floor":27,"key":"Fruit Juice"},{"floor":27,"key":"sneckomod:DiceRollPotion"},{"floor":30,"key":"CultistPotion"},{"floor":33,"key":"SpeedPotion"},{"floor":36,"key":"bronze:BurnAndBuffPotion"}],"is_trial":false,"path_per_floor":["R","$","M","?","M","?","T","R","M","M","E","R","?","?","M","B",null,"R","M","M","M","M","M","T","M","?","?","M","R","?","M","M","B",null,"R","M","M","M","M"],"character_chosen":"THE_SNECKO","items_purchased":[],"campfire_rested":0,"item_purchase_floors":[],"current_hp_per_floor":[99,99,92,92,89,89,89,89,89,84,75,75,75,75,65,42,99,99,93,84,65,65,57,57,45,78,83,84,84,84,78,70,62,104,104,79,74,61,0,0,0],"gold":625,"neow_bonus":"TEN_PERCENT_HP_BONUS","is_daily":false,"chose_seed":false,"campfire_upgraded":4,"win_rate":0.0,"timestamp":1613934585,"path_taken":["R","$","M","?","M","?","T","R","M","M","E","R","?","?","M","BOSS","R","M","M","M","M","M","T","M","?","?","?","R","?","M","M","BOSS","R","M","M","M","M"],"items_purchased_type":[],"build_version":"2020-12-22","purchased_purges":0,"victory":false,"max_hp_per_floor":[99,99,99,99,99,99,99,99,99,99,99,99,99,99,99,99,99,99,99,99,99,99,99,99,99,99,104,104,104,104,104,104,104,104,104,104,104,104,104,104,104],"card_choices":[{"not_picked":["sneckomod:QuickBite","sneckomod:UnknownDraw"],"picked":"sneckomod:UnknownBoss","floor":2},{"not_picked":["sneckomod:UnknownCommonSkill","sneckomod:UnknownUncommonAttack"],"picked":"sneckomod:ImprovisedGuard","floor":3},{"not_picked":["sneckomod:DiceBlock","sneckomod:UnknownCommonAttack"],"picked":"sneckomod:SoulDraw","floor":5},{"not_picked":["sneckomod:DiceBlock","sneckomod:UnknownUncommonAttack"],"picked":"sneckomod:CheapStock","floor":9},{"not_picked":["sneckomod:QuickMove","sneckomod:UnknownCommonSkill"],"picked":"sneckomod:RainOfDice","floor":10},{"not_picked":["sneckomod:UnknownCommonAttack","sneckomod:UnknownX"],"picked":"sneckomod:SoulRoll","floor":11},{"not_picked":["sneckomod:Unknown1Cost","sneckomod:Nope","sneckomod:DiceBlock"],"picked":"SKIP","floor":15},{"not_picked":["sneckomod:DangerNoodle","sneckomod:UnknownRareSkill"],"picked":"sneckomod:Cheat","floor":16},{"not_picked":["sneckomod:UnknownClassBLUE","sneckomod:DiceCrush"],"picked":"sneckomod:SnakeSap+1","floor":19},{"not_picked":["sneckomod:UnknownClassBLUE","sneckomod:IronFang"],"picked":"sneckomod:UnendingSupply+1","floor":20},{"not_picked":["sneckomod:UnknownCommonSkill","sneckomod:DiceBlock"],"picked":"sneckomod:RainOfDice","floor":21},{"not_picked":["sneckomod:QuickBite","sneckomod:SlitherStrike"],"picked":"sneckomod:MasterEye","floor":22},{"not_picked":["sneckomod:UnknownX+1","sneckomod:Nope"],"picked":"sneckomod:UnknownUncommonSkill","floor":23},{"not_picked":["sneckomod:MorePower","sneckomod:UnknownClassBLUE+1","sneckomod:UnknownX"],"picked":"SKIP","floor":25},{"not_picked":["sneckomod:UnknownClassRED","sneckomod:UnknownCommonAttack+1"],"picked":"sneckomod:QuickBite","floor":28},{"not_picked":["sneckomod:SoulDraw+1","sneckomod:UnknownClassGUARDIAN"],"picked":"sneckomod:SnakeSap","floor":31},{"not_picked":["sneckomod:SnekBeam","sneckomod:UnknownUncommonAttack"],"picked":"sneckomod:SnakeSap+1","floor":32},{"not_picked":["sneckomod:Cheat","sneckomod:UnlimitedRolls"],"picked":"sneckomod:UnknownBoss","floor":33},{"not_picked":[],"picked":"sneckomod:Unknown1Cost","floor":36},{"not_picked":[],"picked":"sneckomod:DiceBlock+1","floor":37},{"not_picked":["sneckomod:DiceCrush"],"picked":"SKIP","floor":38}],"player_experience":159990,"relics_obtained":[{"floor":7,"key":"Omamori"},{"floor":11,"key":"Meat on the Bone"},{"floor":24,"key":"Bird Faced Urn"}],"event_choices":[{"cards_removed":["sneckomod:Unknown"],"damage_healed":0,"gold_gain":0,"player_choice":"Card Removal","damage_taken":0,"max_hp_gain":0,"max_hp_loss":0,"event_name":"The Cleric","floor":13,"gold_loss":0},{"damage_healed":0,"gold_gain":0,"player_choice":"Grow","damage_taken":0,"max_hp_gain":0,"max_hp_loss":0,"event_name":"Living Wall","floor":14,"gold_loss":0,"cards_upgraded":["sneckomod:TailWhip"]},{"damage_healed":33,"gold_gain":0,"player_choice":"Heal","damage_taken":0,"max_hp_gain":0,"max_hp_loss":0,"event_name":"The Library","floor":26,"gold_loss":0},{"damage_healed":0,"gold_gain":0,"player_choice":"Got Potions","damage_taken":0,"max_hp_gain":0,"max_hp_loss":0,"event_name":"Lab","floor":27,"gold_loss":0}],"is_beta":false,"boss_relics":[{"not_picked":["Fusion Hammer","SlaversCollar"],"picked":"Astrolabe"},{"not_picked":["Coffee Dripper","Cursed Key"],"picked":"Busted Crown"}],"items_purged_floors":[],"is_endless":false,"potions_floor_spawned":[5,11,16,20,21,23,25,31,33,36],"killed_by":"Sphere and 2 Shapes","ascension_level":0}}