{"host":"6r341r9cz00j2qc1","time":1613867988,"event":{"mods":["BaseMod","Better Third Choice","Downfall","Hermit","Lobotomy","LobotomyExtend","Minty Spire (QoL Compilation)","Replay The Spire","Shop Mod","StSLib"],"gold_per_floor":[114,195,195,214,214,245,265,283,306,331,95,95,59,86,86,198,198,217,48,69,0,0,0,16,16,44,44,93,102,129,148,148,174,174,269,296,310,329,345,345,360,360,177,177,177,177,186,197,214,224,224,224,224],"floor_reached":52,"language":"ENG","playtime":6388,"items_purged":["downfall:Bewildered"],"score":702,"play_id":"d1a3bbf2-062a-451a-8d1f-8645183c3efd","local_time":"20210221013948","is_ascension_mode":false,"campfire_choices":[{"floor":12,"key":"REST"},{"floor":15,"key":"REST"},{"floor":25,"key":"REST"},{"floor":27,"key":"REST"},{"floor":34,"key":"REST"},{"floor":42,"key":"RECALL"},{"data":"Panache","floor":44,"key":"SMITH"},{"floor":51,"key":"REST"}],"circlet_count":0,"master_deck":["Strike_G","Strike_G","Strike_G","Strike_G","Strike_G","Defend_G","Defend_G","Defend_G","Defend_G","Survivor","Neutralize+1","Hidden Blade+1","Dodge and Roll","Hidden Blade+1","ReplayTheSpireMod:Speed Training","Escape Plan","Calculated Gamble","Accuracy","Magnetism","Caltrops","Caltrops","Distraction","Die Die Die","Acrobatics+1","Venomology+1","ReplayTheSpireMod:Scrap Shanks","Prepared","Cloak And Dagger","ReplayTheSpireMod:Speed Training+1","Writhe","Panache+1","Dramatic Entrance","Pain"],"relics":["Ring of the Snake","LetterFromLob","Replay:Bottled Eggs","FaceOfCleric","Dead Branch","CeramicFish","HoveringKite","sneckomod:BabySnecko","Singing Bowl","Pet Ghost","Replay:Ancient Bell","Ancient Tea Set","Ornamental Fan","Tough Bandages","Spirit Poop","ReplayTheSpireMod:ShopPack","Mummified Hand","WarpedTongs"],"acts_visited":["Exordium","TheCity","TheBeyond"],"potions_floor_usage":[16,16,16,16,16,20,24,26,30,31,33,33,33,39,41,48,49,50,52,52],"damage_taken":[{"damage":1,"enemies":"Cultist","floor":1,"turns":4},{"damage":2,"enemies":"Small Slimes","floor":4,"turns":4},{"damage":30,"enemies":"3 Sentries","floor":6,"turns":16},{"damage":0,"enemies":"2 Louse","floor":7,"turns":4},{"damage":7,"enemies":"Blue Slaver","floor":8,"turns":3},{"damage":4,"enemies":"Lots of Slimes","floor":10,"turns":4},{"damage":7,"enemies":"Red Slaver","floor":14,"turns":4},{"damage":45,"enemies":"Fading Forest","floor":16,"turns":11},{"damage":20,"enemies":"2 Thieves","floor":18,"turns":4},{"damage":7,"enemies":"Shell Parasite","floor":20,"turns":4},{"damage":8,"enemies":"Snake Plant","floor":24,"turns":2},{"damage":13,"enemies":"3 Cultists","floor":26,"turns":4},{"damage":13,"enemies":"Cultist and Chosen","floor":30,"turns":6},{"damage":36,"enemies":"Centurion and Healer","floor":31,"turns":4},{"damage":7,"enemies":"Gremlin Leader","floor":33,"turns":5},{"damage":11,"enemies":"Pondfish","floor":35,"turns":5},{"damage":1,"enemies":"3 Darklings","floor":37,"turns":2},{"damage":2,"enemies":"Orb Walker","floor":38,"turns":3},{"damage":13,"enemies":"3 Darklings","floor":39,"turns":4},{"damage":6,"enemies":"Sphere and 2 Shapes","floor":41,"turns":2},{"damage":5,"enemies":"Jaw Worm Horde","floor":48,"turns":2},{"damage":2,"enemies":"Transient","floor":49,"turns":5},{"damage":4,"enemies":"Spire Growth","floor":50,"turns":4},{"damage":276,"enemies":"Time Eater","floor":52,"turns":7}],"seed_played":"7971982460379095178","potions_obtained":[{"floor":6,"key":"Milkshake"},{"floor":7,"key":"hexamod:SoulburnPotion"},{"floor":35,"key":"Regen Potion"},{"floor":39,"key":"Energy Potion"},{"floor":41,"key":"Flashbang"}],"is_trial":false,"path_per_floor":["M","T","?","M","?","E","M","M","T","M","$","R","$","M","R","B",null,"M","$","M","?","PTL","PTL","M","R","M","R","T","?","M","M","T","E","R","B",null,"M","M","M","?","M","R","$","R","T","?","?","M","M","M","R","B"],"character_chosen":"THE_SILENT","items_purchased":["Accuracy","Magnetism","Caltrops","Venomology+1","ReplayTheSpireMod:Scrap Shanks","ReplayTheSpireMod:ShopPack"],"campfire_rested":6,"item_purchase_floors":[11,11,13,19,19,43],"current_hp_per_floor":[69,69,69,68,68,39,40,34,34,31,31,53,53,47,69,35,77,58,58,52,52,52,52,45,69,57,81,81,81,69,34,34,30,55,47,93,95,96,95,95,92,92,94,94,94,94,94,92,93,92,116,0,0],"gold":224,"neow_bonus":"UPGRADE_CARD","is_daily":false,"chose_seed":false,"campfire_upgraded":1,"win_rate":0.0,"timestamp":1613867988,"path_taken":["M","?","?","?","?","E","M","M","T","M","$","R","$","M","R","BOSS","M","$","M","?","PTL","PTL","M","R","M","R","T","?","M","M","?","E","R","BOSS","M","M","?","?","?","R","?","R","T","?","?","M","?","M","R","BOSS"],"items_purchased_type":["Card","Card","Card","Card","Card","Relic"],"build_version":"2020-12-22","purchased_purges":1,"victory":false,"max_hp_per_floor":[70,70,70,71,71,72,73,74,74,75,75,75,75,76,76,77,77,78,78,79,79,79,79,80,80,81,81,81,81,82,83,83,86,86,89,93,96,99,102,102,105,105,107,107,107,107,107,110,113,116,116,116,116],"card_choices":[{"not_picked":["Underhanded Strike","Acrobatics"],"picked":"Hidden Blade","floor":1},{"not_picked":["Escape Plan","Poisoned Stab"],"picked":"Dodge and Roll","floor":4},{"not_picked":["Calculated Gamble","Dagger Spray"],"picked":"Hidden Blade","floor":6},{"not_picked":["Quick Slash","ReplayTheSpireMod:The Works"],"picked":"ReplayTheSpireMod:Speed Training","floor":7},{"not_picked":["Burst","Skewer"],"picked":"Escape Plan","floor":8},{"not_picked":["PiercingWail","Draining Mist"],"picked":"Calculated Gamble","floor":10},{"not_picked":["Replay:Poison Smokescreen","Predator"],"picked":"Distraction","floor":14},{"not_picked":["Corpse Explosion","Bullet Time"],"picked":"Die Die Die","floor":16},{"not_picked":["Underhanded Strike","ReplayTheSpireMod:Exploit Weakness"],"picked":"Acrobatics+1","floor":18},{"not_picked":["Flying Knee","Acrobatics"],"picked":"Prepared","floor":20},{"not_picked":["Hidden Blade+1","Backflip","ReplayTheSpireMod:Tripwire"],"picked":"SKIP","floor":24},{"not_picked":["Prepared","Sneak Up"],"picked":"Cloak And Dagger","floor":26},{"not_picked":["Underhanded Strike+1","Quick Slash"],"picked":"ReplayTheSpireMod:Speed Training+1","floor":30},{"not_picked":["Backflip","Wraith Form v2","Hidden Blade+1"],"picked":"SKIP","floor":31},{"not_picked":["ReplayTheSpireMod:Exploit Weakness","Slice","Deadly Poison+1"],"picked":"Singing Bowl","floor":33},{"not_picked":["Unload","Malaise","Poison Darts"],"picked":"Singing Bowl","floor":35},{"not_picked":["Replay:Hysterical Blindness","AbeCurse"],"picked":"Writhe","floor":36},{"not_picked":["Looming Evil","Spreading Infection","Delirium"],"picked":"Singing Bowl","floor":36},{"not_picked":["Voices","ReplayTheSpireMod:Doomed","Languid"],"picked":"Singing Bowl","floor":36},{"not_picked":["Dash+1","Dagger Spray+1","Glass Knife"],"picked":"Singing Bowl","floor":37},{"not_picked":["Tactician+1","Dagger Spray","Flying Knee"],"picked":"Singing Bowl","floor":38},{"not_picked":["Deflect+1","Flying Knee","Draining Mist"],"picked":"Singing Bowl","floor":39},{"not_picked":["Cloak And Dagger+1","Flying Knee+1","Deflect+1"],"picked":"Singing Bowl","floor":41},{"not_picked":["Thinking Ahead","ReplayTheSpireMod:Brewmster"],"picked":"Panache","floor":43},{"not_picked":["PanicButton","Panacea","Madness"],"picked":"Singing Bowl","floor":43},{"not_picked":["Survey Options","Trip"],"picked":"Dramatic Entrance","floor":43},{"not_picked":["Bouncing Flask","Die Die Die","Hidden Blade"],"picked":"Singing Bowl","floor":48},{"not_picked":["Poisoned Stab+1","Acrobatics+1","Backstab"],"picked":"Singing Bowl","floor":49},{"not_picked":["Dash","Distraction+1","Dagger Throw"],"picked":"Singing Bowl","floor":50}],"player_experience":551079,"relics_obtained":[{"floor":1,"key":"LetterFromLob"},{"floor":2,"key":"Replay:Bottled Eggs"},{"floor":6,"key":"Dead Branch"},{"floor":9,"key":"CeramicFish"},{"floor":32,"key":"Singing Bowl"},{"floor":33,"key":"Pet Ghost"},{"floor":45,"key":"Mummified Hand"}],"event_choices":[{"damage_healed":0,"gold_gain":0,"player_choice":"Trade","damage_taken":0,"relics_obtained":["FaceOfCleric"],"max_hp_gain":0,"max_hp_loss":0,"event_name":"FaceTrader","floor":3,"gold_loss":0},{"damage_healed":0,"gold_gain":0,"player_choice":"Paid Fearfully","damage_taken":0,"max_hp_gain":0,"max_hp_loss":0,"event_name":"Masked Bandits","floor":21,"gold_loss":69},{"cards_removed":["Looming Evil"],"damage_healed":0,"gold_gain":0,"player_choice":"Offered Curse","damage_taken":0,"relics_obtained":["Spirit Poop"],"max_hp_gain":0,"max_hp_loss":0,"event_name":"Bonfire Elementals","floor":40,"gold_loss":0},{"cards_removed":["Defend_G"],"damage_healed":0,"gold_gain":0,"player_choice":"Removed Skill","damage_taken":0,"max_hp_gain":0,"max_hp_loss":0,"event_name":"Falling","floor":46,"gold_loss":0},{"damage_healed":0,"gold_gain":0,"player_choice":"Rummage","damage_taken":0,"relics_obtained":["WarpedTongs"],"max_hp_gain":0,"max_hp_loss":0,"event_name":"Accursed Blacksmith","floor":47,"gold_loss":0,"cards_obtained":["Pain"]}],"is_beta":false,"boss_relics":[{"not_picked":["Snecko Scales","Sozu"],"picked":"HoveringKite"},{"not_picked":["Velvet Choker","ChewingGum"],"picked":"Replay:Ancient Bell"},{"not_picked":["Grinning Jar","Blue Doll"],"picked":"Ancient Tea Set"},{"not_picked":["Pear","Replay:Bottled Flurry"],"picked":"Ornamental Fan"},{"not_picked":["Incense Burner","Torii"],"picked":"Tough Bandages"}],"items_purged_floors":[43],"is_endless":false,"potions_floor_spawned":[6,7,20,31,35,39,41],"killed_by":"Time Eater","ascension_level":0}}