{"host":"1bux2ns9kwx2qu1n","time":1613881173,"event":{"mods":["BaseMod","Colored Map","Colored Powertips","Hermit","Minty Spire (QoL Compilation)","Quick Restart","Relic Sorter","StSLib"],"gold_per_floor":[112,130,140,8,23,51,51,51,51],"floor_reached":8,"language":"ENG","playtime":304,"items_purged":[],"score":75,"play_id":"1f337c82-4f56-41e8-9850-c605a61d8b1d","local_time":"20210220231933","is_ascension_mode":true,"campfire_choices":[{"data":"hermit:Reprieve","floor":7.0,"key":"SMITH"}],"circlet_count":0,"master_deck":["hermit:Strike_Hermit","hermit:Strike_Hermit","hermit:Strike_Hermit","hermit:Strike_Hermit","hermit:Defend_Hermit","hermit:Defend_Hermit","hermit:Defend_Hermit","hermit:Defend_Hermit","hermit:Snapshot","hermit:Covet","CurseOfTheBell","hermit:BodyArmor","hermit:HighCaliber","hermit:FlashPowder","hermit:Virtue","hermit:Reprieve+1"],"relics":["Calling Bell","Ancient Tea Set","White Beast Statue","Peace Pipe","Pocketwatch"],"acts_visited":["Exordium"],"potions_floor_usage":[],"damage_taken":[{"damage":1.0,"enemies":"Cultist","floor":1.0,"turns":4.0},{"damage":0.0,"enemies":"Small Slimes","floor":2.0,"turns":3.0},{"damage":0.0,"enemies":"2 Louse","floor":3.0,"turns":2.0},{"damage":18.0,"enemies":"Large Slime","floor":5.0,"turns":6.0},{"damage":23.0,"enemies":"Lagavulin","floor":6.0,"turns":9.0},{"damage":0,"enemies":"Gremlin Nob","floor":8,"turns":1}],"seed_played":"-5870475446557046808","potions_obtained":[{"floor":1.0,"key":"DistilledChaos"},{"floor":2.0,"key":"Strength Potion"},{"floor":3.0,"key":"Dexterity Potion"},{"floor":5.0,"key":"Fruit Juice"},{"floor":6.0,"key":"ColorlessPotion"}],"is_trial":false,"path_per_floor":["M","M","M","$","M","E","R","E"],"character_chosen":"HERMIT","items_purchased":["hermit:HighCaliber","hermit:FlashPowder"],"campfire_rested":0,"item_purchase_floors":[4,4],"current_hp_per_floor":[67,67,67,67,49,26,26,26,26],"gold":51,"neow_bonus":"BOSS_RELIC","is_daily":false,"chose_seed":false,"campfire_upgraded":1,"win_rate":0.0,"timestamp":1613881173,"path_taken":["M","M","M","$","?","E","R","E"],"items_purchased_type":["Card","Card"],"build_version":"2020-12-22","purchased_purges":0,"victory":false,"max_hp_per_floor":[75,75,75,75,75,75,75,75,75],"card_choices":[{"not_picked":["hermit:CalledShot","hermit:Desperado"],"picked":"hermit:BodyArmor","floor":1.0},{"not_picked":["hermit:Feint","hermit:Quickdraw","hermit:SprayPray"],"picked":"SKIP","floor":2.0},{"not_picked":["hermit:Coalescence","hermit:Midnight","hermit:LowProfile"],"picked":"SKIP","floor":3.0},{"not_picked":["hermit:Glare","hermit:Manifest"],"picked":"hermit:Virtue","floor":5.0},{"not_picked":["hermit:Snipe","hermit:Midnight"],"picked":"hermit:Reprieve","floor":6.0}],"player_experience":862130,"relics_obtained":[{"floor":0.0,"key":"Ancient Tea Set"},{"floor":0.0,"key":"White Beast Statue"},{"floor":0.0,"key":"Peace Pipe"},{"floor":6.0,"key":"Pocketwatch"}],"event_choices":[],"is_beta":false,"boss_relics":[],"items_purged_floors":[],"is_endless":false,"potions_floor_spawned":[1,2,3,5,6],"killed_by":"Gremlin Nob","ascension_level":6}}