{"host":"vdpaduzlq0qlaikq","time":1613943286,"event":{"mods":["AchievementEnabler","BaseMod","Better Third Choice","BetterRewards","Colored Map","Downfall","Gold Saver","Hermit","Jorbs\u0027s Wanderer Trilogy","Minty Spire (QoL Compilation)","Relic Filter","Spicy Shops","StSLib","The Necromancer"],"gold_per_floor":[897,913,928,345,345,345,364,364,388,404,404,415,415,449,449,545,545,559,559,575,324,335,335,363,363,387,387,387,82,94,107,107,209,209,229,280,76,89,105,105,105,105,131,147,147,147,182,202,202,202,202,202,46,72,72],"floor_reached":56,"language":"ENG","playtime":2130,"items_purged":["Strike_G"],"score":1597,"play_id":"ff4809e8-14ae-4a02-adb8-0c396f1e3129","local_time":"20210221183446","is_ascension_mode":false,"campfire_choices":[{"data":"Infinite Blades","floor":6,"key":"SMITH"},{"data":"Infinite Blades","floor":13,"key":"SMITH"},{"data":"1","floor":15,"key":"LIFT"},{"data":"2","floor":23,"key":"LIFT"},{"data":"3","floor":27,"key":"LIFT"},{"data":"Accuracy","floor":32,"key":"SMITH"},{"data":"Infinite Blades","floor":40,"key":"SMITH"},{"data":"Infinite Blades","floor":42,"key":"SMITH"},{"data":"After Image","floor":46,"key":"SMITH"},{"floor":49,"key":"RECALL"},{"data":"A Thousand Cuts","floor":52,"key":"SMITH"}],"circlet_count":0,"master_deck":["Strike_G","Strike_G","Strike_G","Defend_G","Defend_G+1","Defend_G","Survivor","Neutralize","Infinite Blades+1","Blade Dance","Choke","Accuracy+1","Backstab","Infinite Blades+1","Blade Dance+1","Bullet Time","A Thousand Cuts+1","Dramatic Entrance","After Image+1","Infinite Blades+1","Choke","Adrenaline","Infinite Blades","PiercingWail+1","Malaise","Infinite Blades+1","Choke+1","Riddle With Holes+1","Dramatic Entrance","Infinite Blades+1","Accuracy+1"],"relics":["Ring of the Snake","TwistedFunnel","Mercury Hourglass","Potion Belt","StoneCalendar","Pantograph","Sling","Girya","Snake Skull","Omamori","Kunai","Orrery","Mummified Hand","Du-Vu Doll","War Paint","Mango","SacredBark","Shuriken","Dream Catcher","Darkstone Periapt","HandDrill","Toy Ornithopter","Empty Cage","Prayer Wheel","Bronze Scales","Question Card","Chemical X","Oddly Smooth Stone"],"acts_visited":["Exordium","TheCity","TheBeyond","TheEnding"],"potions_floor_usage":[24,48,55,55,55],"damage_taken":[{"damage":0,"enemies":"Cultist","floor":1,"turns":2},{"damage":0,"enemies":"2 Louse","floor":2,"turns":1},{"damage":0,"enemies":"Small Slimes","floor":3,"turns":2},{"damage":0,"enemies":"Gremlin Gang","floor":7,"turns":1},{"damage":0,"enemies":"Exordium Wildlife","floor":10,"turns":1},{"damage":0,"enemies":"3 Louse","floor":12,"turns":1},{"damage":0,"enemies":"3 Sentries","floor":14,"turns":3},{"damage":0,"enemies":"Slime Boss","floor":16,"turns":3},{"damage":7,"enemies":"Shell Parasite","floor":18,"turns":2},{"damage":0,"enemies":"3 Byrds","floor":20,"turns":3},{"damage":0,"enemies":"Snecko","floor":22,"turns":2},{"damage":12,"enemies":"Book of Stabbing","floor":24,"turns":2},{"damage":0,"enemies":"Snake Plant","floor":30,"turns":1},{"damage":0,"enemies":"Cultist and Chosen","floor":31,"turns":3},{"damage":2,"enemies":"Automaton","floor":33,"turns":5},{"damage":0,"enemies":"Orb Walker","floor":35,"turns":1},{"damage":9,"enemies":"2 Orb Walkers","floor":36,"turns":3},{"damage":7,"enemies":"3 Darklings","floor":38,"turns":3},{"damage":9,"enemies":"Writhing Mass","floor":39,"turns":3},{"damage":0,"enemies":"Spire Growth","floor":44,"turns":2},{"damage":7,"enemies":"Nemesis","floor":47,"turns":3},{"damage":0,"enemies":"Maw","floor":48,"turns":3},{"damage":50,"enemies":"Time Eater","floor":50,"turns":6},{"damage":0,"enemies":"Shield and Spear","floor":54,"turns":2},{"damage":46,"enemies":"The Heart","floor":55,"turns":5}],"seed_played":"-7159415019156406063","potions_obtained":[{"floor":2,"key":"GhostInAJar"},{"floor":7,"key":"SneckoOil"},{"floor":12,"key":"Ancient Potion"},{"floor":18,"key":"SkillPotion"},{"floor":33,"key":"SkillPotion"},{"floor":36,"key":"sneckomod:MuddlingPotion"},{"floor":48,"key":"CunningPotion"},{"floor":54,"key":"BlessingOfTheForge"}],"is_trial":false,"path_per_floor":["M","M","M","$","?","R","M","?","T","M","?","M","R","E","R","B",null,"M","?","M","$","M","R","E","?","T","R","?","$","M","M","R","B",null,"M","?","$","M","M","R","?","R","T","M","?","R","E","M","R","B",null,"R","$","E","B",null],"character_chosen":"THE_SILENT","items_purchased":["Infinite Blades","Blade Dance","TwistedFunnel","Mercury Hourglass","Choke","Accuracy","Potion Belt","StoneCalendar","Pantograph","Sling","Girya","Snake Skull","Omamori","Kunai","Infinite Blades","Orrery","Mummified Hand","Shuriken","HandDrill","Toy Ornithopter","Infinite Blades","Chemical X"],"campfire_rested":0,"item_purchase_floors":[0,0,0,0,0,0,0,0,0,0,0,0,0,0,4,4,4,21,29,29,37,53],"current_hp_per_floor":[70,70,70,70,70,70,70,70,70,70,63,63,63,77,77,84,84,77,77,77,77,77,77,65,65,65,65,65,65,65,65,65,82,84,84,75,75,68,59,59,59,59,59,59,59,59,52,57,57,32,84,84,84,84,49],"gold":72,"neow_bonus":"","is_daily":false,"chose_seed":false,"campfire_upgraded":7,"win_rate":0.0,"timestamp":1613943286,"path_taken":["M","M","M","$","?","R","M","?","T","?","?","M","R","E","R","BOSS","M","?","M","$","?","R","E","?","T","R","?","$","M","M","R","BOSS","M","?","$","M","M","R","?","R","T","M","?","R","E","M","R","BOSS","R","$","E","BOSS"],"items_purchased_type":["Card","Card","Relic","Relic","Card","Card","Relic","Relic","Relic","Relic","Relic","Relic","Relic","Relic","Card","Relic","Relic","Relic","Relic","Relic","Card","Relic"],"build_version":"2020-12-22","purchased_purges":1,"victory":true,"max_hp_per_floor":[70,70,70,70,70,70,70,70,70,70,70,70,70,84,84,84,84,84,84,84,84,84,84,84,84,84,84,84,84,84,84,84,84,84,84,84,84,84,84,84,84,84,84,84,84,84,84,84,84,84,84,84,84,84,84],"card_choices":[{"not_picked":["Footwork","Quick Slash"],"picked":"Backstab","floor":1},{"not_picked":["Deadly Poison","Choke","Deflect"],"picked":"SKIP","floor":2},{"not_picked":["Concentrate","Prepared","Underhanded Strike"],"picked":"SKIP","floor":3},{"not_picked":["Deflect","Footwork"],"picked":"Blade Dance","floor":4},{"not_picked":["Backflip","Sucker Punch"],"picked":"Bullet Time","floor":4},{"not_picked":["Underhanded Strike","Cloak And Dagger"],"picked":"A Thousand Cuts","floor":4},{"not_picked":["Blur","Underhanded Strike","Dagger Spray"],"picked":"SKIP","floor":7},{"not_picked":["Backflip","Masterful Stab","Noxious Fumes"],"picked":"SKIP","floor":10},{"not_picked":["Underhanded Strike","Riddle With Holes","Eviscerate"],"picked":"SKIP","floor":12},{"not_picked":["Deflect","Deadly Poison","Bullet Time"],"picked":"SKIP","floor":14},{"not_picked":["Wraith Form v2","Glass Knife"],"picked":"After Image","floor":16},{"not_picked":["Quick Slash","Predator"],"picked":"Infinite Blades","floor":18},{"not_picked":["All Out Attack+1","Flying Knee+1","Escape Plan"],"picked":"SKIP","floor":20},{"not_picked":["Quick Slash","Blade Dance"],"picked":"Infinite Blades","floor":22},{"not_picked":["Deflect","Slice","Acrobatics"],"picked":"SKIP","floor":24},{"not_picked":["Outmaneuver","Quick Slash"],"picked":"PiercingWail+1","floor":30},{"not_picked":["Slice","Poisoned Stab","Deflect"],"picked":"SKIP","floor":31},{"not_picked":["A Thousand Cuts","Wraith Form v2"],"picked":"Malaise","floor":33},{"not_picked":["Flying Knee+1","Underhanded Strike+1","Concentrate"],"picked":"SKIP","floor":35},{"not_picked":["Quick Slash+1","Deadly Poison+1"],"picked":"Choke+1","floor":38},{"not_picked":["Endless Agony","All Out Attack+1","Blade Dance"],"picked":"SKIP","floor":38},{"not_picked":["Expertise","Deadly Poison","Setup"],"picked":"SKIP","floor":39},{"not_picked":["Flying Knee","PiercingWail+1","Tactician+1"],"picked":"SKIP","floor":39},{"not_picked":["Cloak And Dagger","Dodge and Roll+1"],"picked":"Riddle With Holes+1","floor":44},{"not_picked":["Catalyst+1","Blade Dance+1","Heel Hook+1"],"picked":"SKIP","floor":44},{"not_picked":["HandOfGreed","Bandage Up"],"picked":"Dramatic Entrance","floor":45},{"not_picked":["Crippling Poison","Dodge and Roll+1"],"picked":"Infinite Blades+1","floor":47},{"not_picked":["Bouncing Flask","Predator+1","Concentrate+1","Underhanded Strike+1"],"picked":"SKIP","floor":48},{"not_picked":["Sucker Punch","Poisoned Stab","Cloak And Dagger","Slice+1"],"picked":"SKIP","floor":48},{"not_picked":["Blur+1","Wraith Form v2","PiercingWail+1"],"picked":"Accuracy+1","floor":54}],"player_experience":766244,"relics_obtained":[{"floor":9,"key":"War Paint"},{"floor":14,"key":"Mango"},{"floor":24,"key":"Dream Catcher"},{"floor":36,"key":"Prayer Wheel"},{"floor":43,"key":"Bronze Scales"},{"floor":47,"key":"Question Card"},{"floor":54,"key":"Oddly Smooth Stone"}],"event_choices":[{"damage_healed":0,"gold_gain":0,"player_choice":"1 cards matched","damage_taken":0,"max_hp_gain":0,"max_hp_loss":0,"event_name":"Match and Keep!","floor":8,"gold_loss":0,"cards_obtained":["Dramatic Entrance"]},{"cards_removed":["Defend_G"],"damage_healed":0,"gold_gain":0,"player_choice":"Card Removal","damage_taken":7,"max_hp_gain":0,"max_hp_loss":0,"event_name":"Golden Wing","floor":11,"gold_loss":0},{"damage_healed":0,"gold_gain":0,"player_choice":"2 cards matched","damage_taken":0,"max_hp_gain":0,"max_hp_loss":0,"event_name":"Match and Keep!","floor":19,"gold_loss":0,"cards_obtained":["Choke","Adrenaline"]},{"damage_healed":0,"gold_gain":0,"player_choice":"Opened","damage_taken":0,"relics_obtained":["Darkstone Periapt"],"max_hp_gain":0,"max_hp_loss":0,"event_name":"The Mausoleum","floor":25,"gold_loss":0},{"damage_healed":0,"gold_gain":0,"player_choice":"Fight","damage_taken":0,"max_hp_gain":0,"max_hp_loss":0,"event_name":"Mysterious Sphere","floor":36,"gold_loss":0},{"damage_healed":0,"gold_gain":0,"player_choice":"Ignored","damage_taken":0,"max_hp_gain":0,"max_hp_loss":0,"event_name":"Tomb of Lord Red Mask","floor":41,"gold_loss":0},{"damage_healed":0,"gold_gain":0,"player_choice":"Memory 1","damage_taken":0,"max_hp_gain":0,"max_hp_loss":0,"event_name":"SensoryStone","floor":45,"gold_loss":0}],"is_beta":false,"boss_relics":[{"not_picked":["Coffee Dripper","Calling Bell"],"picked":"SacredBark"},{"not_picked":["Black Star","Philosopher\u0027s Stone"],"picked":"Empty Cage"}],"items_purged_floors":[4],"is_endless":false,"potions_floor_spawned":[2,7,12,18,33,36,38,48,54],"ascension_level":0}}