{"host":"sccdx89hs6cnwb1o","time":1613866170,"event":{"mods":["AchievementEnabler","BaseMod","Block Reminder","Colored Powertips","Highlight Path","Minty Spire (QoL Compilation)","Rare Cards Sparkle"],"gold_per_floor":[213,232,232,110,121,151,163,338,338,27,27,27,27,40,40,170,233,247,58,81,81,99,99,99,99,99,99,137,158,158,176,176,295,295,316,379,52,66,86,86,107,107,152,152,152,152,171,192,192,192,192,192,12,43,43,43],"floor_reached":55,"language":"DEU","playtime":5405,"items_purged":["Doubt","Defend_G"],"score":687,"play_id":"3004151d-17d3-4629-a48c-2fb875f3c494","local_time":"20210221010930","is_ascension_mode":false,"campfire_choices":[{"floor":11.0,"key":"REST"},{"floor":13.0,"key":"REST"},{"floor":15.0,"key":"RECALL"},{"data":"Wraith Form v2","floor":23.0,"key":"SMITH"},{"floor":25.0,"key":"REST"},{"data":"Bouncing Flask","floor":27,"key":"SMITH"},{"data":"Footwork","floor":32,"key":"SMITH"},{"data":"Footwork","floor":40,"key":"SMITH"},{"data":"Deadly Poison","floor":46,"key":"SMITH"},{"floor":49,"key":"REST"},{"data":"Neutralize","floor":52,"key":"SMITH"}],"circlet_count":0,"master_deck":["Strike_G","Strike_G","Strike_G","Strike_G","Defend_G","Defend_G","Defend_G","Defend_G","Survivor","Neutralize+1","Crippling Poison","Outmaneuver","Deadly Poison+1","Backflip","Flying Knee+1","Deadly Poison","Wraith Form v2+1","Dodge and Roll+1","Bouncing Flask+1","Backflip","Deadly Poison+1","Footwork+1","Footwork+1","PiercingWail+1","Footwork+1","PiercingWail+1","Parasite"],"relics":["Ring of the Snake","Boot","The Courier","Thread and Needle","Golden Idol","Tiny House","PreservedInsect","Nilry\u0027s Codex","Eternal Feather","Shuriken","Centennial Puzzle","Philosopher\u0027s Stone","Tingsha","Incense Burner","Oddly Smooth Stone","Ginger"],"acts_visited":["Exordium","TheCity","TheBeyond","TheEnding"],"potions_floor_usage":[39,50,50,55,55,55],"damage_taken":[{"damage":2.0,"enemies":"Small Slimes","floor":1.0,"turns":6.0},{"damage":2.0,"enemies":"Jaw Worm","floor":2.0,"turns":5.0},{"damage":0.0,"enemies":"2 Louse","floor":5.0,"turns":2.0},{"damage":35.0,"enemies":"Gremlin Nob","floor":6.0,"turns":5.0},{"damage":14.0,"enemies":"Exordium Thugs","floor":7.0,"turns":5.0},{"damage":0.0,"enemies":"Looter","floor":14.0,"turns":3.0},{"damage":27.0,"enemies":"Hexaghost","floor":16.0,"turns":9.0},{"damage":10.0,"enemies":"Shell Parasite","floor":18.0,"turns":9.0},{"damage":1.0,"enemies":"Chosen","floor":20.0,"turns":5.0},{"damage":7.0,"enemies":"Snake Plant","floor":22.0,"turns":6.0},{"damage":16,"enemies":"Book of Stabbing","floor":28,"turns":6},{"damage":0,"enemies":"Snecko","floor":29,"turns":5},{"damage":0,"enemies":"Centurion and Healer","floor":31,"turns":7},{"damage":30,"enemies":"Champ","floor":33,"turns":15},{"damage":0,"enemies":"3 Shapes","floor":35,"turns":6},{"damage":27,"enemies":"Mind Bloom Boss Battle","floor":36,"turns":11},{"damage":1,"enemies":"Orb Walker","floor":38,"turns":3},{"damage":9,"enemies":"3 Darklings","floor":39,"turns":7},{"damage":5,"enemies":"Jaw Worm Horde","floor":41,"turns":8},{"damage":27,"enemies":"4 Shapes","floor":47,"turns":10},{"damage":0,"enemies":"Writhing Mass","floor":48,"turns":7},{"damage":24,"enemies":"Donu and Deca","floor":50,"turns":14},{"damage":33,"enemies":"Shield and Spear","floor":54,"turns":8},{"damage":49,"enemies":"The Heart","floor":55,"turns":11}],"seed_played":"-8565920805402939975","potions_obtained":[{"floor":1.0,"key":"GamblersBrew"},{"floor":6.0,"key":"BlessingOfTheForge"},{"floor":16.0,"key":"Strength Potion"},{"floor":17.0,"key":"Regen Potion"},{"floor":35,"key":"Poison Potion"},{"floor":39,"key":"Weak Potion"},{"floor":54,"key":"ColorlessPotion"}],"is_trial":false,"path_per_floor":["M","M","?","$","M","E","M","?","T","$","R","?","R","M","R","B",null,"M","$","M","?","M","R","?","R","T","R","E","M","?","M","R","B",null,"M","?","$","M","M","R","M","?","T","?","?","R","M","M","R","B",null,"R","$","E","B"],"character_chosen":"THE_SILENT","items_purchased":["Deadly Poison","Fruit Juice","Thread and Needle","Bouncing Flask","PreservedInsect","Incense Burner","DuplicationPotion","Oddly Smooth Stone"],"campfire_rested":4,"item_purchase_floors":[4,4,10,19,19,37,53,53],"current_hp_per_floor":[68,66,66,66,71,36,22,22,22,22,44,44,64,64,64,37,74,64,64,63,63,56,56,40,62,62,74,58,58,58,58,70,40,74,74,47,47,46,52,64,59,59,59,59,59,70,43,43,70,46,70,70,70,37,0,0],"gold":43,"neow_bonus":"HUNDRED_GOLD","is_daily":false,"chose_seed":false,"campfire_upgraded":6,"win_rate":0.0,"timestamp":1613866170,"path_taken":["M","M","?","$","M","E","M","?","T","$","R","?","R","?","R","BOSS","M","$","M","?","?","R","?","R","T","R","E","M","?","M","R","BOSS","M","?","$","M","M","R","M","?","T","?","?","R","M","M","R","BOSS","R","$","E","BOSS"],"items_purchased_type":["Card","Potion","Relic","Card","Relic","Relic","Potion","Relic"],"build_version":"2020-12-22","purchased_purges":2,"victory":false,"max_hp_per_floor":[70,70,70,70,75,75,75,75,75,75,75,69,69,69,69,69,74,74,74,74,74,74,74,74,74,74,74,74,74,74,74,74,74,74,74,74,74,74,74,74,74,74,74,70,70,70,70,70,70,70,70,70,70,70,70,70],"card_choices":[{"not_picked":["Choke","Flechettes"],"picked":"Crippling Poison","floor":1.0},{"not_picked":["Dagger Throw","Bane","Infinite Blades"],"picked":"SKIP","floor":2.0},{"not_picked":["All Out Attack","Quick Slash"],"picked":"Backflip","floor":5.0},{"not_picked":["Skewer","Flechettes"],"picked":"Flying Knee","floor":6.0},{"not_picked":["Sucker Punch","Flechettes","Quick Slash"],"picked":"SKIP","floor":7.0},{"not_picked":["Cloak And Dagger","Terror"],"picked":"Deadly Poison","floor":14.0},{"not_picked":["Storm of Steel","Glass Knife"],"picked":"Wraith Form v2","floor":16.0},{"not_picked":["Bane+1","Expertise"],"picked":"Dodge and Roll+1","floor":18.0},{"not_picked":["Acrobatics","Accuracy+1"],"picked":"Backflip","floor":20.0},{"not_picked":["Acrobatics","Die Die Die","Flechettes"],"picked":"SKIP","floor":22.0},{"not_picked":["Outmaneuver","Underhanded Strike"],"picked":"Deadly Poison+1","floor":28},{"not_picked":["Underhanded Strike","Acrobatics+1"],"picked":"Footwork","floor":29},{"not_picked":["Sucker Punch","Quick Slash"],"picked":"Footwork","floor":31},{"not_picked":["Prepared+1","Underhanded Strike+1","Cloak And Dagger+1"],"picked":"SKIP","floor":35},{"not_picked":["Slice+1","Reflex","Poisoned Stab+1"],"picked":"SKIP","floor":38},{"not_picked":["Prepared+1","Acrobatics+1"],"picked":"PiercingWail+1","floor":39},{"not_picked":["Dagger Spray","Blur"],"picked":"Footwork+1","floor":41},{"not_picked":["Unload","Distraction+1"],"picked":"PiercingWail+1","floor":47},{"not_picked":["Quick Slash+1","Sucker Punch","Choke+1"],"picked":"SKIP","floor":48},{"not_picked":["Dagger Spray+1","Quick Slash+1","Deadly Poison"],"picked":"SKIP","floor":54}],"player_experience":84923,"relics_obtained":[{"floor":6.0,"key":"Boot"},{"floor":9.0,"key":"The Courier"},{"floor":24.0,"key":"Nilry\u0027s Codex"},{"floor":26.0,"key":"Eternal Feather"},{"floor":28,"key":"Shuriken"},{"floor":36,"key":"Tingsha"},{"floor":54,"key":"Ginger"}],"event_choices":[{"damage_healed":0.0,"max_hp_gain":0.0,"max_hp_loss":0.0,"gold_gain":0.0,"cards_transformed":["Strike_G"],"event_name":"Living Wall","player_choice":"Change","floor":3.0,"gold_loss":0.0,"damage_taken":0.0,"cards_obtained":["Outmaneuver"]},{"damage_healed":0.0,"max_hp_gain":0.0,"max_hp_loss":0.0,"gold_gain":175.0,"event_name":"Liars Game","player_choice":"AGREE","floor":8.0,"gold_loss":0.0,"damage_taken":0.0,"cards_obtained":["Doubt"]},{"damage_healed":0.0,"max_hp_gain":0.0,"max_hp_loss":6.0,"gold_gain":0.0,"event_name":"Golden Idol","player_choice":"Lose Max HP","floor":12.0,"gold_loss":0.0,"damage_taken":0.0,"relics_obtained":["Golden Idol"]},{"damage_healed":0.0,"max_hp_gain":0.0,"max_hp_loss":0.0,"gold_gain":0.0,"event_name":"N\u0027loth","player_choice":"Ignored","floor":21.0,"gold_loss":0.0,"damage_taken":0.0},{"damage_healed":0.0,"max_hp_gain":0.0,"max_hp_loss":0.0,"gold_gain":0.0,"event_name":"Cursed Tome","player_choice":"Obtained Book","floor":24.0,"gold_loss":0.0,"damage_taken":16.0},{"damage_healed":0,"gold_gain":0,"player_choice":"Opened","damage_taken":0,"relics_obtained":["Centennial Puzzle"],"max_hp_gain":0,"max_hp_loss":0,"event_name":"The Mausoleum","floor":30,"gold_loss":0},{"damage_healed":0,"gold_gain":0,"player_choice":"Fight","damage_taken":0,"max_hp_gain":0,"max_hp_loss":0,"event_name":"MindBloom","floor":36,"gold_loss":0},{"damage_healed":0,"gold_gain":0,"player_choice":"Ignored","damage_taken":0,"max_hp_gain":0,"max_hp_loss":0,"event_name":"Tomb of Lord Red Mask","floor":42,"gold_loss":0},{"damage_healed":0,"gold_gain":0,"player_choice":"Max HP","damage_taken":0,"max_hp_gain":0,"max_hp_loss":4,"event_name":"Winding Halls","floor":44,"gold_loss":0},{"damage_healed":0,"gold_gain":0,"player_choice":"Ignored","damage_taken":0,"max_hp_gain":0,"max_hp_loss":0,"event_name":"SecretPortal","floor":45,"gold_loss":0}],"is_beta":false,"boss_relics":[{"not_picked":["Ectoplasm","Fusion Hammer"],"picked":"Tiny House"},{"not_picked":["Runic Pyramid","Ring of the Serpent"],"picked":"Philosopher\u0027s Stone"}],"items_purged_floors":[10,37],"is_endless":false,"potions_floor_spawned":[1,6,16,20,31,35,38,39,54],"killed_by":"The Heart","ascension_level":0}}