{"host":"i29s15dsg0c43zmx","time":1613939663,"event":{"mods":["AchievementEnabler","BaseMod","Colored Map","Minty Spire (QoL Compilation)","StSLib"],"gold_per_floor":[118,293,293,58,75,105,105,123,123,154,0,12,67,67,67,164,164,175,16,16,0,0,32,47,47,47,47,47,61,72,72,72,72,72],"floor_reached":33,"language":"ENG","playtime":1276,"items_purged":["Doubt"],"score":296,"play_id":"6fb72295-5728-4973-897b-728121f80cd2","local_time":"20210221213423","is_ascension_mode":false,"campfire_choices":[{"data":"MasterReality","floor":7,"key":"SMITH"},{"data":"Wallop","floor":15,"key":"SMITH"},{"floor":25,"key":"REST"},{"floor":27,"key":"DIG"},{"floor":32,"key":"REST"}],"circlet_count":0,"master_deck":["Strike_P+1","Defend_P+1","Defend_P+1","Defend_P+1","Defend_P+1","Eruption","Vigilance","WreathOfFlame","MasterReality+1","Wallop+1","FollowUp","Brilliance","EmptyFist","FlurryOfBlows","Establishment","Vault+1","InnerPeace+1","Alpha+1","EmptyFist+1","CarveReality","Fasting2","Shame"],"relics":["PureWater","NeowsBlessing","InkBottle","Lizard Tail","Bottled Tornado","Bronze Scales","Lee\u0027s Waffle","PreservedInsect","Astrolabe","Shovel","Sundial","Singing Bowl","Mummified Hand"],"acts_visited":["Exordium","TheCity"],"potions_floor_usage":[13,13,13,16,30],"damage_taken":[{"damage":0,"enemies":"Jaw Worm","floor":1,"turns":1},{"damage":0,"enemies":"Small Slimes","floor":5,"turns":2},{"damage":0,"enemies":"Lagavulin","floor":6,"turns":1},{"damage":7,"enemies":"Cultist","floor":8,"turns":5},{"damage":32,"enemies":"Gremlin Nob","floor":10,"turns":6},{"damage":14,"enemies":"3 Louse","floor":12,"turns":4},{"damage":14,"enemies":"Gremlin Nob","floor":13,"turns":4},{"damage":38,"enemies":"Hexaghost","floor":16,"turns":9},{"damage":12,"enemies":"2 Thieves","floor":18,"turns":4},{"damage":64,"enemies":"Book of Stabbing","floor":23,"turns":5},{"damage":0,"enemies":"Chosen","floor":24,"turns":3},{"damage":23,"enemies":"3 Cultists","floor":29,"turns":5},{"damage":30,"enemies":"Shelled Parasite and Fungi","floor":30,"turns":6},{"damage":49,"enemies":"Champ","floor":33,"turns":7}],"seed_played":"2894080160625809850","potions_obtained":[{"floor":1,"key":"Energy Potion"},{"floor":10,"key":"Swift Potion"},{"floor":12,"key":"PowerPotion"},{"floor":13,"key":"DuplicationPotion"},{"floor":18,"key":"SteroidPotion"},{"floor":24,"key":"BottledMiracle"}],"is_trial":false,"path_per_floor":["M","?","?","$","M","E","R","M","T","E","$","M","?","?","R","B",null,"M","$","?","?","?","E","M","R","T","R","$","M","M","?","R","B"],"character_chosen":"WATCHER","items_purchased":["MasterReality","Lee\u0027s Waffle","CarveReality","Fasting2"],"campfire_rested":2,"item_purchase_floors":[4,11,19,19],"current_hp_per_floor":[72,72,69,69,69,69,69,62,62,30,79,65,51,77,77,39,79,67,67,67,67,67,3,3,26,26,26,26,5,22,22,46,0,0],"gold":72,"neow_bonus":"THREE_ENEMY_KILL","is_daily":false,"chose_seed":false,"campfire_upgraded":2,"win_rate":0.0,"timestamp":1613939663,"path_taken":["M","?","?","?","M","E","R","M","T","E","$","?","?","?","R","BOSS","M","$","?","?","?","E","M","R","T","R","?","M","?","?","R","BOSS"],"items_purchased_type":["Card","Relic","Card","Card"],"build_version":"2020-12-22","purchased_purges":1,"victory":false,"max_hp_per_floor":[72,72,72,72,72,72,72,72,72,72,79,79,79,79,79,79,79,79,79,79,79,79,79,79,79,79,79,79,81,83,83,83,83,83],"card_choices":[{"not_picked":["CrushJoints","Halt"],"picked":"WreathOfFlame","floor":1},{"not_picked":["ClearTheMind","Collect","Halt"],"picked":"SKIP","floor":5},{"not_picked":["Consecrate","ForeignInfluence"],"picked":"Wallop","floor":6},{"not_picked":["JustLucky","Indignation"],"picked":"FollowUp","floor":8},{"not_picked":["Alpha","Consecrate"],"picked":"Brilliance","floor":10},{"not_picked":["Weave","EmptyMind"],"picked":"EmptyFist","floor":12},{"not_picked":["Evaluate","SashWhip"],"picked":"FlurryOfBlows","floor":13},{"not_picked":["LessonLearned","Brilliance"],"picked":"Establishment","floor":16},{"not_picked":["EmptyMind","Crescendo"],"picked":"EmptyFist+1","floor":18},{"not_picked":["CrushJoints","Tantrum","ClearTheMind"],"picked":"SKIP","floor":23},{"not_picked":["Halt","FlyingSleeves","Evaluate"],"picked":"SKIP","floor":24},{"not_picked":["Weave+1","FlurryOfBlows+1","ThirdEye"],"picked":"Singing Bowl","floor":29},{"not_picked":["DeceiveReality","Worship","Protect+1"],"picked":"Singing Bowl","floor":30}],"player_experience":107085,"relics_obtained":[{"floor":6,"key":"Lizard Tail"},{"floor":9,"key":"Bottled Tornado"},{"floor":10,"key":"Bronze Scales"},{"floor":13,"key":"PreservedInsect"},{"floor":23,"key":"Sundial"},{"floor":26,"key":"Singing Bowl"},{"floor":27,"key":"Mummified Hand"}],"event_choices":[{"damage_healed":0,"gold_gain":175,"player_choice":"AGREE","damage_taken":0,"max_hp_gain":0,"max_hp_loss":0,"event_name":"Liars Game","floor":2,"gold_loss":0,"cards_obtained":["Doubt"]},{"damage_healed":0,"gold_gain":0,"player_choice":"Success","damage_taken":3,"relics_obtained":["InkBottle"],"max_hp_gain":0,"max_hp_loss":0,"event_name":"Scrap Ooze","floor":3,"gold_loss":0},{"damage_healed":0,"gold_gain":0,"player_choice":"Searched \u00271\u0027 times","damage_taken":0,"max_hp_gain":0,"max_hp_loss":0,"event_name":"Dead Adventurer","floor":13,"gold_loss":0},{"damage_healed":26,"gold_gain":0,"player_choice":"Banana","damage_taken":0,"max_hp_gain":0,"max_hp_loss":0,"event_name":"Big Fish","floor":14,"gold_loss":0},{"damage_healed":0,"gold_gain":0,"player_choice":"Simplicity","damage_taken":0,"max_hp_gain":0,"max_hp_loss":0,"event_name":"Back to Basics","floor":20,"gold_loss":0,"cards_upgraded":["Strike_P","Defend_P","Defend_P","Defend_P","Defend_P"]},{"damage_healed":0,"gold_gain":0,"player_choice":"Paid Fearfully","damage_taken":0,"max_hp_gain":0,"max_hp_loss":0,"event_name":"Masked Bandits","floor":21,"gold_loss":16},{"damage_healed":0,"gold_gain":0,"player_choice":"Stole Relic","damage_taken":0,"relics_obtained":["Shovel"],"max_hp_gain":0,"max_hp_loss":0,"event_name":"Addict","floor":22,"gold_loss":0,"cards_obtained":["Shame"]},{"damage_healed":0,"gold_gain":0,"player_choice":"Ignored","damage_taken":0,"max_hp_gain":0,"max_hp_loss":0,"event_name":"Vampires","floor":31,"gold_loss":0}],"is_beta":false,"boss_relics":[{"not_picked":["Tiny House","Velvet Choker"],"picked":"Astrolabe"}],"items_purged_floors":[4],"is_endless":false,"potions_floor_spawned":[1,10,12,13,18,24],"killed_by":"Champ","ascension_level":0}}