{"host":"eaiphzh066bwqdh7","time":1613920070,"event":{"mods":["AchievementEnabler","Aspiration","BaseMod","Bestiary","Better Note","Better Third Choice","Colored Powertips","Curses Come First","GifTheSpireLib","Halation","Highlight Path","Hubris","Infinite Spire","Minty Spire (QoL Compilation)","Quick Restart","Reliquary","Replay The Spire","StSLib","Stuff the Spire"],"gold_per_floor":[115,115,22,35,35,35,49,49,74,74,85,85,113,38,38,143,143,131,151,151,151],"floor_reached":20,"language":"ENG","playtime":596,"items_purged":["Defend_P"],"score":206,"play_id":"f3d4e41a-223e-4ce0-9ebf-4af8adab6992","local_time":"20210221100750","is_ascension_mode":true,"campfire_choices":[{"data":"Worship","floor":6,"key":"SMITH"},{"data":"Prostrate","floor":12,"key":"SMITH"},{"floor":15,"key":"REST"}],"circlet_count":0,"master_deck":["Strike_P","Strike_P","Strike_P","Strike_P","Defend_P","Defend_P","Defend_P","Eruption","Vigilance+1","Worship+1","Prostrate+1","Alpha","WindmillStrike","Sanctity+1"],"relics":["PureWater","NeowsBlessing","halation:EternalFortune","Replay:Towering Pillar of Hats","halation:PromiseList","reliquary:Boomerang","Tiny Chest","Ginger"],"acts_visited":["Exordium","TheCity"],"potions_floor_usage":[13,16,19,19],"damage_taken":[{"damage":0,"enemies":"Small Slimes","floor":1,"turns":1},{"damage":0,"enemies":"2 Louse","floor":4,"turns":1},{"damage":0,"enemies":"Cultist","floor":7,"turns":1},{"damage":1,"enemies":"Red Slaver","floor":11,"turns":6},{"damage":18,"enemies":"3 Sentries","floor":13,"turns":12},{"damage":47,"enemies":"The Guardian","floor":16,"turns":12},{"damage":18,"enemies":"2 Thieves","floor":18,"turns":4},{"damage":44,"enemies":"3 Byrds","floor":19,"turns":5},{"damage":18,"enemies":"Snake Plant","floor":20,"turns":2}],"seed_played":"8898594884633906799","potions_obtained":[{"floor":4,"key":"Reflective Coating"},{"floor":7,"key":"StancePotion"},{"floor":13,"key":"EssenceOfSteel"},{"floor":16,"key":"SteroidPotion"},{"floor":18,"key":"Explosive Potion"}],"is_trial":false,"path_per_floor":["M","?","?","M","$","R","M","?","T","?","M","R","E","$","R","B",null,"M","M","M"],"character_chosen":"WATCHER","items_purchased":[],"campfire_rested":1,"item_purchase_floors":[],"current_hp_per_floor":[72,75,75,75,75,75,75,75,75,69,68,68,50,50,72,25,75,57,13,0,0],"gold":151,"neow_bonus":"THREE_ENEMY_KILL","is_daily":false,"chose_seed":false,"campfire_upgraded":2,"win_rate":0.0,"timestamp":1613920070,"path_taken":["M","?","?","?","?","R","M","?","T","?","M","R","E","$","R","BOSS","M","M","M"],"items_purchased_type":[],"build_version":"2020-12-22","purchased_purges":1,"victory":false,"max_hp_per_floor":[72,75,75,75,75,75,75,75,75,75,75,75,75,75,75,75,75,75,75,75,75],"card_choices":[{"not_picked":["Perseverance","Meditate"],"picked":"Worship","floor":1},{"not_picked":["EmptyBody","Replay:Hum","FollowUp"],"picked":"SKIP","floor":4},{"not_picked":["CutThroughFate","ClearTheMind"],"picked":"Prostrate","floor":7},{"not_picked":["Replay:Cycle","Swivel","CarveReality"],"picked":"SKIP","floor":11},{"not_picked":["ReachHeaven","Replay:Vibes","Consecrate"],"picked":"SKIP","floor":13},{"not_picked":["Blasphemy","Vault"],"picked":"Alpha","floor":16},{"not_picked":["Adaptation","Halt"],"picked":"WindmillStrike","floor":18},{"not_picked":["FlurryOfBlows","FearNoEvil+1"],"picked":"Sanctity+1","floor":19}],"player_experience":341015,"relics_obtained":[{"floor":9,"key":"halation:PromiseList"},{"floor":13,"key":"Ginger"}],"event_choices":[{"damage_healed":0,"gold_gain":0,"player_choice":"Paid Gold","damage_taken":0,"relics_obtained":["Replay:Towering Pillar of Hats"],"max_hp_gain":0,"max_hp_loss":0,"event_name":"WeMeetAgain","floor":3,"gold_loss":93},{"damage_healed":0,"gold_gain":1,"player_choice":"Relic Relic ","damage_taken":6,"max_hp_gain":0,"max_hp_loss":0,"event_name":"betterThird:BetterScrap","floor":10,"gold_loss":0,"cards_obtained":["Hemogenesis"]}],"is_beta":false,"boss_relics":[{"not_picked":["halation:HeavySnake","reliquary:Craggleroot","aspiration:RitualDagger"]}],"items_purged_floors":[14],"is_endless":false,"potions_floor_spawned":[4,7,13,16,18],"killed_by":"Snake Plant","ascension_level":4}}