{"host":"ne5hixkhdtkevwwo","time":1613866937,"event":{"mods":["BaseMod","Downfall","Infinite Spire","Minty Spire (QoL Compilation)","Relic Stats","StSLib"],"gold_per_floor":[109,121,6,16,28,28,57,116,116,146,166,18,32,67,67,165,165,182,182,182,182,200,225,225,252,275,309,340,37,37,82,82,184,184,202,221,238,238,238,238,269,280,280,294,319,339,364,379,379,379,379,379,76,108,108],"floor_reached":56,"language":"ENG","playtime":2460,"items_purged":["bronze:Strike"],"score":2159,"play_id":"f8eba588-0d17-4079-9ea6-f7b47760a9ac","local_time":"20210221012217","is_ascension_mode":true,"campfire_choices":[{"data":"bronze:DigitalCarnage","floor":6.0,"key":"SMITH"},{"data":"bronze:Terminator","floor":15,"key":"SMITH"},{"data":"bronze:Philosophize","floor":24,"key":"SMITH"},{"data":"bronze:Assembly","floor":30,"key":"SMITH"},{"data":"bronze:MaxOutput","floor":32,"key":"SMITH"},{"floor":40,"key":"RECALL"},{"data":"bronze:ItsAFeature","floor":49,"key":"SMITH"},{"data":"bronze:Flail","floor":52,"key":"SMITH"}],"circlet_count":0,"master_deck":["bronze:Strike","bronze:Defend","bronze:Defend","bronze:Defend","bronze:Defend","bronze:Replicate","bronze:Goto","bronze:Frontload","bronze:WhirlingStrike","bronze:DigitalCarnage+1","bronze:Terminator+1","bronze:DelayedSlice","bronze:MaxOutput+1","bronze:Turbo","bronze:Frontload","bronze:Flail+1","bronze:Assembly+1","bronze:Flail","bronze:Return","bronze:Philosophize+1","bronze:Terminator+1","bronze:Frontload","bronze:ItsAFeature+1","bronze:BurnOut","bronze:BugBarrage+1","bronze:ChildClass+1","bronze:ForLoop+1","bronze:Frontload","bronze:Repulsor+1","bronze:BronzeArmor","bronze:Shell+1","bronze:Fortify+1","bronze:Fortify+1","bronze:MaxOutput+1","bronze:Frontload","bronze:Iterate"],"relics":["bronze:BronzeCore","Happy Flower","Sundial","Darkstone Periapt","Mercury Hourglass","Odd Mushroom","infinitespire:WardingShard","Philosopher\u0027s Stone","Anchor","Black Star","Regal Pillow","Pocketwatch","infinitespire:EmpoweringShard","bronze:ProtectiveGoggles","infinitespire:Beetle Shell","Orichalcum","Prayer Wheel","Red Mask","bronze:BronzeIdol","Cursed Key","bronze:BottledCode","Eternal Feather","Lantern","Bottled Lightning","Mummified Hand","StoneCalendar","Pen Nib","Bag of Marbles","Strawberry","Vajra","bronze:DecasWashers","Bottled Tornado"],"acts_visited":["Exordium","TheCity","TheBeyond","TheEnding"],"potions_floor_usage":[10,12,14,27,28,37,45,47,54,54,55],"damage_taken":[{"damage":6.0,"enemies":"2 Louse","floor":1.0,"turns":4.0},{"damage":10.0,"enemies":"Small Slimes","floor":2.0,"turns":4.0},{"damage":0.0,"enemies":"Cultist","floor":4.0,"turns":1.0},{"damage":0.0,"enemies":"Blue Slaver","floor":5.0,"turns":1.0},{"damage":0.0,"enemies":"Gremlin Nob","floor":7.0,"turns":2.0},{"damage":15.0,"enemies":"Lagavulin Event","floor":8.0,"turns":5.0},{"damage":10,"enemies":"Lagavulin","floor":10,"turns":4},{"damage":9,"enemies":"The Mushroom Lair","floor":11,"turns":2},{"damage":0,"enemies":"Exordium Wildlife","floor":13,"turns":4},{"damage":0,"enemies":"Gremlin Nob","floor":14,"turns":2},{"damage":11,"enemies":"The Guardian","floor":16,"turns":12},{"damage":0,"enemies":"2 Thieves","floor":18,"turns":2},{"damage":0,"enemies":"Shell Parasite","floor":22,"turns":3},{"damage":0,"enemies":"Slavers","floor":23,"turns":2},{"damage":7,"enemies":"Gremlin Leader","floor":25,"turns":3},{"damage":0,"enemies":"Book of Stabbing","floor":27,"turns":3},{"damage":0,"enemies":"Masked Bandits","floor":28,"turns":2},{"damage":3,"enemies":"Champ","floor":33,"turns":11},{"damage":0,"enemies":"3 Shapes","floor":35,"turns":2},{"damage":0,"enemies":"3 Darklings","floor":36,"turns":3},{"damage":0,"enemies":"Maw","floor":37,"turns":6},{"damage":0,"enemies":"Nemesis","floor":41,"turns":5},{"damage":3,"enemies":"Jaw Worm Horde","floor":42,"turns":2},{"damage":1,"enemies":"4 Shapes","floor":44,"turns":2},{"damage":0,"enemies":"Reptomancer","floor":45,"turns":2},{"damage":0,"enemies":"Writhing Mass","floor":46,"turns":5},{"damage":0,"enemies":"Nemesis","floor":47,"turns":3},{"damage":0,"enemies":"Sphere and 2 Shapes","floor":48,"turns":1},{"damage":0,"enemies":"Awakened One","floor":50,"turns":8},{"damage":23,"enemies":"Shield and Spear","floor":54,"turns":5},{"damage":9,"enemies":"The Heart","floor":55,"turns":7}],"seed_played":"7640904557934125738","potions_obtained":[{"floor":2.0,"key":"BlessingOfTheForge"},{"floor":5.0,"key":"Weak Potion"},{"floor":10,"key":"bronze:BurnAndBuffPotion"},{"floor":11,"key":"ColorlessPotion"},{"floor":13,"key":"Energy Potion"},{"floor":25,"key":"Energy Potion"},{"floor":33,"key":"hexamod:SoulburnPotion"},{"floor":35,"key":"SpeedPotion"},{"floor":41,"key":"Block Potion"},{"floor":44,"key":"Strength Potion"},{"floor":46,"key":"Fruit Juice"},{"floor":47,"key":"GamblersBrew"}],"is_trial":false,"path_per_floor":["M","M","$","M","M","R","E","?","T","E","?","$","M","E","R","B",null,"M","?","AVR","?","M","E","R","E","T","E","?","$","R","T","R","B",null,"M","M","M","?","?","R","E","M","T","M","E","M","E","M","R","B",null,"R","$","E","B",null],"character_chosen":"THE_AUTOMATON","items_purchased":["bronze:DigitalCarnage","bronze:Terminator","Fruit Juice","bronze:Frontload","bronze:ItsAFeature","bronze:BronzeIdol","Strawberry","Vajra"],"campfire_rested":0,"item_purchase_floors":[3,3,12,12,29,29,53,53],"current_hp_per_floor":[64,54,54,54,54,54,54,39,39,29,20,25,25,25,25,14,65,65,65,65,65,65,65,65,58,58,58,58,58,58,58,58,55,75,75,75,75,72,72,72,72,69,69,68,68,68,73,73,77,77,77,77,84,61,52],"gold":108,"neow_bonus":"TEN_PERCENT_HP_BONUS","is_daily":false,"chose_seed":false,"campfire_upgraded":7,"win_rate":0.0,"timestamp":1613866937,"path_taken":["M","M","$","M","M","R","E","?","T","E","?","$","M","E","R","BOSS","M","?","AVR","?","M","E","R","E","T","E","?","?","R","?","R","BOSS","M","M","M","?","?","R","E","M","T","M","E","M","E","?","R","BOSS","R","$","E","BOSS"],"items_purchased_type":["Card","Card","Potion","Card","Card","Relic","Relic","Relic"],"build_version":"2020-12-22","purchased_purges":1,"victory":true,"max_hp_per_floor":[77,77,77,77,77,77,77,77,77,77,77,82,82,82,82,82,82,82,82,82,82,82,82,82,82,82,82,82,82,82,82,82,82,82,82,82,82,72,72,72,72,72,72,72,72,72,77,77,77,77,77,77,84,84,84],"relic_stats":{"Darkstone Periapt":0,"Regal Pillow":0,"Happy Flower":[35],"counters":[31,118],"Eternal Feather":4,"StoneCalendar":[52],"Pen Nib":[4],"Orichalcum":[30],"Cursed Key":0,"Mercury Hourglass":[341],"Sundial":[16],"Mummified Hand":[21],"Prayer Wheel":7,"Black Star":7,"obtain_stats":[{"Darkstone Periapt":9,"Regal Pillow":23,"Lantern":41,"bronze:BronzeCore":0,"Vajra":53,"StoneCalendar":45,"Bottled Tornado":54,"Cursed Key":34,"Sundial":8,"Mummified Hand":45,"Strawberry":53,"Philosopher\u0027s Stone":17,"Prayer Wheel":27,"Red Mask":28,"Happy Flower":7,"bronze:DecasWashers":54,"Eternal Feather":39,"infinitespire:Beetle Shell":26,"Pen Nib":47,"Odd Mushroom":11,"Orichalcum":27,"Mercury Hourglass":10,"bronze:BronzeIdol":29,"bronze:BottledCode":38,"Anchor":20,"infinitespire:WardingShard":14,"bronze:ProtectiveGoggles":25,"Black Star":20,"infinitespire:EmpoweringShard":25,"Bag of Marbles":47,"Bottled Lightning":41,"Pocketwatch":23},{"Darkstone Periapt":6,"Regal Pillow":14,"Lantern":22,"bronze:BronzeCore":0,"Vajra":29,"StoneCalendar":25,"Bottled Tornado":30,"Cursed Key":18,"Sundial":5,"Mummified Hand":25,"Strawberry":29,"Philosopher\u0027s Stone":11,"Prayer Wheel":16,"Red Mask":17,"Happy Flower":5,"bronze:DecasWashers":30,"Eternal Feather":21,"infinitespire:Beetle Shell":15,"Pen Nib":27,"Odd Mushroom":8,"Orichalcum":16,"Mercury Hourglass":7,"bronze:BronzeIdol":17,"bronze:BottledCode":21,"Anchor":12,"infinitespire:WardingShard":10,"bronze:ProtectiveGoggles":15,"Black Star":12,"infinitespire:EmpoweringShard":15,"Bag of Marbles":27,"Bottled Lightning":22,"Pocketwatch":14},{"Darkstone Periapt":17,"Regal Pillow":48,"Lantern":83,"bronze:BronzeCore":0,"Vajra":106,"StoneCalendar":89,"Bottled Tornado":111,"Cursed Key":67,"Sundial":12,"Mummified Hand":89,"Strawberry":106,"Philosopher\u0027s Stone":41,"Prayer Wheel":54,"Red Mask":56,"Happy Flower":12,"bronze:DecasWashers":111,"Eternal Feather":78,"infinitespire:Beetle Shell":51,"Pen Nib":97,"Odd Mushroom":23,"Orichalcum":54,"Mercury Hourglass":21,"bronze:BronzeIdol":56,"bronze:BottledCode":78,"Anchor":43,"infinitespire:WardingShard":29,"bronze:ProtectiveGoggles":51,"Black Star":43,"infinitespire:EmpoweringShard":51,"Bag of Marbles":97,"Bottled Lightning":83,"Pocketwatch":48}],"Pocketwatch":[33]},"card_choices":[{"not_picked":["bronze:Repulsor","bronze:FollowUp"],"picked":"bronze:Frontload","floor":1.0},{"not_picked":["bronze:Shield","bronze:ItsAFeature"],"picked":"bronze:WhirlingStrike","floor":2.0},{"not_picked":["bronze:WhirlingStrike","bronze:OilSpill","bronze:ForLoop"],"picked":"SKIP","floor":4.0},{"not_picked":["bronze:Invalidate","bronze:Constructor"],"picked":"bronze:DelayedSlice","floor":5.0},{"not_picked":["bronze:DelayedSlice","bronze:Allocate","bronze:AlphaBuild"],"picked":"SKIP","floor":7.0},{"not_picked":["bronze:FineTuning","bronze:CutThrough"],"picked":"bronze:MaxOutput","floor":10},{"not_picked":["bronze:CloningBeam","bronze:Backtrace"],"picked":"bronze:Turbo","floor":11},{"not_picked":["bronze:BitShift","bronze:Mutator"],"picked":"bronze:Flail","floor":13},{"not_picked":["bronze:Turbo","bronze:Repulsor","bronze:Repair"],"picked":"SKIP","floor":14},{"not_picked":["bronze:Format","bronze:HardenedForm"],"picked":"bronze:Assembly","floor":16},{"not_picked":["bronze:WildBeam","bronze:FollowUp"],"picked":"bronze:Flail","floor":18},{"not_picked":["bronze:OilSpill+1","bronze:DarkDash","bronze:Deprecate"],"picked":"SKIP","floor":22},{"not_picked":["bronze:Refactor","bronze:Overload"],"picked":"bronze:Terminator+1","floor":23},{"not_picked":["bronze:Library","bronze:Overheat","bronze:DarkDash+1"],"picked":"SKIP","floor":25},{"not_picked":["bronze:WildBeam","bronze:Refactor","bronze:GetLatest"],"picked":"SKIP","floor":27},{"not_picked":["bronze:Deprecate","bronze:BitShift"],"picked":"bronze:Frontload","floor":28},{"not_picked":["bronze:HyperBeam","bronze:Library"],"picked":"bronze:BurnOut","floor":33},{"not_picked":["bronze:Terminator","bronze:Boost+1"],"picked":"bronze:BugBarrage+1","floor":35},{"not_picked":["bronze:BuggyMess","bronze:FineTuning+1","bronze:OilSpill+1"],"picked":"SKIP","floor":35},{"not_picked":["bronze:BuggyMess","bronze:FineTuning+1","bronze:OilSpill+1"],"picked":"SKIP","floor":35},{"not_picked":["bronze:BuggyMess+1","bronze:Invalidate+1","bronze:ChosenStrike"],"picked":"SKIP","floor":36},{"not_picked":["bronze:ForceShield","bronze:BitShift+1","bronze:Separator+1"],"picked":"SKIP","floor":36},{"not_picked":["bronze:Deprecate+1","bronze:BuggyMess+1"],"picked":"bronze:ChildClass+1","floor":37},{"not_picked":["bronze:BitShift+1","bronze:Repair+1"],"picked":"bronze:ForLoop+1","floor":37},{"not_picked":["bronze:Separator","bronze:WildBeam","bronze:ClassDefault"],"picked":"SKIP","floor":41},{"not_picked":["bronze:Return","bronze:Overheat+1"],"picked":"bronze:Frontload","floor":42},{"not_picked":["bronze:Iterate+1","bronze:WhirlingStrike+1"],"picked":"bronze:Repulsor+1","floor":42},{"not_picked":["bronze:AlphaBuild","bronze:ItsAFeature+1"],"picked":"bronze:BronzeArmor","floor":44},{"not_picked":["bronze:FollowUp","bronze:Branch+1"],"picked":"bronze:Shell+1","floor":44},{"not_picked":["bronze:WhirlingStrike","bronze:OilSpill","bronze:DelayedGuard"],"picked":"SKIP","floor":45},{"not_picked":["bronze:Turbo+1","bronze:Invalidate+1"],"picked":"bronze:Fortify+1","floor":46},{"not_picked":["bronze:DelayedSlice+1","bronze:Separator+1"],"picked":"bronze:Fortify+1","floor":46},{"not_picked":["bronze:BitShift+1","bronze:Terminator"],"picked":"bronze:MaxOutput+1","floor":47},{"not_picked":["bronze:ItsAFeature","bronze:Flail"],"picked":"bronze:Frontload","floor":48},{"not_picked":["bronze:FineTuning+1","bronze:Return","bronze:InfiniteBeams+1"],"picked":"SKIP","floor":48},{"not_picked":["bronze:Shield","bronze:DigitalCarnage+1"],"picked":"bronze:Iterate","floor":54}],"player_experience":1097203,"relics_obtained":[{"floor":7.0,"key":"Happy Flower"},{"floor":9.0,"key":"Darkstone Periapt"},{"floor":10,"key":"Mercury Hourglass"},{"floor":11,"key":"Odd Mushroom"},{"floor":14,"key":"infinitespire:WardingShard"},{"floor":23,"key":"Regal Pillow"},{"floor":23,"key":"Pocketwatch"},{"floor":25,"key":"infinitespire:EmpoweringShard"},{"floor":25,"key":"bronze:ProtectiveGoggles"},{"floor":26,"key":"infinitespire:Beetle Shell"},{"floor":27,"key":"Orichalcum"},{"floor":27,"key":"Prayer Wheel"},{"floor":28,"key":"Red Mask"},{"floor":41,"key":"Lantern"},{"floor":41,"key":"Bottled Lightning"},{"floor":45,"key":"Mummified Hand"},{"floor":45,"key":"StoneCalendar"},{"floor":47,"key":"Pen Nib"},{"floor":47,"key":"Bag of Marbles"},{"floor":54,"key":"bronze:DecasWashers"},{"floor":54,"key":"Bottled Tornado"}],"event_choices":[{"damage_healed":0.0,"max_hp_gain":0.0,"max_hp_loss":0.0,"gold_gain":0.0,"event_name":"Dead Adventurer","player_choice":"Searched \u00272\u0027 times","floor":8.0,"gold_loss":0.0,"damage_taken":0.0,"relics_obtained":["Sundial"]},{"damage_healed":0,"gold_gain":0,"player_choice":"Fought Mushrooms","damage_taken":0,"max_hp_gain":0,"max_hp_loss":0,"event_name":"Mushrooms","floor":11,"gold_loss":0},{"damage_healed":0,"gold_gain":0,"player_choice":"Ignored","damage_taken":0,"max_hp_gain":0,"max_hp_loss":0,"event_name":"Vampires","floor":19,"gold_loss":0},{"damage_healed":0,"gold_gain":0,"cards_transformed":["bronze:Strike","bronze:Strike"],"player_choice":"Became Test Subject","damage_taken":0,"max_hp_gain":0,"max_hp_loss":0,"event_name":"Drug Dealer","floor":21,"gold_loss":0,"cards_obtained":["bronze:Return","bronze:Philosophize"]},{"damage_healed":0,"gold_gain":0,"player_choice":"Fought Bandits","damage_taken":0,"max_hp_gain":0,"max_hp_loss":0,"event_name":"Masked Bandits","floor":28,"gold_loss":0},{"damage_healed":0,"gold_gain":0,"player_choice":"Gave Potion","damage_taken":0,"relics_obtained":["Eternal Feather"],"max_hp_gain":0,"max_hp_loss":0,"event_name":"WeMeetAgain","floor":39,"gold_loss":0}],"is_beta":false,"boss_relics":[{"not_picked":["Velvet Choker","Busted Crown"],"picked":"Philosopher\u0027s Stone"},{"not_picked":["bronze:ElectromagneticCoil","Runic Pyramid"],"picked":"Cursed Key"}],"items_purged_floors":[29],"is_endless":false,"potions_floor_spawned":[2,5,10,11,13,25,33,35,41,44,46,47],"ascension_level":9}}