{"host":"6rv19vytt12upadi","time":1613870335,"event":{"mods":["Ascension Reborn","BaseMod","Better Third Choice","BetterRewards","Conspire","Custom Cards and Relics","Downfall","Hermit","Infinite Spire","Jorbs\u0027s Wanderer Trilogy","Minty Spire (QoL Compilation)","Replay The Spire","Shop Mod","StSLib","The Bladedancer","The Cursed","The Disciple","The Necromancer","The Runesmith","Wandering Minibosses"],"gold_per_floor":[112,112,127,127,127,162,180,180,205,231,76,93,123,134,134,230,230,230,230],"floor_reached":18,"language":"ENG","playtime":1305,"items_purged":["Sickly"],"score":180,"play_id":"64450ed2-2d56-4a3a-b274-05331609db87","local_time":"20210221021855","is_ascension_mode":true,"campfire_choices":[{"floor":8,"key":"REST"},{"floor":15,"key":"REST"}],"circlet_count":0,"master_deck":["Strike_B","Strike_B","Strike_B+1","Strike_B","Defend_B+1","Defend_B","Defend_B","Defend_B","Zap","Dualcast","Dark Shackles","Conserve Battery","Storm","infinitespire:Gouge","Self Repair","Turbo","Capacitor","FTL","Redo","Ball Lightning","Chaos","Fission"],"relics":["Cracked Core","Bag of Preparation","infinitespire:Satchel","Solar Panel","Singing Bowl"],"acts_visited":["Exordium","TheCity"],"potions_floor_usage":[6,10,13],"damage_taken":[{"damage":2,"enemies":"Jaw Worm","floor":1,"turns":4},{"damage":0,"enemies":"Small Slimes","floor":3,"turns":5},{"damage":15,"enemies":"Gremlin Nob","floor":6,"turns":4},{"damage":3,"enemies":"2 Louse","floor":7,"turns":3},{"damage":11,"enemies":"3 Sentries","floor":10,"turns":9},{"damage":2,"enemies":"Exordium Thugs","floor":12,"turns":4},{"damage":34,"enemies":"Gremlin Nob","floor":13,"turns":4},{"damage":0,"enemies":"2 Fungi Beasts","floor":14,"turns":3},{"damage":37,"enemies":"Fading Forest","floor":16,"turns":11},{"damage":38,"enemies":"conspire:FuzzyDice","floor":18,"turns":5}],"seed_played":"-775936781693878110","potions_obtained":[{"floor":1,"key":"Adrenaline Potion"},{"floor":6,"key":"SkillPotion"},{"floor":7,"key":"LiquidBronze"},{"floor":14,"key":"Strength Potion"}],"is_trial":false,"path_per_floor":["M","?","M","?","?","E","M","R","T","E","$","M","E","M","R","B",null,"M"],"character_chosen":"DEFECT","items_purchased":["FTL"],"campfire_rested":2,"item_purchase_floors":[11],"current_hp_per_floor":[73,58,58,58,39,24,28,50,50,46,46,51,19,32,54,37,75,37,37],"gold":230,"neow_bonus":"RANDOM_COLORLESS","is_daily":false,"chose_seed":false,"campfire_upgraded":0,"win_rate":0.0,"timestamp":1613870335,"path_taken":["M","?","M","?","?","E","M","R","T","E","$","M","E","M","R","BOSS","M"],"items_purchased_type":["Card"],"build_version":"2020-12-22","purchased_purges":1,"victory":false,"max_hp_per_floor":[75,75,75,75,75,75,75,75,75,75,75,75,75,75,75,75,75,75,75],"card_choices":[{"not_picked":["PanicButton","Impatience"],"picked":"Dark Shackles","floor":0},{"not_picked":["ReplaySolidLightProjector","Gash"],"picked":"Conserve Battery","floor":1},{"not_picked":["Hologram","Undo"],"picked":"Storm","floor":3},{"not_picked":["infinitespire:NeuralNetwork","infinitespire:Menacing"],"picked":"infinitespire:Gouge","floor":5},{"not_picked":["Compile Driver","Steam Power"],"picked":"Self Repair","floor":6},{"not_picked":["Conserve Battery","Scrape"],"picked":"Turbo","floor":7},{"not_picked":["Panic Button","Cold Snap"],"picked":"Capacitor","floor":10},{"not_picked":["FTL","Darkness"],"picked":"Redo","floor":12},{"not_picked":["Compile Driver","Hello World"],"picked":"Ball Lightning","floor":13},{"not_picked":["Leap","conspire:Rain"],"picked":"Chaos","floor":14},{"not_picked":["Multi-Cast","Meteor Strike"],"picked":"Fission","floor":16}],"player_experience":228569,"relics_obtained":[{"floor":6,"key":"Bag of Preparation"},{"floor":9,"key":"infinitespire:Satchel"},{"floor":10,"key":"Solar Panel"},{"floor":13,"key":"Singing Bowl"}],"event_choices":[{"damage_healed":73,"gold_gain":0,"player_choice":"Upgrade","damage_taken":15,"max_hp_gain":0,"max_hp_loss":75,"event_name":"betterThird:BetterShining","floor":2,"gold_loss":0,"cards_upgraded":["Defend_B","Strike_B"]}],"is_beta":false,"boss_relics":[{"not_picked":["ReplayTheSpireMod:DimensionalGlitch","Runesmith:UraniumAnvil","Replay:Drink Me"]}],"items_purged_floors":[11],"is_endless":false,"potions_floor_spawned":[1,6,7,14],"killed_by":"conspire:FuzzyDice","ascension_level":0}}