{"host":"jgl9m63d23sfproq","time":1613876876,"event":{"mods":["Act Like it!","Arknights","Aspiration","BaseMod","Bossed Relics","Colored Map","Conspire","Dark Map","DeckTracker","Downfall","Hermit","Hunter ?¤H","Minty Spire (QoL Compilation)","Reliquary","Replay The Spire","Robot Space Explorer","Smile Girya","StSLib","The Bug Knight","The Cursed","The Marked","The Runesmith","The Servant 0.9.4","Wide Potions"],"gold_per_floor":[109,127,127,137,58,86,101,135,135,149,172,218,218,237,237,338,338,354,269,368,368,141,141,155,155,223,234,254,254,266,281,281,380,380,393,186,186,201,216,23,23,23,23,36,36,46,62,80,80,80,80,80,33,64,64,64],"floor_reached":55,"language":"ZHS","playtime":2639,"items_purged":["Strike_G","Strike_G"],"score":708,"play_id":"26fb7518-c589-452f-9ef5-e7eea0458444","local_time":"20210221110756","is_ascension_mode":false,"campfire_choices":[{"floor":13,"key":"RECALL"},{"floor":15,"key":"REST"},{"data":"After Image","floor":23,"key":"SMITH"},{"floor":25,"key":"REST"},{"floor":32,"key":"REST"},{"data":"Footwork","floor":42,"key":"SMITH"},{"data":"Infinite Blades","floor":49,"key":"SMITH"},{"data":"Footwork","floor":52,"key":"SMITH"}],"circlet_count":0,"master_deck":["Defend_G","Defend_G","Defend_G","Defend_G","Defend_G","Survivor","Neutralize","Blade Dance+1","Toxin Wave+1","After Image+1","Hidden Blade+1","Die Die Die","Slice","Accuracy","Poison Darts+1","Accuracy","Endless Agony","Deadly Poison+1","Hidden Blade","Slice+1","Hidden Blade+1","Adrenaline","Outmaneuver+1","Accuracy","Escape Plan","Hidden Blade","Fluid Movement+1","Footwork+1","Deflect+1","Replay:Poison Smokescreen+1","Deflect+1","Blade Dance+1","Bane+1","Footwork+1","Draining Mist+1","Infinite Blades+1","PiercingWail+1","Deflect","Backstab"],"relics":["Ring of the Snake","NeowsBlessing","Pet Ghost","conspire:Dentures","Odd Mushroom","reliquary:Buckler","Empty Cage","Lantern","Matryoshka","reliquary:WeakTea","War Paint","Honey Jar","Orrery","Orichalcum","Onion Ring","Replay:Rubber Ducky"],"acts_visited":["TheCity","TheBeyond","TheEnding"],"potions_floor_usage":[6,8,11,16,24,30,33,47,50,50,55],"damage_taken":[{"damage":0,"enemies":"Jaw Worm","floor":1,"turns":1},{"damage":0,"enemies":"Cultist","floor":2,"turns":2},{"damage":0,"enemies":"ats:Genji","floor":4,"turns":1},{"damage":0,"enemies":"Lagavulin","floor":6,"turns":3},{"damage":14,"enemies":"Exordium Wildlife","floor":7,"turns":6},{"damage":11,"enemies":"3 Sentries","floor":8,"turns":7},{"damage":0,"enemies":"3 Louse","floor":10,"turns":3},{"damage":0,"enemies":"The Mushroom Lair","floor":11,"turns":1},{"damage":7,"enemies":"conspire:2 RoseBushes","floor":14,"turns":4},{"damage":7,"enemies":"Hexaghost","floor":16,"turns":10},{"damage":11,"enemies":"Chosen","floor":18,"turns":4},{"damage":18,"enemies":"Snake Plant","floor":24,"turns":4},{"damage":4,"enemies":"Chosen and Byrds","floor":27,"turns":4},{"damage":24,"enemies":"3 Cultists","floor":28,"turns":5},{"damage":0,"enemies":"Centurion and Healer","floor":30,"turns":5},{"damage":0,"enemies":"conspire:HollyBat","floor":31,"turns":5},{"damage":49,"enemies":"Collector","floor":33,"turns":7},{"damage":4,"enemies":"3 Shapes","floor":35,"turns":5},{"damage":8,"enemies":"3 Darklings","floor":38,"turns":3},{"damage":7,"enemies":"4 Shapes","floor":39,"turns":4},{"damage":0,"enemies":"Jaw Worm Horde","floor":44,"turns":4},{"damage":0,"enemies":"Transient","floor":46,"turns":5},{"damage":0,"enemies":"Writhing Mass","floor":47,"turns":5},{"damage":0,"enemies":"Sphere and 2 Shapes","floor":48,"turns":3},{"damage":74,"enemies":"Time Eater","floor":50,"turns":10},{"damage":39,"enemies":"Shield and Spear","floor":54,"turns":6},{"damage":36,"enemies":"The Heart","floor":55,"turns":5}],"seed_played":"-8893295793725262470","potions_obtained":[{"floor":2,"key":"ColorlessPotion"},{"floor":7,"key":"Adrenaline Potion"},{"floor":10,"key":"SteroidPotion"},{"floor":11,"key":"LiquidBronze"},{"floor":14,"key":"Elixir"},{"floor":16,"key":"conspire:TimeTravelPotion"},{"floor":28,"key":"SkillPotion"},{"floor":31,"key":"bronze:BurnAndBuffPotion"},{"floor":33,"key":"Weak Potion"},{"floor":38,"key":"Languid Potion"},{"floor":44,"key":"SteroidPotion"},{"floor":46,"key":"PowerPotion"},{"floor":48,"key":"conspire:TimeTravelPotion"}],"is_trial":false,"path_per_floor":["M","M","?","M","$","E","M","E","T","M","?","T","R","M","R","B",null,"M","?","?","?","$","R","M","R","T","M","M","T","M","M","R","B",null,"M","$","?","M","M","$","?","R","T","M","?","M","M","M","R","B",null,"R","$","E","B"],"character_chosen":"THE_SILENT","items_purchased":["After Image","Accuracy","Endless Agony","Accuracy","Escape Plan","Footwork","Orrery","Deflect"],"campfire_rested":3,"item_purchase_floors":[5,22,22,36,36,40,40,53],"current_hp_per_floor":[70,70,70,70,70,70,56,45,45,45,45,45,45,38,59,52,70,59,59,59,46,46,46,43,65,65,61,37,37,37,37,59,10,75,71,71,71,63,56,56,56,56,56,56,75,75,75,75,75,15,75,75,75,36,0,0],"gold":64,"neow_bonus":"THREE_ENEMY_KILL","is_daily":false,"chose_seed":false,"campfire_upgraded":4,"win_rate":0.0,"timestamp":1613876876,"path_taken":["M","M","?","M","$","E","M","E","T","?","?","?","R","M","R","BOSS","M","?","?","?","$","R","M","R","T","M","M","?","M","M","R","BOSS","M","$","?","M","M","$","?","R","T","M","?","?","M","M","R","BOSS","R","$","E","BOSS"],"items_purchased_type":["Card","Card","Card","Card","Card","Card","Relic","Card"],"build_version":"2020-12-22","purchased_purges":2,"victory":false,"max_hp_per_floor":[70,70,70,70,70,70,70,70,70,70,70,70,70,70,70,70,70,70,70,70,75,75,75,75,75,75,75,75,75,75,75,75,75,75,75,75,75,75,75,75,75,75,75,75,75,75,75,75,75,75,75,75,75,75,75,75],"card_choices":[{"not_picked":["Quick Slash","Outmaneuver"],"picked":"Blade Dance","floor":1},{"not_picked":["Backflip","Dash","Dodge and Roll"],"picked":"SKIP","floor":2},{"not_picked":["Bane","Quick Slash"],"picked":"Toxin Wave","floor":4},{"not_picked":["Dagger Throw","PiercingWail"],"picked":"Hidden Blade","floor":6},{"not_picked":["Well Laid Plans","ReplayTheSpireMod:Exploit Weakness"],"picked":"Die Die Die","floor":7},{"not_picked":["Terror","Poisoned Stab","Bane"],"picked":"SKIP","floor":8},{"not_picked":["Bane","Acrobatics"],"picked":"Slice","floor":10},{"not_picked":["Dodge and Roll","Sucker Punch"],"picked":"Accuracy","floor":11},{"not_picked":["Riddle With Holes","Dodge and Roll","Bane"],"picked":"SKIP","floor":14},{"not_picked":["ReplayTheSpireMod:From All Sides","Phantasmal Killer"],"picked":"Poison Darts","floor":16},{"not_picked":["Backflip+1","Poisoned Stab","Dash"],"picked":"SKIP","floor":18},{"not_picked":["Backflip","Poisoned Stab"],"picked":"Deadly Poison+1","floor":24},{"not_picked":["Acrobatics","PiercingWail","ReplayTheSpireMod:Exploit Weakness"],"picked":"SKIP","floor":27},{"not_picked":["ReplayTheSpireMod:Speed Training","Reflex"],"picked":"Hidden Blade","floor":28},{"not_picked":["Dodge and Roll+1","Quick Slash+1"],"picked":"Slice+1","floor":30},{"not_picked":["Predator","Poisoned Stab"],"picked":"Hidden Blade+1","floor":31},{"not_picked":["aspiration:Lunge","Wraith Form v2"],"picked":"Adrenaline","floor":33},{"not_picked":["Quick Slash","PiercingWail","Dagger Throw"],"picked":"Outmaneuver+1","floor":35},{"not_picked":["Dash","Flying Knee+1","Dagger Throw+1"],"picked":"Hidden Blade","floor":38},{"not_picked":["Deflect+1","Night Terror","Choke+1"],"picked":"Fluid Movement+1","floor":39},{"not_picked":["Dagger Spray","Hidden Blade+1","Distraction+1"],"picked":"Deflect+1","floor":40},{"not_picked":["Slice+1","aspiration:Lunge","All Out Attack+1"],"picked":"Replay:Poison Smokescreen+1","floor":40},{"not_picked":["Backflip+1","Replay:Bag of Tricks","Unload"],"picked":"Deflect+1","floor":40},{"not_picked":["Prepared","Dodge and Roll+1","Predator+1"],"picked":"Blade Dance+1","floor":40},{"not_picked":["Dagger Throw","Bouncing Flask","Leg Sweep+1"],"picked":"Bane+1","floor":40},{"not_picked":["PiercingWail+1","Bouncing Flask","Toxin Wave"],"picked":"Footwork","floor":44},{"not_picked":["Quick Slash+1","Dodge and Roll+1","Masterful Stab"],"picked":"Draining Mist+1","floor":46},{"not_picked":["Accuracy+1","Outmaneuver+1","Quick Slash"],"picked":"Infinite Blades","floor":47},{"not_picked":["Acrobatics+1","Glass Knife","Dodge and Roll+1"],"picked":"PiercingWail+1","floor":48},{"not_picked":["Glass Knife","All Out Attack","Poison Darts"],"picked":"Backstab","floor":54}],"player_experience":38064,"relics_obtained":[{"floor":6,"key":"Pet Ghost"},{"floor":8,"key":"conspire:Dentures"},{"floor":11,"key":"Odd Mushroom"},{"floor":12,"key":"reliquary:Buckler"},{"floor":26,"key":"Matryoshka"},{"floor":29,"key":"reliquary:WeakTea"},{"floor":29,"key":"War Paint"},{"floor":43,"key":"Orichalcum"},{"floor":43,"key":"Onion Ring"},{"floor":54,"key":"Replay:Rubber Ducky"}],"event_choices":[{"damage_healed":0,"gold_gain":0,"player_choice":"Ignored","damage_taken":0,"max_hp_gain":0,"max_hp_loss":0,"event_name":"NoteForYourself","floor":3,"gold_loss":0},{"damage_healed":0,"gold_gain":0,"player_choice":"Fought Mushrooms","damage_taken":0,"max_hp_gain":0,"max_hp_loss":0,"event_name":"Mushrooms","floor":11,"gold_loss":0},{"damage_healed":0,"gold_gain":0,"player_choice":"Obtained Relic","damage_taken":0,"relics_obtained":["Lantern"],"max_hp_gain":0,"max_hp_loss":0,"event_name":"Addict","floor":19,"gold_loss":85},{"damage_healed":0,"gold_gain":99,"player_choice":"Stole From Cult","damage_taken":0,"max_hp_gain":0,"max_hp_loss":0,"event_name":"Nest","floor":20,"gold_loss":0},{"damage_healed":0,"gold_gain":0,"player_choice":"Shed Blood","damage_taken":18,"max_hp_gain":5,"max_hp_loss":0,"event_name":"Forgotten Altar","floor":21,"gold_loss":0},{"damage_healed":0,"gold_gain":0,"player_choice":"Ignored","damage_taken":0,"max_hp_gain":0,"max_hp_loss":0,"event_name":"Mysterious Sphere","floor":37,"gold_loss":0},{"cards_removed":["Strike_G"],"damage_healed":0,"gold_gain":0,"player_choice":"Removed Attack","damage_taken":0,"max_hp_gain":0,"max_hp_loss":0,"event_name":"Falling","floor":41,"gold_loss":0},{"damage_healed":19,"gold_gain":0,"player_choice":"Full Heal","damage_taken":0,"max_hp_gain":0,"max_hp_loss":0,"event_name":"Wheel of Change","floor":45,"gold_loss":0}],"is_beta":false,"boss_relics":[{"not_picked":["reliquary:Ember","Painkiller Herb"],"picked":"Empty Cage"},{"not_picked":["reliquary:KinkedSpring","aspiration:IroncladSkillbook"],"picked":"Honey Jar"}],"items_purged_floors":[22,36],"is_endless":false,"potions_floor_spawned":[2,7,10,11,14,16,28,31,33,38,44,46,48],"killed_by":"The Heart","ascension_level":0}}