{"host":"onk0sru1v5nf4gev","time":1613943017,"event":{"mods":["AchievementEnabler","BaseMod","Colored Map","Colored Powertips","Downfall","Googly Eyes","Infinite Spire","Minty Spire (QoL Compilation)","Quick Restart","Replay The Spire","StSLib","SuperFastMode","The Cursed"],"gold_per_floor":[112,112,137,150,160,160,179,203,203,156,156,156,156,156,156,252,252,272,272,290,310,310,310,325,325,379,379,46,58,77,97,97,192,192,210,210,210,228,248,248,274,234,259,271,12,12,25,36,36,36,36],"floor_reached":50,"language":"FRA","playtime":2057,"items_purged":[],"score":489,"play_id":"bfac2ec9-c5b0-4cef-94e6-a118b852eb3e","local_time":"20210221223017","is_ascension_mode":false,"campfire_choices":[{"data":"Flex","floor":6.0,"key":"SMITH"},{"data":"Flex","floor":11.0,"key":"SMITH"},{"floor":13.0,"key":"REST"},{"floor":15.0,"key":"REST"},{"data":"infinitespire:TheBestDefense","floor":23.0,"key":"SMITH"},{"data":"Apotheosis","floor":40.0,"key":"SMITH"},{"data":"Heavy Blade","floor":49.0,"key":"SMITH"}],"circlet_count":0,"master_deck":["Strike_R+1","Strike_R+1","Strike_R+1","Strike_R+1","Defend_R+1","Defend_R+1","Defend_R+1","Defend_R+1","Bash+1","Thunderclap","Seeing Red+1","Flex+1","Perfected Strike","Flex+1","Flex","Double Tap","Cleave+1","infinitespire:TheBestDefense+1","infinitespire:Fortify","Perfected Strike+1","Decay","Feed","Apotheosis+1","ReplayTheSpireMod:Muscle Training+1","Pommel Strike","Reaper","Body Slam","Inflame+1","ReplayReversal+1","Run Through+1","Intimidate+1","Rage+1","Heavy Blade+1","Pommel Strike+1"],"relics":["Black Blood","Pondfish Scales","King of Hearts","Odd Mushroom","Divine Protection","Kunai","bronze:MakeshiftBattery","Paper Frog","Happy Flower","ReplayTheSpireMod:Ninjato","Lantern","infinitespire:Magic Flask","ReplayTheSpireMod:Lightbulb","Bottled Flame","Bag of Marbles"],"acts_visited":["Exordium","TheCity","TheBeyond"],"potions_floor_usage":[50],"damage_taken":[{"damage":6.0,"enemies":"Jaw Worm","floor":1.0,"turns":3.0},{"damage":1.0,"enemies":"Cultist","floor":4.0,"turns":4.0},{"damage":2.0,"enemies":"2 Louse","floor":5.0,"turns":3.0},{"damage":13.0,"enemies":"Looter","floor":7.0,"turns":3.0},{"damage":31.0,"enemies":"The Mushroom Lair","floor":8.0,"turns":4.0},{"damage":32.0,"enemies":"Slime Boss","floor":16.0,"turns":11.0},{"damage":16.0,"enemies":"Spheric Guardian","floor":18.0,"turns":6.0},{"damage":0.0,"enemies":"Chosen","floor":20.0,"turns":4.0},{"damage":20.0,"enemies":"Snecko","floor":21.0,"turns":6.0},{"damage":7.0,"enemies":"Snake Plant","floor":24.0,"turns":4.0},{"damage":11.0,"enemies":"Sentry and Sphere","floor":29.0,"turns":3.0},{"damage":1.0,"enemies":"Centurion and Healer","floor":30.0,"turns":5.0},{"damage":0.0,"enemies":"Chosen and Byrds","floor":31.0,"turns":4.0},{"damage":63.0,"enemies":"Automaton","floor":33.0,"turns":9.0},{"damage":47.0,"enemies":"3 Darklings","floor":35.0,"turns":8.0},{"damage":0.0,"enemies":"3 Shapes","floor":38.0,"turns":3.0},{"damage":0.0,"enemies":"Transient","floor":39.0,"turns":5.0},{"damage":8.0,"enemies":"Reptomancer","floor":41.0,"turns":5.0},{"damage":0.0,"enemies":"Jaw Worm Horde","floor":44.0,"turns":4.0},{"damage":0.0,"enemies":"Maw","floor":47.0,"turns":6.0},{"damage":6.0,"enemies":"Sphere and 2 Shapes","floor":48.0,"turns":4.0},{"damage":118,"enemies":"infinitespire:MassOfShapes","floor":50,"turns":13}],"seed_played":"-4071041133193949572","potions_obtained":[{"floor":4.0,"key":"Elixir"},{"floor":7.0,"key":"Flashbang"},{"floor":8.0,"key":"Regen Potion"},{"floor":24.0,"key":"Dexterity Potion"},{"floor":29.0,"key":"Dexterity Potion"},{"floor":31.0,"key":"hexamod:SoulburnPotion"},{"floor":35.0,"key":"Dexterity Potion"},{"floor":41.0,"key":"Reflective Coating"},{"floor":48.0,"key":"Regen Potion"}],"is_trial":false,"path_per_floor":["M","?","T","M","M","R","M","?","T","$","R","?","R","T","R","B",null,"M","AVR","M","M","?","R","M","?","T","T","$","M","M","M","R_BF","B",null,"M","?","?","M","M","R","E","?","T","M","$","T","M","M","R","B"],"character_chosen":"IRONCLAD","items_purchased":["Flex","Lantern","Apotheosis","Bottled Flame"],"campfire_rested":2,"item_purchase_floors":[10,28,28,45],"current_hp_per_floor":[72,72,72,72,72,72,65,40,40,40,40,26,47,47,68,42,72,62,62,68,60,60,60,59,59,59,59,59,54,59,65,72,15,72,37,37,37,52,64,64,75,75,75,75,75,75,79,79,79,0,0],"gold":36,"neow_bonus":"ONE_RARE_RELIC","is_daily":false,"chose_seed":false,"campfire_upgraded":5,"win_rate":0.0,"timestamp":1613943017,"path_taken":["M","?","?","M","M","R","M","?","T","$","R","?","R","?","R","BOSS","M","AVR","M","M","?","R","M","?","T","?","$","M","M","M","R_BF","BOSS","M","?","?","M","?","R","E","?","T","?","?","?","M","M","R","BOSS"],"items_purchased_type":["Card","Relic","Card","Relic"],"build_version":"2020-12-22","purchased_purges":0,"victory":false,"max_hp_per_floor":[72,72,72,72,72,72,72,72,72,72,72,72,72,72,72,72,72,72,72,72,72,72,72,72,72,72,72,72,72,72,72,72,72,72,72,72,72,75,75,75,75,75,75,75,75,75,79,79,79,79,79],"card_choices":[{"not_picked":["Sword Boomerang","Shrug It Off"],"picked":"Thunderclap","floor":1.0},{"not_picked":["Evolve","Uppercut"],"picked":"Seeing Red","floor":4.0},{"not_picked":["Run Through","Clash"],"picked":"Flex","floor":5.0},{"not_picked":["ReplayTheSpireMod:LeadingStrike","Sword Boomerang"],"picked":"Perfected Strike","floor":7.0},{"not_picked":["Perfected Strike","ReplayTheSpireMod:Limb From Limb"],"picked":"Flex","floor":8.0},{"not_picked":["Juggernaut","Limit Break"],"picked":"Double Tap","floor":16.0},{"not_picked":["Body Slam+1","Thunderclap"],"picked":"Cleave+1","floor":18.0},{"not_picked":["Carnage","Flame Barrier"],"picked":"Rupture","floor":20.0},{"not_picked":["Sever Soul","Clash+1"],"picked":"Perfected Strike+1","floor":21.0},{"not_picked":["Blood for Blood","Havoc"],"picked":"Feed","floor":24.0},{"not_picked":["Battle Trance","Sever Soul"],"picked":"ReplayTheSpireMod:Muscle Training","floor":29.0},{"not_picked":["Havoc","Clothesline","ReplayTheSpireMod:Corrosion Curse+1"],"picked":"SKIP","floor":30.0},{"not_picked":["Hemokinesis+1","Feel No Pain"],"picked":"Pommel Strike","floor":31.0},{"not_picked":["Corruption","Double Tap"],"picked":"Reaper","floor":33.0},{"not_picked":["Armaments","Entrench"],"picked":"Body Slam","floor":35.0},{"not_picked":["Replay:Undeath\u0027s Touch","Sentinel"],"picked":"ReplayReversal+1","floor":38.0},{"not_picked":["Rupture","Anger"],"picked":"Run Through+1","floor":39.0},{"not_picked":["Flex","Dual Wield+1"],"picked":"Intimidate+1","floor":41.0},{"not_picked":["Life Link+1","Pommel Strike+1"],"picked":"Rage+1","floor":44.0},{"not_picked":["Metallicize","Run Through"],"picked":"Heavy Blade","floor":47.0},{"not_picked":["Corruption","ReplayTheSpireMod:Corrosion Curse+1"],"picked":"Pommel Strike+1","floor":48.0}],"player_experience":298406,"relics_obtained":[{"floor":3.0,"key":"King of Hearts"},{"floor":8.0,"key":"Odd Mushroom"},{"floor":9.0,"key":"Divine Protection"},{"floor":14.0,"key":"Kunai"},{"floor":26.0,"key":"Happy Flower"},{"floor":27.0,"key":"ReplayTheSpireMod:Ninjato"},{"floor":41.0,"key":"infinitespire:Magic Flask"},{"floor":43.0,"key":"ReplayTheSpireMod:Lightbulb"},{"floor":46.0,"key":"Bag of Marbles"}],"event_choices":[{"damage_healed":0.0,"max_hp_gain":0.0,"max_hp_loss":0.0,"gold_gain":0.0,"event_name":"Living Wall","player_choice":"Grow","floor":2.0,"gold_loss":0.0,"damage_taken":0.0,"cards_upgraded":["Bash"]},{"damage_healed":0.0,"max_hp_gain":0.0,"max_hp_loss":0.0,"gold_gain":0.0,"event_name":"Mushrooms","player_choice":"Fought Mushrooms","floor":8.0,"gold_loss":0.0,"damage_taken":0.0},{"damage_healed":0.0,"max_hp_gain":0.0,"max_hp_loss":0.0,"gold_gain":0.0,"event_name":"Shining Light","player_choice":"Entered Light","floor":12.0,"gold_loss":0.0,"damage_taken":14.0,"cards_upgraded":["Strike_R","Seeing Red"]},{"damage_healed":0.0,"max_hp_gain":0.0,"max_hp_loss":0.0,"gold_gain":0.0,"event_name":"Forgotten Altar","player_choice":"Smashed Altar","floor":22.0,"gold_loss":0.0,"damage_taken":0.0,"cards_obtained":["Decay"]},{"damage_healed":0.0,"max_hp_gain":0.0,"max_hp_loss":0.0,"gold_gain":0.0,"event_name":"Back to Basics","player_choice":"Simplicity","floor":25.0,"gold_loss":0.0,"damage_taken":0.0,"cards_upgraded":["Strike_R","Strike_R","Strike_R","Strike_R","Defend_R","Defend_R","Defend_R","Defend_R"]},{"cards_removed":["Rupture"],"damage_healed":0.0,"max_hp_gain":0.0,"max_hp_loss":0.0,"gold_gain":0.0,"event_name":"Falling","player_choice":"Removed Power","floor":36.0,"gold_loss":0.0,"damage_taken":0.0},{"damage_healed":0.0,"max_hp_gain":0.0,"max_hp_loss":0.0,"gold_gain":0.0,"cards_transformed":["Strike_R"],"event_name":"Transmorgrifier","player_choice":"Transformed","floor":37.0,"gold_loss":0.0,"damage_taken":0.0,"cards_obtained":["Inflame"]},{"damage_healed":0.0,"max_hp_gain":0.0,"max_hp_loss":0.0,"gold_gain":0.0,"event_name":"Designer","player_choice":"Upgrade","floor":42.0,"gold_loss":40.0,"damage_taken":0.0,"cards_upgraded":["Inflame"]}],"is_beta":false,"boss_relics":[{"not_picked":["Coffee Dripper","Runic Pyramid"],"picked":"bronze:MakeshiftBattery"},{"not_picked":["Tiny House","Abe\u0027s Treasure"],"picked":"Black Blood"}],"items_purged_floors":[],"is_endless":false,"potions_floor_spawned":[4,7,8,20,24,29,31,35,41,48],"killed_by":"infinitespire:MassOfShapes","ascension_level":0}}