{"host":"mwb0clku6crgv6yl","time":1613880483,"event":{"mods":["AchievementEnabler","BaseMod","Highlight Path","Minty Spire (QoL Compilation)","StSLib","The Cursed"],"gold_per_floor":[115,131,131,131,56,86,18,48,100,113,79,111,111,132,132,262,262,275,275,295,330,330,355,355,395,395,395,395,419,438,462,462,462,462],"floor_reached":33,"language":"ZHS","playtime":1281,"items_purged":["Regret"],"score":285,"play_id":"d96c3c75-7800-4b34-95f1-4b38958c2974","local_time":"20210221120803","is_ascension_mode":false,"campfire_choices":[{"floor":15.0,"key":"REST"},{"floor":24.0,"key":"REST"},{"data":"Eruption","floor":28.0,"key":"SMITH"},{"floor":32.0,"key":"REST"}],"circlet_count":0,"master_deck":["Strike_P","Strike_P+1","Strike_P","Strike_P","Defend_P","Defend_P","Defend_P","Defend_P","Eruption+1","Vigilance","BowlingBash","CutThroughFate+1","CutThroughFate","Adaptation","Devotion","LikeWater","EmptyMind","Indignation","Vault","Wallop","Fasting2","Shame","Ragnarok"],"relics":["Sozu","PreservedInsect","InkBottle","Turnip","Oddly Smooth Stone","Potion Belt","Golden Idol","Philosopher\u0027s Stone","Red Mask","Ornamental Fan","Gremlin Horn","Bag of Preparation"],"acts_visited":["Exordium","TheCity"],"potions_floor_usage":[],"damage_taken":[{"damage":0.0,"enemies":"Cultist","floor":1.0,"turns":2.0},{"damage":0.0,"enemies":"2 Louse","floor":2.0,"turns":2.0},{"damage":10.0,"enemies":"Lagavulin","floor":6.0,"turns":5.0},{"damage":1.0,"enemies":"3 Sentries","floor":8.0,"turns":4.0},{"damage":0.0,"enemies":"Small Slimes","floor":10.0,"turns":2.0},{"damage":40.0,"enemies":"Lagavulin","floor":12.0,"turns":7.0},{"damage":0.0,"enemies":"Exordium Wildlife","floor":14.0,"turns":4.0},{"damage":20.0,"enemies":"Slime Boss","floor":16.0,"turns":7.0},{"damage":0.0,"enemies":"Spheric Guardian","floor":18.0,"turns":3.0},{"damage":0.0,"enemies":"Chosen","floor":20.0,"turns":4.0},{"damage":24.0,"enemies":"Masked Bandits","floor":21.0,"turns":4.0},{"damage":4.0,"enemies":"Snecko","floor":23.0,"turns":6.0},{"damage":19.0,"enemies":"Slavers","floor":25.0,"turns":5.0},{"damage":3.0,"enemies":"Chosen and Byrds","floor":29.0,"turns":4.0},{"damage":25.0,"enemies":"Shelled Parasite and Fungi","floor":30.0,"turns":4.0},{"damage":5.0,"enemies":"Snecko","floor":31.0,"turns":4.0},{"damage":104,"enemies":"Automaton","floor":33,"turns":7}],"seed_played":"-773214942316818535","potions_obtained":[],"is_trial":false,"path_per_floor":["M","M","?","?","$","E","$","E","T","M","$","E","?","M","R","B",null,"M","?","M","?","?","M","R","E","T","?","R","M","M","M","R","B"],"character_chosen":"WATCHER","items_purchased":["Adaptation","EmptyMind"],"campfire_rested":3,"item_purchase_floors":[7,11],"current_hp_per_floor":[72,72,58,58,58,48,48,47,47,47,47,7,7,7,27,7,67,67,67,67,43,43,39,59,40,40,40,40,37,12,7,27,0,0],"gold":462,"neow_bonus":"BOSS_RELIC","is_daily":false,"chose_seed":false,"campfire_upgraded":1,"win_rate":0.0,"timestamp":1613880483,"path_taken":["M","?","?","?","?","E","?","E","T","M","$","E","?","M","R","BOSS","M","?","M","?","?","M","R","E","T","?","R","M","M","M","R","BOSS"],"items_purchased_type":["Card","Card"],"build_version":"2020-12-22","purchased_purges":1,"victory":false,"max_hp_per_floor":[72,72,72,72,72,72,72,72,72,72,72,72,67,67,67,67,67,67,67,67,67,67,67,67,67,67,67,67,67,67,67,67,67,67],"card_choices":[{"not_picked":["JustLucky","Consecrate"],"picked":"BowlingBash","floor":1.0},{"not_picked":["FollowUp","Halt"],"picked":"CutThroughFate","floor":2.0},{"not_picked":["PathToVictory","WreathOfFlame"],"picked":"CutThroughFate","floor":6.0},{"not_picked":["ClearTheMind","MentalFortress"],"picked":"Devotion","floor":8.0},{"not_picked":["CarveReality","Swivel"],"picked":"LikeWater","floor":10.0},{"not_picked":["TalkToTheHand","Nirvana","FollowUp"],"picked":"SKIP","floor":12.0},{"not_picked":["EmptyBody","BowlingBash"],"picked":"Indignation","floor":14.0},{"not_picked":["Devotion","Brilliance"],"picked":"Vault","floor":16.0},{"not_picked":["ThirdEye+1","CutThroughFate"],"picked":"Wallop","floor":18.0},{"not_picked":["Meditate+1","SandsOfTime","EmptyBody"],"picked":"SKIP","floor":20.0},{"not_picked":["Crescendo","Consecrate+1","EmptyBody"],"picked":"SKIP","floor":23.0},{"not_picked":["ForeignInfluence","Halt","CutThroughFate+1"],"picked":"SKIP","floor":25.0},{"not_picked":["Prostrate","Halt"],"picked":"Ragnarok","floor":29.0},{"not_picked":["Study","FollowUp","EmptyBody"],"picked":"SKIP","floor":30.0},{"not_picked":["EmptyFist","CutThroughFate+1","FlyingSleeves+1"],"picked":"SKIP","floor":31.0}],"player_experience":368656,"relics_obtained":[{"floor":6.0,"key":"InkBottle"},{"floor":8.0,"key":"Turnip"},{"floor":9.0,"key":"Oddly Smooth Stone"},{"floor":12.0,"key":"Potion Belt"},{"floor":21.0,"key":"Red Mask"},{"floor":25.0,"key":"Ornamental Fan"},{"floor":26.0,"key":"Gremlin Horn"}],"event_choices":[{"damage_healed":0.0,"max_hp_gain":0.0,"max_hp_loss":0.0,"gold_gain":0.0,"event_name":"Shining Light","player_choice":"Entered Light","floor":3.0,"gold_loss":0.0,"damage_taken":14.0,"cards_upgraded":["CutThroughFate","Strike_P"]},{"damage_healed":0.0,"max_hp_gain":0.0,"max_hp_loss":0.0,"gold_gain":0.0,"event_name":"Big Fish","player_choice":"Box","floor":4.0,"gold_loss":0.0,"damage_taken":0.0,"relics_obtained":["PreservedInsect"],"cards_obtained":["Regret"]},{"damage_healed":0.0,"max_hp_gain":0.0,"max_hp_loss":5.0,"gold_gain":0.0,"event_name":"Golden Idol","player_choice":"Lose Max HP","floor":13.0,"gold_loss":0.0,"damage_taken":0.0,"relics_obtained":["Golden Idol"]},{"damage_healed":0.0,"max_hp_gain":0.0,"max_hp_loss":0.0,"gold_gain":0.0,"event_name":"The Library","player_choice":"Read","floor":19.0,"gold_loss":0.0,"damage_taken":0.0,"cards_obtained":["Fasting2"]},{"damage_healed":0.0,"max_hp_gain":0.0,"max_hp_loss":0.0,"gold_gain":0.0,"event_name":"Masked Bandits","player_choice":"Fought Bandits","floor":21.0,"gold_loss":0.0,"damage_taken":0.0},{"damage_healed":0.0,"max_hp_gain":0.0,"max_hp_loss":0.0,"gold_gain":0.0,"event_name":"Vampires","player_choice":"Ignored","floor":22.0,"gold_loss":0.0,"damage_taken":0.0},{"damage_healed":0.0,"max_hp_gain":0.0,"max_hp_loss":0.0,"gold_gain":0.0,"event_name":"Addict","player_choice":"Stole Relic","floor":27.0,"gold_loss":0.0,"damage_taken":0.0,"relics_obtained":["Bag of Preparation"],"cards_obtained":["Shame"]}],"is_beta":false,"boss_relics":[{"not_picked":["Runic Dome","Busted Crown"],"picked":"Philosopher\u0027s Stone"}],"items_purged_floors":[5],"is_endless":false,"potions_floor_spawned":[10,12,14,18,23,29,30,31],"killed_by":"Automaton","ascension_level":0}}