{"host":"rm0ctv8qd8mnbkg1","time":1613923575,"event":{"mods":["Aspiration","BaseMod","Beaked The Cultist","BetterRewards","Colored Map","DNKmod","Dark Map","Defuse TimeMaze Blight","Downfall","Friendly Minions","Hubris","Marisa????????","Minty Spire (QoL Compilation)","MostiFishMod","Permanent Neow","Rare Cards Sparkle","Relic Sorter","Reliquary","Replay The Spire","RumiaBox-????????","Shade Mod","Shop Mod","Spicy Shops","Spire Arcade","StSLib","The Construct","The Servant 0.9.4","TheVacant","Wandering Minibosses","[IsaacMod]????","??????REMEMod"],"gold_per_floor":[10000,10017,10017,10017,9526,9526,9549,9584,9584,9584,9663,9136,9178,8488,8525,8702,8702,8702,8717,8773,8364,8450,8696,8723,8832,8832,8899,8908,9019,9028,8806,8895,9103,9103,9112,9181,9354,9354,9000,9048,9048,9127,8922,8963,9099,9145,9154,9214,9355,9420],"floor_reached":51,"language":"ENG","playtime":1210,"items_purged":["hubris:Lust","Regret"],"score":1286,"play_id":"740cbac5-e7bb-43b8-a072-6392cd1829ef","local_time":"20210221160615","is_ascension_mode":true,"campfire_choices":[{"data":"sneckomod:Unknown","floor":1,"key":"SMITH"}],"circlet_count":0,"master_deck":["sneckomod:Strike","sneckomod:Defend","sneckomod:Defend","sneckomod:Defend","sneckomod:TailWhip","sneckomod:SnekBite","sneckomod:Strike","sneckomod:RainOfDice","sneckomod:UnknownUncommonAttack","sneckomod:Unknown+1","Fasting2+1","sneckomod:WideSting","sneckomod:WideSting","construct:ForceCore","sneckomod:Transmogrify","sneckomod:UnknownDexterity","sneckomod:Unknown0Cost","sneckomod:UnknownX+1","sneckomod:SoulExchange","sneckomod:UnknownRarePower","sneckomod:UnknownRareAttack","sneckomod:RainOfDice","MostiFishMod:ButterFly","sneckomod:UnknownClassCONSTRUCTMOD+1","sneckomod:RainOfDice","sneckomod:RainOfDice","Replay:SS_forest_2+1","sneckomod:WideSting+1","J.A.X.","sneckomod:SoulRoll","sneckomod:SnakeSap+1","sneckomod:DiceCrush","Fasting2","construct:ShieldGenerator+1","sneckomod:UnknownUncommonPower+1","sneckomod:UnknownUncommonPower+1","sneckomod:RainOfDice+1","sneckomod:Cheat+1","sneckomod:UnknownRareAttack+1","Vault+1","sneckomod:Unknown0Cost","sneckomod:WideSting+1","ReplayUltimateDefense+1","sneckomod:RainOfDice+1","sneckomod:UnknownRarePower+1","Wish+1","sneckomod:UnknownX+1"],"relics":["sneckomod:SneckoSoul","REME_ComplimentaryCards","DaveBox","HushsDoor","HowToJump","Brimstone","ReplayTheSpireMod:CursedCoin","hubris:TinFlute","Slimebound:PreparedRelic","DollysMirror","GodSword3","Frozen Eye","Bronze Scales","reliquary:FingerTrap","Juzu Bracelet","Dream Catcher","Black Star","Replay:Bandana","TheBean","Membership Card","CeramicFish","ReplayFunnel","MutagenicStrength","ReplayTheSpireMod:TigerMarble","Golden Egg","bronze:DonusWashers","reliquary:TridentHead","reliquary:WritOfMandamus","wanderingMiniBosses:CarrionFlame","ReplayTheSpireMod:Shallot","TheBattery","GuppysTail","Boot","Quantum Egg","hubris:SphereOfDissonance","aspiration:Nostalgia","beaked:MendingPlumage","reliquary:ExpiredCoupon","Blue Doll","aspiration:Lifesprig"],"acts_visited":["Exordium","TheCity","TheBeyond"],"potions_floor_usage":[20],"damage_taken":[{"damage":0,"enemies":"Jaw Worm","floor":2,"turns":2},{"damage":0,"enemies":"downfall:FleeingMerchant","floor":5,"turns":4},{"damage":0,"enemies":"Small Slimes","floor":8,"turns":2},{"damage":0,"enemies":"Cultist","floor":9,"turns":1},{"damage":0,"enemies":"Gremlin Nob","floor":11,"turns":2},{"damage":0,"enemies":"Exordium Wildlife","floor":13,"turns":1},{"damage":0,"enemies":"downfall:LooterAlt","floor":15,"turns":1},{"damage":0,"enemies":"IC_STATUS_ARCHETYPE","floor":16,"turns":2},{"damage":0,"enemies":"Shell Parasite","floor":19,"turns":1},{"damage":0,"enemies":"downfall:LooterAlt2","floor":20,"turns":2},{"damage":0,"enemies":"Centurion and Healer","floor":22,"turns":2},{"damage":0,"enemies":"downfall:Augmenter","floor":23,"turns":2},{"damage":0,"enemies":"Hiden Room Battle","floor":25,"turns":1},{"damage":0,"enemies":"Snake Plant","floor":27,"turns":2},{"damage":0,"enemies":"Chosen and Byrds","floor":29,"turns":1},{"damage":0,"enemies":"Shelled Parasite and Fungi","floor":32,"turns":1},{"damage":0,"enemies":"WA_ARCHETYPE_CALM","floor":33,"turns":4},{"damage":0,"enemies":"3 Shapes","floor":36,"turns":1},{"damage":0,"enemies":"3 Darklings","floor":37,"turns":5},{"damage":0,"enemies":"Sphere and 2 Shapes","floor":40,"turns":1},{"damage":0,"enemies":"4 Shapes","floor":44,"turns":1},{"damage":0,"enemies":"Reptomancer","floor":45,"turns":1},{"damage":0,"enemies":"3 Darklings","floor":46,"turns":1},{"damage":0,"enemies":"Spire Growth","floor":48,"turns":2},{"damage":0,"enemies":"Transient","floor":49,"turns":6},{"damage":0,"enemies":"DF_ARCHETYPE_ORBS","floor":50,"turns":4}],"seed_played":"6395511468648162732","potions_obtained":[{"floor":0,"key":"sneckomod:DiceRollPotion"},{"floor":0,"key":"Cursed Concoction"},{"floor":13,"key":"BlessingOfTheForge"},{"floor":20,"key":"Fruit Juice"},{"floor":22,"key":"sneckomod:DiceRollPotion"}],"is_trial":false,"path_per_floor":["R","M","?","?","$","R","T","M","M","R","E","$","M","$","M","B",null,"R","M","M","$","M","?","T","?","?","M","R","M","R","$","M","B",null,"R","M","M","?","$","M","T","T","$","M","E","M","R","M","M","B",null],"character_chosen":"THE_SNECKO","items_purchased":["ReplayTheSpireMod:CursedCoin","sneckomod:UnknownUncommonAttack","Replay:Bandana","hubris:TinFlute","Slimebound:PreparedRelic","DollysMirror","Frozen Eye","Bronze Scales","reliquary:FingerTrap","sneckomod:Transmogrify","Juzu Bracelet","bronze:DecasWashers","sneckomod:UnknownDexterity","sneckomod:Unknown0Cost","Dream Catcher","sneckomod:UnknownRarePower","sneckomod:UnknownRareAttack","sneckomod:RainOfDice","TheBean","Membership Card","CeramicFish","sneckomod:RainOfDice","Replay:SS_forest_2+1","bronze:DonusWashers","reliquary:TridentHead","sneckomod:UnknownUncommonPower","sneckomod:RainOfDice","TheBattery","GuppysTail","Boot","sneckomod:WideSting","ReplayUltimateDefense","aspiration:Nostalgia","reliquary:ExpiredCoupon"],"campfire_rested":0,"item_purchase_floors":[5,5,5,5,5,5,12,12,12,12,14,14,14,14,14,17,17,17,21,21,21,21,21,31,31,31,31,39,39,39,39,39,43,43],"current_hp_per_floor":[1000,1000,1000,1000,1000,1000,1000,1000,1000,1000,1000,1000,1000,1000,1000,1000,991,991,991,996,996,996,996,996,996,996,996,996,996,996,996,996,996,996,996,996,996,996,996,996,996,996,996,996,996,996,996,996,996,996],"gold":9420,"neow_bonus":"THREE_SMALL_POTIONS","is_daily":false,"chose_seed":false,"campfire_upgraded":1,"win_rate":0.0,"timestamp":1613923575,"path_taken":["R","M","?","?","?","R","T","M","?","R","E","$","M","$","M","BOSS","R","M","M","$","M","?","T","?","?","M","R","M","R","$","M","BOSS","R","M","M","?","$","M","T","?","$","M","E","M","R","M","M","BOSS"],"items_purchased_type":["Relic","Card","Relic","Relic","Relic","Relic","Relic","Relic","Relic","Card","Relic","Relic","Card","Card","Relic","Card","Card","Card","Relic","Relic","Relic","Card","Card","Relic","Relic","Card","Card","Relic","Relic","Relic","Card","Card","Relic","Relic"],"build_version":"2020-12-22","purchased_purges":2,"victory":true,"max_hp_per_floor":[1000,1000,1000,1000,1000,1000,1000,1000,1000,1000,1000,1000,1000,1000,1000,1000,991,991,991,996,996,996,996,996,996,996,996,996,996,996,996,996,996,996,996,996,996,996,996,996,996,996,996,996,996,996,996,996,996,996],"card_choices":[{"not_picked":["sneckomod:Unknown0Cost","sneckomod:WideSting"],"picked":"sneckomod:UnknownStrength","floor":0},{"not_picked":["sneckomod:IronFang","sneckomod:UnknownBlock"],"picked":"sneckomod:Unknown1Cost","floor":2},{"not_picked":["sneckomod:SoulDraw","sneckomod:DiceCrush"],"picked":"sneckomod:RainOfDice","floor":5},{"not_picked":["sneckomod:SoulRoll","sneckomod:QuickMove"],"picked":"sneckomod:WideSting","floor":8},{"not_picked":["Bomb","sneckomod:Nope"],"picked":"sneckomod:WideSting","floor":9},{"not_picked":["sneckomod:SnekBeam","sneckomod:QuickMove"],"picked":"Bomb","floor":11},{"not_picked":["sneckomod:UnknownBoss","sneckomod:QuickBite","sneckomod:SoulDraw"],"picked":"SKIP","floor":13},{"not_picked":["sneckomod:UnknownCommonSkill","sneckomod:SoulRoll"],"picked":"sneckomod:UnknownX","floor":15},{"not_picked":["sneckomod:SerpentMind","sneckomod:UnknownBoss"],"picked":"sneckomod:SoulExchange","floor":16},{"not_picked":["sneckomod:SnekBeam+1","sneckomod:SoulDraw+1"],"picked":"sneckomod:UnknownClassCONSTRUCTMOD+1","floor":19},{"not_picked":["sneckomod:UnknownWeak+1","sneckomod:UnknownDraw","sneckomod:Unknown1Cost"],"picked":"SKIP","floor":20},{"not_picked":["sneckomod:DiceBlock+1","sneckomod:UnknownWeak"],"picked":"sneckomod:WideSting","floor":22},{"not_picked":[],"picked":"J.A.X.","floor":23},{"not_picked":["sneckomod:UnknownWeak","sneckomod:UnknownRareAttack"],"picked":"sneckomod:SnakeSap+1","floor":23},{"not_picked":["sneckomod:DiceBlock","sneckomod:UnknownCommonSkill+1"],"picked":"sneckomod:DiceCrush","floor":25},{"not_picked":["sneckomod:UnknownDraw","sneckomod:GlitteringGambit"],"picked":"sneckomod:Unknown2Cost","floor":27},{"not_picked":["sneckomod:DiceCrush","sneckomod:UnknownClassPURPLE+1","sneckomod:SoulRoll"],"picked":"SKIP","floor":29},{"not_picked":["sneckomod:SoulDraw","sneckomod:DiceCrush"],"picked":"sneckomod:Cheat","floor":32},{"not_picked":["sneckomod:DangerNoodle","sneckomod:UnknownBoss"],"picked":"sneckomod:UnknownRareAttack","floor":33},{"not_picked":["sneckomod:UnknownUncommonPower+1","sneckomod:DiceCrush","sneckomod:SoulRoll"],"picked":"SKIP","floor":36},{"not_picked":["sneckomod:MasterEye+1","sneckomod:UnendingSupply+1"],"picked":"sneckomod:Unknown0Cost","floor":37},{"not_picked":["sneckomod:IronFang","sneckomod:UnknownBlock","sneckomod:UnknownDraw"],"picked":"SKIP","floor":40},{"not_picked":["sneckomod:Unknown1Cost+1","sneckomod:QuickMove+1"],"picked":"sneckomod:RainOfDice+1","floor":44},{"not_picked":["sneckomod:UnknownUncommonAttack","sneckomod:UnknownUncommonSkill"],"picked":"sneckomod:UnknownRarePower","floor":45},{"not_picked":["sneckomod:SlitherStrike+1","sneckomod:UnknownCommonSkill+1","sneckomod:UnknownClassPURPLE+1"],"picked":"SKIP","floor":46},{"not_picked":["sneckomod:IronFang+1","sneckomod:PureSnecko+1","sneckomod:SoulRoll"],"picked":"SKIP","floor":48},{"not_picked":["sneckomod:UnknownCommonAttack","sneckomod:Unknown0Cost"],"picked":"sneckomod:UnknownX+1","floor":49}],"player_experience":397051,"relics_obtained":[{"floor":7,"key":"hubris:TenFootPole"},{"floor":11,"key":"GodSword3"},{"floor":19,"key":"Replay:Bandana"},{"floor":22,"key":"ReplayFunnel"},{"floor":23,"key":"MutagenicStrength"},{"floor":24,"key":"ReplayTheSpireMod:TigerMarble"},{"floor":25,"key":"Golden Egg"},{"floor":37,"key":"wanderingMiniBosses:CarrionFlame"},{"floor":37,"key":"ReplayTheSpireMod:Shallot"},{"floor":41,"key":"Quantum Egg"},{"floor":42,"key":"hubris:SphereOfDissonance"},{"floor":45,"key":"Blue Doll"},{"floor":45,"key":"aspiration:Lifesprig"}],"event_choices":[{"damage_healed":0,"gold_gain":0,"player_choice":"Fight","damage_taken":0,"max_hp_gain":0,"max_hp_loss":0,"event_name":"HidenRoomEvent","floor":25,"gold_loss":0}],"is_beta":false,"boss_relics":[{"not_picked":["REME_LowDesire","Runic Dome"],"picked":"Black Star"},{"not_picked":[]},{"not_picked":["EE1DDrone","Replay:Drink Me"],"picked":"reliquary:WritOfMandamus"},{"not_picked":[]}],"items_purged_floors":[5,39],"is_endless":false,"potions_floor_spawned":[8,11,13,20,22,23,29,40,45,46],"ascension_level":3}}