{"host":"mj8akmyfd5lo602f","time":1613946222,"event":{"mods":["2.2 Compatiblity","Act Like it!","BaseMod","Bestiary","BshForSts","Colored Map","Colored Powertips","Downfall","Highlight Path","Koishi","Minty Spire (QoL Compilation)","Permanent Neow","Relic Stats","StSLib","The Marked"],"gold_per_floor":[99,116,134,134,149,149,149,167,198,98,83,97,115,127,144,239,239,239,253,90,190,209,209,209,209],"floor_reached":23,"language":"ENG","playtime":2067,"items_purged":[],"score":245,"play_id":"c5008677-203b-445d-ac21-47033ecaef1e","local_time":"20210221222342","is_ascension_mode":false,"campfire_choices":[{"data":"sneckomod:WideSting","floor":1.0,"key":"SMITH"},{"data":"sneckomod:Memorize","floor":6.0,"key":"SMITH"},{"data":"sneckomod:UnknownColorless","floor":10.0,"key":"SMITH"},{"data":"sneckomod:UnknownBoss","floor":18,"key":"SMITH"}],"circlet_count":0,"master_deck":["sneckomod:Strike","sneckomod:Strike","sneckomod:Strike","sneckomod:Defend","sneckomod:Defend","sneckomod:Defend","sneckomod:Unknown","sneckomod:WideSting+1","sneckomod:SnakeSap","sneckomod:Nope+1","sneckomod:DiceBlock","sneckomod:UnknownColorless+1","sneckomod:UnknownBlock","sneckomod:UnknownExhaust","sneckomod:ImprovisedGuard","sneckomod:UnknownClassGREEN","sneckomod:UnendingSupply","sneckomod:UnknownBoss+1","Creative AI","sneckomod:CheapStock","sneckomod:UnknownBlock+1","sneckomod:MasterEye","sneckomod:UnknownClassMARKED_PURPLE_COLOR","sneckomod:SoulDraw"],"relics":["sneckomod:SneckoSoul","Eternal Feather","Ice Cream","downfall:HeartBlessingGreen","sneckomod:SneckoTalon","Omamori","MutagenicStrength"],"acts_visited":["Exordium","TheCity"],"potions_floor_usage":[23],"damage_taken":[{"damage":0.0,"enemies":"2 Louse","floor":2.0,"turns":2.0},{"damage":0.0,"enemies":"Cultist","floor":3.0,"turns":4.0},{"damage":0.0,"enemies":"Small Slimes","floor":5.0,"turns":1.0},{"damage":10.0,"enemies":"downfall:LooterAlt","floor":8.0,"turns":4.0},{"damage":40.0,"enemies":"Lagavulin","floor":9.0,"turns":7.0},{"damage":2.0,"enemies":"downfall:FleeingMerchant","floor":11.0,"turns":4.0},{"damage":3.0,"enemies":"Exordium Wildlife","floor":12.0,"turns":5.0},{"damage":12.0,"enemies":"Exordium Thugs","floor":13.0,"turns":4.0},{"damage":0.0,"enemies":"2 Fungi Beasts","floor":14.0,"turns":5.0},{"damage":9.0,"enemies":"Large Slime","floor":15.0,"turns":11.0},{"damage":0.0,"enemies":"IC_STATUS_ARCHETYPE","floor":16.0,"turns":6.0},{"damage":15,"enemies":"downfall:LooterAlt2","floor":19,"turns":5},{"damage":11,"enemies":"downfall:FleeingMerchant","floor":20,"turns":4},{"damage":44,"enemies":"downfall:Augmenter","floor":21,"turns":11},{"damage":0,"enemies":"Spheric Guardian","floor":22,"turns":4},{"damage":21,"enemies":"Snake Plant","floor":23,"turns":4}],"seed_played":"-1088472189717577778","potions_obtained":[{"floor":5.0,"key":"sneckomod:OffclassReductionPotion"},{"floor":13.0,"key":"GamblersBrew"},{"floor":14.0,"key":"DuplicationPotion"},{"floor":15.0,"key":"Energy Potion"},{"floor":21,"key":"BlessingOfTheForge"}],"is_trial":false,"path_per_floor":["R","M","M","?","M","R","T","M","E","R","$","M","M","M","M","B",null,"R","M","$","?","M","M"],"character_chosen":"THE_SNECKO","items_purchased":["Omamori"],"campfire_rested":0,"item_purchase_floors":[20],"current_hp_per_floor":[90,90,90,90,90,90,90,80,40,49,47,44,32,32,23,23,90,90,75,64,20,20,0,0,0],"gold":209,"neow_bonus":"TRANSFORM_CARD","is_daily":false,"chose_seed":false,"campfire_upgraded":4,"win_rate":0.0,"timestamp":1613946222,"path_taken":["R","M","M","?","M","R","T","M","E","R","$","M","?","?","M","BOSS","R","M","$","?","M","M"],"items_purchased_type":["Relic"],"build_version":"2020-12-22","purchased_purges":0,"victory":false,"max_hp_per_floor":[90,90,90,90,90,90,90,90,90,90,90,90,90,90,90,90,90,90,90,90,90,90,90,90,90],"relic_stats":{"counters":[16,81],"Eternal Feather":9,"obtain_stats":[{"Ice Cream":9,"Frozen Eye":21,"MutagenicStrength":21,"Eternal Feather":7,"downfall:HeartBlessingGreen":10,"Omamori":20,"sneckomod:SneckoSoul":0,"sneckomod:SneckoTalon":17},{"Ice Cream":5,"Frozen Eye":14,"MutagenicStrength":14,"Eternal Feather":3,"downfall:HeartBlessingGreen":5,"Omamori":13,"sneckomod:SneckoSoul":0,"sneckomod:SneckoTalon":11},{"Ice Cream":18,"Frozen Eye":70,"MutagenicStrength":73,"Eternal Feather":7,"downfall:HeartBlessingGreen":18,"Omamori":62,"sneckomod:SneckoSoul":0,"sneckomod:SneckoTalon":53}]},"card_choices":[{"not_picked":["sneckomod:Unknown1Cost","sneckomod:UnknownX"],"picked":"sneckomod:SnakeSap","floor":2.0},{"not_picked":["sneckomod:IronFang","sneckomod:QuickMove"],"picked":"sneckomod:Nope","floor":3.0},{"not_picked":["sneckomod:SoulDraw","sneckomod:RainOfDice"],"picked":"sneckomod:Memorize","floor":5.0},{"not_picked":["sneckomod:Nope","sneckomod:SoulRoll"],"picked":"sneckomod:DiceBlock","floor":8.0},{"not_picked":["sneckomod:UnknownBlock","sneckomod:UnknownCommonAttack"],"picked":"sneckomod:UnknownColorless","floor":9.0},{"not_picked":["sneckomod:UnknownCommonSkill","sneckomod:QuickBite"],"picked":"sneckomod:UnknownBlock","floor":11.0},{"not_picked":["sneckomod:SoulDraw","sneckomod:SoulCleanse"],"picked":"sneckomod:UnknownExhaust","floor":12.0},{"not_picked":["sneckomod:QuickMove","sneckomod:UnknownX"],"picked":"sneckomod:ImprovisedGuard","floor":13.0},{"not_picked":["sneckomod:Unknown1Cost","sneckomod:SoulRoll"],"picked":"sneckomod:UnknownClassGREEN","floor":14.0},{"not_picked":["sneckomod:SoulRoll","sneckomod:UnknownStrength"],"picked":"sneckomod:UnendingSupply","floor":15.0},{"not_picked":["sneckomod:Transmogrify","sneckomod:SoulExchange"],"picked":"sneckomod:UnknownBoss","floor":16.0},{"not_picked":["sneckomod:UnknownX","sneckomod:UnknownClassGREEN"],"picked":"sneckomod:CheapStock","floor":19},{"not_picked":["sneckomod:GlitteringGambit","sneckomod:CheapStock"],"picked":"sneckomod:UnknownBlock+1","floor":20},{"not_picked":["sneckomod:QuickMove","sneckomod:IronFang"],"picked":"sneckomod:UnknownClassMARKED_PURPLE_COLOR","floor":21},{"not_picked":["sneckomod:Nope","sneckomod:UnknownX"],"picked":"sneckomod:SoulDraw","floor":22}],"player_experience":549721,"relics_obtained":[{"floor":7.0,"key":"Eternal Feather"},{"floor":9.0,"key":"Ice Cream"},{"floor":21,"key":"MutagenicStrength"}],"event_choices":[{"damage_healed":0.0,"max_hp_gain":0.0,"max_hp_loss":0.0,"gold_gain":0.0,"event_name":"Accursed Blacksmith","player_choice":"Forge","floor":4.0,"gold_loss":0.0,"damage_taken":0.0,"cards_upgraded":["sneckomod:Nope"]}],"is_beta":false,"boss_relics":[{"not_picked":["Cursed Key","sneckomod:SneckoBoss"],"picked":"sneckomod:SneckoTalon"}],"items_purged_floors":[],"is_endless":false,"potions_floor_spawned":[5,13,14,15,21],"killed_by":"Snake Plant","ascension_level":0}}