{"host":"6nqy62k7v1jh46lb","time":1613908459,"event":{"mods":["AchievementEnabler","BaseMod","Bestiary","Block Reminder","Colored Powertips","Highlight Path","Minty Spire (QoL Compilation)","Relic Stats"],"gold_per_floor":[14,24,24,24,42,42,75,90,90,123,123,154,154,5,5,104,104,117,132,151,251,251,251],"floor_reached":22,"language":"ENG","playtime":2161,"items_purged":[],"score":239,"play_id":"fc5b45ec-6af7-4ab8-9e7b-d820a6acb730","local_time":"20210221125419","is_ascension_mode":true,"campfire_choices":[{"floor":6.0,"key":"RECALL"},{"floor":11.0,"key":"REST"},{"floor":13.0,"key":"REST"},{"data":"Body Slam","floor":15.0,"key":"SMITH"}],"circlet_count":0,"master_deck":["Strike_R","Strike_R","Strike_R","Strike_R","Strike_R","Defend_R","Defend_R","Defend_R","Defend_R","Bash","Searing Blow+1","Whirlwind","Flex+1","Body Slam+1","Inflame","Shrug It Off+1","Reaper","Feel No Pain","Warcry+1","Ghostly Armor+1"],"relics":["Burning Blood","Toxic Egg 2","Potion Belt","Matryoshka","Toy Ornithopter","Medical Kit","Snecko Eye"],"acts_visited":["Exordium","TheCity"],"potions_floor_usage":[22],"damage_taken":[{"damage":11.0,"enemies":"Jaw Worm","floor":1.0,"turns":6.0},{"damage":12.0,"enemies":"Small Slimes","floor":2.0,"turns":5.0},{"damage":1.0,"enemies":"Cultist","floor":5.0,"turns":4.0},{"damage":17.0,"enemies":"3 Sentries","floor":7.0,"turns":4.0},{"damage":13.0,"enemies":"Red Slaver","floor":8.0,"turns":3.0},{"damage":34.0,"enemies":"Gremlin Nob","floor":10.0,"turns":5.0},{"damage":26.0,"enemies":"3 Sentries","floor":12.0,"turns":7.0},{"damage":58.0,"enemies":"Hexaghost","floor":16.0,"turns":13.0},{"damage":25.0,"enemies":"Shell Parasite","floor":18.0,"turns":6.0},{"damage":28.0,"enemies":"3 Byrds","floor":19.0,"turns":6.0},{"damage":43.0,"enemies":"Snake Plant","floor":20.0,"turns":6.0},{"damage":46,"enemies":"Sentry and Sphere","floor":22,"turns":7}],"seed_played":"-5265463227819169912","potions_obtained":[{"floor":5.0,"key":"Energy Potion"},{"floor":8.0,"key":"SpeedPotion"},{"floor":12.0,"key":"SpeedPotion"},{"floor":16.0,"key":"Strength Potion"},{"floor":18.0,"key":"Energy Potion"}],"is_trial":false,"path_per_floor":["M","M","?","?","M","R","E","M","T","E","R","E","R","$","R","B",null,"M","M","M","?","M"],"character_chosen":"IRONCLAD","items_purchased":["Medical Kit"],"campfire_rested":2,"item_purchase_floors":[14],"current_hp_per_floor":[91,85,85,85,90,90,79,72,72,44,72,52,80,80,80,33,96,80,72,35,35,0,0],"gold":251,"neow_bonus":"TWENTY_PERCENT_HP_BONUS","is_daily":false,"chose_seed":false,"campfire_upgraded":1,"win_rate":0.0,"timestamp":1613908459,"path_taken":["M","M","?","?","M","R","E","?","T","E","R","E","R","?","R","BOSS","M","M","M","?","M"],"items_purchased_type":["Relic"],"build_version":"2020-12-22","purchased_purges":0,"victory":false,"max_hp_per_floor":[96,96,96,96,96,96,96,96,96,96,96,96,96,96,96,96,96,96,96,96,96,96,96],"relic_stats":{"counters":[12,72],"Snecko Eye":[43,43,44,39],"Medical Kit":[8],"obtain_stats":[{"Potion Belt":7,"Matryoshka":10,"Snecko Eye":17,"Toxic Egg 2":4,"Medical Kit":14,"Burning Blood":0,"Toy Ornithopter":12},{"Potion Belt":4,"Matryoshka":6,"Snecko Eye":8,"Toxic Egg 2":2,"Medical Kit":7,"Burning Blood":0,"Toy Ornithopter":7},{"Potion Belt":19,"Matryoshka":27,"Snecko Eye":47,"Toxic Egg 2":11,"Medical Kit":34,"Burning Blood":0,"Toy Ornithopter":34}],"Burning Blood":66,"Toy Ornithopter":15},"card_choices":[{"not_picked":["Shrug It Off","Twin Strike"],"picked":"Sentinel","floor":1.0},{"not_picked":["Cleave","Combust"],"picked":"Searing Blow","floor":2.0},{"not_picked":["Intimidate+1","Feel No Pain"],"picked":"Whirlwind","floor":5.0},{"not_picked":["Sword Boomerang","Cleave"],"picked":"Flex+1","floor":7.0},{"not_picked":["Wild Strike","Clash"],"picked":"Body Slam","floor":8.0},{"not_picked":["Shockwave+1","Clothesline"],"picked":"Inflame","floor":10.0},{"not_picked":["Offering+1","Iron Wave"],"picked":"Shrug It Off+1","floor":12.0},{"not_picked":["Corruption","Offering+1"],"picked":"Reaper","floor":16.0},{"not_picked":["Ghostly Armor+1","Flex+1"],"picked":"Feel No Pain","floor":18.0},{"not_picked":["Body Slam+1","Flex+1"],"picked":"Warcry+1","floor":19.0},{"not_picked":["Headbutt+1","Sword Boomerang"],"picked":"Ghostly Armor+1","floor":20.0}],"player_experience":225450,"relics_obtained":[{"floor":7.0,"key":"Potion Belt"},{"floor":10.0,"key":"Matryoshka"},{"floor":12.0,"key":"Toy Ornithopter"}],"event_choices":[{"damage_healed":0.0,"max_hp_gain":0.0,"max_hp_loss":0.0,"gold_gain":0.0,"event_name":"Living Wall","player_choice":"Grow","floor":3.0,"gold_loss":0.0,"damage_taken":0.0,"cards_upgraded":["Searing Blow"]},{"cards_removed":["Sentinel"],"damage_healed":0.0,"max_hp_gain":0.0,"max_hp_loss":0.0,"gold_gain":0.0,"event_name":"WeMeetAgain","player_choice":"Gave Card","floor":4.0,"gold_loss":0.0,"damage_taken":0.0,"relics_obtained":["Toxic Egg 2"]},{"damage_healed":0.0,"max_hp_gain":0.0,"max_hp_loss":0.0,"gold_gain":100.0,"event_name":"Golden Shrine","player_choice":"Pray","floor":21.0,"gold_loss":0.0,"damage_taken":0.0}],"is_beta":false,"boss_relics":[{"not_picked":["SacredBark","Cursed Key"],"picked":"Snecko Eye"}],"items_purged_floors":[],"is_endless":false,"potions_floor_spawned":[5,8,12,16,18],"killed_by":"Sentry and Sphere","ascension_level":1}}