{"host":"zdcz0a6aak4rnx0s","time":1613882609,"event":{"mods":["AchievementEnabler","BaseMod","Colored Map","Colored Powertips","Minty Spire (QoL Compilation)","StSLib"],"gold_per_floor":[109,109,34,34,34,69,69,104,104,104,126,126,136,42,42,115,115,128,53,53,69,88,88,99,109,109,125,125,125],"floor_reached":28,"language":"ENG","playtime":1446,"items_purged":["Strike_R"],"score":524,"play_id":"ce0b1460-5a39-4ae9-81d8-1294f5c4d811","local_time":"20210220224329","is_ascension_mode":true,"campfire_choices":[{"data":"Combust","floor":7,"key":"SMITH"},{"data":"Defend_R","floor":10,"key":"SMITH"},{"data":"Defend_R","floor":12,"key":"SMITH"},{"data":"Blind","floor":15,"key":"SMITH"},{"floor":23,"key":"REST"}],"circlet_count":0,"master_deck":["AscendersBane","Strike_R","Strike_R","Defend_R","Defend_R","Defend_R+1","Defend_R+1","Bash","Dropkick","Combust+1","Thunderclap","Headbutt","Blind+1","Limit Break","Heavy Blade"],"relics":["Burning Blood","Pear","Darkstone Periapt","Mummified Hand","Eternal Feather","Odd Mushroom","Busted Crown","Nloth\u0027s Gift","Du-Vu Doll"],"acts_visited":["Exordium","TheCity"],"potions_floor_usage":[16,16,22,22,27],"damage_taken":[{"damage":0,"enemies":"Jaw Worm","floor":1,"turns":1},{"damage":0,"enemies":"Gremlin Nob","floor":6,"turns":1},{"damage":0,"enemies":"Lagavulin","floor":8,"turns":1},{"damage":19,"enemies":"The Mushroom Lair","floor":11,"turns":3},{"damage":7,"enemies":"2 Louse","floor":13,"turns":4},{"damage":26,"enemies":"Slime Boss","floor":16,"turns":8},{"damage":38,"enemies":"Spheric Guardian","floor":18,"turns":6},{"damage":13,"enemies":"3 Byrds","floor":21,"turns":5},{"damage":25,"enemies":"Centurion and Healer","floor":22,"turns":6},{"damage":6,"enemies":"3 Cultists","floor":24,"turns":5},{"damage":39,"enemies":"Chosen and Byrds","floor":25,"turns":6},{"damage":21,"enemies":"Snecko","floor":27,"turns":4},{"damage":21,"enemies":"Shelled Parasite and Fungi","floor":28,"turns":1}],"seed_played":"3307451626959095832","potions_obtained":[{"floor":6,"key":"SteroidPotion"},{"floor":13,"key":"Dexterity Potion"},{"floor":18,"key":"DuplicationPotion"},{"floor":21,"key":"DistilledChaos"},{"floor":24,"key":"FearPotion"},{"floor":25,"key":"LiquidBronze"}],"is_trial":false,"path_per_floor":["M","?","$","?","?","E","R","E","T","R","?","R","M","$","R","B",null,"M","?","?","M","M","R","M","M","T","M","M"],"character_chosen":"IRONCLAD","items_purchased":["Blind"],"campfire_rested":1,"item_purchase_floors":[14],"current_hp_per_floor":[74,49,49,49,77,83,83,85,85,85,72,78,77,77,83,63,80,48,48,48,41,22,56,56,23,23,8,0,0],"gold":125,"neow_bonus":"THREE_ENEMY_KILL","is_daily":false,"chose_seed":false,"campfire_upgraded":4,"win_rate":0.0,"timestamp":1613882609,"path_taken":["M","?","$","?","?","E","R","E","T","R","?","R","?","?","R","BOSS","M","?","?","M","M","R","?","M","T","?","M"],"items_purchased_type":["Card"],"build_version":"2020-12-22","purchased_purges":1,"victory":false,"max_hp_per_floor":[75,85,85,85,85,85,85,85,85,85,85,85,85,85,85,85,85,85,85,85,85,85,85,85,85,85,85,85,85],"card_choices":[{"not_picked":["Flex","Fire Breathing","Warcry"],"picked":"SKIP","floor":1},{"not_picked":["Pommel Strike","Clothesline"],"picked":"Combust","floor":6},{"not_picked":["Warcry","Sever Soul","Rage"],"picked":"SKIP","floor":8},{"not_picked":["Havoc","Armaments"],"picked":"Thunderclap","floor":11},{"not_picked":["Sword Boomerang","Rage"],"picked":"Headbutt","floor":13},{"not_picked":["Double Tap","Bludgeon"],"picked":"Limit Break","floor":16},{"not_picked":[],"picked":"Heavy Blade","floor":18},{"not_picked":["Heavy Blade"],"picked":"SKIP","floor":21},{"not_picked":["Wild Strike"],"picked":"SKIP","floor":22},{"not_picked":["Infernal Blade"],"picked":"SKIP","floor":24},{"not_picked":["Wild Strike"],"picked":"SKIP","floor":25},{"not_picked":["Clothesline"],"picked":"SKIP","floor":27}],"player_experience":1050577,"relics_obtained":[{"floor":6,"key":"Darkstone Periapt"},{"floor":8,"key":"Mummified Hand"},{"floor":9,"key":"Eternal Feather"},{"floor":11,"key":"Odd Mushroom"},{"floor":26,"key":"Du-Vu Doll"}],"event_choices":[{"damage_healed":0,"gold_gain":0,"player_choice":"Success","damage_taken":35,"relics_obtained":["Pear"],"max_hp_gain":0,"max_hp_loss":0,"event_name":"Scrap Ooze","floor":2,"gold_loss":0},{"damage_healed":0,"gold_gain":0,"cards_transformed":["Strike_R"],"player_choice":"Change","damage_taken":0,"max_hp_gain":0,"max_hp_loss":0,"event_name":"Living Wall","floor":4,"gold_loss":0,"cards_obtained":["Dropkick"]},{"damage_healed":28,"gold_gain":0,"player_choice":"Banana","damage_taken":0,"max_hp_gain":0,"max_hp_loss":0,"event_name":"Big Fish","floor":5,"gold_loss":0},{"damage_healed":0,"gold_gain":0,"player_choice":"Fought Mushrooms","damage_taken":0,"max_hp_gain":0,"max_hp_loss":0,"event_name":"Mushrooms","floor":11,"gold_loss":0},{"cards_removed":["Strike_R"],"damage_healed":0,"gold_gain":0,"player_choice":"Gave Gold","damage_taken":0,"max_hp_gain":0,"max_hp_loss":0,"event_name":"Beggar","floor":19,"gold_loss":75},{"damage_healed":0,"gold_gain":0,"player_choice":"Traded Relic","damage_taken":0,"relics_obtained":["Nloth\u0027s Gift"],"max_hp_gain":0,"max_hp_loss":0,"event_name":"N\u0027loth","floor":20,"relics_lost":["NeowsBlessing"],"gold_loss":0}],"is_beta":false,"boss_relics":[{"not_picked":["Runic Dome","Black Star"],"picked":"Busted Crown"}],"items_purged_floors":[3],"is_endless":false,"potions_floor_spawned":[6,13,18,21,24,25],"killed_by":"Shelled Parasite and Fungi","ascension_level":18}}