{"host":"22njw49i2r7r2wa8","time":1613890557,"event":{"mods":["2.2 Compatiblity","BaseMod","Colored Map","Minty Spire (QoL Compilation)"],"gold_per_floor":[114,131,131,147,46,74,86,128,163,175,187,262,292,304,316,451,463,495,532,619,649,586,634,299,322,322,345,366,366,386,399,399,399,399],"floor_reached":33,"language":"ENG","playtime":3616,"items_purged":["Strike_G","Strike_G"],"score":363,"play_id":"149f505b-9397-484c-958d-9f6d38c4d85c","local_time":"20210220225557","is_ascension_mode":true,"campfire_choices":[{"data":"Prepared","floor":7,"key":"SMITH"},{"data":"Terror","floor":10,"key":"SMITH"},{"floor":15,"key":"REST"},{"floor":29,"key":"REST"},{"data":"Phantasmal Killer","floor":32,"key":"SMITH"}],"circlet_count":0,"master_deck":["Strike_G","Strike_G","Defend_G","Defend_G","Defend_G+1","Defend_G","Survivor","Neutralize+1","Blade Dance","Terror+1","Blade Dance","Prepared+1","Choke","Footwork","Phantasmal Killer+1","Footwork+1","Backstab","Finisher+1"],"relics":["Ring of the Snake","NeowsBlessing","MawBank","Potion Belt","Happy Flower","Golden Idol","Busted Crown","Incense Burner","Akabeko","Strawberry"],"acts_visited":["Exordium","TheCity"],"potions_floor_usage":[6,16,21,23,23,25,25,31,33],"damage_taken":[{"damage":0,"enemies":"Small Slimes","floor":1,"turns":1},{"damage":0,"enemies":"Jaw Worm","floor":2,"turns":1},{"damage":0,"enemies":"Cultist","floor":4,"turns":1},{"damage":15,"enemies":"Lagavulin","floor":6,"turns":6},{"damage":19,"enemies":"3 Sentries","floor":8,"turns":11},{"damage":0,"enemies":"2 Fungi Beasts","floor":13,"turns":2},{"damage":14,"enemies":"The Guardian","floor":16,"turns":10},{"damage":0,"enemies":"3 Byrds","floor":18,"turns":3},{"damage":10,"enemies":"Spheric Guardian","floor":19,"turns":4},{"damage":3,"enemies":"Snecko","floor":21,"turns":3},{"damage":21,"enemies":"Gremlin Leader","floor":23,"turns":7},{"damage":0,"enemies":"Sentry and Sphere","floor":25,"turns":3},{"damage":10,"enemies":"Centurion and Healer","floor":27,"turns":5},{"damage":0,"enemies":"3 Cultists","floor":28,"turns":4},{"damage":0,"enemies":"Chosen and Byrds","floor":30,"turns":3},{"damage":3,"enemies":"Shelled Parasite and Fungi","floor":31,"turns":4},{"damage":47,"enemies":"Champ","floor":33,"turns":6}],"seed_played":"-5327539133268803194","potions_obtained":[{"floor":2,"key":"Strength Potion"},{"floor":8,"key":"SneckoOil"},{"floor":16,"key":"CultistPotion"},{"floor":19,"key":"SteroidPotion"},{"floor":21,"key":"SkillPotion"},{"floor":27,"key":"Energy Potion"},{"floor":28,"key":"SkillPotion"}],"is_trial":false,"path_per_floor":["M","M","?","M","$","E","R","E","T","R","?","?","M","?","R","B",null,"M","M","?","M","?","E","$","M","T","M","M","R","M","M","R","B"],"character_chosen":"THE_SILENT","items_purchased":["Blade Dance","SteroidPotion","Akabeko","Fire Potion"],"campfire_rested":2,"item_purchase_floors":[5,24,24,24],"current_hp_per_floor":[63,63,49,49,49,34,34,15,15,15,15,15,15,15,34,20,54,54,44,38,35,35,14,14,14,21,11,11,32,32,29,29,0,0],"gold":399,"neow_bonus":"THREE_ENEMY_KILL","is_daily":false,"chose_seed":false,"campfire_upgraded":3,"win_rate":0.0,"timestamp":1613890557,"path_taken":["M","M","?","M","?","E","R","E","T","R","?","?","M","?","R","BOSS","M","?","?","?","?","E","$","M","T","M","M","R","M","M","R","BOSS"],"items_purchased_type":["Card","Potion","Relic","Potion"],"build_version":"2020-12-22","purchased_purges":2,"victory":false,"max_hp_per_floor":[70,70,70,70,70,70,70,70,70,70,65,65,65,65,65,65,65,65,65,65,65,65,65,65,65,72,72,72,72,72,72,72,72,72],"card_choices":[{"not_picked":["PiercingWail","Eviscerate"],"picked":"Blade Dance","floor":1},{"not_picked":["PiercingWail","Expertise"],"picked":"Terror","floor":2},{"not_picked":["PiercingWail","Outmaneuver","Flechettes"],"picked":"SKIP","floor":4},{"not_picked":["Backflip","Slice"],"picked":"Prepared","floor":6},{"not_picked":["Burst","Concentrate"],"picked":"Choke","floor":8},{"not_picked":["Sucker Punch","Poisoned Stab","Masterful Stab"],"picked":"SKIP","floor":13},{"not_picked":["Corpse Explosion","Malaise"],"picked":"Phantasmal Killer","floor":16},{"not_picked":["Concentrate"],"picked":"SKIP","floor":18},{"not_picked":[],"picked":"Footwork+1","floor":19},{"not_picked":["Poisoned Stab"],"picked":"SKIP","floor":21},{"not_picked":[],"picked":"Backstab","floor":23},{"not_picked":["Flying Knee+1"],"picked":"SKIP","floor":25},{"not_picked":[],"picked":"Finisher+1","floor":27},{"not_picked":["Quick Slash"],"picked":"SKIP","floor":28},{"not_picked":["Backflip"],"picked":"SKIP","floor":30},{"not_picked":["Footwork"],"picked":"SKIP","floor":31}],"player_experience":513167,"relics_obtained":[{"floor":6,"key":"MawBank"},{"floor":8,"key":"Potion Belt"},{"floor":9,"key":"Happy Flower"},{"floor":23,"key":"Incense Burner"},{"floor":26,"key":"Strawberry"}],"event_choices":[{"damage_healed":0,"gold_gain":0,"player_choice":"Entered Light","damage_taken":14,"max_hp_gain":0,"max_hp_loss":0,"event_name":"Shining Light","floor":3,"gold_loss":0,"cards_upgraded":["Defend_G","Neutralize"]},{"damage_healed":0,"gold_gain":0,"player_choice":"Lose Max HP","damage_taken":0,"relics_obtained":["Golden Idol"],"max_hp_gain":0,"max_hp_loss":5,"event_name":"Golden Idol","floor":11,"gold_loss":0},{"damage_healed":0,"gold_gain":63,"player_choice":"Gained Gold","damage_taken":0,"max_hp_gain":0,"max_hp_loss":0,"event_name":"Golden Wing","floor":12,"gold_loss":0},{"damage_healed":0,"gold_gain":0,"cards_transformed":["Defend_G"],"player_choice":"Transformed","damage_taken":0,"max_hp_gain":0,"max_hp_loss":0,"event_name":"Transmorgrifier","floor":14,"gold_loss":0,"cards_obtained":["Footwork"]},{"damage_healed":0,"gold_gain":75,"player_choice":"Touch","damage_taken":6,"max_hp_gain":0,"max_hp_loss":0,"event_name":"FaceTrader","floor":20,"gold_loss":0},{"cards_removed":["Strike_G"],"damage_healed":0,"gold_gain":0,"player_choice":"Gave Gold","damage_taken":0,"max_hp_gain":0,"max_hp_loss":0,"event_name":"Beggar","floor":22,"gold_loss":75}],"is_beta":false,"boss_relics":[{"not_picked":["Empty Cage","HoveringKite"],"picked":"Busted Crown"}],"items_purged_floors":[5,24],"is_endless":false,"potions_floor_spawned":[2,8,16,19,21,27,28],"killed_by":"Champ","ascension_level":6}}