{"host":"s0nrlal5fls38heo","time":1613872732,"event":{"mods":["AchievementEnabler","BaseMod","Colored Powertips","Dark Map","Displayed Cursed Tome","Downfall","Faster Ascension Climbing","GifTheSpireLib","Minty Spire (QoL Compilation)","Permanent Neow","Rare Cards Sparkle","Relic Filter Mod","StSLib"],"gold_per_floor":[99,111,125,125,140,170,197,207,282,282,282,282],"floor_reached":10,"language":"ENG","playtime":423,"items_purged":[],"score":112,"play_id":"e0b9d947-1f57-4df6-bc51-d1f5feace5e8","local_time":"20210221025852","is_ascension_mode":true,"campfire_choices":[{"data":"Guardian:TwinSlam","floor":1.0,"key":"SMITH"}],"circlet_count":0,"master_deck":["AscendersBane","Guardian:Strike_Guardian","Guardian:Defend_Guardian","Guardian:Defend_Guardian","Guardian:Defend_Guardian","Guardian:Defend_Guardian","Guardian:CurlUp","Guardian:TwinSlam+1","Guardian:ExploitGems","Guardian:BronzeArmor","Guardian:Gem_Synthetic","Guardian:DonusPower","Guardian:FuturePlans","Decay","Guardian:RevengeProtocol","Guardian:ShieldCharger","Guardian:BronzeOrb","Guardian:TemporalShield"],"relics":["Guardian:ModeShifter","Toy Ornithopter","Bag of Preparation"],"acts_visited":["Exordium"],"potions_floor_usage":[10],"damage_taken":[{"damage":2.0,"enemies":"Small Slimes","floor":2.0,"turns":3.0},{"damage":0.0,"enemies":"Cultist","floor":3.0,"turns":3.0},{"damage":4.0,"enemies":"Jaw Worm","floor":5.0,"turns":5.0},{"damage":20.0,"enemies":"Gremlin Nob","floor":6.0,"turns":5.0},{"damage":14.0,"enemies":"Gremlin Gang","floor":8.0,"turns":6.0},{"damage":4,"enemies":"3 Sentries","floor":10,"turns":9}],"seed_played":"-1545794184963260695","potions_obtained":[{"floor":2.0,"key":"PowerPotion"},{"floor":3.0,"key":"DistilledChaos"},{"floor":9,"key":"downfall:CursedFountainPotion"}],"is_trial":false,"path_per_floor":["R","M","M","?","M","E","T","M","?","E"],"character_chosen":"GUARDIAN","items_purchased":[],"campfire_rested":0,"item_purchase_floors":[],"current_hp_per_floor":[72,70,70,70,66,46,46,32,32,33,33,33],"gold":282,"neow_bonus":"ONE_RANDOM_RARE_CARD","is_daily":false,"chose_seed":false,"campfire_upgraded":1,"win_rate":0.0,"timestamp":1613872732,"path_taken":["R","M","M","?","?","E","T","M","?","E"],"items_purchased_type":[],"build_version":"2020-12-22","purchased_purges":0,"victory":false,"max_hp_per_floor":[80,80,80,80,80,80,80,80,80,80,80,80],"card_choices":[{"not_picked":["Guardian:VentSteam","Guardian:SpikerProtocol"],"picked":"Guardian:BronzeArmor","floor":2.0},{"not_picked":["Guardian:TemporalShield","Guardian:PiercingHide"],"picked":"Guardian:Gem_Synthetic","floor":3.0},{"not_picked":["Guardian:PrimingBeam","Guardian:Gem_Green"],"picked":"Guardian:ShieldCharger","floor":5.0},{"not_picked":["Guardian:HyperBeam_Guardian","Guardian:Incinerate"],"picked":"Guardian:BronzeOrb","floor":6.0},{"not_picked":["Guardian:Gem_Green","Guardian:Preprogram"],"picked":"Guardian:TemporalShield","floor":8.0}],"player_experience":53577,"relics_obtained":[{"floor":6.0,"key":"Toy Ornithopter"},{"floor":7.0,"key":"Bag of Preparation"}],"event_choices":[],"is_beta":false,"boss_relics":[],"items_purged_floors":[],"is_endless":false,"potions_floor_spawned":[2,3,8],"killed_by":"3 Sentries","ascension_level":13}}