{"host":"xnjcin1g6gswdgtt","time":1613871017,"event":{"mods":["2.2 Compatiblity","Act Like it!","BaseMod","Beaked The Cultist","Better Altar","Better Match","Better Note","Better Sensory Stone","Better Skull","Better Third Choice","BetterRewards","Card Forge","ChefMod","Conspire","Downfall","Duelist Mod","Elementarium","Gremlin Mod","GungeonMod","Hermit","Hero for Fun","Hubris","Jedi Mod","JesterMod","Marked Mod","Menagerie","Minty Spire (QoL Compilation)","QueenMod","Quick Restart","Relic Stats","Reliquary","Robot Space Explorer","Shade Mod","Shop Mod","Spicy Shops","StSLib","The Blue Laboratory","The Construct","The Cursed","The Death Knight","The Disciple","The Dragon Tamer","The Forsaken","The Hierophant","The Marked","The Poker Player","The Runesmith","The Servant 0.9.4","TheVacant","Yuri Mod"],"gold_per_floor":[20,35,55,67,77,109,124,124,124,134,163,163,198,209,209,314,314,333,348,360,360,376,409,169,184,184,195,213,223,253,267,267,362,362,380,391,407,427,427,427,452,462,511,546,546,562,607,620,620,620],"floor_reached":51,"language":"ENG","playtime":2858,"items_purged":[],"score":1233,"play_id":"4f03157d-587a-479e-9eaf-90a970baf49c","local_time":"20210220193017","is_ascension_mode":false,"campfire_choices":[{"floor":15,"key":"REST"},{"floor":32,"key":"REST"},{"floor":40,"key":"REST"},{"floor":45,"key":"REST"},{"floor":49,"key":"REST"}],"circlet_count":0,"master_deck":["Strike_Y+1","Defend_Y+1","Hip_Strike+1","Do_Nothing+1","Wear_Disguise+1","Slap+1","Serious_Punch+1","Hop+1","Side_Hop+1","Ignore+1","Normal_Punch+1","Get_Hopes_Up+1","Consecutive_Normal_Punch+1","Serious_Side_Hops+1","hubris:DuctTapeCard+4","Serious_Punch+1"],"relics":["Cape","Hammer of Thor","Seething Fire","Anvil of the Gods","DemoMod:GlassGuonStoneRelic","DemoMod:OrangeGuonStone","Pen Nib","hubris:MysteriousPyramids","hubris:Icosahedron","Oddly Smooth Stone","reliquary:WritOfMandamus","jedi:cryingmask","conspire:Flyswatter","yuri:PortableGlitches","Tiny Chest","Elementarium:ElementariumTrophy","Black Star","hubris:Towel","jedi:archwizardhat","hubris:Spice","conspire:InfiniteJournal","hubris:DuctTape","hubris:NiceRug","reliquary:CitrusReamer","DemoMod:MonsterBlood","DollysMirror"],"acts_visited":["Menagerie:Menagerie","Elementarium:Elementarium","TheBeyond"],"potions_floor_usage":[],"damage_taken":[{"damage":0,"enemies":"Menagerie:MonstrousExperiment","floor":1,"turns":1},{"damage":0,"enemies":"Menagerie:WhisperingWraith","floor":2,"turns":1},{"damage":0,"enemies":"Menagerie:StygianBoar","floor":3,"turns":1},{"damage":0,"enemies":"Menagerie:MeltingSalamander","floor":4,"turns":1},{"damage":0,"enemies":"Menagerie:RedMage","floor":5,"turns":1},{"damage":0,"enemies":"Menagerie:Hydra","floor":6,"turns":1},{"damage":0,"enemies":"Menagerie:EntropyWarlock","floor":7,"turns":1},{"damage":0,"enemies":"Menagerie:DREAD_MOTH_AND_GRAFTED_WORMS","floor":10,"turns":3},{"damage":0,"enemies":"Menagerie:MaskedSummoner","floor":11,"turns":1},{"damage":0,"enemies":"Menagerie:Hydra","floor":13,"turns":1},{"damage":0,"enemies":"Menagerie:3_RABBITS","floor":14,"turns":2},{"damage":0,"enemies":"Menagerie:Chimera","floor":16,"turns":1},{"damage":0,"enemies":"Elementarium:MUD_AND_TAR_GOLEMS","floor":18,"turns":1},{"damage":0,"enemies":"Elementarium:Cyclone","floor":19,"turns":1},{"damage":0,"enemies":"Elementarium:STONE_GOLEMS","floor":20,"turns":1},{"damage":0,"enemies":"Elementarium:RubyGolem","floor":22,"turns":1},{"damage":0,"enemies":"Elementarium:WarGolem","floor":23,"turns":1},{"damage":0,"enemies":"Elementarium:VoidBeast","floor":25,"turns":1},{"damage":0,"enemies":"Elementarium:STONE_GOLEMS","floor":27,"turns":1},{"damage":0,"enemies":"Elementarium:3_ELEMENTALS","floor":28,"turns":1},{"damage":0,"enemies":"Elementarium:VoidBeast","floor":29,"turns":1},{"damage":0,"enemies":"Elementarium:FIRE_NOBILITY","floor":30,"turns":1},{"damage":0,"enemies":"Elementarium:STONE_GOLEMS","floor":31,"turns":1},{"damage":0,"enemies":"Elementarium:GolemEmperor","floor":33,"turns":1},{"damage":0,"enemies":"Orb Walker","floor":35,"turns":1},{"damage":0,"enemies":"3 Darklings","floor":36,"turns":2},{"damage":0,"enemies":"4 Shapes","floor":37,"turns":2},{"damage":0,"enemies":"Jaw Worm Horde","floor":38,"turns":1},{"damage":0,"enemies":"Giant Head","floor":41,"turns":1},{"damage":0,"enemies":"Spire Growth","floor":42,"turns":1},{"damage":0,"enemies":"Reptomancer","floor":44,"turns":1},{"damage":0,"enemies":"Sphere and 2 Shapes","floor":46,"turns":1},{"damage":0,"enemies":"hubris:Merchant","floor":47,"turns":2},{"damage":0,"enemies":"Transient","floor":48,"turns":2},{"damage":0,"enemies":"hubris:GrandSnecko","floor":50,"turns":1}],"seed_played":"-2938494873593430382","potions_obtained":[{"floor":1,"key":"Strength Potion"},{"floor":3,"key":"blueLaboratory:BottledHope"},{"floor":4,"key":"BlessingOfTheForge"}],"is_trial":false,"path_per_floor":["M","M","M","M","M","E","M","?","T","M","E","?","E","M","R","B",null,"M","M","M","$","M","E","$","M","T","M","M","M","E","M","R","B",null,"M","M","M","M","?","R","E","M","T","E","R","M","$","M","R","B",null],"character_chosen":"OPM","items_purchased":["conspire:Flyswatter","hubris:DuctTape"],"campfire_rested":5,"item_purchase_floors":[24,47],"current_hp_per_floor":[999,999,999,999,999,999,999,900,900,900,900,900,900,900,900,900,900,900,900,900,900,900,900,900,900,900,900,900,900,900,900,900,900,900,900,900,900,900,900,900,908,908,916,908,908,908,899,891,891,891],"gold":620,"neow_bonus":"THREE_RARE_CARDS","is_daily":false,"chose_seed":false,"campfire_upgraded":0,"win_rate":0.0,"timestamp":1613871017,"path_taken":["M","M","M","M","M","E","M","?","T","M","E","?","E","M","R","BOSS","M","M","M","$","M","E","$","M","T","M","M","M","E","M","R","BOSS","M","M","M","M","?","R","E","M","T","E","R","M","$","M","R","BOSS"],"items_purchased_type":["Relic","Relic"],"build_version":"2020-12-22","purchased_purges":0,"victory":true,"max_hp_per_floor":[999,999,999,999,999,999,999,900,900,900,900,900,900,900,900,900,900,900,900,900,900,900,900,900,900,900,900,900,900,900,900,900,900,900,900,900,900,900,900,900,908,908,916,908,908,908,899,891,891,891],"relic_stats":{"counters":[35,42],"Tiny Chest":0,"Pen Nib":[5],"Black Star":2,"obtain_stats":[{"Hammer of Thor":0,"DemoMod:GlassGuonStoneRelic":1,"hubris:MysteriousPyramids":11,"jedi:archwizardhat":41,"conspire:InfiniteJournal":44,"hubris:Icosahedron":12,"reliquary:CitrusReamer":47,"DemoMod:MonsterBlood":47,"DollysMirror":47,"jedi:cryingmask":23,"Tiny Chest":30,"hubris:DuctTape":47,"DemoMod:OrangeGuonStone":6,"Oddly Smooth Stone":13,"Pen Nib":9,"Seething Fire":0,"Cape":0,"hubris:Towel":39,"Elementarium:ElementariumTrophy":33,"Anvil of the Gods":0,"hubris:Spice":41,"Black Star":34,"reliquary:WritOfMandamus":17,"yuri:PortableGlitches":26,"conspire:Flyswatter":24,"hubris:NiceRug":47},{"Hammer of Thor":0,"DemoMod:GlassGuonStoneRelic":1,"hubris:MysteriousPyramids":9,"jedi:archwizardhat":29,"conspire:InfiniteJournal":31,"hubris:Icosahedron":9,"reliquary:CitrusReamer":33,"DemoMod:MonsterBlood":33,"DollysMirror":33,"jedi:cryingmask":17,"Tiny Chest":22,"hubris:DuctTape":32,"DemoMod:OrangeGuonStone":6,"Oddly Smooth Stone":10,"Pen Nib":7,"Seething Fire":0,"Cape":0,"hubris:Towel":28,"Elementarium:ElementariumTrophy":24,"Anvil of the Gods":0,"hubris:Spice":29,"Black Star":24,"reliquary:WritOfMandamus":12,"yuri:PortableGlitches":18,"conspire:Flyswatter":17,"hubris:NiceRug":33},{"Hammer of Thor":0,"DemoMod:GlassGuonStoneRelic":1,"hubris:MysteriousPyramids":11,"jedi:archwizardhat":34,"conspire:InfiniteJournal":36,"hubris:Icosahedron":11,"reliquary:CitrusReamer":39,"DemoMod:MonsterBlood":39,"DollysMirror":39,"jedi:cryingmask":20,"Tiny Chest":25,"hubris:DuctTape":37,"DemoMod:OrangeGuonStone":6,"Oddly Smooth Stone":12,"Pen Nib":7,"Seething Fire":0,"Cape":0,"hubris:Towel":33,"Elementarium:ElementariumTrophy":27,"Anvil of the Gods":0,"hubris:Spice":34,"Black Star":27,"reliquary:WritOfMandamus":15,"yuri:PortableGlitches":21,"conspire:Flyswatter":20,"hubris:NiceRug":39}]},"card_choices":[{"not_picked":["Serious_Punch","Serious_Side_Hops"],"picked":"Hip_Strike","floor":0},{"not_picked":["Ignore","Normal_Punch"],"picked":"Yawn","floor":1},{"not_picked":["Side_Hop","Ignore"],"picked":"Do_Nothing","floor":2},{"not_picked":["Consecutive_Normal_Punch","Normal_Punch"],"picked":"Wear_Disguise","floor":3},{"not_picked":["Hop","Yawn"],"picked":"Slap","floor":4},{"not_picked":["Hop","Side_Hop"],"picked":"Serious_Punch","floor":5},{"not_picked":["Toss_Stone","Do_Nothing"],"picked":"Hop","floor":6},{"not_picked":["Wear_Disguise","Yawn"],"picked":"Side_Hop","floor":7},{"not_picked":["Menagerie:Languish","Menagerie:LightningHelix"],"picked":"Menagerie:LoxodonWarhammer","floor":8},{"not_picked":["Menagerie:Tinker","Menagerie:LightningHelix"],"picked":"Menagerie:SteelWall","floor":8},{"not_picked":["Do_Nothing","Yawn"],"picked":"Ignore","floor":10},{"not_picked":["Toss_Stone","Hop","Ignore"],"picked":"SKIP","floor":11},{"not_picked":["Toss_Stone","Slap"],"picked":"Normal_Punch","floor":13},{"not_picked":["Hop","Side_Hop"],"picked":"Slap","floor":14},{"not_picked":["Serious_Side_Hops","Serious_Punch"],"picked":"Get_Hopes_Up","floor":16},{"not_picked":["Toss_Stone","Hop"],"picked":"Consecutive_Normal_Punch+1","floor":18},{"not_picked":["Consecutive_Normal_Punch","Hop","Yawn"],"picked":"SKIP","floor":19},{"not_picked":["Side_Hop","Ignore","Yawn"],"picked":"SKIP","floor":20},{"not_picked":["Side_Hop+1","Do_Nothing+1","Hop+1"],"picked":"SKIP","floor":22},{"not_picked":["Ignore+1","Side_Hop+1","Hop"],"picked":"SKIP","floor":23},{"not_picked":["Normal_Punch","Hop+1","Hip_Strike"],"picked":"SKIP","floor":25},{"not_picked":["Yawn","Do_Nothing","Side_Hop"],"picked":"SKIP","floor":27},{"not_picked":["Ignore","Hop+1","Side_Hop"],"picked":"SKIP","floor":28},{"not_picked":["Hop","Slap"],"picked":"Toss_Stone","floor":29},{"not_picked":["Yawn+1","Slap","Get_Hopes_Up"],"picked":"SKIP","floor":30},{"not_picked":["Hop","Ignore","Do_Nothing+1"],"picked":"SKIP","floor":31},{"not_picked":["Hip_Strike","Terrifying_Presence"],"picked":"Serious_Side_Hops","floor":33},{"not_picked":["Yawn","Side_Hop","Ignore+1"],"picked":"SKIP","floor":35},{"not_picked":["Ignore","Yawn","Serious_Side_Hops"],"picked":"SKIP","floor":36},{"not_picked":["Yawn+1","Hop+1","Toss_Stone"],"picked":"SKIP","floor":37},{"not_picked":["Side_Hop+1","Slap+1","Consecutive_Normal_Punch"],"picked":"SKIP","floor":38},{"not_picked":["Hop","Yawn+1","Consecutive_Normal_Punch"],"picked":"SKIP","floor":41},{"not_picked":["Yawn+1","Side_Hop+1","Hop+1"],"picked":"SKIP","floor":42},{"not_picked":["Normal_Punch","Slap+1","Consecutive_Normal_Punch+1"],"picked":"SKIP","floor":44},{"not_picked":["Consecutive_Normal_Punch","Normal_Punch","Toss_Stone"],"picked":"SKIP","floor":46},{"not_picked":["Consecutive_Normal_Punch"],"picked":"SKIP","floor":47},{"not_picked":["Slap"],"picked":"SKIP","floor":47},{"not_picked":["Side_Hop"],"picked":"SKIP","floor":47},{"not_picked":["Hop"],"picked":"SKIP","floor":47},{"not_picked":["Wear_Disguise"],"picked":"SKIP","floor":47},{"not_picked":["Enlightenment"],"picked":"SKIP","floor":47},{"not_picked":["Chrysalis"],"picked":"SKIP","floor":47},{"not_picked":["hubris:SpiceAddiction","Consecutive_Normal_Punch+1"],"picked":"hubris:SpiceAddiction","floor":48}],"player_experience":162870,"relics_obtained":[{"floor":6,"key":"DemoMod:OrangeGuonStone"},{"floor":9,"key":"Pen Nib"},{"floor":11,"key":"hubris:MysteriousPyramids"},{"floor":13,"key":"Oddly Smooth Stone"},{"floor":23,"key":"jedi:cryingmask"},{"floor":26,"key":"yuri:PortableGlitches"},{"floor":30,"key":"Tiny Chest"},{"floor":41,"key":"jedi:archwizardhat"},{"floor":41,"key":"hubris:Spice"},{"floor":43,"key":"hubris:Spice"},{"floor":44,"key":"hubris:Spice"},{"floor":44,"key":"conspire:InfiniteJournal"},{"floor":47,"key":"hubris:Spice"},{"floor":47,"key":"reliquary:CitrusReamer"},{"floor":47,"key":"DemoMod:MonsterBlood"},{"floor":47,"key":"hubris:Spice"},{"floor":47,"key":"DollysMirror"}],"event_choices":[{"damage_healed":0,"gold_gain":0,"player_choice":"Read","damage_taken":0,"max_hp_gain":0,"max_hp_loss":99,"event_name":"Menagerie:OvergrownLibrary","floor":8,"gold_loss":0,"cards_obtained":["Doubt"]}],"is_beta":false,"boss_relics":[{"not_picked":["Ectoplasm","SlaversCollar"],"picked":"reliquary:WritOfMandamus"},{"not_picked":["SacredBark","jedi:battlestandard"],"picked":"Black Star"}],"items_purged_floors":[],"is_endless":false,"potions_floor_spawned":[1,3,4,6,7,11,13,18,19,22,27,29,30,37,41,44,48],"ascension_level":0}}