{"host":"nwd160me4iqdtr8u","time":1613948427,"event":{"mods":["AchievementEnabler","Act Like it!","BaseMod","Colored Map","DeckTracker","Keyboard Shortcuts","Minty Spire (QoL Compilation)","Quick Restart","Rare Cards Sparkle","Smile Girya","StSLib","SuperFastMode","everything is the same but u backflip on backflip"],"gold_per_floor":[19,35,55,71,84,84,84,84,109,170,186,201,230,230,230,336,336,356,455,370,390,416,416,451,451,451,451,81,94,105,126,126,239,266,287,346,23,41,41,41,41,41],"floor_reached":41,"language":"KOR","playtime":1851,"items_purged":["Strike_B","Ball Lightning"],"score":395,"play_id":"ed4af26b-609e-47b4-b2f2-7ee6455878e7","local_time":"20210222080026","is_ascension_mode":false,"campfire_choices":[{"data":"Sunder","floor":6.0,"key":"SMITH"},{"data":"Dualcast","floor":8.0,"key":"SMITH"},{"floor":15.0,"key":"REST"},{"data":"Turbo","floor":23.0,"key":"SMITH"},{"data":"Recycle","floor":25.0,"key":"SMITH"},{"data":"Coolheaded","floor":27.0,"key":"SMITH"},{"data":"Reboot","floor":32,"key":"SMITH"},{"data":"Reinforced Body","floor":40,"key":"SMITH"}],"circlet_count":0,"master_deck":["Defend_B","Defend_B","Defend_B+1","Defend_B","Zap+1","Dualcast+1","Master of Strategy","Genetic Algorithm","Conserve Battery","Sunder+1","FTL","Hologram","Multi-Cast","Coolheaded+1","Reboot+1","Compile Driver","Rebound","Turbo+1","Recycle+1","Hyperbeam+1","Meteor Strike+1","Electrodynamics","Reboot","Self Repair+1","Loop+1","Barrage+1","Go for the Eyes+1","Glacier","Reinforced Body+1"],"relics":["Cracked Core","Pen Nib","Lantern","Potion Belt","CeramicFish","Nuclear Battery","Pantograph","Red Mask","Molten Egg 2","Astrolabe","Emotion Chip","Bag of Marbles"],"acts_visited":["Exordium","TheCity","TheBeyond"],"potions_floor_usage":[33,41],"damage_taken":[{"damage":5.0,"enemies":"Small Slimes","floor":1.0,"turns":2.0},{"damage":0.0,"enemies":"2 Louse","floor":2.0,"turns":2.0},{"damage":1.0,"enemies":"Jaw Worm","floor":3.0,"turns":4.0},{"damage":0.0,"enemies":"Blue Slaver","floor":4.0,"turns":4.0},{"damage":1.0,"enemies":"Large Slime","floor":5.0,"turns":5.0},{"damage":20.0,"enemies":"Gremlin Nob","floor":10.0,"turns":4.0},{"damage":1.0,"enemies":"2 Fungi Beasts","floor":11.0,"turns":3.0},{"damage":0.0,"enemies":"Looter","floor":12.0,"turns":1.0},{"damage":11.0,"enemies":"Gremlin Nob","floor":13.0,"turns":3.0},{"damage":15.0,"enemies":"Hexaghost","floor":16.0,"turns":10.0},{"damage":7.0,"enemies":"Shell Parasite","floor":18.0,"turns":7.0},{"damage":0.0,"enemies":"Spheric Guardian","floor":21.0,"turns":1.0},{"damage":0.0,"enemies":"Shelled Parasite and Fungi","floor":22.0,"turns":5.0},{"damage":13.0,"enemies":"Masked Bandits","floor":24.0,"turns":4.0},{"damage":0.0,"enemies":"Sentry and Sphere","floor":29.0,"turns":2.0},{"damage":2,"enemies":"Snake Plant","floor":30,"turns":3},{"damage":0,"enemies":"Centurion and Healer","floor":31,"turns":2},{"damage":36,"enemies":"Collector","floor":33,"turns":10},{"damage":2,"enemies":"3 Shapes","floor":35,"turns":2},{"damage":24,"enemies":"Mind Bloom Boss Battle","floor":36,"turns":8},{"damage":0,"enemies":"3 Darklings","floor":38,"turns":2},{"damage":21,"enemies":"Nemesis","floor":41,"turns":5}],"seed_played":"4043639739777662182","potions_obtained":[{"floor":3.0,"key":"GamblersBrew"},{"floor":4.0,"key":"PotionOfCapacity"},{"floor":12.0,"key":"AttackPotion"},{"floor":16.0,"key":"FearPotion"},{"floor":21.0,"key":"Block Potion"},{"floor":29.0,"key":"DistilledChaos"},{"floor":35,"key":"Explosive Potion"}],"is_trial":false,"path_per_floor":["M","M","M","M","M","R","?","R","T","?","M","M","E","?","R","B",null,"M","?","?","M","M","R","?","R","T","R","$","M","M","M","R","B",null,"M","?","$","M","?","R","E"],"character_chosen":"DEFECT","items_purchased":["Hyperbeam+1","Meteor Strike+1","DistilledChaos","Reinforced Body","Bag of Marbles"],"campfire_rested":1,"item_purchase_floors":[28,28,28,37,37],"current_hp_per_floor":[70,70,69,69,68,68,53,53,53,33,32,32,21,14,36,21,75,68,68,68,68,68,68,55,55,55,55,55,55,53,53,53,39,75,73,61,61,61,61,61,40,40],"gold":41,"neow_bonus":"RANDOM_COLORLESS_2","is_daily":false,"chose_seed":false,"campfire_upgraded":7,"win_rate":0.0,"timestamp":1613948426,"path_taken":["M","M","M","M","M","R","?","R","T","?","M","M","E","?","R","BOSS","M","?","?","M","M","R","?","R","T","R","$","M","M","M","R","BOSS","M","?","$","M","?","R","E"],"items_purchased_type":["Card","Card","Potion","Card","Relic"],"build_version":"2020-12-22","purchased_purges":2,"victory":false,"max_hp_per_floor":[75,75,75,75,75,75,75,75,75,75,75,75,75,75,75,75,75,75,75,75,75,75,75,75,75,75,75,75,75,75,75,75,75,75,75,75,75,75,75,75,75,75],"card_choices":[{"not_picked":["Chrysalis","Violence"],"picked":"Master of Strategy","floor":0.0},{"not_picked":["Steam","Ball Lightning"],"picked":"Genetic Algorithm","floor":1.0},{"not_picked":["Leap","Capacitor"],"picked":"Conserve Battery","floor":2.0},{"not_picked":["Streamline","Double Energy"],"picked":"Cold Snap","floor":3.0},{"not_picked":["Consume","Heatsinks"],"picked":"Sunder","floor":4.0},{"not_picked":["Gash","Fusion"],"picked":"Ball Lightning","floor":5.0},{"not_picked":["Darkness","Barrage"],"picked":"FTL","floor":10.0},{"not_picked":["Stack","Recycle"],"picked":"Hologram","floor":11.0},{"not_picked":["Cold Snap","Barrage"],"picked":"Multi-Cast","floor":12.0},{"not_picked":["Skim","Beam Cell"],"picked":"Coolheaded","floor":13.0},{"not_picked":["Core Surge","Thunder Strike"],"picked":"Reboot","floor":16.0},{"not_picked":["Hologram","Sunder"],"picked":"Compile Driver","floor":18.0},{"not_picked":["Steam","Blizzard+1"],"picked":"Rebound","floor":21.0},{"not_picked":["Beam Cell","Chaos"],"picked":"Turbo","floor":22.0},{"not_picked":["Steam","Go for the Eyes"],"picked":"Recycle","floor":24.0},{"not_picked":["Turbo","Steam+1","Compile Driver+1"],"picked":"SKIP","floor":29.0},{"not_picked":["Barrage+1","Redo","Steam"],"picked":"SKIP","floor":30},{"not_picked":["Doom and Gloom+1","Redo"],"picked":"Electrodynamics","floor":31},{"not_picked":["Electrodynamics","Thunder Strike+1"],"picked":"Reboot","floor":33},{"not_picked":["Storm+1","Gash+1"],"picked":"Go for the Eyes+1","floor":35},{"not_picked":["Static Discharge+1","Genetic Algorithm"],"picked":"Glacier","floor":36},{"not_picked":["Double Energy","Scrape+1","Conserve Battery"],"picked":"SKIP","floor":38}],"player_experience":436028,"relics_obtained":[{"floor":9.0,"key":"Pen Nib"},{"floor":10.0,"key":"Lantern"},{"floor":13.0,"key":"Potion Belt"},{"floor":24.0,"key":"Red Mask"},{"floor":26.0,"key":"Molten Egg 2"},{"floor":36,"key":"Emotion Chip"}],"event_choices":[{"damage_healed":0.0,"max_hp_gain":0.0,"max_hp_loss":0.0,"gold_gain":0.0,"event_name":"Shining Light","player_choice":"Entered Light","floor":7.0,"gold_loss":0.0,"damage_taken":15.0,"cards_upgraded":["Defend_B","Zap"]},{"damage_healed":0.0,"max_hp_gain":0.0,"max_hp_loss":0.0,"gold_gain":30.0,"event_name":"Dead Adventurer","player_choice":"Searched \u00273\u0027 times","floor":10.0,"gold_loss":0.0,"damage_taken":0.0},{"damage_healed":0.0,"max_hp_gain":0.0,"max_hp_loss":0.0,"gold_gain":0.0,"event_name":"Scrap Ooze","player_choice":"Success","floor":14.0,"gold_loss":0.0,"damage_taken":7.0,"relics_obtained":["CeramicFish"]},{"damage_healed":0.0,"max_hp_gain":0.0,"max_hp_loss":0.0,"gold_gain":99.0,"event_name":"Nest","player_choice":"Stole From Cult","floor":19.0,"gold_loss":0.0,"damage_taken":0.0},{"damage_healed":0.0,"max_hp_gain":0.0,"max_hp_loss":0.0,"gold_gain":0.0,"event_name":"Addict","player_choice":"Obtained Relic","floor":20.0,"gold_loss":85.0,"damage_taken":0.0,"relics_obtained":["Pantograph"]},{"damage_healed":0.0,"max_hp_gain":0.0,"max_hp_loss":0.0,"gold_gain":0.0,"event_name":"Masked Bandits","player_choice":"Fought Bandits","floor":24.0,"gold_loss":0.0,"damage_taken":0.0},{"damage_healed":0,"gold_gain":0,"player_choice":"Fight","damage_taken":0,"max_hp_gain":0,"max_hp_loss":0,"event_name":"MindBloom","floor":36,"gold_loss":0},{"cards_removed":["Cold Snap"],"damage_healed":0,"gold_gain":0,"player_choice":"Removed Attack","damage_taken":0,"max_hp_gain":0,"max_hp_loss":0,"event_name":"Falling","floor":39,"gold_loss":0}],"is_beta":false,"boss_relics":[{"not_picked":["Cursed Key","SlaversCollar"],"picked":"Nuclear Battery"},{"not_picked":["Runic Dome","FrozenCore"],"picked":"Astrolabe"}],"items_purged_floors":[28,37],"is_endless":false,"potions_floor_spawned":[3,4,12,16,21,29,35],"killed_by":"Nemesis","ascension_level":0}}