{"host":"l4bxlkn39ih8kz7u","time":1613909441,"event":{"mods":["AchievementEnabler","Act Like it!","Ascension Unlocker","BaseMod","CapriCore","Custom Start","Gensokyo","GifTheSpireLib","HololiveMod","Lobotomy","LobotomyExtend","Minty Spire (QoL Compilation)","Quick Restart","Random Character Button","Ruina","Shop Mod","StSLib","SuperFastMode","The Alterego","Waifu the Spire"],"gold_per_floor":[120,120,120,135,150,150,183,183,206,234,252,273,273,287,287,366,366,383,399,409,424,436,467,467,467,467,467,484,496,496,523,523,594,594,605,320,340,340,356,366,396,396,412,458,471,471,500,516,325,325,325,325,325],"floor_reached":54,"language":"RUS","playtime":2018,"items_purged":[],"score":1981,"play_id":"3038b6b0-aa96-47f1-ba54-4c576cbbcb2c","local_time":"20210221151041","is_ascension_mode":true,"campfire_choices":[],"circlet_count":0,"master_deck":["TrainingCode","CentralCode","SecurityCode","OldLady","Lamp+14","Moonlight","CENSORED_ego+1","Dazed","ShedSkin+1","ExtractionCode","Dazed","GreenStem+1","InformationCode","VoidDream","MHz","GoldRush+1","GoldRush+1","Logging+1","GrinderMk4+1","DaCapo+1","Adoration+1","ControlCode","GoldRush+1","TT2Protocol","GoldRush+1","Gensokyo:SevenSchoolMysteries+1","SummonCall"],"relics":["CogitoBucket","LetterFromLob","War Paint","Bag of Preparation","Potion Belt","BackwardClock","Odd Mushroom","Black Star","ChangeAnything","Ornamental Fan","Ice Cream","Heaven_r","Gaze_r","Torii","AtMidnight","Theresia","Prayer Wheel","White Beast Statue","Coffee Dripper","Question Card","Oddly Smooth Stone","Omamori","Dream Catcher","Bag of Marbles","PreservedInsect"],"acts_visited":["Exordium","ruina:Briah","Gensokyo:Gensokyoest"],"potions_floor_usage":[],"damage_taken":[{"damage":7.0,"enemies":"2 Louse","floor":1.0,"turns":2.0},{"damage":12.0,"enemies":"Jaw Worm","floor":4.0,"turns":2.0},{"damage":6.0,"enemies":"Small Slimes","floor":5.0,"turns":2.0},{"damage":30.0,"enemies":"3 Sentries","floor":7.0,"turns":5.0},{"damage":11.0,"enemies":"Gremlin Nob","floor":10.0,"turns":3.0},{"damage":10.0,"enemies":"2 Fungi Beasts","floor":11.0,"turns":2.0},{"damage":0.0,"enemies":"The Mushroom Lair","floor":12.0,"turns":1.0},{"damage":0.0,"enemies":"Gremlin Gang","floor":14.0,"turns":1.0},{"damage":32.0,"enemies":"Slime Boss","floor":16.0,"turns":6.0},{"damage":8.0,"enemies":"ruina:BadWolf","floor":18.0,"turns":4.0},{"damage":17.0,"enemies":"ruina:Nosferatu","floor":19.0,"turns":7.0},{"damage":5.0,"enemies":"ruina:KingOfGreed","floor":20.0,"turns":5.0},{"damage":0.0,"enemies":"ruina:KnightOfDespair","floor":21.0,"turns":3.0},{"damage":1.0,"enemies":"ruina:3_Scarecrows","floor":22.0,"turns":3.0},{"damage":24.0,"enemies":"ruina:RoadHome","floor":23.0,"turns":5.0},{"damage":0.0,"enemies":"ruina:RoadHome","floor":25.0,"turns":1.0},{"damage":9.0,"enemies":"ruina:RoadHome","floor":25.0,"turns":3.0},{"damage":3.0,"enemies":"ruina:KingOfGreed","floor":28.0,"turns":5.0},{"damage":9.0,"enemies":"ruina:QueenOfHate","floor":29.0,"turns":3.0},{"damage":2.0,"enemies":"ruina:ServantOfWrath","floor":31.0,"turns":4.0},{"damage":37.0,"enemies":"ruina:Red_and_Wolf","floor":33.0,"turns":12.0},{"damage":0.0,"enemies":"Gensokyo:3_Boulders","floor":35.0,"turns":1.0},{"damage":0.0,"enemies":"Gensokyo:AncientGuardian","floor":37.0,"turns":1.0},{"damage":0.0,"enemies":"Gensokyo:Sharpion","floor":39.0,"turns":2.0},{"damage":0.0,"enemies":"Gensokyo:3_Boulders","floor":40.0,"turns":2.0},{"damage":15.0,"enemies":"Gensokyo:Kasen","floor":41.0,"turns":3.0},{"damage":0.0,"enemies":"Gensokyo:SeedOfUnknown","floor":43.0,"turns":3.0},{"damage":0.0,"enemies":"Gensokyo:4_Bats","floor":45.0,"turns":1.0},{"damage":0.0,"enemies":"Gensokyo:Marisa","floor":47.0,"turns":2.0},{"damage":1.0,"enemies":"Gensokyo:Rafflesia","floor":48.0,"turns":4.0},{"damage":14,"enemies":"Gensokyo:Yuyuko","floor":51,"turns":3},{"damage":16,"enemies":"Gensokyo:Shinki","floor":52,"turns":6}],"seed_played":"-4197934037793970904","potions_obtained":[{"floor":5.0,"key":"Regen Potion"},{"floor":7.0,"key":"SteroidPotion"},{"floor":11.0,"key":"Dexterity Potion"},{"floor":16.0,"key":"PowerPotion"},{"floor":19.0,"key":"EssenceOfSteel"}],"is_trial":false,"path_per_floor":["M","?","?","M","M","R","E","R","T","E","M","?","R","M","R","B",null,"M","M","M","M","M","E","R","?","T","R","M","M","R","E","R","B",null,"M","$","M","M","M","M","E","R","M","T","M","R","E","M","COS","R","B","B",null,null],"character_chosen":"Angela","items_purchased":["Question Card"],"campfire_rested":0,"item_purchase_floors":[36],"current_hp_per_floor":[71,71,71,67,69,69,47,47,47,44,42,50,50,58,58,34,66,66,57,60,68,75,59,59,76,76,76,77,76,76,77,77,48,70,77,77,77,77,77,77,74,74,77,77,77,77,77,77,77,77,77,76,76],"gold":325,"neow_bonus":"TEN_PERCENT_HP_BONUS","is_daily":false,"chose_seed":false,"campfire_upgraded":0,"win_rate":0.0,"timestamp":1613909441,"path_taken":["M","?","?","M","M","R","E","R","T","E","M","?","R","M","R","BOSS","M","M","M","M","M","E","R","?","T","R","M","M","R","E","R","BOSS","M","$","M","M","M","M","E","R","M","T","M","R","E","M","COS","R","BOSS","BOSS"],"items_purchased_type":["Relic"],"build_version":"2020-12-22","purchased_purges":0,"victory":true,"max_hp_per_floor":[77,77,77,77,77,77,77,77,77,77,77,77,77,77,77,77,77,77,77,77,77,77,77,77,77,77,77,77,77,77,77,77,77,77,77,77,77,77,77,77,77,77,77,77,77,77,77,77,77,77,77,77,77],"card_choices":[{"not_picked":["CUTE","Beak"],"picked":"SKIP","floor":1.0},{"not_picked":["OSAHOGD","Wellcheers"],"picked":"OldLady","floor":4.0},{"not_picked":["TodaysExpression","Penitence"],"picked":"SKIP","floor":4.0},{"not_picked":["BloodyDesire"],"picked":"Lamp","floor":5.0},{"not_picked":["Loneliness","Wingbeat"],"picked":"SKIP","floor":7.0},{"not_picked":["SomewhereSpear"],"picked":"Moonlight","floor":10.0},{"not_picked":["Heaven","Regret_ego"],"picked":"SKIP","floor":11.0},{"not_picked":["Christmas","CherryBlossom"],"picked":"SKIP","floor":14.0},{"not_picked":["Twilight"],"picked":"CENSORED_ego","floor":16.0},{"not_picked":["Christmas"],"picked":"SolemnVow","floor":18.0},{"not_picked":["Penitence","Reverberation"],"picked":"SKIP","floor":19.0},{"not_picked":["Harvest"],"picked":"ShedSkin+1","floor":20.0},{"not_picked":["Pleasure"],"picked":"Hypocrisy","floor":21.0},{"not_picked":["Spore","Lamp"],"picked":"SKIP","floor":22.0},{"not_picked":["CUTE","Loneliness"],"picked":"GreenStem","floor":23.0},{"not_picked":["FrostShard","Pinks","TodaysExpression"],"picked":"SKIP","floor":23.0},{"not_picked":["Scorched","LongBird","GreedKing"],"picked":"Singing Bowl","floor":28.0},{"not_picked":["Diffraction+1","FeatherOfHonor+1","Soda+1"],"picked":"SKIP","floor":28.0},{"not_picked":["PunishingBird","GalaxyChild"],"picked":"VoidDream","floor":29.0},{"not_picked":["Soda+1","InTheNameOfLoveAndHate+1","Tough+1"],"picked":"SKIP","floor":29.0},{"not_picked":["Horn+1","CUTE+1","Heaven+1"],"picked":"SKIP","floor":29.0},{"not_picked":["QueenOfHatred","HappyTeddy","LittleHelper"],"picked":"Singing Bowl","floor":31.0},{"not_picked":["Rudolta","Wellcheers"],"picked":"MHz","floor":31.0},{"not_picked":["InTheNameOfLoveAndHate+1","Regret_ego+1","Hypocrisy+1"],"picked":"SKIP","floor":31.0},{"not_picked":["Twilight+1","CENSORED_ego+1"],"picked":"GoldRush+1","floor":33.0},{"not_picked":["Justitia+1","ParadiseLost+1"],"picked":"GoldRush+1","floor":33.0},{"not_picked":["DespairKnight","NothingThere","LaLuna"],"picked":"Singing Bowl","floor":33.0},{"not_picked":["FairyFestival","RedShoes","SpiderBud"],"picked":"Singing Bowl","floor":35.0},{"not_picked":["WristCuter+1","SwordSharpenedByTears+1","Soda+1"],"picked":"SKIP","floor":35.0},{"not_picked":["Lantern+1","SomewhereSpear+1","RedEyes+1"],"picked":"SKIP","floor":35.0},{"not_picked":["Funeral","SilentOrchestra","BlueStar"],"picked":"Singing Bowl","floor":37.0},{"not_picked":["Soda+1","RapturousDream+1","CUTE+1"],"picked":"Logging+1","floor":37.0},{"not_picked":["BloodyDesire+1","SolemnVow+1","Diffraction+1","Noise+1"],"picked":"SKIP","floor":37.0},{"not_picked":["CUTE+1","ScreamingWedge+1","Loneliness+1"],"picked":"GrinderMk4+1","floor":39.0},{"not_picked":["FairyFestival","BlueStar","CENSORED"],"picked":"Singing Bowl","floor":39.0},{"not_picked":["SolemnVow+1","RedEyes+1","Wingbeat+1","SomewhereSpear+1"],"picked":"SKIP","floor":39.0},{"not_picked":["SnowQueen","Mercenary","Alriune"],"picked":"Singing Bowl","floor":40.0},{"not_picked":["Horn+1","FourthMatchFlame+1","Penitence+1"],"picked":"DaCapo+1","floor":40.0},{"not_picked":["Penitence+1","Hypocrisy+1","Harmony+1","Loneliness+1"],"picked":"SKIP","floor":40.0},{"not_picked":["FieryBird","RedShoes","Scorched"],"picked":"Singing Bowl","floor":41.0},{"not_picked":["SomewhereSpear+1","RapturousDream+1","FourthMatchFlame+1","Justitia+1"],"picked":"SKIP","floor":41.0},{"not_picked":["LittlePrince","QueenOfHatred","Porccubus"],"picked":"Singing Bowl","floor":43.0},{"not_picked":["Noise+1","Pleasure+1","SwordSharpenedByTears+1"],"picked":"Adoration+1","floor":43.0},{"not_picked":["RapturousDream+1","Heaven+1","BlueScar+1","Soda+1"],"picked":"SKIP","floor":43.0},{"not_picked":["ScreamingWedge+1","Spore+1","Wingbeat+1","RapturousDream+1"],"picked":"SKIP","floor":43.0},{"not_picked":["FourthMatchFlame+1","Soda+1","RapturousDream+1"],"picked":"GoldRush+1","floor":45.0},{"not_picked":["WhiteNight","LittlePrince","FieryBird"],"picked":"Singing Bowl","floor":45.0},{"not_picked":["RapturousDream+1","Pleasure+1","GreenStem+1","BlueScar+1"],"picked":"SKIP","floor":45.0},{"not_picked":["QueenOfHatred","MeltingLove","SnowQueen"],"picked":"Singing Bowl","floor":47.0},{"not_picked":["FrostShard+1","TodaysExpression+1","CUTE+1","FourthMatchFlame+1"],"picked":"SKIP","floor":47.0},{"not_picked":["BigBadWolf","MeltingLove","Laetitia"],"picked":"Singing Bowl","floor":48.0},{"not_picked":["Horn+1","Wingbeat+1","RapturousDream+1"],"picked":"GoldRush+1","floor":48.0},{"not_picked":["Lantern+1","GreenStem+1","Christmas+1","Spore+1"],"picked":"SKIP","floor":48.0}],"player_experience":285042,"relics_obtained":[{"floor":1.0,"key":"LetterFromLob"},{"floor":7.0,"key":"War Paint"},{"floor":9.0,"key":"Bag of Preparation"},{"floor":10.0,"key":"Potion Belt"},{"floor":12.0,"key":"Odd Mushroom"},{"floor":23.0,"key":"Ornamental Fan"},{"floor":23.0,"key":"Ice Cream"},{"floor":26.0,"key":"Torii"},{"floor":28.0,"key":"AtMidnight"},{"floor":31.0,"key":"Prayer Wheel"},{"floor":31.0,"key":"White Beast Statue"},{"floor":41.0,"key":"Oddly Smooth Stone"},{"floor":41.0,"key":"Omamori"},{"floor":44.0,"key":"Dream Catcher"},{"floor":47.0,"key":"Bag of Marbles"},{"floor":47.0,"key":"PreservedInsect"}],"event_choices":[{"damage_healed":0.0,"max_hp_gain":0.0,"max_hp_loss":0.0,"gold_gain":0.0,"event_name":"Shining Light","player_choice":"Ignored","floor":2.0,"gold_loss":0.0,"damage_taken":0.0},{"damage_healed":0.0,"max_hp_gain":0.0,"max_hp_loss":0.0,"gold_gain":0.0,"event_name":"Mushrooms","player_choice":"Fought Mushrooms","floor":12.0,"gold_loss":0.0,"damage_taken":0.0}],"is_beta":false,"boss_relics":[{"not_picked":["Astrolabe","Velvet Choker"],"picked":"Black Star"},{"not_picked":["Cursed Key","Runic Dome"],"picked":"Coffee Dripper"}],"items_purged_floors":[],"is_endless":false,"potions_floor_spawned":[5,7,11,16,18,19,25,31,33,35,37,39,40,41,43,45,47,48],"ascension_level":20}}