{"host":"siu98xj5u8nq6xdu","time":1613933880,"event":{"mods":["AchievementEnabler","BaseMod","Colored Map","Colored Powertips","Minty Spire (QoL Compilation)"],"gold_per_floor":[114,114,133,148,128,155,155,169,169,180,180,199,52,52,52,130,130,149,199,43,43,59,59,77,109,136,136,153,170,170,85,85,161,161,171,171,171,186,202,227,227,67,67,67,67,67,116,146,146,146],"floor_reached":51,"language":"ENG","playtime":2976,"items_purged":["Strike_G"],"score":1402,"play_id":"7408cf19-2067-460c-918f-0597fa9e6560","local_time":"20210221135800","is_ascension_mode":true,"campfire_choices":[{"data":"Blade Dance","floor":7.0,"key":"SMITH"},{"data":"Accuracy","floor":11.0,"key":"SMITH"},{"data":"Crippling Poison","floor":15.0,"key":"SMITH"},{"data":"Adrenaline","floor":23.0,"key":"SMITH"},{"data":"Burst","floor":27.0,"key":"SMITH"},{"data":"Calculated Gamble","floor":30.0,"key":"SMITH"},{"data":"Blade Dance","floor":32.0,"key":"SMITH"},{"data":"Envenom","floor":41,"key":"SMITH"},{"data":"Flechettes","floor":46,"key":"SMITH"},{"data":"Endless Agony","floor":49,"key":"SMITH"}],"circlet_count":0,"master_deck":["AscendersBane","Strike_G","Strike_G","Defend_G+1","Defend_G","Defend_G+1","Defend_G+1","Defend_G","Survivor","Neutralize","Masterful Stab+1","Blade Dance+1","Endless Agony+1","Accuracy+1","Crippling Poison+1","Leg Sweep","Blade Dance+1","Adrenaline+1","Flechettes+1","Terror","Burst+1","Calculated Gamble+1","Envenom+1","Accuracy+1","Finesse"],"relics":["Ring of the Serpent","Nunchaku","Bag of Marbles","ClockworkSouvenir","Ninja Scroll","TwistedFunnel","Spirit Poop","Akabeko","Bronze Scales","White Beast Statue","Busted Crown","Toy Ornithopter","The Courier","StrikeDummy","Incense Burner","War Paint"],"acts_visited":["Exordium","TheCity","TheBeyond"],"potions_floor_usage":[40,47,47,47,48,50],"damage_taken":[{"damage":0.0,"enemies":"Small Slimes","floor":1.0,"turns":3.0},{"damage":0.0,"enemies":"2 Louse","floor":3.0,"turns":1.0},{"damage":0.0,"enemies":"Cultist","floor":4.0,"turns":2.0},{"damage":21.0,"enemies":"Gremlin Nob","floor":6.0,"turns":4.0},{"damage":4.0,"enemies":"Exordium Thugs","floor":8.0,"turns":3.0},{"damage":0.0,"enemies":"Exordium Wildlife","floor":10.0,"turns":1.0},{"damage":0.0,"enemies":"Red Slaver","floor":12.0,"turns":2.0},{"damage":1.0,"enemies":"Hexaghost","floor":16.0,"turns":8.0},{"damage":3.0,"enemies":"Chosen","floor":18.0,"turns":2.0},{"damage":0.0,"enemies":"Spheric Guardian","floor":22.0,"turns":3.0},{"damage":0.0,"enemies":"Centurion and Healer","floor":24.0,"turns":3.0},{"damage":0.0,"enemies":"Gremlin Leader","floor":25.0,"turns":5.0},{"damage":0.0,"enemies":"Chosen and Byrds","floor":28.0,"turns":1.0},{"damage":0.0,"enemies":"3 Cultists","floor":29.0,"turns":3.0},{"damage":41.0,"enemies":"Automaton","floor":33.0,"turns":7.0},{"damage":0.0,"enemies":"3 Darklings","floor":35.0,"turns":2.0},{"damage":0.0,"enemies":"Orb Walker","floor":38.0,"turns":2.0},{"damage":0.0,"enemies":"Spire Growth","floor":39.0,"turns":3.0},{"damage":0,"enemies":"Giant Head","floor":40,"turns":4},{"damage":11,"enemies":"2 Orb Walkers","floor":47,"turns":2},{"damage":0,"enemies":"Nemesis","floor":48,"turns":1},{"damage":49,"enemies":"Donu and Deca","floor":50,"turns":7}],"seed_played":"2008077806572589031","potions_obtained":[{"floor":1.0,"key":"Energy Potion"},{"floor":5.0,"key":"LiquidBronze"},{"floor":8.0,"key":"GamblersBrew"},{"floor":10.0,"key":"Poison Potion"},{"floor":16.0,"key":"AttackPotion"},{"floor":22.0,"key":"PowerPotion"},{"floor":33.0,"key":"EntropicBrew"},{"floor":35.0,"key":"GhostInAJar"},{"floor":39.0,"key":"SkillPotion"},{"floor":40,"key":"ColorlessPotion"},{"floor":47,"key":"Block Potion"},{"floor":48,"key":"Fruit Juice"}],"is_trial":false,"path_per_floor":["M","?","M","M","?","E","R","M","T","M","R","M","$","?","R","B",null,"M","?","$","?","M","R","M","E","T","R","M","M","R","?","R","B",null,"M","?","?","M","M","E","R","$","T","T","?","R","?","E","R","B",null],"character_chosen":"THE_SILENT","items_purchased":["ClockworkSouvenir","TwistedFunnel","Finesse"],"campfire_rested":0,"item_purchase_floors":[13,20,42],"current_hp_per_floor":[59,41,41,41,41,20,20,16,16,16,16,16,16,16,16,15,49,46,46,46,46,46,46,46,46,46,46,46,46,46,46,46,5,46,46,46,46,46,46,46,46,46,46,46,46,46,50,60,60,16],"gold":146,"neow_bonus":"TRANSFORM_TWO_CARDS","is_daily":false,"chose_seed":false,"campfire_upgraded":10,"win_rate":0.0,"timestamp":1613933880,"path_taken":["M","?","M","M","?","E","R","M","T","?","R","M","$","?","R","BOSS","M","?","$","?","M","R","M","E","T","R","?","M","R","?","R","BOSS","M","?","?","M","?","E","R","?","T","?","?","R","?","E","R","BOSS"],"items_purchased_type":["Relic","Relic","Card"],"build_version":"2020-12-22","purchased_purges":1,"victory":true,"max_hp_per_floor":[60,60,60,60,60,60,60,60,60,60,60,60,60,60,60,60,60,60,60,60,60,60,60,60,60,60,60,60,60,60,60,60,60,60,60,60,60,60,60,60,60,60,60,60,60,60,60,65,65,65],"card_choices":[{"not_picked":["Flying Knee","Outmaneuver"],"picked":"Endless Agony","floor":1.0},{"not_picked":["Blur","Distraction"],"picked":"Accuracy","floor":3.0},{"not_picked":["Outmaneuver","Underhanded Strike"],"picked":"Crippling Poison","floor":4.0},{"not_picked":["Flying Knee","Underhanded Strike"],"picked":"Leg Sweep","floor":6.0},{"not_picked":["Skewer","Corpse Explosion"],"picked":"Blade Dance","floor":8.0},{"not_picked":["Poisoned Stab","Deadly Poison","Eviscerate"],"picked":"SKIP","floor":10.0},{"not_picked":["Poisoned Stab","Deadly Poison","Eviscerate"],"picked":"SKIP","floor":10.0},{"not_picked":["Underhanded Strike","Backflip","Dagger Spray"],"picked":"SKIP","floor":12.0},{"not_picked":["Bullet Time","Corpse Explosion"],"picked":"Adrenaline","floor":16.0},{"not_picked":["Backstab","Riddle With Holes"],"picked":"Flechettes","floor":18.0},{"not_picked":["Riddle With Holes","Masterful Stab","Backflip"],"picked":"SKIP","floor":22.0},{"not_picked":["Quick Slash+1","Choke"],"picked":"Terror","floor":24.0},{"not_picked":["Flechettes+1","Deflect"],"picked":"Burst","floor":25.0},{"not_picked":["Backstab","Choke","Blade Dance"],"picked":"SKIP","floor":28.0},{"not_picked":["Setup+1","Flying Knee"],"picked":"Calculated Gamble","floor":29.0},{"not_picked":["Burst","Die Die Die"],"picked":"Envenom","floor":33.0},{"not_picked":["Choke+1"],"picked":"SKIP","floor":35.0},{"not_picked":["Prepared"],"picked":"SKIP","floor":38.0},{"not_picked":["Deflect+1"],"picked":"SKIP","floor":39.0},{"not_picked":["Prepared"],"picked":"SKIP","floor":40},{"not_picked":["Tactician+1"],"picked":"SKIP","floor":48}],"player_experience":760851,"relics_obtained":[{"floor":6.0,"key":"Nunchaku"},{"floor":9.0,"key":"Bag of Marbles"},{"floor":25.0,"key":"Akabeko"},{"floor":26.0,"key":"Bronze Scales"},{"floor":40,"key":"Toy Ornithopter"},{"floor":43,"key":"The Courier"},{"floor":44,"key":"StrikeDummy"},{"floor":47,"key":"Incense Burner"},{"floor":48,"key":"War Paint"}],"event_choices":[{"damage_healed":0.0,"max_hp_gain":0.0,"max_hp_loss":0.0,"gold_gain":0.0,"event_name":"Shining Light","player_choice":"Entered Light","floor":2.0,"gold_loss":0.0,"damage_taken":18.0,"cards_upgraded":["Masterful Stab","Defend_G"]},{"damage_healed":0.0,"max_hp_gain":0.0,"max_hp_loss":0.0,"gold_gain":0.0,"event_name":"The Woman in Blue","player_choice":"Bought 1 Potion","floor":5.0,"gold_loss":0.0,"damage_taken":0.0},{"damage_healed":0.0,"max_hp_gain":0.0,"max_hp_loss":0.0,"gold_gain":0.0,"event_name":"Big Fish","player_choice":"Box","floor":14.0,"gold_loss":0.0,"damage_taken":0.0,"relics_obtained":["Ninja Scroll"],"cards_obtained":["Regret"]},{"damage_healed":0.0,"max_hp_gain":0.0,"max_hp_loss":0.0,"gold_gain":50.0,"event_name":"Nest","player_choice":"Stole From Cult","floor":19.0,"gold_loss":0.0,"damage_taken":0.0},{"cards_removed":["Regret"],"damage_healed":0.0,"max_hp_gain":0.0,"max_hp_loss":0.0,"gold_gain":0.0,"event_name":"Bonfire Elementals","player_choice":"Offered Curse","floor":21.0,"gold_loss":0.0,"damage_taken":0.0,"relics_obtained":["Spirit Poop"]},{"damage_healed":0.0,"max_hp_gain":0.0,"max_hp_loss":0.0,"gold_gain":0.0,"event_name":"Addict","player_choice":"Obtained Relic","floor":31.0,"gold_loss":85.0,"damage_taken":0.0,"relics_obtained":["White Beast Statue"]},{"damage_healed":0.0,"max_hp_gain":0.0,"max_hp_loss":0.0,"gold_gain":0.0,"event_name":"Tomb of Lord Red Mask","player_choice":"Ignored","floor":36.0,"gold_loss":0.0,"damage_taken":0.0},{"damage_healed":0.0,"max_hp_gain":0.0,"max_hp_loss":0.0,"gold_gain":0.0,"event_name":"Duplicator","player_choice":"Copied","floor":37.0,"gold_loss":0.0,"damage_taken":0.0,"cards_obtained":["Accuracy"]},{"damage_healed":0,"gold_gain":0,"player_choice":"Memory 1","damage_taken":0,"max_hp_gain":0,"max_hp_loss":0,"event_name":"SensoryStone","floor":45,"gold_loss":0},{"damage_healed":0,"gold_gain":0,"player_choice":"Fight","damage_taken":0,"max_hp_gain":0,"max_hp_loss":0,"event_name":"Mysterious Sphere","floor":47,"gold_loss":0}],"is_beta":false,"boss_relics":[{"not_picked":["Astrolabe","Snecko Eye"],"picked":"Ring of the Serpent"},{"not_picked":["SlaversCollar","Coffee Dripper"],"picked":"Busted Crown"}],"items_purged_floors":[42],"is_endless":false,"potions_floor_spawned":[1,8,10,16,22,29,33,35,38,39,40,47,48],"ascension_level":15}}