{"host":"Slaske","time":1613878072,"event":{"mods":["AchievementEnabler","BaseMod","Colored Map","Colored Powertips","Minty Spire (QoL Compilation)","Random Character Button","Relic Stats","slay the spire mod where everything is the same but ironclad has a cowboy hat"],"gold_per_floor":[112,112,287,305,305,334,334,366,366,641,641,655,669,669,669,765,765,782,782,297,297,297,324,341,341,365,290,205,53,2,23,23,134,143,162,162,162,180,230,230,230,264,264,284,309,318,151,151,151,151,151,151,35,63,63,63],"floor_reached":55,"language":"ENG","playtime":2525,"items_purged":["Regret"],"score":933,"play_id":"d7e7dd15-3c62-4842-b038-f2b2659962c0","local_time":"20210221042752","is_ascension_mode":true,"campfire_choices":[{"floor":7,"key":"REST"},{"floor":11,"key":"REST"},{"floor":15,"key":"REST"},{"floor":25,"key":"REST"},{"floor":32,"key":"REST"},{"floor":40,"key":"RECALL"},{"floor":41,"key":"REST"},{"floor":49,"key":"REST"},{"floor":52,"key":"REST"}],"circlet_count":0,"master_deck":["Strike_P","Strike_P","Strike_P","Strike_P","Defend_P","Defend_P+1","Eruption+1","Vigilance+1","Perseverance","Fasting2","Brilliance+1","Tantrum+1","FlyingSleeves+1","Vault","Halt","Fasting2","Panacea+1","Wallop+1","Worship+1","RitualDagger+1","CrushJoints+1","CrushJoints+1","Prostrate+1","Devotion","CurseOfTheBell","Madness","Madness","Evaluate","Adaptation","CutThroughFate+1","Flash of Steel+1","Master of Strategy","EmptyFist+1"],"relics":["PureWater","Molten Egg 2","TeardropLocket","Fusion Hammer","Juzu Bracelet","Smiling Mask","CeramicFish","Bag of Preparation","ClockworkSouvenir","Calling Bell","Centennial Puzzle","Blue Candle","WingedGreaves","War Paint","Ginger","Mango","InkBottle","Sundial","Pantograph"],"acts_visited":["Exordium","TheCity","TheBeyond","TheEnding"],"potions_floor_usage":[6,16,24,33,33,44,45,45,50,50,55,55,55,55],"damage_taken":[{"damage":3,"enemies":"2 Louse","floor":1,"turns":3},{"damage":0,"enemies":"Small Slimes","floor":4,"turns":5},{"damage":40,"enemies":"Lagavulin","floor":6,"turns":5},{"damage":21,"enemies":"Gremlin Nob","floor":8,"turns":5},{"damage":1,"enemies":"Cultist","floor":12,"turns":2},{"damage":5,"enemies":"2 Fungi Beasts","floor":13,"turns":3},{"damage":35,"enemies":"The Guardian","floor":16,"turns":7},{"damage":6,"enemies":"Shell Parasite","floor":18,"turns":4},{"damage":58,"enemies":"Slavers","floor":23,"turns":8},{"damage":1,"enemies":"Chosen","floor":24,"turns":3},{"damage":0,"enemies":"3 Cultists","floor":31,"turns":3},{"damage":15,"enemies":"Champ","floor":33,"turns":7},{"damage":6,"enemies":"Orb Walker","floor":35,"turns":3},{"damage":0,"enemies":"Mind Bloom Boss Battle","floor":39,"turns":4},{"damage":1,"enemies":"Giant Head","floor":42,"turns":3},{"damage":5,"enemies":"3 Darklings","floor":44,"turns":2},{"damage":26,"enemies":"Jaw Worm Horde","floor":45,"turns":4},{"damage":41,"enemies":"Awakened One","floor":50,"turns":6},{"damage":30,"enemies":"Shield and Spear","floor":54,"turns":4},{"damage":91,"enemies":"The Heart","floor":55,"turns":7}],"seed_played":"2240701369547671023","potions_obtained":[{"floor":1,"key":"Fire Potion"},{"floor":8,"key":"BlessingOfTheForge"},{"floor":12,"key":"SpeedPotion"},{"floor":21,"key":"Explosive Potion"},{"floor":21,"key":"CultistPotion"},{"floor":21,"key":"Swift Potion"},{"floor":33,"key":"Weak Potion"},{"floor":39,"key":"Swift Potion"},{"floor":44,"key":"Explosive Potion"},{"floor":45,"key":"AttackPotion"}],"is_trial":false,"path_per_floor":["M","?","?","M","?","E","R","E","T","?","R","M","M","?","R","B",null,"M","?","$","?","?","E","M","R","T","?","?","$","$","M","R","B",null,"M","?","T","?","?","R","R","E","T","M","M","?","$","T","R","B",null,"R","$","E","B"],"character_chosen":"WATCHER","items_purchased":["Juzu Bracelet","Panacea","Wallop+1","Worship","ClockworkSouvenir","SkillPotion","Master of Strategy","EntropicBrew","EmptyFist+1"],"campfire_rested":8,"item_purchase_floors":[20,20,20,20,29,30,47,53,53],"current_hp_per_floor":[69,55,55,55,55,15,36,15,15,15,36,35,30,35,58,23,77,71,71,71,71,65,7,6,29,29,29,29,29,29,29,52,37,77,71,71,71,61,61,61,77,90,90,85,59,59,59,59,86,45,91,91,91,61,0,0],"gold":63,"neow_bonus":"UPGRADE_CARD","is_daily":false,"chose_seed":false,"campfire_upgraded":0,"win_rate":0.0,"timestamp":1613878072,"path_taken":["M","?","?","M","?","E","R","E","T","?","R","?","M","?","R","BOSS","M","?","$","?","?","E","M","R","T","?","?","?","$","M","R","BOSS","M","?","?","?","?","R","R","E","T","M","M","?","?","?","R","BOSS","R","$","E","BOSS"],"items_purchased_type":["Relic","Card","Card","Card","Relic","Potion","Card","Potion","Card"],"build_version":"2020-12-18","purchased_purges":1,"victory":false,"max_hp_per_floor":[72,72,72,72,72,72,72,72,72,72,72,72,72,77,77,77,77,77,77,77,77,77,77,77,77,77,77,77,77,77,77,77,77,77,77,77,77,77,77,77,77,91,91,91,91,91,91,91,91,91,91,91,91,91,91,91],"relic_stats":{"counters":[20,88],"CeramicFish":99,"Blue Candle":[4],"Juzu Bracelet":1,"Bag of Preparation":[20],"Ginger":[3],"War Paint":["Panacea","Worship"],"Smiling Mask":0,"Centennial Puzzle":[21],"Sundial":[0],"Pantograph":25,"obtain_stats":[{"CeramicFish":26,"Blue Candle":34,"Mango":42,"Juzu Bracelet":20,"Bag of Preparation":28,"TeardropLocket":8,"Ginger":39,"War Paint":37,"Smiling Mask":23,"ClockworkSouvenir":29,"Calling Bell":34,"Centennial Puzzle":34,"Sundial":48,"Pantograph":54,"Molten Egg 2":6,"Fusion Hammer":17,"WingedGreaves":34,"PureWater":0,"InkBottle":43},{"CeramicFish":10,"Blue Candle":12,"Mango":15,"Juzu Bracelet":8,"Bag of Preparation":10,"TeardropLocket":4,"Ginger":14,"War Paint":13,"Smiling Mask":9,"ClockworkSouvenir":10,"Calling Bell":12,"Centennial Puzzle":12,"Sundial":17,"Pantograph":19,"Molten Egg 2":3,"Fusion Hammer":7,"WingedGreaves":12,"PureWater":0,"InkBottle":15},{"CeramicFish":45,"Blue Candle":55,"Mango":65,"Juzu Bracelet":34,"Bag of Preparation":45,"TeardropLocket":18,"Ginger":62,"War Paint":58,"Smiling Mask":42,"ClockworkSouvenir":45,"Calling Bell":55,"Centennial Puzzle":55,"Sundial":71,"Pantograph":81,"Molten Egg 2":13,"Fusion Hammer":30,"WingedGreaves":55,"PureWater":0,"InkBottle":65}],"InkBottle":[12]},"card_choices":[{"not_picked":["FlurryOfBlows","Meditate"],"picked":"Perseverance","floor":1},{"not_picked":["BowlingBash","WheelKick"],"picked":"Fasting2","floor":4},{"not_picked":["BowlingBash+1","Crescendo"],"picked":"Brilliance+1","floor":6},{"not_picked":["InnerPeace","Protect"],"picked":"Halt","floor":8},{"not_picked":["BattleHymn","SashWhip+1"],"picked":"Tantrum+1","floor":12},{"not_picked":["EmptyBody","ClearTheMind"],"picked":"FlyingSleeves+1","floor":13},{"not_picked":["Establishment","Blasphemy"],"picked":"Vault","floor":16},{"not_picked":["Indignation","PathToVictory"],"picked":"Halt","floor":18},{"not_picked":["Conclude+1","Judgement"],"picked":"CrushJoints+1","floor":23},{"not_picked":["CarveReality+1","Nirvana"],"picked":"CrushJoints+1","floor":24},{"not_picked":["ClearTheMind+1","EmptyFist+1"],"picked":"Prostrate+1","floor":31},{"not_picked":["Blasphemy","Establishment"],"picked":"Devotion","floor":33},{"not_picked":["Meditate","Prostrate","Halt+1"],"picked":"SKIP","floor":35},{"not_picked":["DeceiveReality+1","Vengeance"],"picked":"Evaluate","floor":42},{"not_picked":["BowlingBash+1","Halt"],"picked":"Adaptation","floor":44},{"not_picked":["WindmillStrike+1","Swivel"],"picked":"CutThroughFate+1","floor":45},{"not_picked":["Jack Of All Trades","Trip"],"picked":"Flash of Steel+1","floor":46},{"not_picked":["JustLucky+1","Evaluate+1","CrushJoints+1"],"picked":"SKIP","floor":54}],"player_experience":542703,"relics_obtained":[{"floor":6,"key":"Molten Egg 2"},{"floor":8,"key":"TeardropLocket"},{"floor":23,"key":"Smiling Mask"},{"floor":26,"key":"CeramicFish"},{"floor":34,"key":"Centennial Puzzle"},{"floor":34,"key":"Blue Candle"},{"floor":34,"key":"WingedGreaves"},{"floor":37,"key":"War Paint"},{"floor":39,"key":"Ginger"},{"floor":42,"key":"Mango"},{"floor":43,"key":"InkBottle"},{"floor":48,"key":"Sundial"},{"floor":54,"key":"Pantograph"}],"event_choices":[{"damage_healed":0,"gold_gain":0,"player_choice":"Entered Light","damage_taken":14,"max_hp_gain":0,"max_hp_loss":0,"event_name":"Shining Light","floor":2,"gold_loss":0,"cards_upgraded":["Defend_P","Vigilance"]},{"damage_healed":0,"gold_gain":175,"player_choice":"AGREE","damage_taken":0,"max_hp_gain":0,"max_hp_loss":0,"event_name":"Liars Game","floor":3,"gold_loss":0,"cards_obtained":["Doubt"]},{"cards_removed":["Doubt"],"damage_healed":0,"gold_gain":0,"player_choice":"Forget","damage_taken":0,"max_hp_gain":0,"max_hp_loss":0,"event_name":"Living Wall","floor":5,"gold_loss":0},{"damage_healed":0,"gold_gain":275,"player_choice":"Desecrate","damage_taken":0,"max_hp_gain":0,"max_hp_loss":0,"event_name":"Golden Shrine","floor":10,"gold_loss":0,"cards_obtained":["Regret"]},{"damage_healed":0,"gold_gain":0,"player_choice":"Donut","damage_taken":0,"max_hp_gain":5,"max_hp_loss":0,"event_name":"Big Fish","floor":14,"gold_loss":0},{"damage_healed":0,"gold_gain":0,"cards_transformed":["Defend_P","Defend_P"],"player_choice":"Became Test Subject","damage_taken":0,"max_hp_gain":0,"max_hp_loss":0,"event_name":"Drug Dealer","floor":19,"gold_loss":0,"cards_obtained":["ReachHeaven","Fasting2"]},{"damage_healed":0,"gold_gain":0,"player_choice":"Got Potions","damage_taken":0,"max_hp_gain":0,"max_hp_loss":0,"event_name":"Lab","floor":21,"gold_loss":0},{"damage_healed":0,"gold_gain":0,"player_choice":"Joined the Cult","damage_taken":6,"max_hp_gain":0,"max_hp_loss":0,"event_name":"Nest","floor":22,"gold_loss":0,"cards_obtained":["RitualDagger"]},{"cards_removed":["ReachHeaven"],"damage_healed":0,"gold_gain":0,"player_choice":"Gave Gold","damage_taken":0,"max_hp_gain":0,"max_hp_loss":0,"event_name":"Beggar","floor":27,"gold_loss":75},{"damage_healed":0,"gold_gain":0,"player_choice":"Obtained Relic","damage_taken":0,"relics_obtained":["Bag of Preparation"],"max_hp_gain":0,"max_hp_loss":0,"event_name":"Addict","floor":28,"gold_loss":85},{"cards_removed":["Halt"],"damage_healed":0,"gold_gain":0,"player_choice":"Removed Skill","damage_taken":0,"max_hp_gain":0,"max_hp_loss":0,"event_name":"Falling","floor":36,"gold_loss":0},{"damage_healed":0,"gold_gain":0,"player_choice":"Embrace Madness","damage_taken":10,"max_hp_gain":0,"max_hp_loss":0,"event_name":"Winding Halls","floor":38,"gold_loss":0,"cards_obtained":["Madness","Madness"]},{"damage_healed":0,"gold_gain":0,"player_choice":"Fight","damage_taken":0,"max_hp_gain":0,"max_hp_loss":0,"event_name":"MindBloom","floor":39,"gold_loss":0},{"damage_healed":0,"gold_gain":0,"player_choice":"Memory 1","damage_taken":0,"max_hp_gain":0,"max_hp_loss":0,"event_name":"SensoryStone","floor":46,"gold_loss":0}],"is_beta":true,"boss_relics":[{"not_picked":["Runic Dome","Black Star"],"picked":"Fusion Hammer"},{"not_picked":["Sozu","Tiny House"],"picked":"Calling Bell"}],"items_purged_floors":[20],"is_endless":false,"potions_floor_spawned":[1,8,12,31,33,39,44,45],"killed_by":"The Heart","ascension_level":4}}