{"host":"sl5hpy1jvdbpn5jq","time":1613871969,"event":{"mods":["Act Like it!","Ascension Reborn","BaseMod","Better Skull","BetterRewards","Dota2Spire","Downfall","Elementarium","Filter the Spire","GifTheSpireLib","Halation","Hubris","Jorbs\u0027s Wanderer Trilogy","Minty Spire (QoL Compilation)","Permanent Neow","Replay The Spire","Shop Mod","Spicy Shops","StSLib","The Jungle"],"gold_per_floor":[99,138,192,192,0,36,59,59,59,107,107,188,239,239,269,578,678,578,635,635,537,594,678,703,603,715,809,839,839,739,1059,1089,1416,1416,1416,1473,1498,1498,1498,1498,1498,1343,1427,1527,1582,1682,1682,1682,1712,1752,1752,1870,1346,1346,1352,1390],"floor_reached":57,"language":"ENG","playtime":3783,"items_purged":["stsjorbsmod:Defend_Wanderer"],"score":1340,"play_id":"bcd81ddc-ec7c-4363-9a5f-ecece33e23e6","local_time":"20210220194609","daily_mods":["Vintage","Heirloom","Time Dilation","Flight","downfall:Jewelcrafting","Midas"],"is_ascension_mode":true,"campfire_choices":[{"floor":18,"key":"RECALL"},{"floor":30,"key":"REST"},{"floor":35,"key":"REST"},{"floor":40,"key":"REST"},{"floor":54,"key":"REST"}],"circlet_count":0,"master_deck":["stsjorbsmod:ForbiddenGrimoire+1","stsjorbsmod:Strike_Wanderer","stsjorbsmod:Strike_Wanderer+1","stsjorbsmod:Defend_Wanderer+1","stsjorbsmod:Defend_Wanderer+1","stsjorbsmod:FreshAdventure+1","stsjorbsmod:EyeOfTheStorm+1","Guardian:ExploitGems+1","Guardian:ExploitGems","stsjorbsmod:Introspection","stsjorbsmod:EyeOfTheStorm+1","stsjorbsmod:HoldMonster+1","Guardian:Gem_Fragmented","stsjorbsmod:TinyHut","stsjorbsmod:Index+1","stsjorbsmod:Rediscovery","AbeCurse","stsjorbsmod:EyeOfTheStorm+1","stsjorbsmod:FranticSearch+1"],"relics":["stsjorbsmod:GrimoireRelic","Guardian:PickAxe","Counterbalance","sneckomod:BlankCard","Lantern","Dota2Spire:BattleFury","PreservedInsect","NeowsBlessing","White Beast Statue","Dota2Spire:ShadowBlade","Potion Belt","Replay:Wanted Poster","downfall:HeartBlessingBlue","hubris:ToyBattleship","NeowsBlessing","Question Card","Tiny Chest","Replay:Rubber Ducky","Pantograph","Oddly Smooth Stone","downfall:HeartBlessingRed","Replay:Ringing Soul","Replay:Kaleidoscope","hubris:SphereOfDissonance","downfall:HeartBlessingGreen","Dota2Spire:AssaultCuirass","hexamod:CandleOfCauterizing","Dota2Spire:HandOfMidas","Abe\u0027s Treasure","StrikeDummy","Replay:Baseball","Dota2Spire:MantaStyle","DollysMirror","Unceasing Top","halation:Toothbrush","Bag of Preparation","hubris:DisguiseKit","hubris:Towel","halation:PinkSoulGem","Dota2Spire:CrimsonGuard","halation:TwoAmDonut","stsjorbsmod:BottledMemoryRelic","Replay:Bandana"],"acts_visited":["Exordium","TheCity","TheBeyond","TheEnding"],"potions_floor_usage":[46,46,46,46,56,56,56,56,56,56,56,56,56],"damage_taken":[{"damage":0,"enemies":"2 Louse","floor":2,"turns":6},{"damage":2,"enemies":"Jaw Worm","floor":3,"turns":4},{"damage":0,"enemies":"Cultist","floor":6,"turns":2},{"damage":0,"enemies":"Gremlin Gang","floor":10,"turns":2},{"damage":0,"enemies":"Lagavulin","floor":12,"turns":1},{"damage":0,"enemies":"Large Slime","floor":13,"turns":1},{"damage":0,"enemies":"Blue Slaver","floor":15,"turns":1},{"damage":6,"enemies":"WA_ARCHETYPE_RETAIN","floor":16,"turns":7},{"damage":4,"enemies":"3 Byrds","floor":19,"turns":2},{"damage":0,"enemies":"downfall:FleeingMerchant","floor":21,"turns":1},{"damage":5,"enemies":"Spheric Guardian","floor":22,"turns":3},{"damage":0,"enemies":"Slavers","floor":23,"turns":1},{"damage":2,"enemies":"Replay:Snechameleon","floor":26,"turns":4},{"damage":1,"enemies":"Gremlin Leader","floor":27,"turns":3},{"damage":2,"enemies":"Snecko","floor":28,"turns":7},{"damage":2,"enemies":"Colosseum Nobs","floor":31,"turns":3},{"damage":3,"enemies":"Sentry and Sphere","floor":32,"turns":5},{"damage":3,"enemies":"DF_ARCHETYPE_CLAW","floor":33,"turns":5},{"damage":1,"enemies":"Orb Walker","floor":36,"turns":2},{"damage":1,"enemies":"R_Hoarder","floor":43,"turns":2},{"damage":3,"enemies":"3 Darklings","floor":44,"turns":3},{"damage":14,"enemies":"Writhing Mass","floor":45,"turns":2},{"damage":4,"enemies":"Transient","floor":46,"turns":5},{"damage":1,"enemies":"Jaw Worm Horde","floor":49,"turns":2},{"damage":4,"enemies":"IC_BLOCK_ARCHETYPE","floor":50,"turns":6},{"damage":19,"enemies":"downfall:CharBossMerchant","floor":52,"turns":5},{"damage":26,"enemies":"downfall:NeowBoss","floor":55,"turns":13},{"damage":31,"enemies":"downfall:NeowBossFinal","floor":56,"turns":8}],"seed_played":"-3995154627542881890","potions_obtained":[{"floor":3,"key":"Fire Potion"},{"floor":6,"key":"Explosive Potion"},{"floor":13,"key":"SpeedPotion"},{"floor":15,"key":"LiquidMemories"},{"floor":16,"key":"Adrenaline Potion"},{"floor":19,"key":"stsjorbsmod:LiquidVirtue"},{"floor":27,"key":"LiquidMemories"},{"floor":45,"key":"EntropicBrew"},{"floor":46,"key":"Dota2Spire:Clarity"},{"floor":49,"key":"Dexterity Potion"},{"floor":52,"key":"stsjorbsmod:LiquidClarity"}],"is_trial":true,"path_per_floor":["R","M","M","?","WH","M","T","?","R","M","WH","E","M","?","M","B",null,"R","M","WH","$","M","E","T","R","E","E","M","WH","R","?","M","B",null,"R","M","T","$","WH","R","T","$","E","M","M","M","?","?","M","B",null,"E","$","R","B","B",null],"character_chosen":"WANDERER","items_purchased":["Question Card","Tiny Chest","DollysMirror","stsjorbsmod:BottledMemoryRelic","Replay:Bandana","stsjorbsmod:LiquidVirtue"],"campfire_rested":4,"item_purchase_floors":[21,21,42,53,53,53],"current_hp_per_floor":[68,70,70,70,70,70,70,70,70,76,76,76,76,76,76,78,78,88,86,86,87,86,87,87,87,91,94,94,94,94,94,93,97,100,100,100,100,100,100,100,100,103,106,106,96,108,108,108,114,116,116,111,114,121,95,96],"gold":1390,"neow_bonus":"REMOVE_CARD","is_daily":false,"chose_seed":false,"campfire_upgraded":0,"win_rate":0.0,"timestamp":1613871969,"path_taken":["R","M","M","?","WH","M","T","?","R","?","WH","E","?","?","M","BOSS","R","M","WH","$","?","E","T","R","E","E","?","WH","R","?","M","BOSS","R","M","?","$","WH","R","T","$","E","M","M","M","?","?","M","BOSS","E","$","R","BOSS","BOSS"],"items_purchased_type":["Relic","Relic","Relic","Relic","Relic","Potion"],"build_version":"2020-12-22","purchased_purges":1,"victory":true,"max_hp_per_floor":[68,70,70,70,70,70,70,70,70,76,76,76,76,76,76,78,78,88,88,88,88,88,88,88,88,91,94,94,94,94,94,94,97,100,100,100,100,100,100,100,100,103,106,106,106,108,108,108,114,116,116,118,121,121,121,121],"card_choices":[{"not_picked":["stsjorbsmod:Counterspell","stsjorbsmod:SchoolsOfMagic"],"picked":"stsjorbsmod:Introspection","floor":12},{"not_picked":["stsjorbsmod:PurgeMind","stsjorbsmod:MirrorImage"],"picked":"stsjorbsmod:HoldMonster","floor":16},{"not_picked":["stsjorbsmod:ParryingBlow","stsjorbsmod:Hibernate+1","stsjorbsmod:ChainLightning+1"],"picked":"SKIP","floor":21},{"not_picked":["stsjorbsmod:DoubleCheck","stsjorbsmod:ArcaneWeapon","stsjorbsmod:BurningFlask","stsjorbsmod:Inferno"],"picked":"SKIP","floor":23},{"not_picked":["stsjorbsmod:Rest","stsjorbsmod:ChainLightning","stsjorbsmod:RefuseToForget"],"picked":"stsjorbsmod:TinyHut","floor":26},{"not_picked":["stsjorbsmod:Mending","stsjorbsmod:WeightOfMemory","stsjorbsmod:RefuseToForget"],"picked":"stsjorbsmod:Index+1","floor":27},{"not_picked":["stsjorbsmod:MirrorImage","stsjorbsmod:HoldMonster","stsjorbsmod:PurgeMind"],"picked":"stsjorbsmod:Rediscovery","floor":33},{"not_picked":["stsjorbsmod:Counterspell+1","stsjorbsmod:Thorns","stsjorbsmod:Message+1"],"picked":"stsjorbsmod:FranticSearch+1","floor":43},{"not_picked":["stsjorbsmod:MageArmor+1","stsjorbsmod:ParryingBlow","stsjorbsmod:FaerieFire","stsjorbsmod:UnseenServant","Blasphemy"],"picked":"SKIP","floor":52}],"player_experience":240822,"relics_obtained":[{"floor":2,"key":"sneckomod:BlankCard"},{"floor":3,"key":"Lantern"},{"floor":6,"key":"Dota2Spire:BattleFury"},{"floor":10,"key":"PreservedInsect"},{"floor":12,"key":"White Beast Statue"},{"floor":13,"key":"Dota2Spire:ShadowBlade"},{"floor":15,"key":"Potion Belt"},{"floor":19,"key":"hubris:ToyBattleship"},{"floor":22,"key":"Replay:Rubber Ducky"},{"floor":23,"key":"Pantograph"},{"floor":24,"key":"Oddly Smooth Stone"},{"floor":26,"key":"Replay:Ringing Soul"},{"floor":27,"key":"Replay:Kaleidoscope"},{"floor":28,"key":"hubris:SphereOfDissonance"},{"floor":31,"key":"Dota2Spire:AssaultCuirass"},{"floor":31,"key":"hexamod:CandleOfCauterizing"},{"floor":32,"key":"Dota2Spire:HandOfMidas"},{"floor":36,"key":"StrikeDummy"},{"floor":37,"key":"Replay:Baseball"},{"floor":41,"key":"Dota2Spire:MantaStyle"},{"floor":43,"key":"Unceasing Top"},{"floor":44,"key":"halation:Toothbrush"},{"floor":45,"key":"Bag of Preparation"},{"floor":46,"key":"hubris:DisguiseKit"},{"floor":49,"key":"Dota2Spire:CrimsonGuard"},{"floor":52,"key":"halation:TwoAmDonut"}],"event_choices":[],"is_beta":false,"boss_relics":[{"not_picked":["halation:CatFaceCupcake","Kintsugi"],"picked":"Replay:Wanted Poster"},{"not_picked":["Astrolabe","hubris:GrandSneckoEye"],"picked":"Abe\u0027s Treasure"}],"items_purged_floors":[53],"is_endless":false,"potions_floor_spawned":[3,6,13,15,16,19,21,22,23,26,27,28,31,32,33,36,43,44,45,46,49,52],"ascension_level":0}}