{"host":"1a8lb11wemezctea","time":1613937989,"event":{"mods":["BaseMod","Colored Powertips","Highlight Path","Minty Spire (QoL Compilation)"],"gold_per_floor":[118,131,60,60,76,108,36,36,36,211,241,2,2,77,77,150,150,168,180,180,55,55,55,81,81,155,180,180,196,209,84,84,161,161,176,176,189,189,189,221,221,221,248,258,258,287,336,346,346,346,346,346,1,31,31],"floor_reached":56,"language":"ENG","playtime":3204,"items_purged":["Doubt","Doppelganger","Well Laid Plans"],"score":2122,"play_id":"eeedbd1f-c846-4f77-af36-d73de3df36cf","local_time":"20210221150629","is_ascension_mode":true,"campfire_choices":[{"data":"Blade Dance","floor":8.0,"key":"SMITH"},{"data":"Accuracy","floor":15.0,"key":"SMITH"},{"data":"Envenom","floor":23.0,"key":"SMITH"},{"data":"Terror","floor":25.0,"key":"SMITH"},{"floor":28.0,"key":"REST"},{"data":"After Image","floor":32.0,"key":"SMITH"},{"floor":42,"key":"RECALL"},{"floor":49,"key":"REST"},{"data":"Secret Technique","floor":52,"key":"SMITH"}],"circlet_count":0,"master_deck":["AscendersBane","Survivor","Neutralize+1","Dagger Throw","Blade Dance+1","Leg Sweep","Cloak And Dagger","Adrenaline","Accuracy+1","Deflect","Cloak And Dagger","Finisher","Envenom+1","Dagger Spray","Venomology","Phantasmal Killer","After Image+1","Terror+1","Calculated Gamble+1","Dodge and Roll","Storm of Steel","Sucker Punch","Dagger Throw","Footwork+1","Blade Dance","Blade Dance+1","Adrenaline","Leg Sweep","Secret Technique+1","Adrenaline"],"relics":["Ring of the Snake","Snake Skull","Vajra","Bottled Flame","Calipers","Pandora\u0027s Box","Frozen Egg 2","Shuriken","Blood Vial","HoveringKite","PreservedInsect","War Paint","Torii","Incense Burner","ClockworkSouvenir","Pen Nib"],"acts_visited":["Exordium","TheCity","TheBeyond","TheEnding"],"potions_floor_usage":[40,44,47,47,50,54,55,55],"damage_taken":[{"damage":0.0,"enemies":"Cultist","floor":1.0,"turns":5.0},{"damage":2.0,"enemies":"Jaw Worm","floor":2.0,"turns":6.0},{"damage":0.0,"enemies":"2 Louse","floor":5.0,"turns":2.0},{"damage":24.0,"enemies":"Lagavulin","floor":6.0,"turns":9.0},{"damage":4.0,"enemies":"3 Sentries","floor":11.0,"turns":6.0},{"damage":0.0,"enemies":"Slime Boss","floor":16.0,"turns":5.0},{"damage":12.0,"enemies":"3 Byrds","floor":18.0,"turns":6.0},{"damage":5.0,"enemies":"Shell Parasite","floor":19.0,"turns":3.0},{"damage":24.0,"enemies":"Slavers","floor":24.0,"turns":4.0},{"damage":16.0,"enemies":"Book of Stabbing","floor":27.0,"turns":4.0},{"damage":0.0,"enemies":"Sentry and Sphere","floor":29.0,"turns":2.0},{"damage":4.0,"enemies":"Centurion and Healer","floor":30.0,"turns":4.0},{"damage":0.0,"enemies":"Champ","floor":33.0,"turns":6.0},{"damage":4.0,"enemies":"3 Shapes","floor":35.0,"turns":3.0},{"damage":5.0,"enemies":"Orb Walker","floor":37.0,"turns":3.0},{"damage":0,"enemies":"Reptomancer","floor":40,"turns":5},{"damage":0,"enemies":"Maw","floor":44,"turns":6},{"damage":0,"enemies":"Giant Head","floor":46,"turns":4},{"damage":24,"enemies":"2 Orb Walkers","floor":47,"turns":3},{"damage":16,"enemies":"Jaw Worm Horde","floor":48,"turns":3},{"damage":35,"enemies":"Awakened One","floor":50,"turns":10},{"damage":44,"enemies":"Shield and Spear","floor":54,"turns":6},{"damage":62,"enemies":"The Heart","floor":55,"turns":8}],"seed_played":"-6648827214149431493","potions_obtained":[{"floor":2.0,"key":"BlessingOfTheForge"},{"floor":5.0,"key":"Energy Potion"},{"floor":11.0,"key":"Swift Potion"},{"floor":16.0,"key":"Regen Potion"},{"floor":19.0,"key":"FairyPotion"},{"floor":22.0,"key":"Swift Potion"},{"floor":24.0,"key":"PowerPotion"},{"floor":33.0,"key":"Block Potion"}],"is_trial":false,"path_per_floor":["M","M","$","?","M","E","$","R","T","?","E","$","?","?","R","B",null,"M","M","?","$","?","R","E","R","T","E","R","M","M","$","R","B",null,"M","?","M","?","?","E","T","R","T","M","$","E","?","M","R","B",null,"R","$","E","B",null],"character_chosen":"THE_SILENT","items_purchased":["Leg Sweep","Accuracy","Cloak And Dagger","Finisher","SteroidPotion","Dagger Throw","ClockworkSouvenir","Adrenaline","FearPotion"],"campfire_rested":2,"item_purchase_floors":[3,7,12,12,12,21,53,53,53],"current_hp_per_floor":[59,57,57,62,62,38,38,38,38,38,34,34,34,23,23,23,59,61,56,56,56,56,56,32,32,32,16,37,39,37,37,37,39,63,61,61,58,58,58,60,60,60,60,62,62,64,42,28,49,16,57,57,57,15,16],"gold":31,"neow_bonus":"RANDOM_COMMON_RELIC","is_daily":false,"chose_seed":false,"campfire_upgraded":6,"win_rate":0.0,"timestamp":1613937989,"path_taken":["M","?","$","?","M","E","?","R","T","?","E","$","?","?","R","BOSS","M","M","?","$","?","R","E","R","T","E","R","M","M","$","R","BOSS","M","?","?","?","?","E","?","R","T","?","$","E","?","M","R","BOSS","R","$","E","BOSS"],"items_purchased_type":["Card","Card","Card","Card","Potion","Card","Relic","Card","Potion"],"build_version":"2020-12-22","purchased_purges":3,"victory":true,"max_hp_per_floor":[66,66,66,71,71,71,71,71,71,71,71,71,71,71,71,71,71,71,71,71,71,71,71,71,71,71,71,71,71,71,71,71,71,71,71,71,71,71,71,71,71,71,71,71,71,71,71,71,71,71,71,71,71,71,71],"card_choices":[{"not_picked":["Outmaneuver","Prepared"],"picked":"Dagger Throw","floor":1.0},{"not_picked":["Bouncing Flask","Poisoned Stab"],"picked":"Blade Dance","floor":2.0},{"not_picked":["Backstab","Infinite Blades"],"picked":"Cloak And Dagger","floor":5.0},{"not_picked":["Concentrate","Setup"],"picked":"Adrenaline","floor":6.0},{"not_picked":["Riddle With Holes","Skewer"],"picked":"Deflect","floor":11.0},{"not_picked":["Phantasmal Killer","A Thousand Cuts"],"picked":"Envenom","floor":16.0},{"not_picked":["Accuracy","Dagger Spray"],"picked":"Sucker Punch","floor":18.0},{"not_picked":["Outmaneuver+1","Prepared"],"picked":"Sucker Punch","floor":19.0},{"not_picked":["Bouncing Flask","Endless Agony"],"picked":"Footwork+1","floor":24.0},{"not_picked":["Deflect","Quick Slash"],"picked":"Blade Dance","floor":27.0},{"not_picked":["Leg Sweep","Slice"],"picked":"Blade Dance","floor":29.0},{"not_picked":["Acrobatics","Deadly Poison","Terror"],"picked":"SKIP","floor":30.0},{"not_picked":["Acrobatics","Deadly Poison","Terror"],"picked":"SKIP","floor":30.0},{"not_picked":["Doppelganger","Venomology"],"picked":"Adrenaline","floor":33.0},{"not_picked":["Acrobatics","Finisher"],"picked":"Leg Sweep","floor":35.0},{"not_picked":["Backstab","Flying Knee","Dodge and Roll+1"],"picked":"SKIP","floor":37.0},{"not_picked":["The Bomb","HandOfGreed"],"picked":"Secret Technique","floor":39.0},{"not_picked":["Setup+1","Sucker Punch+1","PiercingWail+1"],"picked":"SKIP","floor":40},{"not_picked":["Finisher+1","PiercingWail","Dagger Throw"],"picked":"SKIP","floor":44},{"not_picked":["Dagger Throw","Blade Dance","Calculated Gamble+1"],"picked":"SKIP","floor":46},{"not_picked":["Prepared","Choke+1","Quick Slash"],"picked":"SKIP","floor":48},{"not_picked":["Underhanded Strike","Leg Sweep","Storm of Steel"],"picked":"SKIP","floor":54}],"player_experience":293028,"relics_obtained":[{"floor":6.0,"key":"Vajra"},{"floor":9.0,"key":"Bottled Flame"},{"floor":11.0,"key":"Calipers"},{"floor":24.0,"key":"Frozen Egg 2"},{"floor":26.0,"key":"Shuriken"},{"floor":27.0,"key":"Blood Vial"},{"floor":40,"key":"PreservedInsect"},{"floor":43,"key":"War Paint"},{"floor":46,"key":"Torii"},{"floor":47,"key":"Incense Burner"},{"floor":54,"key":"Pen Nib"}],"event_choices":[{"damage_healed":0.0,"max_hp_gain":5.0,"max_hp_loss":0.0,"gold_gain":0.0,"event_name":"Big Fish","player_choice":"Donut","floor":4.0,"gold_loss":0.0,"damage_taken":0.0},{"damage_healed":0.0,"max_hp_gain":0.0,"max_hp_loss":0.0,"gold_gain":175.0,"event_name":"Liars Game","player_choice":"AGREE","floor":10.0,"gold_loss":0.0,"damage_taken":0.0,"cards_obtained":["Doubt"]},{"damage_healed":0.0,"max_hp_gain":0.0,"max_hp_loss":0.0,"gold_gain":0.0,"event_name":"Living Wall","player_choice":"Grow","floor":13.0,"gold_loss":0.0,"damage_taken":0.0,"cards_upgraded":["Neutralize"]},{"damage_healed":0.0,"max_hp_gain":0.0,"max_hp_loss":0.0,"gold_gain":75.0,"event_name":"World of Goop","player_choice":"Gather Gold","floor":14.0,"gold_loss":0.0,"damage_taken":11.0},{"damage_healed":0.0,"max_hp_gain":0.0,"max_hp_loss":0.0,"gold_gain":0.0,"event_name":"Ghosts","player_choice":"Ignored","floor":20.0,"gold_loss":0.0,"damage_taken":0.0},{"damage_healed":0.0,"max_hp_gain":0.0,"max_hp_loss":0.0,"gold_gain":0.0,"event_name":"Lab","player_choice":"Got Potions","floor":22.0,"gold_loss":0.0,"damage_taken":0.0},{"damage_healed":0.0,"max_hp_gain":0.0,"max_hp_loss":0.0,"gold_gain":0.0,"event_name":"SecretPortal","player_choice":"Ignored","floor":36.0,"gold_loss":0.0,"damage_taken":0.0},{"cards_removed":["Sucker Punch"],"damage_healed":0.0,"max_hp_gain":0.0,"max_hp_loss":0.0,"gold_gain":0.0,"event_name":"Falling","player_choice":"Removed Attack","floor":38.0,"gold_loss":0.0,"damage_taken":0.0},{"damage_healed":0.0,"max_hp_gain":0.0,"max_hp_loss":0.0,"gold_gain":0.0,"event_name":"SensoryStone","player_choice":"Memory 1","floor":39.0,"gold_loss":0.0,"damage_taken":0.0},{"damage_healed":0,"gold_gain":0,"player_choice":"Fight","damage_taken":0,"max_hp_gain":0,"max_hp_loss":0,"event_name":"Mysterious Sphere","floor":47,"gold_loss":0}],"is_beta":false,"boss_relics":[{"not_picked":["Fusion Hammer","Sozu"],"picked":"Pandora\u0027s Box"},{"not_picked":["Velvet Choker","Calling Bell"],"picked":"HoveringKite"}],"items_purged_floors":[12,21,31],"is_endless":false,"potions_floor_spawned":[2,5,11,16,19,24,29,33,40],"ascension_level":14}}