{"host":"2qgcsivoxob3ugky","time":1613885149,"event":{"mods":["AchievementEnabler","Act Like it!","BaseMod","Colored Powertips","Downfall","Gensokyo","Googly Eyes","Hermit","Marisa????????","Minty Spire (QoL Compilation)","Remilia??????","Replay The Spire","StSLib","The Animator","The Cursed","The Jungle","The Servant 0.9.4"],"gold_per_floor":[118,118,118,118,169,201,201,75,99,111,111,9,19,30,30,30,30],"floor_reached":16,"language":"ENG","playtime":918,"items_purged":["Pain"],"score":123,"play_id":"382bf736-19f8-4b38-906b-d2d33aeabf88","local_time":"20210220232549","is_ascension_mode":false,"campfire_choices":[{"data":"Starlight","floor":11,"key":"SMITH"},{"floor":15,"key":"REST"}],"circlet_count":0,"master_deck":["Strike_S","Strike_S","Defend_S","Defend_S","Defend_S","Defend_S","KidneyShot","Exchange","GearUp","Barrier","Starlight+1","FanOfKnives","FastForward","TheWorld","BestPractice"],"relics":["Uniform","NeowsBlessing","Strawberry","Gensokyo:LunaticRedEyes","Oddly Smooth Stone","Nunchaku","Blue Candle","Art of War","Replay:Rubber Ducky"],"acts_visited":["Exordium"],"potions_floor_usage":[14],"damage_taken":[{"damage":0,"enemies":"Gensokyo:3_Fairies","floor":1,"turns":1},{"damage":1,"enemies":"Gensokyo:Mamizou","floor":6,"turns":3},{"damage":0,"enemies":"Gensokyo:Gryphon","floor":10,"turns":1},{"damage":6,"enemies":"Gensokyo:2_Kodama","floor":13,"turns":5},{"damage":1,"enemies":"Gensokyo:LivingMonolith","floor":14,"turns":4},{"damage":0,"enemies":"Gensokyo:Reimu","floor":16,"turns":7}],"seed_played":"-2607358252679238037","potions_obtained":[{"floor":10,"key":"SteroidPotion"},{"floor":13,"key":"SkillPotion"}],"is_trial":false,"path_per_floor":["M","?","?","?","T","E","?","$","T","M","R","COS","M","M","R","B"],"character_chosen":"THE_SERVANT","items_purchased":["Starlight"],"campfire_rested":1,"item_purchase_floors":[8],"current_hp_per_floor":[65,52,49,49,49,48,43,43,43,43,43,43,37,36,57,57,57],"gold":30,"neow_bonus":"THREE_ENEMY_KILL","is_daily":false,"chose_seed":false,"campfire_upgraded":1,"win_rate":0.0,"timestamp":1613885149,"path_taken":["M","?","?","?","?","E","?","$","T","M","R","COS","M","M","R","BOSS"],"items_purchased_type":["Card"],"build_version":"2020-12-22","purchased_purges":1,"victory":false,"max_hp_per_floor":[65,65,72,72,72,72,72,72,72,72,72,72,72,72,72,72,72],"card_choices":[{"not_picked":["Replace","FastForward"],"picked":"GearUp","floor":1},{"not_picked":["StarChef","ShatteredReality"],"picked":"Barrier","floor":6},{"not_picked":["Starlight","ShiftingGears"],"picked":"FanOfKnives","floor":10},{"not_picked":["Gouge","Revamp"],"picked":"FastForward","floor":13},{"not_picked":["Duplication","ForgedInTime"],"picked":"TheWorld","floor":14},{"not_picked":["Unruled","Read"],"picked":"BestPractice","floor":14}],"player_experience":309658,"relics_obtained":[{"floor":5,"key":"Oddly Smooth Stone"},{"floor":6,"key":"Nunchaku"},{"floor":9,"key":"Art of War"}],"event_choices":[],"is_beta":false,"boss_relics":[],"items_purged_floors":[8],"is_endless":false,"potions_floor_spawned":[10,13],"killed_by":"Gensokyo:Reimu","ascension_level":0}}