{"host":"ad59wuc8ynh8u2z6","time":1613912144,"event":{"mods":["AchievementEnabler","BaseMod","Colored Powertips","DeckTracker","Highlight Path","Minty Spire (QoL Compilation)","Permanent Neow"],"gold_per_floor":[362,362,136,36,52,78,78,78,105,133,133,99,99,99,99,227,227,245,245,120,120,155,193,193,217,217,231,270,294,318,168,168,287,287,310,135,149,149,73,104,104,148,148,187,187,234,234,273,273,273],"floor_reached":51,"language":"ENG","playtime":3082,"items_purged":["Strike_G","Strike_G","Strike_G","Strike_G","Strike_G"],"score":1260,"play_id":"7be29d41-1335-4d65-876a-e88bd2d31c4b","local_time":"20210221135544","is_ascension_mode":true,"campfire_choices":[{"data":"Bouncing Flask","floor":7.0,"key":"SMITH"},{"data":"Footwork","floor":11.0,"key":"SMITH"},{"data":"Footwork","floor":13.0,"key":"SMITH"},{"data":"Neutralize","floor":15.0,"key":"SMITH"},{"data":"Venomology","floor":24.0,"key":"SMITH"},{"data":"Defend_G","floor":32,"key":"SMITH"},{"data":"Burst","floor":41,"key":"SMITH"},{"data":"Adrenaline","floor":45,"key":"SMITH"},{"floor":47,"key":"RECALL"},{"data":"Adrenaline","floor":49,"key":"SMITH"}],"circlet_count":0,"master_deck":["Defend_G+1","Defend_G","Defend_G","Defend_G","Defend_G+1","Survivor+1","Neutralize+1","Bouncing Flask+1","Footwork+1","Footwork+1","Venomology+1","Blur+1","Adrenaline+1","Bouncing Flask+1","Noxious Fumes+1","Madness","Madness","Burst+1","Adrenaline+1","Noxious Fumes+1"],"relics":["Ring of the Snake","FaceOfCleric","Tiny Chest","Juzu Bracelet","War Paint","Centennial Puzzle","Golden Idol","SlaversCollar","Mummified Hand","Red Mask","Tough Bandages","Gremlin Horn","Vajra","Snecko Eye","Thread and Needle","Nunchaku","Bird Faced Urn","Darkstone Periapt"],"acts_visited":["Exordium","TheCity","TheBeyond"],"potions_floor_usage":[29,29,29,33,37,40,42,42,42,44,50],"damage_taken":[{"damage":0.0,"enemies":"2 Louse","floor":1.0,"turns":5.0},{"damage":0.0,"enemies":"Cultist","floor":5.0,"turns":4.0},{"damage":22.0,"enemies":"3 Sentries","floor":6.0,"turns":16.0},{"damage":10.0,"enemies":"Lagavulin","floor":10.0,"turns":6.0},{"damage":3.0,"enemies":"Slime Boss","floor":16.0,"turns":12.0},{"damage":0.0,"enemies":"Chosen","floor":18.0,"turns":7.0},{"damage":26.0,"enemies":"Masked Bandits","floor":22.0,"turns":9.0},{"damage":14.0,"enemies":"Book of Stabbing","floor":23.0,"turns":6.0},{"damage":5.0,"enemies":"2 Thieves","floor":25.0,"turns":4.0},{"damage":0.0,"enemies":"Centurion and Healer","floor":27.0,"turns":14.0},{"damage":0.0,"enemies":"Gremlin Leader","floor":28.0,"turns":7.0},{"damage":4,"enemies":"Cultist and Chosen","floor":29,"turns":9},{"damage":2,"enemies":"Shelled Parasite and Fungi","floor":30,"turns":6},{"damage":14,"enemies":"Champ","floor":33,"turns":17},{"damage":0,"enemies":"3 Shapes","floor":35,"turns":11},{"damage":0,"enemies":"Orb Walker","floor":37,"turns":4},{"damage":0,"enemies":"Giant Head","floor":40,"turns":8},{"damage":0,"enemies":"Nemesis","floor":42,"turns":7},{"damage":0,"enemies":"Reptomancer","floor":44,"turns":7},{"damage":2,"enemies":"Nemesis","floor":48,"turns":7},{"damage":4,"enemies":"Awakened One","floor":50,"turns":14}],"seed_played":"2228167148102986471","potions_obtained":[{"floor":6.0,"key":"Strength Potion"},{"floor":8.0,"key":"Fruit Juice"},{"floor":8.0,"key":"Explosive Potion"},{"floor":22.0,"key":"PowerPotion"},{"floor":23.0,"key":"SpeedPotion"},{"floor":28.0,"key":"CunningPotion"},{"floor":30,"key":"Block Potion"},{"floor":44,"key":"SmokeBomb"}],"is_trial":false,"path_per_floor":["M","?","$","$","M","E","R","?","T","E","R","$","R","?","R","B",null,"M","T","$","?","?","E","R","M","T","M","E","M","M","$","R","B",null,"M","$","M","?","$","E","R","E","T","E","R","T","R","E","R","B",null],"character_chosen":"THE_SILENT","items_purchased":["Tiny Chest","Footwork","Burst"],"campfire_rested":0,"item_purchase_floors":[3,12,39],"current_hp_per_floor":[63,63,63,63,64,43,43,43,43,34,34,34,34,18,18,16,54,55,55,55,55,30,17,17,18,18,19,20,17,16,16,16,3,62,63,63,64,54,54,55,55,56,56,63,63,63,63,68,68,73],"gold":273,"neow_bonus":"TWO_FIFTY_GOLD","is_daily":false,"chose_seed":false,"campfire_upgraded":9,"win_rate":0.0,"timestamp":1613912144,"path_taken":["M","?","?","$","M","E","R","?","T","E","R","?","R","?","R","BOSS","M","?","$","?","?","E","R","M","T","M","E","M","M","$","R","BOSS","M","$","M","?","$","E","R","E","T","E","R","?","R","E","R","BOSS"],"items_purchased_type":["Relic","Card","Card"],"build_version":"2020-12-22","purchased_purges":5,"victory":true,"max_hp_per_floor":[63,63,63,63,64,65,65,65,65,66,66,66,66,66,66,67,67,68,68,68,68,69,70,70,76,76,77,78,79,80,80,80,81,81,82,82,83,83,83,84,84,85,85,86,86,86,86,87,87,88],"card_choices":[{"not_picked":["Quick Slash","Accuracy"],"picked":"Bouncing Flask","floor":1.0},{"not_picked":["Cloak And Dagger","Dodge and Roll"],"picked":"Footwork","floor":5.0},{"not_picked":["Sucker Punch","Finisher","Leg Sweep"],"picked":"SKIP","floor":6.0},{"not_picked":["Slice","Finisher","Calculated Gamble"],"picked":"SKIP","floor":10.0},{"not_picked":["Wraith Form v2","Storm of Steel"],"picked":"Venomology","floor":16.0},{"not_picked":["Tactician","Dagger Spray+1","Crippling Poison"],"picked":"SKIP","floor":18.0},{"not_picked":["Finisher","Choke","Deadly Poison"],"picked":"SKIP","floor":23.0},{"not_picked":["Deflect","Leg Sweep"],"picked":"Blur+1","floor":25.0},{"not_picked":["Slice","Underhanded Strike","Sucker Punch+1"],"picked":"SKIP","floor":27.0},{"not_picked":["Riddle With Holes","Finisher+1","Crippling Poison"],"picked":"SKIP","floor":28.0},{"not_picked":["Riddle With Holes","Finisher+1","Crippling Poison"],"picked":"SKIP","floor":28.0},{"not_picked":["Backstab","Slice","Predator"],"picked":"SKIP","floor":29},{"not_picked":["Poisoned Stab","Dodge and Roll","Terror"],"picked":"SKIP","floor":30},{"not_picked":["After Image","Doppelganger"],"picked":"Adrenaline","floor":33},{"not_picked":["Cloak And Dagger","Deadly Poison"],"picked":"Bouncing Flask+1","floor":35},{"not_picked":["Deflect+1","Outmaneuver+1"],"picked":"Noxious Fumes+1","floor":37},{"not_picked":["Deflect+1","Eviscerate+1","Accuracy+1"],"picked":"SKIP","floor":40},{"not_picked":["Blade Dance","Skewer","Cloak And Dagger+1"],"picked":"SKIP","floor":42},{"not_picked":["Setup+1","Expertise+1"],"picked":"Adrenaline","floor":44},{"not_picked":["Bane","Reflex+1"],"picked":"Noxious Fumes+1","floor":48}],"player_experience":116330,"relics_obtained":[{"floor":6.0,"key":"Juzu Bracelet"},{"floor":9.0,"key":"War Paint"},{"floor":10.0,"key":"Centennial Puzzle"},{"floor":19.0,"key":"Mummified Hand"},{"floor":22.0,"key":"Red Mask"},{"floor":23.0,"key":"Tough Bandages"},{"floor":26.0,"key":"Gremlin Horn"},{"floor":28.0,"key":"Vajra"},{"floor":40,"key":"Thread and Needle"},{"floor":42,"key":"Nunchaku"},{"floor":43,"key":"Bird Faced Urn"},{"floor":48,"key":"Darkstone Periapt"}],"event_choices":[{"damage_healed":0.0,"max_hp_gain":0.0,"max_hp_loss":0.0,"gold_gain":0.0,"event_name":"FaceTrader","player_choice":"Trade","floor":2.0,"gold_loss":0.0,"damage_taken":0.0,"relics_obtained":["FaceOfCleric"]},{"damage_healed":0.0,"max_hp_gain":0.0,"max_hp_loss":0.0,"gold_gain":0.0,"event_name":"Lab","player_choice":"Got Potions","floor":8.0,"gold_loss":0.0,"damage_taken":0.0},{"damage_healed":0.0,"max_hp_gain":0.0,"max_hp_loss":0.0,"gold_gain":0.0,"event_name":"Golden Idol","player_choice":"Take Damage","floor":14.0,"gold_loss":0.0,"damage_taken":16.0,"relics_obtained":["Golden Idol"]},{"damage_healed":0.0,"max_hp_gain":0.0,"max_hp_loss":0.0,"gold_gain":0.0,"event_name":"Vampires","player_choice":"Ignored","floor":21.0,"gold_loss":0.0,"damage_taken":0.0},{"damage_healed":0.0,"max_hp_gain":0.0,"max_hp_loss":0.0,"gold_gain":0.0,"event_name":"Masked Bandits","player_choice":"Fought Bandits","floor":22.0,"gold_loss":0.0,"damage_taken":0.0},{"damage_healed":0,"gold_gain":0,"player_choice":"Embrace Madness","damage_taken":10,"max_hp_gain":0,"max_hp_loss":0,"event_name":"Winding Halls","floor":38,"gold_loss":0,"cards_obtained":["Madness","Madness"]}],"is_beta":false,"boss_relics":[{"not_picked":["WristBlade","Fusion Hammer"],"picked":"SlaversCollar"},{"not_picked":["Black Star","Empty Cage"],"picked":"Snecko Eye"}],"items_purged_floors":[3,4,20,31,36],"is_endless":false,"potions_floor_spawned":[6,22,23,28,30,35,40,44,48],"ascension_level":7}}