{"host":"68s2ule2drunr851","time":1613895261,"event":{"mods":["BaseMod","Minty Spire (QoL Compilation)"],"gold_per_floor":[112,187,187,204,216,216,22,46,46,71,89,102,102,135,135,234,234,246,156,12,28,41,41,76,76,76,109,124,135,35,65,65,167,167,185,197,197,77,88,113,123,137,137,137,165,165,184,219,219,219,219,219,41,74,74,74],"floor_reached":55,"language":"ENG","playtime":78226,"items_purged":["Defend_B","Strike_B","Dualcast","Capacitor","Zap+1"],"score":1082,"play_id":"330ab9c2-3dff-4d61-a49f-260b835442d9","local_time":"20210221091421","is_ascension_mode":true,"campfire_choices":[{"data":"Zap","floor":6,"key":"SMITH"},{"floor":13,"key":"RECALL"},{"data":"Buffer","floor":15,"key":"SMITH"},{"data":"Hologram","floor":23,"key":"SMITH"},{"data":"Coolheaded","floor":25,"key":"SMITH"},{"data":"Steam Power","floor":32,"key":"SMITH"},{"data":"Hologram","floor":46,"key":"SMITH"},{"data":"Scrape","floor":49,"key":"SMITH"},{"data":"Leap","floor":52,"key":"SMITH"}],"circlet_count":0,"master_deck":["Defend_B","Defend_B+1","Sweeping Beam","Conserve Battery+1","Gash","Go for the Eyes","Leap+1","Gash","Self Repair","Buffer+1","Hologram+1","FTL","Coolheaded+1","Steam Power+1","Reboot+1","Scrape+1","Madness","Madness","Gash+1","Hologram+1","Recycle+1","Beam Cell"],"relics":["Empty Cage","PreservedInsect","Eternal Feather","Bottled Flame","The Courier","Nuclear Battery","Darkstone Periapt","Meat on the Bone","Mango","Akabeko","SlaversCollar","Toy Ornithopter","War Paint","Shuriken","Centennial Puzzle"],"acts_visited":["Exordium","TheCity","TheBeyond","TheEnding"],"potions_floor_usage":[16,16,27,28,33,33,33,41,48,50,55,55],"damage_taken":[{"damage":3,"enemies":"2 Louse","floor":1,"turns":3},{"damage":2,"enemies":"Jaw Worm","floor":4,"turns":3},{"damage":6,"enemies":"Cultist","floor":5,"turns":4},{"damage":9,"enemies":"Lagavulin","floor":10,"turns":7},{"damage":0,"enemies":"Red Slaver","floor":11,"turns":4},{"damage":17,"enemies":"Exordium Thugs","floor":12,"turns":4},{"damage":28,"enemies":"3 Sentries","floor":14,"turns":8},{"damage":17,"enemies":"The Guardian","floor":16,"turns":10},{"damage":13,"enemies":"Chosen","floor":18,"turns":7},{"damage":0,"enemies":"2 Thieves","floor":21,"turns":4},{"damage":17,"enemies":"Snake Plant","floor":22,"turns":7},{"damage":18,"enemies":"Book of Stabbing","floor":24,"turns":7},{"damage":11,"enemies":"Slavers","floor":27,"turns":3},{"damage":4,"enemies":"Centurion and Healer","floor":28,"turns":6},{"damage":4,"enemies":"Shelled Parasite and Fungi","floor":29,"turns":7},{"damage":0,"enemies":"Gremlin Leader","floor":31,"turns":7},{"damage":0,"enemies":"Automaton","floor":33,"turns":9},{"damage":0,"enemies":"Orb Walker","floor":35,"turns":4},{"damage":22,"enemies":"3 Darklings","floor":36,"turns":5},{"damage":0,"enemies":"Transient","floor":39,"turns":5},{"damage":0,"enemies":"Nemesis","floor":40,"turns":3},{"damage":0,"enemies":"Jaw Worm Horde","floor":41,"turns":4},{"damage":0,"enemies":"Spire Growth","floor":42,"turns":5},{"damage":4,"enemies":"Giant Head","floor":45,"turns":5},{"damage":11,"enemies":"Sphere and 2 Shapes","floor":47,"turns":3},{"damage":23,"enemies":"Reptomancer","floor":48,"turns":3},{"damage":41,"enemies":"Donu and Deca","floor":50,"turns":6},{"damage":37,"enemies":"Shield and Spear","floor":54,"turns":4},{"damage":89,"enemies":"The Heart","floor":55,"turns":3}],"seed_played":"7558746737527008235","potions_obtained":[{"floor":5,"key":"FearPotion"},{"floor":11,"key":"DuplicationPotion"},{"floor":16,"key":"PowerPotion"},{"floor":22,"key":"Dexterity Potion"},{"floor":24,"key":"EntropicBrew"},{"floor":27,"key":"AttackPotion"},{"floor":33,"key":"PowerPotion"},{"floor":35,"key":"EssenceOfDarkness"},{"floor":40,"key":"AttackPotion"},{"floor":41,"key":"ColorlessPotion"},{"floor":42,"key":"CultistPotion"},{"floor":48,"key":"SpeedPotion"},{"floor":54,"key":"Swift Potion"}],"is_trial":false,"path_per_floor":["M","?","?","M","M","R","$","T","T","E","M","M","R","E","R","B",null,"M","?","$","M","M","R","E","R","T","E","M","M","$","E","R","B",null,"M","M","?","$","M","E","M","M","T","?","E","R","M","E","R","B",null,"R","$","E","B"],"character_chosen":"DEFECT","items_purchased":["Gash","Go for the Eyes","Leap","FTL","Beam Cell"],"campfire_rested":0,"item_purchase_floors":[7,7,7,20,53],"current_hp_per_floor":[72,61,61,59,53,53,53,53,53,44,44,27,33,12,21,11,75,69,69,69,75,65,74,63,72,72,82,85,81,81,81,89,89,89,89,74,63,63,70,70,82,89,89,89,89,89,85,73,85,55,89,89,89,59,0,0],"gold":74,"neow_bonus":"BOSS_RELIC","is_daily":false,"chose_seed":false,"campfire_upgraded":8,"win_rate":0.0,"timestamp":1613895261,"path_taken":["M","?","?","M","?","R","?","?","T","E","M","M","R","E","R","BOSS","M","?","$","M","?","R","E","R","T","E","?","M","?","E","R","BOSS","M","M","?","$","M","E","M","M","T","?","E","R","?","E","R","BOSS","R","$","E","BOSS"],"items_purchased_type":["Card","Card","Card","Card","Card"],"build_version":"2020-12-22","purchased_purges":5,"victory":false,"max_hp_per_floor":[75,75,75,75,75,75,75,75,75,75,75,75,75,75,75,75,75,75,75,75,75,75,75,75,75,75,89,89,89,89,89,89,89,89,89,89,89,89,89,89,89,89,89,89,89,89,89,89,89,89,89,89,89,89,89,89],"card_choices":[{"not_picked":["Steam","Leap"],"picked":"Sweeping Beam","floor":1},{"not_picked":["Blizzard","Darkness"],"picked":"Capacitor","floor":4},{"not_picked":["Barrage","Compile Driver"],"picked":"Conserve Battery","floor":5},{"not_picked":["Compile Driver","Fusion"],"picked":"Gash","floor":10},{"not_picked":["Machine Learning","Lockon","Sweeping Beam"],"picked":"SKIP","floor":11},{"not_picked":["Go for the Eyes","Doom and Gloom"],"picked":"Self Repair","floor":12},{"not_picked":["Conserve Battery","Chaos"],"picked":"Buffer","floor":14},{"not_picked":["Compile Driver","Turbo"],"picked":"Hologram","floor":18},{"not_picked":["Gash","Barrage+1"],"picked":"Coolheaded","floor":21},{"not_picked":["White Noise","Aggregate+1"],"picked":"Steam Power","floor":22},{"not_picked":["Turbo","Ball Lightning","Loop"],"picked":"SKIP","floor":24},{"not_picked":["Reprogram","Chill+1","Heatsinks"],"picked":"SKIP","floor":27},{"not_picked":["Storm+1","Reinforced Body","Steam+1"],"picked":"SKIP","floor":28},{"not_picked":["Streamline","Stack+1"],"picked":"Rebound+1","floor":29},{"not_picked":["Multi-Cast","Reinforced Body+1","Sunder"],"picked":"SKIP","floor":31},{"not_picked":["Hyperbeam","Multi-Cast"],"picked":"Reboot","floor":33},{"not_picked":["Tempest+1","Compile Driver","Turbo+1"],"picked":"SKIP","floor":35},{"not_picked":["Steam","Gash+1"],"picked":"Scrape","floor":36},{"not_picked":["Rebound+1","Static Discharge","Conserve Battery"],"picked":"SKIP","floor":39},{"not_picked":["Compile Driver","Leap","White Noise+1"],"picked":"SKIP","floor":40},{"not_picked":["Barrage","Sweeping Beam+1","Stack+1"],"picked":"SKIP","floor":41},{"not_picked":["Conserve Battery+1","Compile Driver+1"],"picked":"Gash+1","floor":42},{"not_picked":["Steam+1","Chill"],"picked":"Hologram","floor":45},{"not_picked":["Darkness","Sweeping Beam","Meteor Strike"],"picked":"SKIP","floor":47},{"not_picked":["Storm","Heatsinks+1"],"picked":"Recycle+1","floor":48},{"not_picked":["Go for the Eyes+1","Consume","Rebound+1"],"picked":"SKIP","floor":54}],"player_experience":139165,"relics_obtained":[{"floor":8,"key":"PreservedInsect"},{"floor":9,"key":"Eternal Feather"},{"floor":10,"key":"Bottled Flame"},{"floor":14,"key":"The Courier"},{"floor":24,"key":"Darkstone Periapt"},{"floor":26,"key":"Meat on the Bone"},{"floor":27,"key":"Mango"},{"floor":31,"key":"Akabeko"},{"floor":40,"key":"Toy Ornithopter"},{"floor":45,"key":"War Paint"},{"floor":48,"key":"Shuriken"},{"floor":54,"key":"Centennial Puzzle"}],"event_choices":[{"damage_healed":0,"gold_gain":75,"player_choice":"Gather Gold","damage_taken":11,"max_hp_gain":0,"max_hp_loss":0,"event_name":"World of Goop","floor":2,"gold_loss":0},{"cards_removed":["Strike_B"],"damage_healed":0,"gold_gain":0,"player_choice":"Purged","damage_taken":0,"max_hp_gain":0,"max_hp_loss":0,"event_name":"Purifier","floor":3,"gold_loss":0},{"cards_removed":["Strike_B"],"damage_healed":0,"gold_gain":0,"player_choice":"Upgrade and Remove","damage_taken":0,"max_hp_gain":0,"max_hp_loss":0,"event_name":"Designer","floor":19,"gold_loss":90,"cards_upgraded":["Conserve Battery"]},{"damage_healed":0,"gold_gain":0,"player_choice":"Embrace Madness","damage_taken":11,"max_hp_gain":0,"max_hp_loss":0,"event_name":"Winding Halls","floor":37,"gold_loss":0,"cards_obtained":["Madness","Madness"]},{"cards_removed":["Rebound"],"damage_healed":0,"gold_gain":0,"player_choice":"Removed Attack","damage_taken":0,"max_hp_gain":0,"max_hp_loss":0,"event_name":"Falling","floor":44,"gold_loss":0}],"is_beta":false,"boss_relics":[{"not_picked":["SacredBark","Ectoplasm"],"picked":"Nuclear Battery"},{"not_picked":["Astrolabe","Velvet Choker"],"picked":"SlaversCollar"}],"items_purged_floors":[7,20,30,38,53],"is_endless":false,"potions_floor_spawned":[5,11,16,22,24,27,33,35,40,41,42,48,54],"killed_by":"The Heart","ascension_level":4}}