{"host":"jm9833yuloeli2yd","time":1613925700,"event":{"mods":["BaseMod","Better Altar","Better Match","Better Note","Better Sensory Stone","Better Skull","Better Third Choice","Better Vampires","BetterRewards","Colored Map","Colored Powertips","DeckTracker","Minty Spire (QoL Compilation)","Permanent Neow","Quick Restart","StSLib","SuperFastMode"],"gold_per_floor":[111,111,122,136,154,154,183,183,183,212,10,41,58,91,91,163,163,180,33,53,63,63,63,74,109,109,109,109,109,126,126,126,203,203,216,166,166,184,37,68,68,103,126,126,126,159,179,195,195,195,195,195,195,10,35,35,35],"floor_reached":56,"language":"ENG","playtime":2823,"items_purged":["Multi-Cast","Pain","Writhe"],"score":2166,"play_id":"f4a5bdd7-de0b-4c7a-98ce-4ce65321b470","local_time":"20210221114140","is_ascension_mode":true,"campfire_choices":[{"data":"Defragment","floor":6.0,"key":"SMITH"},{"floor":8.0,"key":"REST"},{"data":"Buffer","floor":15.0,"key":"SMITH"},{"data":"Zap","floor":23.0,"key":"SMITH"},{"data":"Sunder","floor":27.0,"key":"SMITH"},{"data":"Defragment","floor":32.0,"key":"SMITH"},{"floor":41.0,"key":"RECALL"},{"data":"Seek","floor":49.0,"key":"SMITH"},{"data":"Loop","floor":53.0,"key":"SMITH"}],"circlet_count":0,"master_deck":["AscendersBane","Zap+1","Dualcast","Cold Snap","Beam Cell","Compile Driver","Defragment+1","Buffer+1","Cold Snap","Lockon","Chill","Sunder+1","BootSequence","Seek+1","Multi-Cast","Defragment+1","Chill","Conserve Battery+1","Hologram","Self Repair","Undo","Echo Form","FTL","Machine Learning","Static Discharge","Loop+1","Seek","Coolheaded","Force Field","Heatsinks","Rainbow"],"relics":["Cracked Core","Eternal Feather","Singing Bowl","MawBank","Membership Card","Happy Flower","Mummified Hand","Pandora\u0027s Box","Oddly Smooth Stone","Blue Candle","Thread and Needle","Symbiotic Virus","WarpedTongs","Bloody Idol","Inserter","Centennial Puzzle","White Beast Statue","Bag of Marbles","InkBottle","Potion Belt","ClockworkSouvenir","Emotion Chip"],"acts_visited":["Exordium","TheCity","TheBeyond","TheEnding"],"potions_floor_usage":[56,56,56,56,56,56,56],"damage_taken":[{"damage":2.0,"enemies":"Jaw Worm","floor":1.0,"turns":3.0},{"damage":0.0,"enemies":"Cultist","floor":3.0,"turns":3.0},{"damage":6.0,"enemies":"Small Slimes","floor":4.0,"turns":2.0},{"damage":4.0,"enemies":"Looter","floor":5.0,"turns":2.0},{"damage":28.0,"enemies":"3 Sentries","floor":7.0,"turns":7.0},{"damage":6.0,"enemies":"Lagavulin","floor":10.0,"turns":6.0},{"damage":10.0,"enemies":"3 Sentries","floor":12.0,"turns":10.0},{"damage":7.0,"enemies":"3 Louse","floor":13.0,"turns":5.0},{"damage":2.0,"enemies":"Lagavulin","floor":14.0,"turns":5.0},{"damage":0.0,"enemies":"Slime Boss","floor":16.0,"turns":10.0},{"damage":6.0,"enemies":"3 Byrds","floor":18.0,"turns":6.0},{"damage":0.0,"enemies":"2 Thieves","floor":20.0,"turns":4.0},{"damage":0.0,"enemies":"Centurion and Healer","floor":21.0,"turns":9.0},{"damage":19.0,"enemies":"Shelled Parasite and Fungi","floor":24.0,"turns":8.0},{"damage":21.0,"enemies":"Slavers","floor":25.0,"turns":6.0},{"damage":2.0,"enemies":"Sentry and Sphere","floor":30.0,"turns":6.0},{"damage":1.0,"enemies":"Collector","floor":33.0,"turns":12.0},{"damage":5.0,"enemies":"3 Shapes","floor":35.0,"turns":7.0},{"damage":14.0,"enemies":"Orb Walker","floor":38.0,"turns":3.0},{"damage":34.0,"enemies":"Reptomancer","floor":40.0,"turns":6.0},{"damage":0.0,"enemies":"Giant Head","floor":42.0,"turns":8.0},{"damage":1.0,"enemies":"Reptomancer","floor":46.0,"turns":9.0},{"damage":0.0,"enemies":"4 Shapes","floor":47.0,"turns":5.0},{"damage":0.0,"enemies":"Sphere and 2 Shapes","floor":48.0,"turns":6.0},{"damage":15.0,"enemies":"Time Eater","floor":50.0,"turns":12.0},{"damage":24.0,"enemies":"Donu and Deca","floor":51.0,"turns":11.0},{"damage":35.0,"enemies":"Shield and Spear","floor":55.0,"turns":9.0},{"damage":57,"enemies":"The Heart","floor":56,"turns":3}],"seed_played":"5682149341490190877","potions_obtained":[{"floor":4.0,"key":"LiquidMemories"},{"floor":7.0,"key":"SteroidPotion"},{"floor":10.0,"key":"EssenceOfSteel"},{"floor":12.0,"key":"FocusPotion"},{"floor":13.0,"key":"Swift Potion"},{"floor":18.0,"key":"PowerPotion"},{"floor":24.0,"key":"EntropicBrew"},{"floor":30.0,"key":"ColorlessPotion"},{"floor":42.0,"key":"Strength Potion"},{"floor":46.0,"key":"AttackPotion"},{"floor":47.0,"key":"AttackPotion"},{"floor":48.0,"key":"Fire Potion"},{"floor":55.0,"key":"LiquidMemories"}],"is_trial":false,"path_per_floor":["M","?","M","M","M","R","E","R","T","E","$","E","M","E","R","B",null,"M","$","M","M","?","R","M","E","T","R","?","?","M","?","R","B",null,"M","$","?","M","$","E","R","E","T","$","?","E","M","M","R","B","B",null,"R","$","E","B"],"character_chosen":"DEFECT","items_purchased":["Membership Card","Lockon","Hologram","Oddly Smooth Stone","Centennial Puzzle","ClockworkSouvenir","EntropicBrew","Heatsinks"],"campfire_rested":1,"item_purchase_floors":[11,11,19,19,39,54,54,54],"current_hp_per_floor":[44,44,44,38,34,34,6,33,33,27,27,17,10,8,17,17,58,52,52,54,54,54,66,54,40,40,52,52,52,64,24,39,57,69,73,73,73,75,75,62,77,77,77,77,77,77,77,79,79,71,57,74,79,79,56,0,0],"gold":35,"neow_bonus":"REMOVE_TWO","is_daily":false,"chose_seed":false,"campfire_upgraded":7,"win_rate":0.0,"timestamp":1613925700,"path_taken":["M","?","M","M","M","R","E","R","T","E","$","E","?","E","R","BOSS","M","$","M","?","?","R","M","E","T","R","?","?","?","?","R","BOSS","M","$","?","M","$","E","R","E","T","?","?","E","M","M","R","BOSS","BOSS","R","$","E","BOSS"],"items_purchased_type":["Relic","Card","Card","Relic","Relic","Relic","Potion","Card"],"build_version":"2020-12-22","purchased_purges":3,"victory":false,"max_hp_per_floor":[71,71,71,71,71,71,71,71,71,71,71,71,71,71,71,71,71,71,71,73,73,73,73,73,73,73,73,73,73,73,73,73,73,73,73,73,73,75,75,77,77,77,77,77,77,77,77,79,79,79,79,79,79,79,79,79,79],"card_choices":[{"not_picked":["Tempest","Redo"],"picked":"Cold Snap","floor":1.0},{"not_picked":["Cold Snap","Barrage"],"picked":"Beam Cell","floor":3.0},{"not_picked":["Rip and Tear","Conserve Battery"],"picked":"Compile Driver","floor":4.0},{"not_picked":["Consume","Sweeping Beam"],"picked":"Defragment","floor":5.0},{"not_picked":["Fusion","Redo"],"picked":"Buffer","floor":7.0},{"not_picked":["Rebound","Hologram"],"picked":"Cold Snap","floor":10.0},{"not_picked":["Rebound","Hologram"],"picked":"Chill","floor":12.0},{"not_picked":["Redo","Conserve Battery"],"picked":"Sunder","floor":13.0},{"not_picked":["Stack","Hologram"],"picked":"BootSequence","floor":14.0},{"not_picked":["Buffer","Amplify"],"picked":"Seek","floor":16.0},{"not_picked":["Glacier","Consume"],"picked":"Conserve Battery+1","floor":18.0},{"not_picked":["Streamline","Cold Snap+1","Storm"],"picked":"Singing Bowl","floor":20.0},{"not_picked":["Compile Driver","Recycle"],"picked":"Self Repair","floor":21.0},{"not_picked":["Fusion","Gash+1"],"picked":"Undo","floor":24.0},{"not_picked":["Coolheaded","Cold Snap"],"picked":"Echo Form","floor":25.0},{"not_picked":["Rebound","Hello World"],"picked":"FTL","floor":30.0},{"not_picked":["Thunder Strike","Rainbow"],"picked":"Machine Learning","floor":33.0},{"not_picked":["Lockon","Rip and Tear"],"picked":"Static Discharge","floor":35.0},{"not_picked":["Capacitor+1","Reprogram+1","Steam"],"picked":"Singing Bowl","floor":38.0},{"not_picked":["Ball Lightning","Reprogram+1","Gash+1"],"picked":"Singing Bowl","floor":40.0},{"not_picked":["Leap+1","Tempest"],"picked":"Seek","floor":42.0},{"not_picked":["Buffer","Hologram+1"],"picked":"Coolheaded","floor":46.0},{"not_picked":["Rebound","Reprogram+1"],"picked":"Force Field","floor":47.0},{"not_picked":["Chill","Auto Shields","Redo"],"picked":"Singing Bowl","floor":48.0},{"not_picked":["Cold Snap","Turbo"],"picked":"Rainbow","floor":55.0}],"player_experience":1384385,"relics_obtained":[{"floor":7.0,"key":"Eternal Feather"},{"floor":9.0,"key":"Singing Bowl"},{"floor":10.0,"key":"MawBank"},{"floor":12.0,"key":"Happy Flower"},{"floor":14.0,"key":"Mummified Hand"},{"floor":25.0,"key":"Blue Candle"},{"floor":26.0,"key":"Thread and Needle"},{"floor":40.0,"key":"White Beast Statue"},{"floor":42.0,"key":"Bag of Marbles"},{"floor":46.0,"key":"Potion Belt"},{"floor":55.0,"key":"Emotion Chip"}],"event_choices":[{"cards_removed":["Defend_B"],"damage_healed":0.0,"max_hp_gain":0.0,"max_hp_loss":0.0,"gold_gain":0.0,"event_name":"Bonfire Elementals","player_choice":"Offered Basic","floor":2.0,"gold_loss":0.0,"damage_taken":0.0},{"damage_healed":0.0,"max_hp_gain":0.0,"max_hp_loss":0.0,"gold_gain":0.0,"event_name":"Vampires","player_choice":"Ignored","floor":22.0,"gold_loss":0.0,"damage_taken":0.0},{"damage_healed":0.0,"max_hp_gain":0.0,"max_hp_loss":0.0,"gold_gain":0.0,"event_name":"The Mausoleum","player_choice":"Opened","floor":28.0,"gold_loss":0.0,"damage_taken":0.0,"relics_obtained":["Symbiotic Virus"],"cards_obtained":["Writhe"]},{"damage_healed":0.0,"max_hp_gain":0.0,"max_hp_loss":0.0,"gold_gain":0.0,"event_name":"Accursed Blacksmith","player_choice":"Rummage","floor":29.0,"gold_loss":0.0,"damage_taken":0.0,"relics_obtained":["WarpedTongs"],"cards_obtained":["Pain"]},{"damage_healed":0.0,"max_hp_gain":64.0,"max_hp_loss":24.0,"gold_gain":0.0,"event_name":"betterAltar:BetterAltar","player_choice":" Idol ","floor":31.0,"potions_obtained":[],"relics_lost":[],"gold_loss":0.0,"damage_taken":40.0,"relics_obtained":["Bloody Idol"]},{"damage_healed":0.0,"max_hp_gain":0.0,"max_hp_loss":0.0,"gold_gain":0.0,"cards_transformed":["Cold Snap"],"event_name":"Transmorgrifier","player_choice":"Transformed","floor":37.0,"gold_loss":0.0,"damage_taken":0.0,"cards_obtained":["Loop"]},{"damage_healed":0.0,"max_hp_gain":0.0,"max_hp_loss":0.0,"gold_gain":0.0,"event_name":"WeMeetAgain","player_choice":"Gave Potion","floor":45.0,"gold_loss":0.0,"damage_taken":0.0,"relics_obtained":["InkBottle"]}],"is_beta":false,"boss_relics":[{"not_picked":["Sozu","Empty Cage"],"picked":"Pandora\u0027s Box"},{"not_picked":["Fusion Hammer","Nuclear Battery"],"picked":"Inserter"}],"items_purged_floors":[19,36,39],"is_endless":false,"potions_floor_spawned":[4,7,10,12,13,18,24,30,38,42,46,47,48,55],"killed_by":"The Heart","ascension_level":20}}