{"host":"7qm5pxtihm4ks7s4","time":1613929568,"event":{"mods":["BaseMod","ChefMod","Colored Map","Friendly Minions","Minty Spire (QoL Compilation)","Replay The Spire","Robot Space Explorer","StSLib"],"gold_per_floor":[115,132,132,142,154,179,204,204,282,307,319,341,353,382,394,505,517,541,521,549,561,672,684,696,696],"floor_reached":24,"language":"DUT","playtime":912,"items_purged":[],"score":208,"play_id":"9d51c30c-4b32-4819-a7b5-ef348085035a","local_time":"20210221184608","is_ascension_mode":false,"campfire_choices":[{"data":"Anger","floor":8,"key":"SMITH"},{"data":"Rage","floor":11,"key":"SMITH"},{"data":"Body Slam","floor":13,"key":"SMITH"},{"data":"Rampage","floor":15,"key":"SMITH"},{"data":"Iron Wave","floor":23,"key":"SMITH"}],"circlet_count":0,"master_deck":["Strike_R","Strike_R","Strike_R","Strike_R","Defend_R","Defend_R","Defend_R","Defend_R","Bash","Body Slam+1","Rage+1","Anger+1","Rampage+1","Iron Wave+1","Carnage+1"],"relics":["Burning Blood","Boot","Iron Hammer","MawBank","Black Star"],"acts_visited":["Exordium","TheCity"],"potions_floor_usage":[6,16],"damage_taken":[{"damage":1,"enemies":"Jaw Worm","floor":1,"turns":5},{"damage":1,"enemies":"Cultist","floor":2,"turns":4},{"damage":2,"enemies":"Small Slimes","floor":4,"turns":4},{"damage":3,"enemies":"Looter","floor":5,"turns":4},{"damage":15,"enemies":"Lagavulin","floor":6,"turns":6},{"damage":4,"enemies":"Gremlin Nob","floor":10,"turns":3},{"damage":12,"enemies":"Large Slime","floor":12,"turns":4},{"damage":0,"enemies":"2 Fungi Beasts","floor":14,"turns":3},{"damage":42,"enemies":"Hexaghost","floor":16,"turns":9},{"damage":33,"enemies":"Spheric Guardian","floor":18,"turns":7},{"damage":19,"enemies":"2 Thieves","floor":19,"turns":5},{"damage":21,"enemies":"Centurion and Healer","floor":20,"turns":6},{"damage":41,"enemies":"Slavers","floor":24,"turns":3}],"seed_played":"-2659101632127605908","potions_obtained":[{"floor":2,"key":"Energy Potion"},{"floor":5,"key":"BlessingOfTheForge"},{"floor":10,"key":"ColorlessPotion"},{"floor":14,"key":"Ancient Potion"},{"floor":19,"key":"Languid Potion"}],"is_trial":false,"path_per_floor":["M","M","?","M","M","E","T","R","T","E","R","M","R","M","R","B",null,"M","M","M","?","?","R","E"],"character_chosen":"IRONCLAD","items_purchased":[],"campfire_rested":0,"item_purchase_floors":[],"current_hp_per_floor":[88,88,88,88,88,79,79,79,79,81,81,75,75,81,81,45,88,61,48,33,33,33,33,0,0],"gold":696,"neow_bonus":"TEN_PERCENT_HP_BONUS","is_daily":false,"chose_seed":false,"campfire_upgraded":5,"win_rate":0.0,"timestamp":1613929568,"path_taken":["M","M","?","?","M","E","?","R","T","E","R","M","R","?","R","BOSS","M","M","M","?","?","R","E"],"items_purchased_type":[],"build_version":"2020-12-22","purchased_purges":0,"victory":false,"max_hp_per_floor":[88,88,88,88,88,88,88,88,88,88,88,88,88,88,88,88,88,88,88,88,88,88,88,88,88],"card_choices":[{"not_picked":["Twin Strike","Flame Barrier"],"picked":"Body Slam","floor":1},{"not_picked":["Dual Wield","ReplayTheSpireMod:Strike From Hell"],"picked":"Rage","floor":2},{"not_picked":["Wild Strike","Power Through","Clash"],"picked":"SKIP","floor":4},{"not_picked":["Infernal Blade","Defy Death"],"picked":"Anger","floor":5},{"not_picked":["Cleave","Rupture","Warcry"],"picked":"SKIP","floor":6},{"not_picked":["Infernal Blade","Run Through","Dual Wield"],"picked":"SKIP","floor":10},{"not_picked":["Pummel","ReplayTheSpireMod:Muscle Training","Disarm"],"picked":"SKIP","floor":12},{"not_picked":["Seeing Red","Thunderclap"],"picked":"Rampage","floor":14},{"not_picked":["Clash","Twin Strike+1"],"picked":"Iron Wave","floor":18},{"not_picked":["Perfected Strike+1","Life Link","Armaments+1"],"picked":"SKIP","floor":19},{"not_picked":["Battle Trance","Sword Boomerang"],"picked":"Carnage+1","floor":20}],"player_experience":24498,"relics_obtained":[{"floor":6,"key":"Boot"},{"floor":9,"key":"Iron Hammer"},{"floor":10,"key":"MawBank"}],"event_choices":[{"cards_removed":["Strike_R"],"damage_healed":0,"gold_gain":0,"player_choice":"Purged","damage_taken":0,"max_hp_gain":0,"max_hp_loss":0,"event_name":"Purifier","floor":3,"gold_loss":0},{"damage_healed":0,"gold_gain":0,"player_choice":"Ignored","damage_taken":0,"max_hp_gain":0,"max_hp_loss":0,"event_name":"Vampires","floor":21,"gold_loss":0},{"damage_healed":0,"gold_gain":99,"player_choice":"Stole From Cult","damage_taken":0,"max_hp_gain":0,"max_hp_loss":0,"event_name":"Nest","floor":22,"gold_loss":0}],"is_beta":false,"boss_relics":[{"not_picked":["Runic Cube","Electric Blood"],"picked":"Black Star"}],"items_purged_floors":[],"is_endless":false,"potions_floor_spawned":[2,5,10,14,19],"killed_by":"Slavers","ascension_level":0}}