{"host":"jsd6g3c2vo13e69c","time":1613900707,"event":{"mods":["2.2 Compatiblity","Act Like it!","BaseMod","Better Altar","Better Match","Better Note","Better Sensory Stone","Better Third Choice","BetterRewards","Colored Map","Colored Powertips","Curses Come First","Downfall","Friendly Minions","GifTheSpireLib","Googly Eyes","Gremlin Mod","Hermit","Hubris","Infinite Spire","Melee Mod","Minty Spire (QoL Compilation)","Permanent Neow","Quick Restart","Random Character Button","Replay The Spire","Shop Mod","Spire Arcade","StSLib","SuperFastMode","The Cursed","The Disciple","The Forsaken","The Jungle","The Spell Scribe","thorton"],"gold_per_floor":[115,136,159,159,171,183,210,222,287,299,346,389,21,50,50,167,167,192,192,192,17,17,17,44,71,71,71,71,71,71,95,95,100,100,100],"floor_reached":33,"language":"ENG","playtime":1783,"items_purged":["Normality"],"score":337,"play_id":"f47eee6e-c64f-4103-9512-31cf657b65ea","local_time":"20210221044507","is_ascension_mode":false,"campfire_choices":[{"data":"thethorton:ThickSkin","floor":6,"key":"SMITH"},{"data":"thethorton:Escape","floor":8,"key":"SMITH"},{"data":"thethorton:Heckle","floor":10,"key":"SMITH"},{"data":"thethorton:CompoundInterest","floor":23,"key":"SMITH"},{"floor":32,"key":"REST"}],"circlet_count":0,"master_deck":["thethorton:Strike","thethorton:Strike","thethorton:Strike","thethorton:Strike","thethorton:Defend","thethorton:Defend","thethorton:Defend","thethorton:Heckle+1","thethorton:CreditCard","thethorton:CannonShot","thethorton:AngerMoment","thethorton:ThickSkin+1","thethorton:CoinClash","thethorton:StampSmack+1","thethorton:StampSmack","thethorton:LastDitchEffort","thethorton:AngerMoment","thethorton:CompoundInterest+1","thethorton:LongTermPayoff","thethorton:PowerUp+1","thethorton:AngerMoment","thethorton:SheetShred","thethorton:BigBreak+1","infinitespire:DeathsTouch","thethorton:GemGun+1"],"relics":["thethorton:CouragePotion","hubris:Towel","Orichalcum","Frozen Egg 2","hubris:Backtick","Membership Card","Bottled Lightning","Nloth\u0027s Gift","Toy Ornithopter","hubris:OldNail","Anchor","betterThird:NestCultRelic"],"acts_visited":["Exordium","TheCity"],"potions_floor_usage":[11,16,16,33,33],"damage_taken":[{"damage":24,"enemies":"Jaw Worm","floor":1,"turns":5},{"damage":2,"enemies":"2 Louse","floor":2,"turns":4},{"damage":11,"enemies":"Small Slimes","floor":3,"turns":4},{"damage":11,"enemies":"Red Slaver","floor":7,"turns":3},{"damage":4,"enemies":"Large Slime","floor":11,"turns":4},{"damage":13,"enemies":"Blue Slaver","floor":12,"turns":4},{"damage":0,"enemies":"3 Louse","floor":14,"turns":3},{"damage":15,"enemies":"The Guardian","floor":16,"turns":7},{"damage":26,"enemies":"Spheric Guardian","floor":18,"turns":6},{"damage":12,"enemies":"Shell Parasite","floor":24,"turns":4},{"damage":34,"enemies":"Cultist and Chosen","floor":25,"turns":6},{"damage":12,"enemies":"Chosen and Byrds","floor":31,"turns":4},{"damage":93,"enemies":"Automaton","floor":33,"turns":6}],"seed_played":"-2230891341645792381","potions_obtained":[{"floor":7,"key":"SkillPotion"},{"floor":12,"key":"Strength Potion"},{"floor":14,"key":"Swift Potion"},{"floor":24,"key":"Guardian:BlockOnCardUsePotion"},{"floor":25,"key":"Swift Potion"}],"is_trial":false,"path_per_floor":["M","M","M","?","?","R","M","R","T","R","M","M","$","M","R_BF","B",null,"M","?","?","$","?","R","M","M","T","?","AVR","T","?","M","R","B"],"character_chosen":"THE_THORT","items_purchased":["thethorton:LastDitchEffort","Frozen Egg 2","thethorton:PowerUp+1","Bottled Lightning","thethorton:AngerMoment"],"campfire_rested":1,"item_purchase_floors":[13,13,21,21,21],"current_hp_per_floor":[44,42,31,31,31,31,20,20,20,20,16,3,3,3,23,8,68,42,36,78,78,78,78,66,32,32,32,32,32,32,20,43,0,0,0],"gold":100,"neow_bonus":"TRANSFORM_CARD","is_daily":false,"chose_seed":false,"campfire_upgraded":4,"win_rate":0.0,"timestamp":1613900707,"path_taken":["M","M","M","?","?","R","M","R","T","R","M","M","$","M","R_BF","BOSS","M","?","?","$","?","R","?","M","T","?","AVR","?","?","M","R","BOSS"],"items_purchased_type":["Card","Relic","Card","Relic","Card"],"build_version":"2020-12-22","purchased_purges":1,"victory":false,"max_hp_per_floor":[68,68,68,68,68,68,68,68,68,68,68,68,68,68,68,68,68,68,68,78,78,78,78,78,78,78,78,78,78,78,78,78,78,78,78],"card_choices":[{"not_picked":["thethorton:DualBap","thethorton:ShoutAndRun"],"picked":"thethorton:CannonShot","floor":1},{"not_picked":["thethorton:FeelNoBrain","thethorton:Distance"],"picked":"thethorton:AngerMoment","floor":2},{"not_picked":["thethorton:GoldBuffer","thethorton:ElbowSmash"],"picked":"thethorton:ThickSkin","floor":3},{"not_picked":["thethorton:BusinessCard","thethorton:StumblingSlap"],"picked":"thethorton:CoinClash","floor":7},{"not_picked":["thethorton:HitAhead","thethorton:BusinessBurst"],"picked":"thethorton:StampSmack","floor":11},{"not_picked":["thethorton:FearfulRun","thethorton:DownPayment"],"picked":"thethorton:StampSmack","floor":12},{"not_picked":["thethorton:RunningKick","thethorton:SicklyRun"],"picked":"thethorton:AngerMoment","floor":14},{"not_picked":["thethorton:MidnightStrike","thethorton:CrashingStocks"],"picked":"thethorton:CompoundInterest","floor":16},{"not_picked":["thethorton:CashBash+1","thethorton:DockPay"],"picked":"thethorton:LongTermPayoff","floor":18},{"not_picked":["thethorton:DesperateRun","thethorton:BookBash+1"],"picked":"thethorton:SheetShred","floor":24},{"not_picked":["thethorton:PocketChange","thethorton:ShoutAndRun"],"picked":"thethorton:BigBreak+1","floor":25},{"not_picked":["thethorton:TakeAccounts","thethorton:YoureFired"],"picked":"thethorton:GemGun+1","floor":31}],"player_experience":387479,"relics_obtained":[{"floor":4,"key":"MawBank"},{"floor":9,"key":"Orichalcum"},{"floor":26,"key":"Toy Ornithopter"},{"floor":29,"key":"Anchor"}],"event_choices":[{"damage_healed":0,"gold_gain":0,"player_choice":"Damaged","damage_taken":6,"max_hp_gain":0,"max_hp_loss":0,"event_name":"Wheel of Change","floor":19,"gold_loss":0},{"cards_removed":["thethorton:Escape"],"damage_healed":32,"gold_gain":0,"player_choice":"Offered Rare","damage_taken":0,"max_hp_gain":10,"max_hp_loss":0,"event_name":"Bonfire Elementals","floor":20,"gold_loss":0},{"damage_healed":0,"gold_gain":0,"player_choice":"Traded Relic","damage_taken":0,"relics_obtained":["Nloth\u0027s Gift"],"max_hp_gain":0,"max_hp_loss":0,"event_name":"N\u0027loth","floor":22,"relics_lost":["MawBank"],"gold_loss":0},{"damage_healed":0,"gold_gain":0,"player_choice":"Madness","damage_taken":0,"relics_obtained":["betterThird:NestCultRelic"],"max_hp_gain":0,"max_hp_loss":0,"event_name":"betterThird:BetterNest","floor":30,"gold_loss":0}],"is_beta":false,"boss_relics":[{"not_picked":["hubris:GrandSneckoEye","Sozu"],"picked":"hubris:Backtick"}],"items_purged_floors":[13],"is_endless":false,"potions_floor_spawned":[7,12,14,24,25],"killed_by":"Automaton","ascension_level":0}}