{"host":"7gewg82ormp6yt4e","time":1613911132,"event":{"mods":["BaseMod","Block Reminder","Colored Map","DeckTracker","Highlight Path","Minty Spire (QoL Compilation)","Relic Stats","StSLib","ojb\u0027s Info Mod"],"gold_per_floor":[110,110,124,136,147,177,177,188,188,217,217,227,227,259,259,337,337,351,365,365,36,55,55,85,85,110,35,52,52,86,86,86,159,159,169,186,186,205,219,519,519,546,546,73,107,125,125,0,0,0,0,0,0,0,29,29],"floor_reached":57,"language":"JPN","playtime":4408,"items_purged":["Pain"],"score":2890,"play_id":"7f6c3a96-73b7-41cc-aa50-c2ec8fd4bae8","local_time":"20210221213852","is_ascension_mode":true,"campfire_choices":[{"data":"Wallop","floor":7,"key":"SMITH"},{"data":"MentalFortress","floor":11,"key":"SMITH"},{"data":"Tantrum","floor":15,"key":"SMITH"},{"floor":23,"key":"REST"},{"data":"1","floor":29,"key":"LIFT"},{"data":"SpiritShield","floor":32,"key":"SMITH"},{"floor":41,"key":"RECALL"},{"data":"WaveOfTheHand","floor":49,"key":"SMITH"},{"data":"2","floor":53,"key":"LIFT"}],"circlet_count":0,"master_deck":["AscendersBane","Strike_P+1","Strike_P+1","Strike_P+1","Strike_P+1","Defend_P+1","Defend_P+1","Defend_P+1","Defend_P+1","Eruption+1","Vigilance","Collect","EmptyFist","FearNoEvil","MentalFortress+1","Wallop+1","Vault","Tantrum+1","EmptyBody","Scrawl","BattleHymn","MentalFortress","SandsOfTime","MentalFortress","InnerPeace","ThirdEye","SpiritShield+1","DevaForm","WaveOfTheHand+1","CrushJoints+1","Adaptation+1","SpiritShield+1","Meditate","Tantrum","Vault"],"relics":["Snecko Eye","Whetstone","Sundial","Boot","WarpedTongs","Singing Bowl","Sozu","Girya","Prayer Wheel","Pen Nib","Juzu Bracelet","SlaversCollar","The Courier","Eternal Feather","ClockworkSouvenir","Anchor","Orichalcum","TeardropLocket","Red Mask","Toy Ornithopter"],"acts_visited":["Exordium","TheCity","TheBeyond","TheEnding"],"potions_floor_usage":[6,14,24,24],"damage_taken":[{"damage":2,"enemies":"Jaw Worm","floor":1,"turns":5},{"damage":0,"enemies":"Cultist","floor":3,"turns":3},{"damage":0,"enemies":"2 Louse","floor":4,"turns":3},{"damage":6,"enemies":"Blue Slaver","floor":5,"turns":5},{"damage":28,"enemies":"Gremlin Nob","floor":6,"turns":4},{"damage":8,"enemies":"Exordium Wildlife","floor":8,"turns":4},{"damage":3,"enemies":"Lagavulin","floor":10,"turns":7},{"damage":0,"enemies":"Looter","floor":12,"turns":1},{"damage":1,"enemies":"Gremlin Nob","floor":14,"turns":3},{"damage":10,"enemies":"The Guardian","floor":16,"turns":10},{"damage":3,"enemies":"2 Thieves","floor":18,"turns":3},{"damage":0,"enemies":"Chosen","floor":19,"turns":2},{"damage":0,"enemies":"Snake Plant","floor":22,"turns":5},{"damage":12,"enemies":"Slavers","floor":24,"turns":5},{"damage":6,"enemies":"Shelled Parasite and Fungi","floor":28,"turns":4},{"damage":0,"enemies":"Book of Stabbing","floor":30,"turns":4},{"damage":2,"enemies":"Automaton","floor":33,"turns":6},{"damage":0,"enemies":"Orb Walker","floor":35,"turns":3},{"damage":4,"enemies":"3 Darklings","floor":36,"turns":4},{"damage":1,"enemies":"4 Shapes","floor":38,"turns":4},{"damage":1,"enemies":"Jaw Worm Horde","floor":39,"turns":4},{"damage":17,"enemies":"Reptomancer","floor":42,"turns":4},{"damage":0,"enemies":"Giant Head","floor":45,"turns":3},{"damage":0,"enemies":"Sphere and 2 Shapes","floor":46,"turns":5},{"damage":26,"enemies":"Awakened One","floor":50,"turns":11},{"damage":25,"enemies":"Time Eater","floor":51,"turns":11},{"damage":1,"enemies":"Shield and Spear","floor":55,"turns":5},{"damage":33,"enemies":"The Heart","floor":56,"turns":11}],"seed_played":"-610700577969499423","potions_obtained":[{"floor":4,"key":"Swift Potion"},{"floor":10,"key":"LiquidMemories"},{"floor":12,"key":"GamblersBrew"},{"floor":16,"key":"BottledMiracle"}],"is_trial":false,"path_per_floor":["M","?","M","M","M","E","R","M","T","E","R","M","?","E","R","B",null,"M","M","?","$","M","R","E","?","T","?","M","R","E","?","R","B",null,"M","M","?","M","M","?","R","E","T","$","E","M","T","?","R","B","B",null,"R","$","E","B",null],"character_chosen":"WATCHER","items_purchased":["SandsOfTime","MentalFortress","InnerPeace","ThirdEye","Eternal Feather","ClockworkSouvenir","Anchor"],"campfire_rested":1,"item_purchase_floors":[21,21,21,21,44,44,44],"current_hp_per_floor":[59,68,68,68,62,34,34,26,26,23,23,23,23,24,24,14,56,53,53,33,33,35,58,48,48,48,48,46,46,46,46,46,44,73,75,71,71,74,75,75,75,60,60,60,62,64,64,64,82,56,31,81,97,97,96,63],"gold":29,"neow_bonus":"BOSS_RELIC","is_daily":false,"chose_seed":false,"campfire_upgraded":5,"win_rate":0.0,"timestamp":1613911132,"path_taken":["M","?","M","M","M","E","R","M","T","E","R","?","?","E","R","BOSS","M","M","?","$","M","R","E","?","T","?","?","R","E","?","R","BOSS","M","M","?","M","M","?","R","E","T","$","E","M","?","?","R","BOSS","BOSS","R","$","E","BOSS"],"items_purchased_type":["Card","Card","Card","Card","Relic","Relic","Relic"],"build_version":"2020-12-22","purchased_purges":1,"victory":true,"max_hp_per_floor":[68,68,68,68,68,68,68,68,68,68,68,68,68,70,70,70,70,70,70,75,75,77,77,79,79,79,79,83,83,83,83,83,83,83,85,85,85,89,91,91,91,93,93,93,95,97,97,97,97,97,97,97,97,97,97,97],"relic_stats":{"Singing Bowl":24,"counters":[28,139],"Eternal Feather":34,"Pen Nib":[19],"Juzu Bracelet":3,"Whetstone":["Eruption","Strike_P"],"Orichalcum":[12],"Boot":[152],"WarpedTongs":[106],"Sozu":5,"Sundial":[16],"Snecko Eye":[248,257,245,235],"Prayer Wheel":6,"obtain_stats":[{"Girya":24,"Singing Bowl":14,"Eternal Feather":44,"Pen Nib":26,"The Courier":42,"Juzu Bracelet":30,"Whetstone":6,"TeardropLocket":47,"Orichalcum":45,"Boot":10,"WarpedTongs":13,"ClockworkSouvenir":44,"Sozu":17,"SlaversCollar":34,"Anchor":44,"Sundial":9,"Snecko Eye":0,"Prayer Wheel":25,"Red Mask":48,"PureWater":0,"Toy Ornithopter":55},{"Girya":14,"Singing Bowl":9,"Eternal Feather":22,"Pen Nib":14,"The Courier":22,"Juzu Bracelet":16,"Whetstone":5,"TeardropLocket":24,"Orichalcum":23,"Boot":7,"WarpedTongs":8,"ClockworkSouvenir":22,"Sozu":10,"SlaversCollar":17,"Anchor":22,"Sundial":6,"Snecko Eye":0,"Prayer Wheel":14,"Red Mask":24,"PureWater":0,"Toy Ornithopter":27},{"Girya":60,"Singing Bowl":35,"Eternal Feather":93,"Pen Nib":60,"The Courier":93,"Juzu Bracelet":68,"Whetstone":20,"TeardropLocket":101,"Orichalcum":96,"Boot":31,"WarpedTongs":32,"ClockworkSouvenir":93,"Sozu":45,"SlaversCollar":74,"Anchor":93,"Sundial":24,"Snecko Eye":0,"Prayer Wheel":60,"Red Mask":101,"PureWater":0,"Toy Ornithopter":128}],"Toy Ornithopter":0},"card_choices":[{"not_picked":["Evaluate","FlyingSleeves"],"picked":"Collect","floor":1},{"not_picked":["ThirdEye","LikeWater"],"picked":"EmptyFist","floor":3},{"not_picked":["Weave","MentalFortress"],"picked":"FearNoEvil","floor":4},{"not_picked":["BowlingBash","BattleHymn"],"picked":"MentalFortress","floor":5},{"not_picked":["SashWhip","FlurryOfBlows"],"picked":"Wallop","floor":6},{"not_picked":["Halt","ThirdEye"],"picked":"Vault","floor":8},{"not_picked":["ConjureBlade","CrushJoints"],"picked":"Tantrum","floor":10},{"not_picked":["SashWhip","CutThroughFate"],"picked":"EmptyBody","floor":12},{"not_picked":["FlurryOfBlows","Swivel","Consecrate"],"picked":"Singing Bowl","floor":14},{"not_picked":["LessonLearned","ConjureBlade"],"picked":"Scrawl","floor":16},{"not_picked":["FlyingSleeves","FollowUp"],"picked":"BattleHymn","floor":18},{"not_picked":["JustLucky","SashWhip"],"picked":"MentalFortress","floor":19},{"not_picked":["FlyingSleeves","ReachHeaven+1","ForeignInfluence"],"picked":"Singing Bowl","floor":22},{"not_picked":["ClearTheMind","CarveReality","PathToVictory"],"picked":"Singing Bowl","floor":24},{"not_picked":["FlyingSleeves","CutThroughFate","CarveReality"],"picked":"Singing Bowl","floor":28},{"not_picked":["FlurryOfBlows","CarveReality","FearNoEvil"],"picked":"Singing Bowl","floor":28},{"not_picked":["Indignation","ClearTheMind"],"picked":"SpiritShield","floor":30},{"not_picked":["DeusExMachina","MasterReality"],"picked":"DevaForm","floor":33},{"not_picked":["Crescendo","Halt","FlurryOfBlows"],"picked":"Singing Bowl","floor":35},{"not_picked":["FlyingSleeves","FearNoEvil+1"],"picked":"WaveOfTheHand","floor":35},{"not_picked":["WaveOfTheHand","FollowUp"],"picked":"CrushJoints+1","floor":36},{"not_picked":["FollowUp+1","Protect"],"picked":"Adaptation+1","floor":36},{"not_picked":["FlyingSleeves","JustLucky","Nirvana+1"],"picked":"Singing Bowl","floor":38},{"not_picked":["BowlingBash","ClearTheMind","Brilliance"],"picked":"Singing Bowl","floor":38},{"not_picked":["PathToVictory","Evaluate"],"picked":"Meditate","floor":39},{"not_picked":["ForeignInfluence","EmptyFist","Protect"],"picked":"Singing Bowl","floor":39},{"not_picked":["Evaluate","Crescendo","Nirvana"],"picked":"Singing Bowl","floor":42},{"not_picked":["SandsOfTime+1","Fasting2","Halt+1"],"picked":"Singing Bowl","floor":45},{"not_picked":["CrushJoints","FollowUp"],"picked":"Tantrum","floor":46},{"not_picked":["FlyingSleeves","Halt","ClearTheMind"],"picked":"Singing Bowl","floor":46},{"not_picked":["Study+1","EmptyBody"],"picked":"Vault","floor":55}],"player_experience":2892761,"relics_obtained":[{"floor":6,"key":"Whetstone"},{"floor":9,"key":"Sundial"},{"floor":10,"key":"Boot"},{"floor":14,"key":"Singing Bowl"},{"floor":24,"key":"Girya"},{"floor":26,"key":"Pen Nib"},{"floor":30,"key":"Juzu Bracelet"},{"floor":42,"key":"The Courier"},{"floor":45,"key":"Orichalcum"},{"floor":47,"key":"TeardropLocket"},{"floor":55,"key":"Toy Ornithopter"}],"event_choices":[{"damage_healed":9,"gold_gain":0,"player_choice":"Full Heal","damage_taken":0,"max_hp_gain":0,"max_hp_loss":0,"event_name":"Wheel of Change","floor":2,"gold_loss":0},{"damage_healed":0,"gold_gain":0,"player_choice":"Rummage","damage_taken":0,"relics_obtained":["WarpedTongs"],"max_hp_gain":0,"max_hp_loss":0,"event_name":"Accursed Blacksmith","floor":13,"gold_loss":0,"cards_obtained":["Pain"]},{"damage_healed":0,"gold_gain":0,"player_choice":"Shed Blood","damage_taken":25,"max_hp_gain":5,"max_hp_loss":0,"event_name":"Forgotten Altar","floor":20,"gold_loss":0},{"damage_healed":0,"gold_gain":0,"player_choice":"Opened","damage_taken":0,"relics_obtained":["Prayer Wheel"],"max_hp_gain":0,"max_hp_loss":0,"event_name":"The Mausoleum","floor":25,"gold_loss":0,"cards_obtained":["Writhe"]},{"cards_removed":["Writhe"],"damage_healed":0,"gold_gain":0,"player_choice":"Gave Gold","damage_taken":0,"max_hp_gain":0,"max_hp_loss":0,"event_name":"Beggar","floor":27,"gold_loss":75},{"damage_healed":0,"gold_gain":0,"player_choice":"Simplicity","damage_taken":0,"max_hp_gain":0,"max_hp_loss":0,"event_name":"Back to Basics","floor":31,"gold_loss":0,"cards_upgraded":["Strike_P","Strike_P","Strike_P","Defend_P","Defend_P","Defend_P","Defend_P"]},{"damage_healed":0,"gold_gain":0,"player_choice":"Copied","damage_taken":0,"max_hp_gain":0,"max_hp_loss":0,"event_name":"Duplicator","floor":37,"gold_loss":0,"cards_obtained":["SpiritShield"]},{"damage_healed":0,"gold_gain":300,"player_choice":"Gold","damage_taken":0,"max_hp_gain":0,"max_hp_loss":0,"event_name":"Wheel of Change","floor":40,"gold_loss":0},{"damage_healed":0,"gold_gain":0,"player_choice":"Paid","damage_taken":0,"relics_obtained":["Red Mask"],"max_hp_gain":0,"max_hp_loss":0,"event_name":"Tomb of Lord Red Mask","floor":48,"gold_loss":125}],"is_beta":false,"boss_relics":[{"not_picked":["Coffee Dripper","Tiny House"],"picked":"Sozu"},{"not_picked":["SacredBark","Empty Cage"],"picked":"SlaversCollar"}],"items_purged_floors":[21],"is_endless":false,"potions_floor_spawned":[4,10,12,16,18,28,33,38,39,42],"ascension_level":20}}