{"host":"9j57ssn5uf16ac10","time":1613871954,"event":{"mods":["2.2 Compatiblity","BaseMod","Colored Map","Colored Powertips","DeckTracker","Googly Eyes","Minty Spire (QoL Compilation)","StSLib","Unknown Chances"],"gold_per_floor":[110,60,60,60,74,74,103,103,103,122,122,147,16,33,33,133,133,146,166,166,185,185,185,185],"floor_reached":23,"language":"ENG","playtime":1166,"items_purged":[],"score":258,"play_id":"97eb61d8-7dcc-4489-a5d2-f8027c1db6e5","local_time":"20210220204554","is_ascension_mode":true,"campfire_choices":[{"data":"Headbutt","floor":6.0,"key":"SMITH"},{"data":"Shrug It Off","floor":8.0,"key":"SMITH"},{"data":"Anger","floor":11.0,"key":"SMITH"},{"floor":15.0,"key":"REST"}],"circlet_count":0,"master_deck":["Strike_R","Strike_R","Strike_R","Strike_R","Defend_R","Defend_R","Defend_R","Defend_R","Bash","Headbutt+1","Anger+1","Shrug It Off+1","Armaments","Shockwave","Demon Form","Spot Weakness","Exhume","Disarm","Sword Boomerang","Ghostly Armor"],"relics":["Burning Blood","NeowsBlessing","The Courier","Regal Pillow","Self Forming Clay","Black Star"],"acts_visited":["Exordium","TheCity"],"potions_floor_usage":[18,21,22],"damage_taken":[{"damage":0.0,"enemies":"Cultist","floor":1.0,"turns":1.0},{"damage":0.0,"enemies":"Small Slimes","floor":5.0,"turns":1.0},{"damage":0.0,"enemies":"Lagavulin","floor":7.0,"turns":1.0},{"damage":7.0,"enemies":"Jaw Worm","floor":10.0,"turns":2.0},{"damage":29.0,"enemies":"3 Sentries","floor":12.0,"turns":9.0},{"damage":32.0,"enemies":"Exordium Thugs","floor":14.0,"turns":4.0},{"damage":39.0,"enemies":"The Guardian","floor":16.0,"turns":10.0},{"damage":17,"enemies":"3 Byrds","floor":18,"turns":7},{"damage":20,"enemies":"Chosen","floor":19,"turns":5},{"damage":16,"enemies":"3 Cultists","floor":21,"turns":6},{"damage":38,"enemies":"Masked Bandits","floor":22,"turns":4},{"damage":0,"enemies":"Slavers","floor":23,"turns":1}],"seed_played":"2930423857507483221","potions_obtained":[{"floor":4.0,"key":"Dexterity Potion"},{"floor":4.0,"key":"Dexterity Potion"},{"floor":4.0,"key":"SmokeBomb"},{"floor":7.0,"key":"BlessingOfTheForge"},{"floor":16.0,"key":"LiquidMemories"},{"floor":19,"key":"HeartOfIron"}],"is_trial":false,"path_per_floor":["M","?","?","?","M","R","E","R","T","M","R","E","$","M","R","B",null,"M","M","?","M","?","E"],"character_chosen":"IRONCLAD","items_purchased":["Demon Form"],"campfire_rested":1,"item_purchase_floors":[13],"current_hp_per_floor":[80,80,80,80,80,80,80,80,80,79,79,56,56,30,69,36,80,69,55,55,45,13,13,13],"gold":185,"neow_bonus":"THREE_ENEMY_KILL","is_daily":false,"chose_seed":false,"campfire_upgraded":3,"win_rate":0.0,"timestamp":1613871954,"path_taken":["M","?","?","?","M","R","E","R","T","?","R","E","$","M","R","BOSS","M","M","?","M","?","E"],"items_purchased_type":["Card"],"build_version":"2020-12-22","purchased_purges":0,"victory":false,"max_hp_per_floor":[80,80,80,80,80,80,80,80,80,80,80,80,80,80,80,80,80,80,80,80,80,80,80,80],"card_choices":[{"not_picked":["Clothesline","Perfected Strike"],"picked":"Headbutt","floor":1.0},{"not_picked":["Warcry","Metallicize"],"picked":"Anger","floor":5.0},{"not_picked":["Headbutt","Sever Soul"],"picked":"Shrug It Off","floor":7.0},{"not_picked":["Iron Wave","Warcry"],"picked":"Armaments","floor":10.0},{"not_picked":["Warcry","Headbutt"],"picked":"Shockwave","floor":12.0},{"not_picked":["Headbutt","Wild Strike"],"picked":"Spot Weakness","floor":14.0},{"not_picked":["Juggernaut","Berserk"],"picked":"Exhume","floor":16.0},{"not_picked":["Reckless Charge+1","Anger+1"],"picked":"Disarm","floor":18},{"not_picked":["Twin Strike","Anger"],"picked":"Sword Boomerang","floor":19},{"not_picked":["Clash","Clothesline+1"],"picked":"Ghostly Armor","floor":21}],"player_experience":532098,"relics_obtained":[{"floor":7.0,"key":"The Courier"},{"floor":9.0,"key":"Regal Pillow"},{"floor":12.0,"key":"Self Forming Clay"}],"event_choices":[{"cards_removed":["Strike_R"],"damage_healed":0.0,"max_hp_gain":0.0,"max_hp_loss":0.0,"gold_gain":0.0,"event_name":"The Cleric","player_choice":"Card Removal","floor":2.0,"gold_loss":50.0,"damage_taken":0.0},{"damage_healed":0.0,"max_hp_gain":0.0,"max_hp_loss":0.0,"gold_gain":0.0,"event_name":"Liars Game","player_choice":"Ignored","floor":3.0,"gold_loss":0.0,"damage_taken":0.0},{"damage_healed":0.0,"max_hp_gain":0.0,"max_hp_loss":0.0,"gold_gain":0.0,"event_name":"Lab","player_choice":"Got Potions","floor":4.0,"gold_loss":0.0,"damage_taken":0.0},{"damage_healed":0,"gold_gain":0,"player_choice":"Ignored","damage_taken":0,"max_hp_gain":0,"max_hp_loss":0,"event_name":"Vampires","floor":20,"gold_loss":0},{"damage_healed":0,"gold_gain":0,"player_choice":"Fought Bandits","damage_taken":0,"max_hp_gain":0,"max_hp_loss":0,"event_name":"Masked Bandits","floor":22,"gold_loss":0}],"is_beta":false,"boss_relics":[{"not_picked":["Coffee Dripper","Mark of Pain"],"picked":"Black Star"}],"items_purged_floors":[],"is_endless":false,"potions_floor_spawned":[7,14,16,19],"killed_by":"Slavers","ascension_level":3}}