{"host":"fdtmcpjlr9eclyu9","time":1613900563,"event":{"mods":["Act Like it!","BaseMod","CapriCore","Downfall","Marisa（霧雨　魔理沙）","Minty Spire (QoL Compilation)","Quick Restart","Reimu（博丽灵梦）","Remilia（蕾米莉亚）","Spicy Shops","StSLib","The Immortal","The Servant 0.9.4","Waifu the Spire","Youmu（魂魄妖梦）","Yuyuko"],"gold_per_floor":[99,111,125,142,200,228,294,306,318,364,396,408,453,492,522,634,646,558,582,606,618,615,615,615],"floor_reached":22,"language":"ZHS","playtime":1371,"items_purged":[],"score":196,"play_id":"52e2df72-9589-4d31-a9d2-fe7a3499ea43","local_time":"20210221174243","is_ascension_mode":false,"campfire_choices":[{"data":"champ:Execute","floor":1,"key":"SMITH"},{"data":"champ:StanceDance","floor":9,"key":"SMITH"},{"data":"champ:IgnorePain","floor":12,"key":"SMITH"},{"floor":18,"key":"RECALL"}],"circlet_count":0,"master_deck":["champ:Strike","champ:Strike","champ:Strike","champ:Strike","champ:Defend","champ:Defend","champ:Defend","champ:Defend","champ:Execute+1","champ:Taunt","champ:FaceSlap","champ:BringItOn","champ:Lariat","champ:FaceSlap","champ:StanceDance+1","champ:IgnorePain+1","champ:EnragedBash","champ:CalledShot","champ:HoldFirm","Wrath_TH","EndlessPower"],"relics":["champ:ChampionCrown","MawBank","Dream Catcher","Sundial","Ginger","Odd Mushroom","Fusion Hammer","downfall:HeartBlessingGreen"],"acts_visited":["Exordium","TheCity"],"potions_floor_usage":[10,16,16],"damage_taken":[{"damage":11,"enemies":"Cultist","floor":2,"turns":4},{"damage":10,"enemies":"2 Louse","floor":3,"turns":3},{"damage":10,"enemies":"Small Slimes","floor":4,"turns":3},{"damage":60,"enemies":"Lagavulin Event","floor":5,"turns":6},{"damage":10,"enemies":"Blue Slaver","floor":6,"turns":3},{"damage":18,"enemies":"Lagavulin","floor":10,"turns":4},{"damage":15,"enemies":"Exordium Thugs","floor":11,"turns":6},{"damage":23,"enemies":"Gremlin Nob","floor":13,"turns":4},{"damage":24,"enemies":"The Mushroom Lair","floor":14,"turns":3},{"damage":25,"enemies":"2 Fungi Beasts","floor":15,"turns":3},{"damage":42,"enemies":"WA_ARCHETYPE_RETAIN","floor":16,"turns":6},{"damage":35,"enemies":"Spheric Guardian","floor":19,"turns":4},{"damage":30,"enemies":"Chosen","floor":20,"turns":5},{"damage":32,"enemies":"downfall:FleeingMerchant","floor":22,"turns":3}],"seed_played":"6707796863151791828","potions_obtained":[{"floor":4,"key":"Weak Potion"},{"floor":5,"key":"Guardian:BlockOnCardUsePotion"},{"floor":6,"key":"Fire Potion"},{"floor":14,"key":"Weak Potion"},{"floor":19,"key":"Fire Potion"}],"is_trial":false,"path_per_floor":["R","M","M","M","?","M","T","?","R","E","M","R","E","?","M","B",null,"R","M","M","?","$"],"character_chosen":"THE_CHAMP","items_purchased":[],"campfire_rested":0,"item_purchase_floors":[],"current_hp_per_floor":[99,98,98,98,68,68,68,73,73,60,60,60,47,43,43,30,104,104,104,104,104,82,82,82],"gold":615,"neow_bonus":"TEN_PERCENT_HP_BONUS","is_daily":false,"chose_seed":false,"campfire_upgraded":3,"win_rate":0.0,"timestamp":1613900563,"path_taken":["R","M","M","M","?","M","T","?","R","E","M","R","E","?","M","BOSS","R","M","M","?","$"],"items_purchased_type":[],"build_version":"2020-12-22","purchased_purges":0,"victory":false,"max_hp_per_floor":[99,99,99,99,99,99,99,104,104,104,104,104,104,104,104,104,104,104,104,104,104,104,104,104],"card_choices":[{"not_picked":["champ:StanceDance","champ:EnGarde"],"picked":"champ:FaceSlap","floor":2},{"not_picked":["champ:Backstep","champ:FlashCut"],"picked":"champ:BringItOn","floor":3},{"not_picked":["champ:Backstep","champ:RapidStrikes"],"picked":"champ:Lariat","floor":4},{"not_picked":["champ:BringItOn","champ:EnGarde"],"picked":"champ:FaceSlap","floor":5},{"not_picked":["champ:DefensiveShout","champ:Backstep"],"picked":"champ:StanceDance","floor":6},{"not_picked":["champ:Shatter","champ:SkillfulDodge"],"picked":"champ:IgnorePain","floor":10},{"not_picked":["champ:Shatter","champ:FlashCut"],"picked":"champ:EnragedBash","floor":11},{"not_picked":["champ:Shatter","champ:BringItOn","champ:BerserkersShout"],"picked":"SKIP","floor":13},{"not_picked":["champ:BringItOn","champ:Endure"],"picked":"champ:CalledShot","floor":14},{"not_picked":["champ:GutPunch","champ:Haymaker","champ:FlashCut"],"picked":"SKIP","floor":15},{"not_picked":["champ:IgnorePain","champ:TripleStrike"],"picked":"champ:HoldFirm","floor":16},{"not_picked":["champ:ShieldWall+1","champ:DefensiveShout+1","champ:BladeFlurry"],"picked":"SKIP","floor":19},{"not_picked":["champ:GladiatorStyle","champ:Circumvent","champ:ShieldWall"],"picked":"SKIP","floor":20}],"player_experience":398768,"relics_obtained":[{"floor":5,"key":"MawBank"},{"floor":7,"key":"Dream Catcher"},{"floor":10,"key":"Sundial"},{"floor":13,"key":"Ginger"},{"floor":14,"key":"Odd Mushroom"}],"event_choices":[{"damage_healed":0,"gold_gain":0,"player_choice":"Donut","damage_taken":0,"max_hp_gain":5,"max_hp_loss":0,"event_name":"Big Fish","floor":8,"gold_loss":0},{"damage_healed":0,"gold_gain":0,"player_choice":"Fought Mushrooms","damage_taken":0,"max_hp_gain":0,"max_hp_loss":0,"event_name":"Mushrooms","floor":14,"gold_loss":0}],"is_beta":false,"boss_relics":[{"not_picked":["Calling Bell","Snecko Eye"],"picked":"Fusion Hammer"}],"items_purged_floors":[],"is_endless":false,"potions_floor_spawned":[4,5,6,14,19],"killed_by":"downfall:FleeingMerchant","ascension_level":0}}