{"host":"bigao3g8q00k09zy","time":1613939299,"event":{"mods":["BaseMod","Downfall","Hermit","Marisa????????","Minty Spire (QoL Compilation)","StSLib","The Cursed"],"gold_per_floor":[109,129,143,143,170,213,241,253,265,277,48,103,120,120,120,120,120],"floor_reached":16,"language":"ENG","playtime":1126,"items_purged":[],"score":100,"play_id":"5429a6f3-d7dc-4875-b0b2-7852105d2353","local_time":"20210221152819","is_ascension_mode":false,"campfire_choices":[{"floor":8,"key":"REST"},{"floor":10,"key":"REST"},{"floor":15,"key":"REST"}],"circlet_count":0,"master_deck":["Strike_P","Strike_P","Strike_P","Strike_P","Defend_P","Defend_P+1","Defend_P+1","Defend_P","Eruption","Vigilance","Weave","Weave","Regret","PathToVictory","ThirdEye","JustLucky","Wireheading","Skewer"],"relics":["PureWater","NeowsBlessing","War Paint","MawBank","Gremlin Horn","MealTicket","PrismaticShard","HornCleat"],"acts_visited":["Exordium"],"potions_floor_usage":[],"damage_taken":[{"damage":0,"enemies":"Cultist","floor":1,"turns":1},{"damage":0,"enemies":"Small Slimes","floor":2,"turns":1},{"damage":0,"enemies":"Jaw Worm","floor":3,"turns":1},{"damage":36,"enemies":"3 Sentries","floor":6,"turns":10},{"damage":20,"enemies":"Exordium Wildlife","floor":7,"turns":4},{"damage":65,"enemies":"Gremlin Nob","floor":12,"turns":6},{"damage":3,"enemies":"Large Slime","floor":13,"turns":6},{"damage":45,"enemies":"Slime Boss","floor":16,"turns":7}],"seed_played":"-3369264335285755702","potions_obtained":[{"floor":1,"key":"hexamod:SoulburnPotion"},{"floor":3,"key":"champ:CounterPotion"},{"floor":7,"key":"Energy Potion"}],"is_trial":false,"path_per_floor":["M","M","M","?","T","E","M","R","T","R","$","?","M","$","R","B"],"character_chosen":"WATCHER","items_purchased":["JustLucky","Wireheading","PrismaticShard"],"campfire_rested":3,"item_purchase_floors":[11,11,11],"current_hp_per_floor":[72,72,72,72,72,36,16,37,37,58,72,7,4,19,40,0,0],"gold":120,"neow_bonus":"THREE_ENEMY_KILL","is_daily":false,"chose_seed":false,"campfire_upgraded":0,"win_rate":0.0,"timestamp":1613939299,"path_taken":["M","M","?","?","?","E","M","R","T","R","$","?","M","$","R","BOSS"],"items_purchased_type":["Card","Card","Relic"],"build_version":"2020-12-22","purchased_purges":0,"victory":false,"max_hp_per_floor":[72,72,72,72,72,72,72,72,72,72,72,72,72,72,72,72,72],"card_choices":[{"not_picked":["SignatureMove","ThirdEye"],"picked":"Weave","floor":1},{"not_picked":["CrushJoints","Halt","BowlingBash"],"picked":"SKIP","floor":2},{"not_picked":["FollowUp","Prostrate"],"picked":"Weave","floor":3},{"not_picked":["WreathOfFlame","Collect"],"picked":"PathToVictory","floor":6},{"not_picked":["FlurryOfBlows","BowlingBash"],"picked":"ThirdEye","floor":7},{"not_picked":["hermit:CalledShot","sneckomod:UnknownClassMARISA_DERIVATIONS"],"picked":"Skewer","floor":12},{"not_picked":["champ:TornadoPunch","bronze:BuggyMess","Wild Strike"],"picked":"SKIP","floor":13}],"player_experience":282871,"relics_obtained":[{"floor":5,"key":"MawBank"},{"floor":6,"key":"Gremlin Horn"},{"floor":9,"key":"MealTicket"}],"event_choices":[{"damage_healed":0,"gold_gain":0,"player_choice":"Box","damage_taken":0,"relics_obtained":["War Paint"],"max_hp_gain":0,"max_hp_loss":0,"event_name":"Big Fish","floor":4,"gold_loss":0,"cards_obtained":["Regret"]},{"damage_healed":0,"gold_gain":0,"player_choice":"Searched \u00273\u0027 times","damage_taken":0,"relics_obtained":["HornCleat"],"max_hp_gain":0,"max_hp_loss":0,"event_name":"Dead Adventurer","floor":12,"gold_loss":0}],"is_beta":false,"boss_relics":[],"items_purged_floors":[],"is_endless":false,"potions_floor_spawned":[1,3,7],"killed_by":"Slime Boss","ascension_level":0}}