{"host":"vk2xyavtylxbvrfq","time":1613924031,"event":{"mods":["Bard","BaseMod","Bestiary","Better Altar","Better Match","Better Note","Better Sensory Stone","Better Skull","Better Vampires","Block Reminder","Bossed Relics","Colored Map","Curses Come First","Displayed Cursed Tome","Downfall","Extra Virgin Snecko Oil","Fox Events","Hermit","Ironclad Rager","Marked Mod","Minty Spire (QoL Compilation)","Quick Restart","Rare Cards Sparkle","Relic Sorter","Reliquary","Robot Space Explorer","Shapeshifter Mod","StSLib","The Hayseed","The Marked","The Runesmith","Unceasing Turn Reminder"],"gold_per_floor":[114,1,1,21,21,51,51,87,87,87,110,32,52,74,74,177,177,187,210,234,32,32,64,64,64,64,64,64,64,64,79,79,181,181,207,207,226,276,276,276,312,587,587,587,607,607,646,21,21,35,35,35,35,72,79,79],"floor_reached":55,"language":"ENG","playtime":1986,"items_purged":[],"score":1027,"play_id":"4ec5d650-e880-418a-83e6-9ebb7c6d4e23","local_time":"20210221111351","is_ascension_mode":true,"campfire_choices":[{"floor":7.0,"key":"REST"},{"floor":10.0,"key":"REST"},{"data":"hermit:Vantage","floor":15.0,"key":"SMITH"},{"floor":25.0,"key":"REST"},{"floor":28.0,"key":"RECALL"},{"floor":32.0,"key":"REST"},{"floor":40.0,"key":"REST"},{"floor":44.0,"key":"REST"},{"floor":49.0,"key":"REST"},{"floor":52.0,"key":"REST"}],"circlet_count":0,"master_deck":["hermit:Strike_Hermit","hermit:Strike_Hermit","hermit:Strike_Hermit","hermit:Strike_Hermit","hermit:Defend_Hermit","hermit:Defend_Hermit","hermit:Defend_Hermit","hermit:Defend_Hermit","hermit:Snapshot","hermit:Covet+1","hermit:Scavenge+1","hermit:Reprieve","hermit:Snipe","hermit:CalledShot","hermit:Headshot","hermit:GoldenBullet","hermit:Enervate","hermit:Vantage+1","hermit:Snipe","hermit:CalledShot","hermit:BlackWind","hermit:Headshot","hermit:Enervate","hermit:Dive","hermit:Horror","Writhe","hermit:Combo+1","hermit:Magnum","hermit:Glare+1","hermit:Coalescence","hermit:Gestalt+1","Apotheosis","Panache","hermit:Scavenge+1","Regret","hermit:FromBeyond","hermit:BigShot"],"relics":["hermit:Momento","NeowsBlessing","Ancient Tea Set","Darkstone Periapt","Shuriken","Fusion Hammer","ClockworkSouvenir","Centennial Puzzle","reliquary:RoseTintedGlasses","reliquary:PurpleTingedLeaf","MutagenicStrength","Nilry\u0027s Codex","reliquary:WritOfMandamus","FossilizedHelix","Question Card","The Courier","ClockworkSouvenir","reliquary:Spinner","Juzu Bracelet","Medical Kit","hermit:Horseshoe","MealTicket","Dead Branch"],"acts_visited":["Exordium","TheCity","TheBeyond","TheEnding"],"potions_floor_usage":[55],"damage_taken":[{"damage":0.0,"enemies":"Small Slimes","floor":1.0,"turns":1.0},{"damage":0.0,"enemies":"Jaw Worm","floor":4.0,"turns":1.0},{"damage":0.0,"enemies":"3 Sentries","floor":6.0,"turns":1.0},{"damage":41.0,"enemies":"Lagavulin","floor":8.0,"turns":7.0},{"damage":1.0,"enemies":"Cultist","floor":11.0,"turns":3.0},{"damage":14.0,"enemies":"Red Slaver","floor":13.0,"turns":2.0},{"damage":0.0,"enemies":"Gremlin Gang","floor":14.0,"turns":5.0},{"damage":10.0,"enemies":"Slime Boss","floor":16.0,"turns":7.0},{"damage":0.0,"enemies":"Spheric Guardian","floor":18.0,"turns":2.0},{"damage":22.0,"enemies":"3 Byrds","floor":19.0,"turns":6.0},{"damage":31.0,"enemies":"Snake Plant","floor":20.0,"turns":4.0},{"damage":1.0,"enemies":"Gremlin Leader","floor":23.0,"turns":5.0},{"damage":1.0,"enemies":"Sentry and Sphere","floor":31.0,"turns":3.0},{"damage":23.0,"enemies":"Automaton","floor":33.0,"turns":7.0},{"damage":13.0,"enemies":"3 Darklings","floor":35.0,"turns":5.0},{"damage":9.0,"enemies":"3 Shapes","floor":37.0,"turns":3.0},{"damage":0.0,"enemies":"Mind Bloom Boss Battle","floor":38.0,"turns":4.0},{"damage":29.0,"enemies":"Reptomancer","floor":41.0,"turns":4.0},{"damage":13.0,"enemies":"Jaw Worm Horde","floor":45.0,"turns":4.0},{"damage":2.0,"enemies":"Giant Head","floor":47.0,"turns":8.0},{"damage":69.0,"enemies":"Donu and Deca","floor":50.0,"turns":5.0},{"damage":41.0,"enemies":"Shield and Spear","floor":54.0,"turns":5.0},{"damage":58,"enemies":"The Heart","floor":55,"turns":5}],"seed_played":"-4662711200537961257","potions_obtained":[{"floor":1.0,"key":"LiquidBronze"},{"floor":4.0,"key":"Weak Potion"},{"floor":14.0,"key":"Block Potion"},{"floor":23.0,"key":"AttackPotion"},{"floor":35.0,"key":"GamblersBrew"},{"floor":54.0,"key":"SkillPotion"}],"is_trial":false,"path_per_floor":["M","$","?","M","?","E","R","E","T","R","M","$","M","M","R","B",null,"M","M","M","$","?","E","?","R","T","?","R","?","?","M","R","B",null,"M","?","M","?","?","R","E","?","T","R","M","T","E","$","R","B",null,"R","$","E","B"],"character_chosen":"HERMIT","items_purchased":["hermit:Reprieve","hermit:Snipe","hermit:Vantage","hermit:Snipe","ClockworkSouvenir","hermit:Dive","Juzu Bracelet","Medical Kit","hermit:Horseshoe","MealTicket","hermit:BigShot"],"campfire_rested":8,"item_purchase_floors":[2,2,12,12,21,21,48,48,48,48,48],"current_hp_per_floor":[68,68,53,53,46,46,68,31,31,53,56,56,42,42,42,36,65,65,47,16,16,41,40,40,62,62,68,68,68,52,56,80,58,75,63,63,55,56,56,80,52,58,58,84,77,77,80,80,87,23,71,87,87,54,0,0],"gold":79,"neow_bonus":"THREE_ENEMY_KILL","is_daily":false,"chose_seed":false,"campfire_upgraded":1,"win_rate":0.0,"timestamp":1613924031,"path_taken":["M","$","?","M","?","E","R","E","T","R","?","?","M","M","R","BOSS","M","?","M","$","?","E","?","R","T","?","R","?","?","M","R","BOSS","M","?","M","?","?","R","E","?","T","R","?","?","E","?","R","BOSS","R","$","E","BOSS"],"items_purchased_type":["Card","Card","Card","Card","Relic","Card","Relic","Relic","Relic","Relic","Card"],"build_version":"2020-12-22","purchased_purges":0,"victory":false,"max_hp_per_floor":[75,75,75,75,75,75,75,75,75,75,75,75,75,75,75,75,75,75,75,75,75,75,75,75,75,75,81,81,81,81,81,81,81,81,81,81,81,81,81,81,81,87,87,87,87,87,87,87,87,87,87,87,87,87,87,87],"card_choices":[{"not_picked":["hermit:ItchyTrigger","hermit:Manifest"],"picked":"hermit:Scavenge","floor":1.0},{"not_picked":["hermit:Midnight","hermit:Manifest"],"picked":"hermit:CalledShot","floor":4.0},{"not_picked":["hermit:Reprieve","hermit:HoleUp"],"picked":"hermit:Headshot","floor":6.0},{"not_picked":["hermit:FullyLoaded","hermit:Quickdraw"],"picked":"hermit:GoldenBullet","floor":8.0},{"not_picked":["hermit:NoHoldsBarred","hermit:Snipe"],"picked":"hermit:Enervate","floor":11.0},{"not_picked":["hermit:BodyArmor","hermit:Feint","hermit:HighCaliber"],"picked":"SKIP","floor":13.0},{"not_picked":["hermit:ItchyTrigger","hermit:Manifest"],"picked":"hermit:CalledShot","floor":14.0},{"not_picked":["hermit:Reprieve","hermit:EternalForm"],"picked":"hermit:BlackWind","floor":16.0},{"not_picked":["hermit:Misfire+1","hermit:LowProfile","hermit:BodyArmor"],"picked":"SKIP","floor":18.0},{"not_picked":["hermit:LoneWolf","hermit:DeadMansHand"],"picked":"hermit:Headshot","floor":19.0},{"not_picked":["hermit:CalledShot+1","hermit:Misfire+1"],"picked":"hermit:Enervate","floor":20.0},{"not_picked":["hermit:Malice","hermit:Grudge"],"picked":"hermit:Horror","floor":23.0},{"not_picked":["hermit:Roulette+1","hermit:CalledShot+1"],"picked":"hermit:Combo+1","floor":31.0},{"not_picked":["hermit:Reprieve","hermit:FatalDesire"],"picked":"hermit:Magnum","floor":33.0},{"not_picked":["hermit:Roulette","hermit:CalledShot+1"],"picked":"hermit:Glare+1","floor":35.0},{"not_picked":["hermit:LowProfile","hermit:Showdown+1"],"picked":"hermit:Coalescence","floor":37.0},{"not_picked":["hermit:LowProfile","hermit:Misfire+1"],"picked":"hermit:Gestalt+1","floor":38.0},{"not_picked":["Panacea","Swift Strike"],"picked":"Apotheosis","floor":39.0},{"not_picked":["Trip","Finesse"],"picked":"Panache","floor":39.0},{"not_picked":["hermit:EyeOfTheStorm","hermit:HighCaliber"],"picked":"hermit:Scavenge+1","floor":41.0},{"not_picked":["hermit:Feint+1","hermit:Desperado","hermit:Glare+1","hermit:HighCaliber+1"],"picked":"SKIP","floor":45.0},{"not_picked":["hermit:LowProfile","hermit:Virtue+1","hermit:Glare"],"picked":"hermit:FromBeyond","floor":47.0},{"not_picked":["hermit:PistolWhip","hermit:ShadowCloak+1","hermit:Midnight+1","hermit:WideOpen"],"picked":"SKIP","floor":54.0}],"player_experience":1453723,"relics_obtained":[{"floor":6.0,"key":"Ancient Tea Set"},{"floor":8.0,"key":"Darkstone Periapt"},{"floor":9.0,"key":"Shuriken"},{"floor":23.0,"key":"Centennial Puzzle"},{"floor":26.0,"key":"reliquary:RoseTintedGlasses"},{"floor":38.0,"key":"FossilizedHelix"},{"floor":41.0,"key":"Question Card"},{"floor":43.0,"key":"The Courier"},{"floor":46.0,"key":"reliquary:SculptingSteel"},{"floor":47.0,"key":"reliquary:Spinner"},{"floor":54.0,"key":"Dead Branch"}],"event_choices":[{"damage_healed":0.0,"max_hp_gain":0.0,"max_hp_loss":0.0,"gold_gain":0.0,"event_name":"Shining Light","player_choice":"Entered Light","floor":3.0,"gold_loss":0.0,"damage_taken":15.0,"cards_upgraded":["hermit:Covet","hermit:Scavenge"]},{"damage_healed":0.0,"max_hp_gain":0.0,"max_hp_loss":0.0,"gold_gain":0.0,"event_name":"Wheel of Change","player_choice":"Damaged","floor":5.0,"gold_loss":0.0,"damage_taken":7.0},{"damage_healed":25.0,"max_hp_gain":0.0,"max_hp_loss":0.0,"gold_gain":0.0,"event_name":"The Library","player_choice":"Heal","floor":22.0,"gold_loss":0.0,"damage_taken":0.0},{"damage_healed":0.0,"max_hp_gain":0.0,"max_hp_loss":0.0,"gold_gain":0.0,"event_name":"The Mausoleum","player_choice":"Opened","floor":27.0,"gold_loss":0.0,"damage_taken":0.0,"relics_obtained":["reliquary:PurpleTingedLeaf"],"cards_obtained":["Writhe"]},{"damage_healed":0.0,"max_hp_gain":0.0,"max_hp_loss":0.0,"gold_gain":0.0,"event_name":"Drug Dealer","player_choice":"Inject Mutagens","floor":29.0,"gold_loss":0.0,"damage_taken":0.0,"relics_obtained":["MutagenicStrength"]},{"damage_healed":0.0,"max_hp_gain":0.0,"max_hp_loss":0.0,"gold_gain":0.0,"event_name":"Cursed Tome","player_choice":"Obtained Book","floor":30.0,"gold_loss":0.0,"damage_taken":16.0},{"damage_healed":0.0,"max_hp_gain":0.0,"max_hp_loss":0.0,"gold_gain":0.0,"event_name":"MindBloom","player_choice":"Fight","floor":38.0,"gold_loss":0.0,"damage_taken":0.0},{"damage_healed":0.0,"max_hp_gain":0.0,"max_hp_loss":0.0,"gold_gain":3.0,"event_name":"betterStone:BetterStone","player_choice":"1","floor":39.0,"gold_loss":0.0,"damage_taken":0.0},{"damage_healed":0.0,"max_hp_gain":0.0,"max_hp_loss":0.0,"gold_gain":275.0,"event_name":"Golden Shrine","player_choice":"Desecrate","floor":42.0,"gold_loss":0.0,"damage_taken":0.0,"cards_obtained":["Regret"]}],"is_beta":false,"boss_relics":[{"not_picked":["Black Star","Sozu"],"picked":"Fusion Hammer"},{"not_picked":["hermit:DentedPlate","Runic Dome"],"picked":"reliquary:WritOfMandamus"}],"items_purged_floors":[],"is_endless":false,"potions_floor_spawned":[1,4,14,18,23,35,54],"killed_by":"The Heart","ascension_level":7}}