{"host":"i45hfqkcke4zequp","time":1613920137,"event":{"mods":["AchievementEnabler","BaseMod","BetterRewards","Minty Spire (QoL Compilation)","Permanent Neow","Shop Mod","SuperFastMode"],"gold_per_floor":[110,180,145,145,170,170,183,183,183,221,221,241,256,271,271,271,271],"floor_reached":16,"language":"KOR","playtime":487,"items_purged":[],"score":168,"play_id":"767942c0-d8a5-4ea0-94b3-f008fe52ee87","local_time":"20210222000857","is_ascension_mode":true,"campfire_choices":[{"data":"Backstab","floor":6,"key":"SMITH"},{"data":"Dagger Spray","floor":8,"key":"SMITH"},{"floor":15,"key":"REST"}],"circlet_count":0,"master_deck":["AscendersBane","Strike_G","Strike_G","Strike_G","Strike_G","Strike_G","Defend_G","Defend_G","Defend_G","Defend_G","Defend_G","Survivor","Neutralize","Backstab+1","Outmaneuver","Dagger Throw+1","Injury","Backflip","Dagger Spray+1","Deflect","Bane","Poisoned Stab","Glass Knife"],"relics":["Ring of the Snake","Ginger","The Specimen","Golden Idol","White Beast Statue","Bird Faced Urn"],"acts_visited":["Exordium"],"potions_floor_usage":[10,13,16],"damage_taken":[{"damage":0,"enemies":"Small Slimes","floor":1,"turns":3},{"damage":0,"enemies":"2 Louse","floor":5,"turns":2},{"damage":2,"enemies":"Jaw Worm","floor":7,"turns":3},{"damage":15,"enemies":"Gremlin Nob","floor":10,"turns":4},{"damage":0,"enemies":"3 Louse","floor":12,"turns":2},{"damage":0,"enemies":"Looter","floor":13,"turns":2},{"damage":7,"enemies":"Large Slime","floor":14,"turns":5},{"damage":65,"enemies":"Hexaghost","floor":16,"turns":9}],"seed_played":"7032096717186374505","potions_obtained":[{"floor":1,"key":"SkillPotion"},{"floor":10,"key":"Block Potion"},{"floor":12,"key":"AttackPotion"},{"floor":13,"key":"Fruit Juice"},{"floor":14,"key":"Fire Potion"}],"is_trial":false,"path_per_floor":["M","?","?","?","M","R","M","R","T","E","?","M","M","M","R","B"],"character_chosen":"THE_SILENT","items_purchased":["Backstab","Outmaneuver"],"campfire_rested":1,"item_purchase_floors":[0,0],"current_hp_per_floor":[42,42,59,59,59,59,57,57,57,42,42,42,47,40,62,0,0],"gold":271,"neow_bonus":"","is_daily":false,"chose_seed":false,"campfire_upgraded":2,"win_rate":0.0,"timestamp":1613920137,"path_taken":["M","?","?","?","?","R","M","R","T","E","?","M","M","M","R","BOSS"],"items_purchased_type":["Card","Card"],"build_version":"2020-12-22","purchased_purges":0,"victory":false,"max_hp_per_floor":[70,70,70,70,70,70,70,70,70,70,70,70,75,75,75,75,75],"card_choices":[{"not_picked":["Reflex","Blade Dance"],"picked":"Dagger Throw","floor":1},{"not_picked":["Cloak And Dagger","Accuracy"],"picked":"Backflip","floor":5},{"not_picked":["Blur","Endless Agony"],"picked":"Dagger Spray","floor":7},{"not_picked":["Tactician","Expertise"],"picked":"Deflect","floor":10},{"not_picked":["Cloak And Dagger","Infinite Blades"],"picked":"Bane","floor":12},{"not_picked":["Deadly Poison","Bane"],"picked":"Poisoned Stab","floor":13},{"not_picked":["Choke","Blade Dance"],"picked":"Glass Knife","floor":14}],"player_experience":583718,"relics_obtained":[{"floor":9,"key":"White Beast Statue"},{"floor":10,"key":"Bird Faced Urn"}],"event_choices":[{"damage_healed":0,"gold_gain":70,"player_choice":"Gained Gold","damage_taken":0,"max_hp_gain":0,"max_hp_loss":0,"event_name":"Golden Wing","floor":2,"gold_loss":0},{"damage_healed":17,"gold_gain":0,"player_choice":"Healed","damage_taken":0,"max_hp_gain":0,"max_hp_loss":0,"event_name":"The Cleric","floor":3,"gold_loss":35},{"damage_healed":0,"gold_gain":0,"player_choice":"Take Wound","damage_taken":0,"relics_obtained":["Golden Idol"],"max_hp_gain":0,"max_hp_loss":0,"event_name":"Golden Idol","floor":4,"gold_loss":0,"cards_obtained":["Injury"]},{"damage_healed":0,"gold_gain":0,"player_choice":"Grow","damage_taken":0,"max_hp_gain":0,"max_hp_loss":0,"event_name":"Living Wall","floor":11,"gold_loss":0,"cards_upgraded":["Dagger Throw"]}],"is_beta":false,"boss_relics":[],"items_purged_floors":[],"is_endless":false,"potions_floor_spawned":[1,10,12,13,14],"killed_by":"Hexaghost","ascension_level":13}}