{"host":"04x9isxu4s2lvye3","time":1613876882,"event":{"mods":["BaseMod","Colored Powertips","Highlight Path","Minty Spire (QoL Compilation)"],"gold_per_floor":[118,118,128,140,140,140,172,172,172,148,162,162,162,226,226,325,325,342,441,441,461,461,461,475,475,554,585,500,138,138,157,157,261,261,278,278,278,296,309,335,381,411,411,425,439,439,439,467,467,467],"floor_reached":51,"language":"ENG","playtime":2213,"items_purged":["Strike_R"],"score":1225,"play_id":"186c39ae-4f4f-4841-9507-b4ba6f6cdf54","local_time":"20210220220802","is_ascension_mode":true,"campfire_choices":[{"data":"Perfected Strike","floor":6.0,"key":"SMITH"},{"data":"Feed","floor":13.0,"key":"SMITH"},{"data":"Shrug It Off","floor":15.0,"key":"SMITH"},{"floor":23.0,"key":"REST"},{"floor":25.0,"key":"REST"},{"floor":32.0,"key":"REST"},{"floor":47,"key":"REST"},{"data":"1","floor":49,"key":"LIFT"}],"circlet_count":0,"master_deck":["Strike_R+1","Strike_R+1","Strike_R+1","Strike_R+1","Defend_R+1","Defend_R+1","Defend_R+1","Defend_R+1","Bash","Thunderclap","Perfected Strike+1","Entrench","Feed+1","Shrug It Off+1","Perfected Strike+1","Demon Form","Heavy Blade+1","Wild Strike+1","Flash of Steel+1","Immolate+1","Transmutation","The Bomb","Parasite","Perfected Strike+1","Spot Weakness+1","Heavy Blade+1","Armaments+1","Metallicize+1","Heavy Blade+1"],"relics":["Snecko Eye","White Beast Statue","Bottled Flame","Molten Egg 2","Fusion Hammer","Torii","Eternal Feather","Girya","Regal Pillow","Blood Vial","Philosopher\u0027s Stone","StoneCalendar","Magic Flower","Pocketwatch","Omamori","Question Card"],"acts_visited":["Exordium","TheCity","TheBeyond"],"potions_floor_usage":[42,42,50,50],"damage_taken":[{"damage":7.0,"enemies":"Small Slimes","floor":1.0,"turns":4.0},{"damage":4.0,"enemies":"Jaw Worm","floor":3.0,"turns":3.0},{"damage":6.0,"enemies":"2 Louse","floor":4.0,"turns":3.0},{"damage":20.0,"enemies":"Lagavulin","floor":7.0,"turns":4.0},{"damage":0.0,"enemies":"Blue Slaver","floor":11.0,"turns":1.0},{"damage":0.0,"enemies":"Gremlin Nob","floor":14.0,"turns":2.0},{"damage":0.0,"enemies":"Slime Boss","floor":16.0,"turns":5.0},{"damage":6.0,"enemies":"3 Byrds","floor":18.0,"turns":4.0},{"damage":0.0,"enemies":"Chosen","floor":21.0,"turns":2.0},{"damage":22.0,"enemies":"Shelled Parasite and Fungi","floor":24.0,"turns":4.0},{"damage":59.0,"enemies":"Book of Stabbing","floor":27.0,"turns":6.0},{"damage":0.0,"enemies":"Snake Plant","floor":31.0,"turns":2.0},{"damage":39.0,"enemies":"Champ","floor":33.0,"turns":7.0},{"damage":0.0,"enemies":"Orb Walker","floor":35.0,"turns":2.0},{"damage":1.0,"enemies":"3 Shapes","floor":38.0,"turns":4.0},{"damage":2.0,"enemies":"Writhing Mass","floor":39.0,"turns":4.0},{"damage":20.0,"enemies":"Giant Head","floor":40.0,"turns":6.0},{"damage":12.0,"enemies":"2 Orb Walkers","floor":41.0,"turns":3.0},{"damage":17,"enemies":"Nemesis","floor":42,"turns":5},{"damage":12,"enemies":"Sphere and 2 Shapes","floor":44,"turns":2},{"damage":15,"enemies":"4 Shapes","floor":45,"turns":3},{"damage":1,"enemies":"Giant Head","floor":48,"turns":5},{"damage":84,"enemies":"Time Eater","floor":50,"turns":6}],"seed_played":"6465172308530963971","potions_obtained":[{"floor":1.0,"key":"LiquidMemories"},{"floor":4.0,"key":"ElixirPotion"},{"floor":11.0,"key":"Fire Potion"},{"floor":14.0,"key":"ElixirPotion"},{"floor":16.0,"key":"Weak Potion"},{"floor":18.0,"key":"SneckoOil"},{"floor":21.0,"key":"EssenceOfSteel"},{"floor":24.0,"key":"SteroidPotion"},{"floor":27.0,"key":"Dexterity Potion"},{"floor":31.0,"key":"PowerPotion"},{"floor":33.0,"key":"ColorlessPotion"},{"floor":35.0,"key":"PowerPotion"},{"floor":38.0,"key":"Dexterity Potion"},{"floor":39.0,"key":"Weak Potion"},{"floor":40.0,"key":"Fire Potion"},{"floor":41.0,"key":"EntropicBrew"}],"is_trial":false,"path_per_floor":["M","?","M","M","?","R","E","?","T","$","M","$","R","?","R","B",null,"M","?","?","M","T","R","M","R","T","E","?","$","?","M","R","B",null,"M","?","?","M","M","E","?","E","T","M","M","?","R","E","R","B",null],"character_chosen":"IRONCLAD","items_purchased":["Shrug It Off","Blood Vial","Wild Strike+1","Flash of Steel+1"],"campfire_rested":4,"item_purchase_floors":[10,29,29,29],"current_hp_per_floor":[65,49,45,39,39,39,19,45,45,45,45,45,45,49,49,53,79,77,77,77,77,77,92,74,96,96,37,37,37,37,39,94,57,86,88,88,83,84,84,66,60,46,46,37,31,31,92,94,104,26],"gold":467,"neow_bonus":"BOSS_RELIC","is_daily":false,"chose_seed":false,"campfire_upgraded":3,"win_rate":0.0,"timestamp":1613876882,"path_taken":["M","?","M","M","?","R","E","?","T","$","M","?","R","?","R","BOSS","M","?","?","M","?","R","M","R","T","E","?","$","?","?","R","BOSS","M","?","?","M","M","E","?","E","T","M","M","?","R","E","R","BOSS"],"items_purchased_type":["Card","Relic","Card","Card"],"build_version":"2020-12-22","purchased_purges":1,"victory":true,"max_hp_per_floor":[80,80,80,80,80,80,80,80,80,80,80,80,80,84,84,88,88,92,92,92,92,92,92,96,96,96,96,96,96,96,96,96,96,96,96,96,96,96,96,96,100,100,100,100,104,104,104,104,104,108],"card_choices":[{"not_picked":["Intimidate","Rage"],"picked":"Thunderclap","floor":1.0},{"not_picked":["Armaments","True Grit"],"picked":"Perfected Strike","floor":3.0},{"not_picked":["Power Through","Armaments"],"picked":"Entrench","floor":4.0},{"not_picked":["Uppercut","Headbutt"],"picked":"Feed","floor":7.0},{"not_picked":["True Grit","Iron Wave","Havoc"],"picked":"SKIP","floor":11.0},{"not_picked":["Headbutt+1","Sentinel"],"picked":"Perfected Strike+1","floor":14.0},{"not_picked":["Fiend Fire+1","Berserk"],"picked":"Demon Form","floor":16.0},{"not_picked":["Havoc","True Grit","Fire Breathing"],"picked":"SKIP","floor":18.0},{"not_picked":["Flex","Infernal Blade","Rupture+1"],"picked":"SKIP","floor":21.0},{"not_picked":["Sword Boomerang+1","Cleave+1"],"picked":"Heavy Blade+1","floor":24.0},{"not_picked":["Iron Wave+1","Twin Strike+1"],"picked":"Battle Trance+1","floor":27.0},{"not_picked":["Brutality","Sever Soul+1","Anger+1"],"picked":"SKIP","floor":31.0},{"not_picked":["Berserk","Feed+1"],"picked":"Immolate+1","floor":33.0},{"not_picked":["Entrench","Bloodletting+1","Dropkick+1"],"picked":"SKIP","floor":35.0},{"not_picked":["Forethought","Dramatic Entrance+1"],"picked":"Transmutation","floor":37.0},{"not_picked":["Discovery","Chrysalis"],"picked":"The Bomb","floor":37.0},{"not_picked":["Pummel+1","Warcry+1","Anger+1"],"picked":"SKIP","floor":38.0},{"not_picked":["Shrug It Off+1","Thunderclap+1"],"picked":"Perfected Strike+1","floor":39.0},{"not_picked":["Rupture+1","Body Slam+1","Havoc"],"picked":"SKIP","floor":40.0},{"not_picked":["Cleave+1","Fiend Fire+1"],"picked":"Spot Weakness+1","floor":41.0},{"not_picked":["Body Slam+1","Second Wind"],"picked":"Heavy Blade+1","floor":42},{"not_picked":["Flex+1","Anger+1"],"picked":"Armaments+1","floor":44},{"not_picked":["Clash+1","Evolve+1"],"picked":"Metallicize+1","floor":45},{"not_picked":["Body Slam+1","Fire Breathing+1"],"picked":"Heavy Blade+1","floor":48}],"player_experience":318212,"relics_obtained":[{"floor":7.0,"key":"White Beast Statue"},{"floor":9.0,"key":"Bottled Flame"},{"floor":14.0,"key":"Molten Egg 2"},{"floor":22.0,"key":"Torii"},{"floor":26.0,"key":"Eternal Feather"},{"floor":27.0,"key":"Girya"},{"floor":40.0,"key":"StoneCalendar"},{"floor":41.0,"key":"Magic Flower"},{"floor":42,"key":"Pocketwatch"},{"floor":43,"key":"Omamori"},{"floor":48,"key":"Question Card"}],"event_choices":[{"damage_healed":0.0,"max_hp_gain":0.0,"max_hp_loss":0.0,"gold_gain":0.0,"event_name":"Shining Light","player_choice":"Entered Light","floor":2.0,"gold_loss":0.0,"damage_taken":16.0,"cards_upgraded":["Strike_R","Strike_R"]},{"damage_healed":0.0,"max_hp_gain":0.0,"max_hp_loss":0.0,"gold_gain":0.0,"event_name":"Liars Game","player_choice":"Ignored","floor":5.0,"gold_loss":0.0,"damage_taken":0.0},{"damage_healed":26.0,"max_hp_gain":0.0,"max_hp_loss":0.0,"gold_gain":0.0,"event_name":"Big Fish","player_choice":"Banana","floor":8.0,"gold_loss":0.0,"damage_taken":0.0},{"damage_healed":0.0,"max_hp_gain":0.0,"max_hp_loss":0.0,"gold_gain":0.0,"event_name":"Dead Adventurer","player_choice":"Searched \u00272\u0027 times","floor":14.0,"gold_loss":0.0,"damage_taken":0.0},{"damage_healed":0.0,"max_hp_gain":0.0,"max_hp_loss":0.0,"gold_gain":99.0,"event_name":"Nest","player_choice":"Stole From Cult","floor":19.0,"gold_loss":0.0,"damage_taken":0.0},{"damage_healed":0.0,"max_hp_gain":0.0,"max_hp_loss":0.0,"gold_gain":0.0,"event_name":"Vampires","player_choice":"Ignored","floor":20.0,"gold_loss":0.0,"damage_taken":0.0},{"damage_healed":0.0,"max_hp_gain":0.0,"max_hp_loss":0.0,"gold_gain":0.0,"event_name":"Addict","player_choice":"Obtained Relic","floor":28.0,"gold_loss":85.0,"damage_taken":0.0,"relics_obtained":["Regal Pillow"]},{"damage_healed":0.0,"max_hp_gain":0.0,"max_hp_loss":0.0,"gold_gain":0.0,"event_name":"Back to Basics","player_choice":"Simplicity","floor":30.0,"gold_loss":0.0,"damage_taken":0.0,"cards_upgraded":["Strike_R","Strike_R","Defend_R","Defend_R","Defend_R","Defend_R"]},{"damage_healed":0.0,"max_hp_gain":0.0,"max_hp_loss":0.0,"gold_gain":0.0,"event_name":"Tomb of Lord Red Mask","player_choice":"Ignored","floor":36.0,"gold_loss":0.0,"damage_taken":0.0},{"damage_healed":0.0,"max_hp_gain":0.0,"max_hp_loss":0.0,"gold_gain":0.0,"event_name":"SensoryStone","player_choice":"Memory 2","floor":37.0,"gold_loss":0.0,"damage_taken":5.0},{"damage_healed":0.0,"max_hp_gain":0.0,"max_hp_loss":0.0,"gold_gain":0.0,"event_name":"Mysterious Sphere","player_choice":"Fight","floor":41.0,"gold_loss":0.0,"damage_taken":0.0},{"cards_removed":["Battle Trance"],"damage_healed":0,"gold_gain":0,"player_choice":"Removed Skill","damage_taken":0,"max_hp_gain":0,"max_hp_loss":0,"event_name":"Falling","floor":46,"gold_loss":0}],"is_beta":false,"boss_relics":[{"not_picked":["Calling Bell","Sozu"],"picked":"Fusion Hammer"},{"not_picked":["Runic Dome","Velvet Choker"],"picked":"Philosopher\u0027s Stone"}],"items_purged_floors":[29],"is_endless":false,"potions_floor_spawned":[1,4,11,14,16,18,21,24,27,31,33,35,38,39,40,41,42,44,45,48],"ascension_level":9}}