{"host":"1lcvmslm5dvu1wk7","time":1613894178,"event":{"mods":["Act Like it!","BaseMod","CapriCore","Colored Powertips","Gensokyo","Koishi","Minty Spire (QoL Compilation)","Relic Stats","Shop Mod","StSLib","The Immortal"],"gold_per_floor":[115,142,157,172,9,34,52,52,52,8,0,25,25,35,35,133,133,150,164,44,44,58,58,93,93,93,93,106,106,131,131,131,236,236,254,254,264,275,275,275,305,305,305,305,305,325,339,145,145,145],"floor_reached":51,"language":"ZHS","playtime":4139,"items_purged":["Koishi:BasicDefend","Koishi:BasicDefend"],"score":823,"play_id":"7379929f-b36c-4097-84cd-a41bc13b5af9","local_time":"20210221155618","is_ascension_mode":false,"campfire_choices":[{"data":"Koishi:SubconsciousSweep","floor":8.0,"key":"SMITH"},{"data":"Koishi:SubconsciousSweep","floor":15.0,"key":"SMITH"},{"data":"Koishi:LastRemote","floor":23.0,"key":"SMITH"},{"data":"1","floor":25.0,"key":"LIFT"},{"data":"2","floor":27.0,"key":"LIFT"},{"data":"3","floor":29.0,"key":"LIFT"},{"data":"Koishi:SubconsciousSweep","floor":32.0,"key":"SMITH"},{"data":"Koishi:BasicDefend","floor":40.0,"key":"PURGE"},{"data":"Koishi:BasicStrike","floor":44,"key":"PURGE"},{"data":"Koishi:BasicStrike","floor":49,"key":"PURGE"}],"circlet_count":0,"master_deck":["Koishi:Provoke","Koishi:HauntingSlash","Koishi:SubconsciousSweep+1","Koishi:SubconsciousSweep+1","Koishi:LastRemote+1","Koishi:SubterraneanRose","Koishi:SubterraneanRose","Koishi:UnconsciousUprising","Koishi:SuperEgo","Koishi:Jaunt","Koishi:FleetingPhantom+1","Koishi:FleetingPhantom+1","Koishi:SubconsciousSweep+1","Koishi:FadingMemory","Koishi:SilentAndRestless","CurseOfTheBell","Koishi:IdleWhim","Koishi:ReleaseOfTheId+1","Koishi:ReflexRadar","Koishi:PerfectMindControl","Koishi:FleetingPhantom","Koishi:ReflexRadar","Koishi:IdleWhim+1","Koishi:ReleaseOfTheId+1"],"relics":["Koishi:ImaginaryFriend","Ancient Tea Set","Girya","Incense Burner","Nunchaku","Strawberry","SlaversCollar","Gensokyo:LionMask","Gensokyo:ConquerorOfFear","Orichalcum","Smiling Mask","Koishi:EchoesOfADeadGirl","Calling Bell","Bag of Preparation","Kunai","Peace Pipe","Ornamental Fan","Mango","DollysMirror"],"acts_visited":["Exordium","Gensokyo:Gensokyo","Gensokyo:Gensokyoer"],"potions_floor_usage":[50,50],"damage_taken":[{"damage":3.0,"enemies":"Gensokyo:Python","floor":1.0,"turns":3.0},{"damage":1.0,"enemies":"Gensokyo:Gryphon","floor":3.0,"turns":4.0},{"damage":0.0,"enemies":"Gensokyo:3_Fairies","floor":4.0,"turns":3.0},{"damage":32.0,"enemies":"Gensokyo:Mamizou","floor":6.0,"turns":8.0},{"damage":4.0,"enemies":"Gensokyo:Python_and_Kodama","floor":7.0,"turns":4.0},{"damage":6.0,"enemies":"Gensokyo:Aya","floor":12.0,"turns":6.0},{"damage":5.0,"enemies":"Gensokyo:Gryphon_and_Rabbit","floor":14.0,"turns":3.0},{"damage":33.0,"enemies":"Gensokyo:Reimu","floor":16.0,"turns":15.0},{"damage":0.0,"enemies":"Gensokyo:2_Gloops","floor":18.0,"turns":4.0},{"damage":3.0,"enemies":"Gensokyo:3_Dogs","floor":19.0,"turns":3.0},{"damage":2.0,"enemies":"Gensokyo:Wraith","floor":22.0,"turns":5.0},{"damage":4.0,"enemies":"Gensokyo:Koishi","floor":24.0,"turns":5.0},{"damage":6.0,"enemies":"Gensokyo:Slime_Group","floor":28.0,"turns":3.0},{"damage":0.0,"enemies":"Gensokyo:Reisen","floor":30.0,"turns":2.0},{"damage":23.0,"enemies":"Gensokyo:Eternal_Rivals","floor":33.0,"turns":7.0},{"damage":0.0,"enemies":"Gensokyo:3_Bats","floor":35.0,"turns":1.0},{"damage":0.0,"enemies":"Gensokyo:AncientGuardian","floor":37.0,"turns":1.0},{"damage":0.0,"enemies":"Gensokyo:Dusk_and_Dawn","floor":38.0,"turns":2.0},{"damage":0.0,"enemies":"Gensokyo:Marisa","floor":41.0,"turns":2.0},{"damage":0,"enemies":"Gensokyo:SeedOfUnknown","floor":46,"turns":2},{"damage":0,"enemies":"Gensokyo:AtlasGolem","floor":47,"turns":2},{"damage":0,"enemies":"Gensokyo:Yuyuko","floor":50,"turns":2}],"seed_played":"-4603562320421325126","potions_obtained":[{"floor":3.0,"key":"AttackPotion"},{"floor":6.0,"key":"Regen Potion"},{"floor":16.0,"key":"FearPotion"},{"floor":19.0,"key":"Block Potion"},{"floor":24.0,"key":"Weak Potion"},{"floor":28.0,"key":"Ancient Potion"},{"floor":37.0,"key":"DistilledChaos"}],"is_trial":false,"path_per_floor":["M","T","M","M","$","E","M","R","T","COS","?","E","?","M","R","B",null,"M","M","?","?","M","R","E","R","T","R","M","R","E","?","R","B",null,"M","?","M","M","?","R","E","?","T","R","$","M","M","$","R","B",null],"character_chosen":"KOISHI","items_purchased":["Koishi:LastRemote","Koishi:SubterraneanRose","DollysMirror"],"campfire_rested":0,"item_purchase_floors":[5,5,48],"current_hp_per_floor":[65,65,66,66,66,36,33,33,33,33,37,48,48,50,50,21,73,73,71,71,71,70,70,68,68,68,68,62,62,62,62,62,45,73,73,73,73,73,73,73,73,73,87,87,87,87,87,87,87,87],"gold":145,"neow_bonus":"TEN_PERCENT_HP_BONUS","is_daily":false,"chose_seed":false,"campfire_upgraded":4,"win_rate":0.0,"timestamp":1613894178,"path_taken":["M","?","M","M","$","E","M","R","T","COS","?","E","?","M","R","BOSS","M","M","?","?","?","R","E","R","T","R","M","R","E","?","R","BOSS","M","?","M","M","?","R","E","?","T","R","?","M","M","$","R","BOSS"],"items_purchased_type":["Card","Card","Relic"],"build_version":"2020-12-22","purchased_purges":2,"victory":true,"max_hp_per_floor":[66,66,66,66,66,66,66,66,66,66,66,66,66,73,73,73,73,73,73,73,73,73,73,73,73,73,73,73,73,73,73,73,73,73,73,73,73,73,73,73,73,73,87,87,87,87,87,87,87,87],"relic_stats":{"Peace Pipe":3,"Nunchaku":[21],"counters":[22,87],"Ornamental Fan":[48],"Bag of Preparation":[11],"Kunai":[22],"Orichalcum":[24],"Smiling Mask":50,"obtain_stats":[{"Girya":6,"Gensokyo:UndefinedDarkness":21,"Mango":43,"Incense Burner":9,"Bag of Preparation":34,"Gensokyo:ConquerorOfFear":22,"Orichalcum":24,"Ancient Tea Set":2,"Smiling Mask":26,"Calling Bell":34,"Peace Pipe":34,"SlaversCollar":17,"Frozen Eye":24,"Nunchaku":12,"Gensokyo:LionMask":20,"Ornamental Fan":41,"DollysMirror":48,"Strawberry":14,"Koishi:EchoesOfADeadGirl":30,"Kunai":34,"Koishi:ImaginaryFriend":0},{"Girya":4,"Gensokyo:UndefinedDarkness":10,"Mango":19,"Incense Burner":5,"Bag of Preparation":15,"Gensokyo:ConquerorOfFear":11,"Orichalcum":12,"Ancient Tea Set":1,"Smiling Mask":12,"Calling Bell":15,"Peace Pipe":15,"SlaversCollar":8,"Frozen Eye":11,"Nunchaku":6,"Gensokyo:LionMask":10,"Ornamental Fan":19,"DollysMirror":21,"Strawberry":7,"Koishi:EchoesOfADeadGirl":14,"Kunai":15,"Koishi:ImaginaryFriend":0},{"Girya":18,"Gensokyo:UndefinedDarkness":53,"Mango":81,"Incense Burner":22,"Bag of Preparation":75,"Gensokyo:ConquerorOfFear":58,"Orichalcum":63,"Ancient Tea Set":3,"Smiling Mask":63,"Calling Bell":75,"Peace Pipe":75,"SlaversCollar":46,"Frozen Eye":58,"Nunchaku":28,"Gensokyo:LionMask":53,"Ornamental Fan":81,"DollysMirror":85,"Strawberry":30,"Koishi:EchoesOfADeadGirl":68,"Kunai":75,"Koishi:ImaginaryFriend":0}]},"card_choices":[{"not_picked":["Koishi:StingingMind","Koishi:PredatoryInstincts"],"picked":"Koishi:SubconsciousSweep","floor":1.0},{"not_picked":["Koishi:EmbryosDream","Koishi:DreadfulBlow"],"picked":"Koishi:SubconsciousSweep","floor":3.0},{"not_picked":["Koishi:FleetingPhantom","Koishi:DanmakuParanoia","Koishi:ParalyzingFear"],"picked":"SKIP","floor":4.0},{"not_picked":["Koishi:UnseenTerror","Koishi:ParalyzingFear","Koishi:BloodcurdlingScream"],"picked":"SKIP","floor":6.0},{"not_picked":["Koishi:PredatoryInstincts","Koishi:DNAsFlaw"],"picked":"Koishi:SubterraneanRose","floor":7.0},{"not_picked":["Koishi:SubconsciousSweep","Koishi:Prune"],"picked":"Koishi:ReflexRadar","floor":12.0},{"not_picked":["Koishi:Heartbroken","Koishi:ParalyzingFear"],"picked":"Koishi:UnconsciousUprising","floor":14.0},{"not_picked":["Koishi:SilentAndRestless","Koishi:RoseHell"],"picked":"Koishi:SuperEgo","floor":16.0},{"not_picked":["Koishi:ParalyzingFear+1","Koishi:StingingMind"],"picked":"Koishi:Jaunt","floor":18.0},{"not_picked":["Koishi:DreadfulBlow","Koishi:PhantomStrike+1","Koishi:DanmakuParanoia"],"picked":"SKIP","floor":19.0},{"not_picked":["Koishi:HeartfeltFancy","Koishi:Jaunt","Koishi:UnansweredLove"],"picked":"SKIP","floor":22.0},{"not_picked":["Koishi:DreadfulBlow+1","Koishi:FreudianInstinct"],"picked":"Koishi:FleetingPhantom+1","floor":24.0},{"not_picked":["Koishi:Jaunt","Koishi:JumpScare"],"picked":"Koishi:FleetingPhantom+1","floor":28.0},{"not_picked":["Koishi:Catatonia","Koishi:DreadfulBlow"],"picked":"Koishi:SubconsciousSweep","floor":30.0},{"not_picked":["Koishi:RoseHell","Koishi:PerfectMindControl"],"picked":"Koishi:SilentAndRestless","floor":33.0},{"not_picked":["Koishi:HeartfeltFancy+1","Koishi:CatchAndRose"],"picked":"Koishi:IdleWhim","floor":35.0},{"not_picked":["Koishi:CatchAndRose","Koishi:UnconsciousUprising"],"picked":"Koishi:ReleaseOfTheId+1","floor":37.0},{"not_picked":["Koishi:EmbryosDream+1","Koishi:EmbersOfLove+1"],"picked":"Koishi:ReflexRadar","floor":38.0},{"not_picked":["Koishi:DanmakuParanoia","Koishi:DreadfulBlow"],"picked":"Koishi:FleetingPhantom","floor":41.0},{"not_picked":["Koishi:DreadfulBlow","Koishi:TerrifyingSpectre"],"picked":"Koishi:ReflexRadar","floor":46},{"not_picked":["Koishi:DreadfulBlow+1","Koishi:ApparitionsStalkTheNight+1"],"picked":"Koishi:IdleWhim+1","floor":47}],"player_experience":157710,"relics_obtained":[{"floor":2.0,"key":"Ancient Tea Set"},{"floor":6.0,"key":"Girya"},{"floor":9.0,"key":"Incense Burner"},{"floor":12.0,"key":"Nunchaku"},{"floor":22.0,"key":"Gensokyo:ConquerorOfFear"},{"floor":24.0,"key":"Orichalcum"},{"floor":26.0,"key":"Smiling Mask"},{"floor":30.0,"key":"Koishi:EchoesOfADeadGirl"},{"floor":34.0,"key":"Bag of Preparation"},{"floor":34.0,"key":"Kunai"},{"floor":34.0,"key":"Peace Pipe"},{"floor":41.0,"key":"Ornamental Fan"},{"floor":43.0,"key":"Mango"}],"event_choices":[],"is_beta":false,"boss_relics":[{"not_picked":["Fusion Hammer","Tiny House"],"picked":"SlaversCollar"},{"not_picked":["Busted Crown","SacredBark"],"picked":"Calling Bell"}],"items_purged_floors":[5,48],"is_endless":false,"potions_floor_spawned":[3,6,16,19,24,28,37,38],"ascension_level":0}}