{"host":"o3n4et6u1y1w2h5j","time":1613946712,"event":{"mods":["AchievementEnabler","BaseMod","Block Reminder","Minty Spire (QoL Compilation)","Rare Cards Sparkle","Relic Stats","StSLib"],"gold_per_floor":[109,109,124,124,72,72,102,102,181,181,8,34,46,81,81,182,182,193,393,411,57,77,77,145,178,178,178,178],"floor_reached":27,"language":"ENG","playtime":1917,"items_purged":["Strike_P"],"score":409,"play_id":"e03a6b25-fd77-4a37-b1f3-0576e3d6e390","local_time":"20210221143152","is_ascension_mode":true,"campfire_choices":[{"data":"Eruption","floor":6,"key":"SMITH"},{"data":"Tantrum","floor":10,"key":"SMITH"},{"data":"Devotion","floor":15,"key":"SMITH"},{"data":"Halt","floor":23,"key":"SMITH"}],"circlet_count":0,"master_deck":["Strike_P","Defend_P+1","Defend_P+1","Defend_P","Defend_P","Eruption+1","Vigilance","FlurryOfBlows","Conclude+1","Tantrum+1","EmptyBody","BowlingBash","Devotion+1","Devotion","Swivel","EmptyFist","SpiritShield+1","Halt+1","InnerPeace","Study","ReachHeaven","Prostrate"],"relics":["PureWater","Dream Catcher","The Courier","DollysMirror","Bronze Scales","Singing Bowl","Runic Pyramid","Melange","War Paint","Sundial","Damaru","Ornamental Fan"],"acts_visited":["Exordium","TheCity"],"potions_floor_usage":[18,25,25,27,27],"damage_taken":[{"damage":0,"enemies":"Jaw Worm","floor":1,"turns":1},{"damage":0,"enemies":"2 Louse","floor":3,"turns":2},{"damage":0,"enemies":"Gremlin Nob","floor":7,"turns":2},{"damage":3,"enemies":"3 Sentries","floor":12,"turns":3},{"damage":0,"enemies":"Cultist","floor":13,"turns":2},{"damage":14,"enemies":"Gremlin Nob","floor":14,"turns":3},{"damage":27,"enemies":"Hexaghost","floor":16,"turns":6},{"damage":8,"enemies":"3 Byrds","floor":18,"turns":2},{"damage":15,"enemies":"2 Thieves","floor":20,"turns":3},{"damage":18,"enemies":"Snake Plant","floor":22,"turns":6},{"damage":17,"enemies":"Gremlin Leader","floor":25,"turns":4},{"damage":35,"enemies":"Slavers","floor":27,"turns":2}],"seed_played":"-7799319054793543782","potions_obtained":[{"floor":1,"key":"Energy Potion"},{"floor":12,"key":"Energy Potion"},{"floor":16,"key":"DuplicationPotion"},{"floor":20,"key":"Strength Potion"},{"floor":22,"key":"Swift Potion"},{"floor":25,"key":"AttackPotion"}],"is_trial":false,"path_per_floor":["M","?","M","?","$","R","E","?","T","R","$","E","M","E","R","B",null,"M","?","M","$","M","R","T","E","T","E"],"character_chosen":"WATCHER","items_purchased":["EmptyBody","Devotion","DollysMirror","Melange","War Paint","Study"],"campfire_rested":0,"item_purchase_floors":[5,11,11,21,21,21],"current_hp_per_floor":[72,58,58,63,63,63,63,63,63,63,63,60,60,48,48,21,79,71,71,56,56,38,38,38,21,21,0,0],"gold":178,"neow_bonus":"TRANSFORM_CARD","is_daily":false,"chose_seed":false,"campfire_upgraded":4,"win_rate":0.0,"timestamp":1613946712,"path_taken":["M","?","M","?","?","R","E","?","T","R","$","E","?","E","R","BOSS","M","?","?","$","M","R","?","E","T","E"],"items_purchased_type":["Card","Card","Relic","Relic","Relic","Card"],"build_version":"2020-12-22","purchased_purges":1,"victory":false,"max_hp_per_floor":[72,72,72,77,77,77,77,77,77,77,77,77,77,79,79,79,79,79,79,79,79,79,79,79,79,79,79,79],"relic_stats":{"Dream Catcher":0,"Singing Bowl":2,"counters":[12,36],"Sundial":[0],"Ornamental Fan":[0],"Bronze Scales":[164],"Melange":[3],"War Paint":["SpiritShield","Defend_P"],"obtain_stats":[{"Dream Catcher":7,"Singing Bowl":14,"DollysMirror":11,"Sundial":24,"Ornamental Fan":26,"Bronze Scales":12,"Melange":21,"Damaru":25,"The Courier":9,"PureWater":0,"War Paint":21,"Runic Pyramid":17},{"Dream Catcher":3,"Singing Bowl":6,"DollysMirror":3,"Sundial":10,"Ornamental Fan":11,"Bronze Scales":4,"Melange":9,"Damaru":11,"The Courier":3,"PureWater":0,"War Paint":9,"Runic Pyramid":7},{"Dream Catcher":5,"Singing Bowl":13,"DollysMirror":5,"Sundial":30,"Ornamental Fan":34,"Bronze Scales":8,"Melange":24,"Damaru":34,"The Courier":5,"PureWater":0,"War Paint":24,"Runic Pyramid":19}]},"card_choices":[{"not_picked":["CarveReality","EmptyFist"],"picked":"Conclude","floor":1},{"not_picked":["FlyingSleeves","EmptyBody"],"picked":"Tantrum","floor":3},{"not_picked":["Protect","WindmillStrike"],"picked":"BowlingBash","floor":7},{"not_picked":["WaveOfTheHand","Wireheading"],"picked":"Swivel","floor":12},{"not_picked":["ClearTheMind","SashWhip"],"picked":"EmptyFist","floor":13},{"not_picked":["Sanctity","Conclude","DeceiveReality"],"picked":"Singing Bowl","floor":14},{"not_picked":["Alpha","Omniscience"],"picked":"SpiritShield","floor":16},{"not_picked":["SignatureMove","Fasting2"],"picked":"Halt","floor":18},{"not_picked":["Crescendo","FollowUp"],"picked":"InnerPeace","floor":20},{"not_picked":["FollowUp","EmptyFist"],"picked":"ReachHeaven","floor":22},{"not_picked":["Indignation","EmptyFist"],"picked":"Prostrate","floor":25}],"player_experience":96360,"relics_obtained":[{"floor":7,"key":"Dream Catcher"},{"floor":9,"key":"The Courier"},{"floor":12,"key":"Bronze Scales"},{"floor":14,"key":"Singing Bowl"},{"floor":24,"key":"Sundial"},{"floor":25,"key":"Damaru"},{"floor":26,"key":"Ornamental Fan"}],"event_choices":[{"damage_healed":0,"gold_gain":0,"player_choice":"Entered Light","damage_taken":14,"max_hp_gain":0,"max_hp_loss":0,"event_name":"Shining Light","floor":2,"gold_loss":0,"cards_upgraded":["Defend_P","Conclude"]},{"damage_healed":0,"gold_gain":0,"player_choice":"Donut","damage_taken":0,"max_hp_gain":5,"max_hp_loss":0,"event_name":"Big Fish","floor":4,"gold_loss":0},{"cards_removed":["Strike_P"],"damage_healed":0,"gold_gain":0,"player_choice":"Offered Basic","damage_taken":0,"max_hp_gain":0,"max_hp_loss":0,"event_name":"Bonfire Elementals","floor":8,"gold_loss":0},{"damage_healed":0,"gold_gain":200,"player_choice":"Gold","damage_taken":0,"max_hp_gain":0,"max_hp_loss":0,"event_name":"Wheel of Change","floor":19,"gold_loss":0}],"is_beta":false,"boss_relics":[{"not_picked":["HolyWater","Coffee Dripper"],"picked":"Runic Pyramid"}],"items_purged_floors":[21],"is_endless":false,"potions_floor_spawned":[1,12,16,20,22,25],"killed_by":"Slavers","ascension_level":2}}