{"host":"pjgcdp3h1plnbocs","time":1613924090,"event":{"mods":["AchievementEnabler","BaseMod","Colored Map","Downfall","Highlight Path","Minty Spire (QoL Compilation)","StSLib"],"gold_per_floor":[118,134,146,146,160,160,160,194,194,227,227,257,257,301,301,426,426,447,462,482,188,188,188,226,249,249,274,315,315,44,44,44,165,165,190,205,224,0,13,52,52,91,91,135,0,24,24,24,24,24,24,24,24,24,24],"floor_reached":54,"language":"ENG","playtime":10477,"items_purged":["Strike_B"],"score":1160,"play_id":"886ee2e4-8df1-436f-88c7-13e95daad138","local_time":"20210221171450","is_ascension_mode":true,"campfire_choices":[{"data":"Beam Cell","floor":6,"key":"SMITH"},{"floor":11,"key":"REST"},{"data":"All For One","floor":13,"key":"SMITH"},{"floor":15,"key":"REST"},{"floor":23,"key":"REST"},{"floor":29,"key":"RECALL"},{"floor":32,"key":"REST"},{"floor":41,"key":"REST"},{"floor":47,"key":"REST"},{"floor":49,"key":"REST"},{"data":"Buffer","floor":52,"key":"SMITH"}],"circlet_count":0,"master_deck":["Strike_B+1","Strike_B+1","Strike_B+1","Defend_B+1","Defend_B+1","Defend_B+1","Defend_B+1","Zap+1","Dualcast+1","Beam Cell+1","Leap","Coolheaded","Gash","All For One+1","Machine Learning","Gash","FTL","Go for the Eyes+1","FTL","Buffer+1","Gash+1","Consume","Beam Cell","Machine Learning","Redo+1","Echo Form","All For One","Skim+1","Gash+1"],"relics":["Cracked Core","Golden Idol","Orichalcum","Mercury Hourglass","Question Card","Regal Pillow","Philosopher\u0027s Stone","Happy Flower","Pear","Bronze Scales","Kunai","Pen Nib","Smiling Mask","Sundial","StoneCalendar","Red Mask"],"acts_visited":["Exordium","TheCity","TheBeyond","TheEnding"],"potions_floor_usage":[1,14,16,16,28,40,44],"damage_taken":[{"damage":9,"enemies":"2 Louse","floor":1,"turns":3},{"damage":7,"enemies":"Small Slimes","floor":2,"turns":2},{"damage":0,"enemies":"Cultist","floor":3,"turns":4},{"damage":0,"enemies":"Looter","floor":5,"turns":3},{"damage":28,"enemies":"Gremlin Nob","floor":8,"turns":4},{"damage":6,"enemies":"3 Sentries","floor":10,"turns":6},{"damage":21,"enemies":"Lagavulin","floor":14,"turns":4},{"damage":18,"enemies":"Slime Boss","floor":16,"turns":7},{"damage":6,"enemies":"Spheric Guardian","floor":18,"turns":3},{"damage":0,"enemies":"Chosen","floor":19,"turns":3},{"damage":21,"enemies":"Snecko","floor":20,"turns":5},{"damage":13,"enemies":"Gremlin Leader","floor":24,"turns":6},{"damage":28,"enemies":"Snake Plant","floor":25,"turns":5},{"damage":8,"enemies":"Chosen and Byrds","floor":27,"turns":4},{"damage":11,"enemies":"Book of Stabbing","floor":28,"turns":4},{"damage":25,"enemies":"Automaton","floor":33,"turns":9},{"damage":1,"enemies":"Orb Walker","floor":35,"turns":3},{"damage":0,"enemies":"3 Shapes","floor":36,"turns":5},{"damage":8,"enemies":"Spire Growth","floor":37,"turns":4},{"damage":0,"enemies":"Transient","floor":39,"turns":5},{"damage":59,"enemies":"Reptomancer","floor":40,"turns":4},{"damage":2,"enemies":"Giant Head","floor":42,"turns":4},{"damage":40,"enemies":"Nemesis","floor":44,"turns":6},{"damage":0,"enemies":"Jaw Worm Horde","floor":46,"turns":2},{"damage":82,"enemies":"Donu and Deca","floor":50,"turns":8},{"damage":72,"enemies":"Shield and Spear","floor":54,"turns":3}],"seed_played":"-4614515628717678912","potions_obtained":[{"floor":1,"key":"Fruit Juice"},{"floor":3,"key":"bronze:BurnAndBuffPotion"},{"floor":8,"key":"Strength Potion"},{"floor":14,"key":"EntropicBrew"},{"floor":42,"key":"SteroidPotion"},{"floor":44,"key":"Dexterity Potion"}],"is_trial":false,"path_per_floor":["M","M","M","?","M","R","?","E","T","E","R","?","R","E","R","B",null,"M","M","M","$","?","R","E","M","T","M","E","R","$","?","R","B",null,"M","M","M","$","M","E","R","E","T","E","?","M","R","?","R","B",null,"R","$","E"],"character_chosen":"DEFECT","items_purchased":["Happy Flower","FTL","Kunai","Beam Cell","All For One","LiquidBronze"],"campfire_rested":7,"item_purchase_floors":[21,21,30,30,38,38],"current_hp_per_floor":[64,57,57,57,57,57,42,14,14,8,30,30,30,9,46,28,63,57,57,36,36,36,73,70,42,42,34,23,23,23,23,63,38,73,72,72,64,64,64,5,45,43,43,3,3,3,43,43,83,1,63,63,63,0,0],"gold":24,"neow_bonus":"UPGRADE_CARD","is_daily":false,"chose_seed":false,"campfire_upgraded":3,"win_rate":0.0,"timestamp":1613924090,"path_taken":["M","M","M","?","M","R","?","E","T","E","R","?","R","E","R","BOSS","M","M","M","$","?","R","E","M","T","?","E","R","$","?","R","BOSS","M","M","M","$","M","E","R","E","T","E","?","M","R","?","R","BOSS","R","$","E"],"items_purchased_type":["Relic","Card","Relic","Card","Card","Potion"],"build_version":"2020-12-22","purchased_purges":1,"victory":false,"max_hp_per_floor":[80,80,80,74,74,74,74,74,74,74,74,74,74,74,74,74,74,74,74,74,74,74,74,84,84,84,84,84,84,84,84,84,84,84,84,84,84,84,84,84,84,84,84,84,84,84,84,84,84,84,84,84,84,84,84],"card_choices":[{"not_picked":["Static Discharge","BootSequence"],"picked":"Beam Cell","floor":1},{"not_picked":["Self Repair","Tempest"],"picked":"Leap","floor":2},{"not_picked":["Stack","Consume"],"picked":"Coolheaded","floor":3},{"not_picked":["Turbo","Beam Cell","Sunder"],"picked":"SKIP","floor":5},{"not_picked":["Stack","White Noise"],"picked":"Gash","floor":8},{"not_picked":["Rainbow","Steam"],"picked":"All For One","floor":10},{"not_picked":["Ball Lightning","Heatsinks","Double Energy","Sweeping Beam"],"picked":"SKIP","floor":14},{"not_picked":["Core Surge","Electrodynamics","Thunder Strike"],"picked":"Machine Learning","floor":16},{"not_picked":["Redo","Conserve Battery","Stack"],"picked":"Gash","floor":18},{"not_picked":["Redo","Steam+1","Skim"],"picked":"FTL","floor":19},{"not_picked":["Lockon+1","Stack","Biased Cognition"],"picked":"Go for the Eyes+1","floor":20},{"not_picked":["Stack+1","Barrage+1","Darkness"],"picked":"Buffer","floor":24},{"not_picked":["Chill","Leap+1","Turbo","Consume+1"],"picked":"SKIP","floor":25},{"not_picked":["Conserve Battery","Cold Snap+1","Sweeping Beam+1"],"picked":"Gash+1","floor":27},{"not_picked":["Loop+1","Hello World","Rebound"],"picked":"Consume","floor":28},{"not_picked":["Amplify","Hyperbeam","Meteor Strike"],"picked":"Machine Learning","floor":33},{"not_picked":["Compile Driver","Barrage","Sweeping Beam+1"],"picked":"Redo+1","floor":35},{"not_picked":["Stack","Compile Driver+1","Barrage+1","Recycle"],"picked":"SKIP","floor":36},{"not_picked":["Stack","BootSequence","Steam+1"],"picked":"Echo Form","floor":37},{"not_picked":["BootSequence+1","Go for the Eyes+1","Redo+1","Stack"],"picked":"SKIP","floor":39},{"not_picked":["Cold Snap","Reinforced Body+1","Streamline+1","Double Energy"],"picked":"SKIP","floor":40},{"not_picked":["Redo+1","Barrage","Undo+1","Biased Cognition"],"picked":"SKIP","floor":42},{"not_picked":["Aggregate+1","Rebound","Heatsinks+1"],"picked":"Skim+1","floor":44},{"not_picked":["Conserve Battery","Ball Lightning+1","Stack"],"picked":"Gash+1","floor":46}],"player_experience":252904,"relics_obtained":[{"floor":8,"key":"Orichalcum"},{"floor":9,"key":"Mercury Hourglass"},{"floor":10,"key":"Question Card"},{"floor":14,"key":"Regal Pillow"},{"floor":24,"key":"Pear"},{"floor":28,"key":"Bronze Scales"},{"floor":40,"key":"Pen Nib"},{"floor":42,"key":"Smiling Mask"},{"floor":43,"key":"Sundial"},{"floor":44,"key":"StoneCalendar"}],"event_choices":[{"damage_healed":0,"gold_gain":0,"player_choice":"Lose Max HP","damage_taken":0,"relics_obtained":["Golden Idol"],"max_hp_gain":0,"max_hp_loss":6,"event_name":"Golden Idol","floor":4,"gold_loss":0},{"damage_healed":0,"gold_gain":0,"player_choice":"Entered Light","damage_taken":15,"max_hp_gain":0,"max_hp_loss":0,"event_name":"Shining Light","floor":7,"gold_loss":0,"cards_upgraded":["Dualcast","Strike_B"]},{"damage_healed":0,"gold_gain":30,"player_choice":"Searched \u00272\u0027 times","damage_taken":0,"max_hp_gain":0,"max_hp_loss":0,"event_name":"Dead Adventurer","floor":12,"gold_loss":0},{"damage_healed":0,"gold_gain":0,"player_choice":"Bought 0 Potions","damage_taken":0,"max_hp_gain":0,"max_hp_loss":0,"event_name":"The Woman in Blue","floor":22,"gold_loss":0},{"damage_healed":0,"gold_gain":0,"player_choice":"Simplicity","damage_taken":0,"max_hp_gain":0,"max_hp_loss":0,"event_name":"Back to Basics","floor":31,"gold_loss":0,"cards_upgraded":["Strike_B","Strike_B","Defend_B","Defend_B","Defend_B","Defend_B"]},{"damage_healed":0,"gold_gain":0,"player_choice":"Paid","damage_taken":0,"relics_obtained":["Red Mask"],"max_hp_gain":0,"max_hp_loss":0,"event_name":"Tomb of Lord Red Mask","floor":45,"gold_loss":135},{"damage_healed":0,"gold_gain":0,"player_choice":"Ignored","damage_taken":0,"max_hp_gain":0,"max_hp_loss":0,"event_name":"SecretPortal","floor":48,"gold_loss":0}],"is_beta":false,"boss_relics":[{"not_picked":["SacredBark","Tiny House"],"picked":"Philosopher\u0027s Stone"},{"not_picked":["Astrolabe","Pandora\u0027s Box","Calling Bell"]}],"items_purged_floors":[21],"is_endless":false,"potions_floor_spawned":[1,3,8,14,20,24,25,27,39,42,44,46],"killed_by":"Shield and Spear","ascension_level":9}}