{"host":"mydft8i2zzydgggw","time":1613902709,"event":{"mods":["AchievementEnabler","BaseMod","Colored Map","Colored Powertips","DeckTracker","Keyboard Shortcuts","Minty Spire (QoL Compilation)","Rare Cards Sparkle","Relic Stats","StSLib","SuperFastMode","Together in Spire","everything is the same but u backflip on backflip"],"gold_per_floor":[119,119,131,148,248,277,277,289,289,307,323,355,132,151,151,225,225,241,256,274,30,30,30],"floor_reached":22,"language":"KOR","playtime":690,"items_purged":["Strike_G","Strike_G"],"score":330,"play_id":"d6c07530-ea9d-40e4-b808-dc9b3e6685ae","local_time":"20210221191829","is_ascension_mode":true,"campfire_choices":[{"data":"Bouncing Flask","floor":7,"key":"SMITH"},{"floor":15,"key":"REST"}],"circlet_count":0,"master_deck":["AscendersBane","Strike_G","Strike_G","Defend_G","Defend_G","Defend_G","Defend_G","Survivor","Neutralize","Bouncing Flask+1","Deadly Poison","Backflip","Escape Plan","Quick Slash+1","Well Laid Plans+1","Doppelganger","Corpse Explosion","Sucker Punch+1","Prepared"],"relics":["Ring of the Snake","Molten Egg 2","Frozen Egg 2","Sundial","Juzu Bracelet","Snake Skull","HoveringKite","Bag of Preparation"],"acts_visited":["Exordium","TheCity"],"potions_floor_usage":[6,12,14,14],"damage_taken":[{"damage":0.0,"enemies":"2 Louse","floor":1.0,"turns":4.0},{"damage":1.0,"enemies":"Jaw Worm","floor":3.0,"turns":4.0},{"damage":0.0,"enemies":"Cultist","floor":4.0,"turns":3.0},{"damage":12,"enemies":"Lagavulin","floor":6,"turns":4},{"damage":1,"enemies":"Red Slaver","floor":8,"turns":3},{"damage":7,"enemies":"2 Fungi Beasts","floor":10,"turns":3},{"damage":2,"enemies":"Exordium Wildlife","floor":11,"turns":5},{"damage":14,"enemies":"3 Sentries","floor":12,"turns":9},{"damage":1,"enemies":"Lots of Slimes","floor":14,"turns":4},{"damage":9,"enemies":"Slime Boss","floor":16,"turns":8},{"damage":16,"enemies":"Shell Parasite","floor":18,"turns":4},{"damage":3,"enemies":"3 Byrds","floor":19,"turns":2},{"damage":13,"enemies":"Centurion and Healer","floor":20,"turns":5},{"damage":31,"enemies":"Shelled Parasite and Fungi","floor":22,"turns":3}],"seed_played":"-7270227116709860852","potions_obtained":[{"floor":1.0,"key":"Fire Potion"},{"floor":3.0,"key":"BlessingOfTheForge"},{"floor":11,"key":"DuplicationPotion"},{"floor":12,"key":"PowerPotion"},{"floor":16,"key":"GamblersBrew"},{"floor":19,"key":"SteroidPotion"}],"is_trial":false,"path_per_floor":["M","?","M","M","?","E","R","M","T","M","M","E","$","M","R","B",null,"M","M","M","$","M"],"character_chosen":"THE_SILENT","items_purchased":["Snake Skull","Bag of Preparation"],"campfire_rested":1,"item_purchase_floors":[13,21],"current_hp_per_floor":[45,42,41,41,41,29,29,28,28,21,19,5,5,4,25,16,57,41,38,25,25,0,0],"gold":30,"neow_bonus":"REMOVE_TWO","is_daily":false,"chose_seed":false,"campfire_upgraded":1,"win_rate":0.0,"timestamp":1613902709,"path_taken":["M","?","M","M","?","E","R","M","T","?","M","E","?","M","R","BOSS","M","M","M","$","M"],"items_purchased_type":["Relic","Relic"],"build_version":"2020-12-22","purchased_purges":2,"victory":false,"max_hp_per_floor":[70,70,70,70,70,70,70,70,70,70,70,70,70,70,70,70,70,70,70,70,70,70,70],"relic_stats":{"counters":[14,61],"Sundial":[8],"HoveringKite":[5],"Snake Skull":[59],"Juzu Bracelet":0,"Bag of Preparation":[2],"obtain_stats":[{"Sundial":9,"HoveringKite":17,"Molten Egg 2":2,"Snake Skull":13,"Juzu Bracelet":12,"Bag of Preparation":21,"Frozen Egg 2":6,"Ring of the Snake":0},{"Sundial":5,"HoveringKite":10,"Molten Egg 2":1,"Snake Skull":8,"Juzu Bracelet":8,"Bag of Preparation":13,"Frozen Egg 2":4,"Ring of the Snake":0},{"Sundial":18,"HoveringKite":47,"Molten Egg 2":4,"Snake Skull":35,"Juzu Bracelet":35,"Bag of Preparation":58,"Frozen Egg 2":15,"Ring of the Snake":0}],"Ring of the Snake":[28]},"card_choices":[{"not_picked":["Flechettes","Outmaneuver"],"picked":"Bouncing Flask","floor":1.0},{"not_picked":["Underhanded Strike+1","Backflip"],"picked":"Deadly Poison","floor":3.0},{"not_picked":["Backstab+1","Well Laid Plans"],"picked":"Backflip","floor":4.0},{"not_picked":["Caltrops+1","Backflip"],"picked":"Escape Plan","floor":6},{"not_picked":["Terror","Cloak And Dagger"],"picked":"Quick Slash+1","floor":8},{"not_picked":["Choke+1","Finisher+1","Slice+1"],"picked":"SKIP","floor":10},{"not_picked":["Setup","Outmaneuver"],"picked":"Well Laid Plans+1","floor":11},{"not_picked":["PiercingWail","Eviscerate+1"],"picked":"Doppelganger","floor":12},{"not_picked":["Poisoned Stab+1","Concentrate","Slice+1"],"picked":"SKIP","floor":14},{"not_picked":["Unload+1","Bullet Time"],"picked":"Corpse Explosion","floor":16},{"not_picked":["Quick Slash+1","Poisoned Stab+1","Deflect"],"picked":"SKIP","floor":18},{"not_picked":["Bane+1","Backflip"],"picked":"Sucker Punch+1","floor":19},{"not_picked":["Dagger Spray+1","Dodge and Roll"],"picked":"Prepared","floor":20}],"player_experience":296265,"relics_obtained":[{"floor":6,"key":"Frozen Egg 2"},{"floor":9,"key":"Sundial"},{"floor":12,"key":"Juzu Bracelet"}],"event_choices":[{"damage_healed":0.0,"max_hp_gain":0.0,"max_hp_loss":0.0,"gold_gain":0.0,"event_name":"Scrap Ooze","player_choice":"Success","floor":2.0,"gold_loss":0.0,"damage_taken":3.0,"relics_obtained":["Molten Egg 2"]},{"damage_healed":0.0,"max_hp_gain":0.0,"max_hp_loss":0.0,"gold_gain":100.0,"event_name":"Wheel of Change","player_choice":"Gold","floor":5.0,"gold_loss":0.0,"damage_taken":0.0}],"is_beta":false,"boss_relics":[{"not_picked":["WristBlade","Tiny House"],"picked":"HoveringKite"}],"items_purged_floors":[13,21],"is_endless":false,"potions_floor_spawned":[1,3,11,12,16,19],"killed_by":"Shelled Parasite and Fungi","ascension_level":13}}