{"host":"oehe2dxjvdgux73m","time":1613923132,"event":{"mods":["AchievementEnabler","BaseMod","Colored Map","Colored Powertips","DeckTracker","Keyboard Shortcuts","Minty Spire (QoL Compilation)","Permanent Neow","Quick Restart","StSLib","SuperFastMode"],"gold_per_floor":[14,14,14,30,50,50,88,88,88,88,128,144,163,183,183,279,279,299,299,31,49,73,73,109,127,197,197,197,238,277,295,295,390,390,406,628,113,131,152,152,183,183,183,183,206,81,81,105,105,105,105,105,105,16,52,52,52],"floor_reached":56,"language":"KOR","playtime":2340,"items_purged":["Strike_G","Strike_G","Strike_G"],"score":1954,"play_id":"5b5bae0f-e272-461a-97b5-d4ccfab4cad1","local_time":"20210222005852","is_ascension_mode":true,"campfire_choices":[{"data":"Blade Dance","floor":6.0,"key":"SMITH"},{"data":"Neutralize","floor":8.0,"key":"SMITH"},{"data":"Dagger Spray","floor":10.0,"key":"SMITH"},{"data":"Wraith Form v2","floor":15.0,"key":"SMITH"},{"data":"Apotheosis","floor":23.0,"key":"SMITH"},{"data":"Prepared","floor":28.0,"key":"SMITH"},{"data":"Well Laid Plans","floor":32.0,"key":"SMITH"},{"data":"Acrobatics","floor":40.0,"key":"SMITH"},{"data":"Footwork","floor":42.0,"key":"SMITH"},{"floor":44.0,"key":"RECALL"},{"floor":49.0,"key":"REST"},{"data":"Accuracy","floor":53.0,"key":"SMITH"}],"circlet_count":0,"master_deck":["AscendersBane","Defend_G","Defend_G","Defend_G","Defend_G","Defend_G","Survivor","Neutralize+1","Dagger Spray+1","Dagger Throw","PiercingWail","Dagger Throw","Blade Dance+1","Well Laid Plans+1","Accuracy+1","Blade Dance","Calculated Gamble","Acrobatics","Wraith Form v2+1","Blur","Grand Finale","Acrobatics+1","Apotheosis+1","Tactician+1","Malaise","Deflect+1","Prepared+1","Acrobatics+1","Tactician+1","Adrenaline+1","Adrenaline+1","Footwork+1","Leg Sweep+1","Prepared+1","Calculated Gamble+1","Deflect+1","Bullet Time+1","Prepared+1","Blur+1","Purity+1"],"relics":["Ring of the Snake","Tingsha","Golden Idol","Prayer Wheel","Incense Burner","Meat on the Bone","Lizard Tail","Sozu","Boot","Toxic Egg 2","Red Mask","Nunchaku","Empty Cage","Ice Cream","Turnip","Unceasing Top"],"acts_visited":["Exordium","TheCity","TheBeyond","TheEnding"],"potions_floor_usage":[56],"damage_taken":[{"damage":4.0,"enemies":"2 Louse","floor":1.0,"turns":3.0},{"damage":7.0,"enemies":"Jaw Worm","floor":4.0,"turns":5.0},{"damage":0.0,"enemies":"Cultist","floor":5.0,"turns":3.0},{"damage":11.0,"enemies":"Gremlin Nob","floor":7.0,"turns":4.0},{"damage":20.0,"enemies":"Lagavulin","floor":11.0,"turns":8.0},{"damage":0.0,"enemies":"Exordium Wildlife","floor":12.0,"turns":2.0},{"damage":0.0,"enemies":"3 Louse","floor":13.0,"turns":1.0},{"damage":5.0,"enemies":"2 Fungi Beasts","floor":14.0,"turns":3.0},{"damage":21.0,"enemies":"Hexaghost","floor":16.0,"turns":9.0},{"damage":0.0,"enemies":"Chosen","floor":18.0,"turns":5.0},{"damage":8.0,"enemies":"3 Byrds","floor":21.0,"turns":6.0},{"damage":19.0,"enemies":"Snake Plant","floor":22.0,"turns":6.0},{"damage":9.0,"enemies":"Gremlin Leader","floor":24.0,"turns":5.0},{"damage":0.0,"enemies":"Sentry and Sphere","floor":25.0,"turns":5.0},{"damage":3.0,"enemies":"Masked Bandits","floor":29.0,"turns":4.0},{"damage":0.0,"enemies":"Book of Stabbing","floor":30.0,"turns":6.0},{"damage":16.0,"enemies":"Shelled Parasite and Fungi","floor":31.0,"turns":7.0},{"damage":16.0,"enemies":"Collector","floor":33.0,"turns":6.0},{"damage":0.0,"enemies":"3 Shapes","floor":35.0,"turns":4.0},{"damage":0.0,"enemies":"Orb Walker","floor":38.0,"turns":2.0},{"damage":0.0,"enemies":"Maw","floor":39.0,"turns":7.0},{"damage":5.0,"enemies":"Nemesis","floor":41.0,"turns":4.0},{"damage":5.0,"enemies":"3 Darklings","floor":45.0,"turns":4.0},{"damage":13.0,"enemies":"Jaw Worm Horde","floor":48.0,"turns":3.0},{"damage":26.0,"enemies":"Donu and Deca","floor":50.0,"turns":17.0},{"damage":31.0,"enemies":"Time Eater","floor":51.0,"turns":28.0},{"damage":6.0,"enemies":"Shield and Spear","floor":55.0,"turns":8.0},{"damage":55,"enemies":"The Heart","floor":56,"turns":8}],"seed_played":"3683973561524537156","potions_obtained":[{"floor":4.0,"key":"GhostInAJar"},{"floor":12.0,"key":"SpeedPotion"},{"floor":14.0,"key":"ColorlessPotion"}],"is_trial":false,"path_per_floor":["M","?","?","M","M","R","E","R","T","R","E","M","M","M","R","B",null,"M","?","$","M","M","R","E","M","T","?","R","?","E","M","R","B",null,"M","?","$","M","M","R","E","R","T","R","M","$","?","M","R","B","B",null,"R","$","E","B"],"character_chosen":"THE_SILENT","items_purchased":["Apotheosis","Ice Cream","Footwork","Purity+1"],"campfire_rested":1,"item_purchase_floors":[20,37,37,54],"current_hp_per_floor":[55,55,44,37,37,37,26,26,26,26,18,30,42,37,37,28,52,52,52,52,44,37,37,40,40,40,40,40,37,37,33,33,29,52,52,52,52,52,52,52,47,47,47,47,42,42,42,41,59,33,14,49,49,49,43,18,18],"gold":52,"neow_bonus":"ONE_RARE_RELIC","is_daily":false,"chose_seed":false,"campfire_upgraded":10,"win_rate":0.0,"timestamp":1613923132,"path_taken":["M","?","?","M","M","R","E","R","T","R","E","M","M","M","R","BOSS","M","?","$","?","M","R","E","M","T","?","R","?","E","M","R","BOSS","M","?","$","M","M","R","E","R","T","R","M","$","?","M","R","BOSS","BOSS","R","$","E","BOSS"],"items_purchased_type":["Card","Relic","Card","Card"],"build_version":"2020-12-22","purchased_purges":3,"victory":false,"max_hp_per_floor":[66,60,60,60,60,60,60,60,60,60,60,60,60,60,60,60,60,60,60,60,60,60,60,60,60,60,60,60,60,60,60,60,60,60,60,60,60,60,60,60,60,60,60,60,60,60,60,60,60,60,60,60,60,60,60,60,60],"card_choices":[{"not_picked":["Underhanded Strike","Distraction"],"picked":"Dagger Spray","floor":1.0},{"not_picked":["PiercingWail","Poisoned Stab"],"picked":"Dagger Throw","floor":4.0},{"not_picked":["Flechettes","Underhanded Strike"],"picked":"PiercingWail","floor":4.0},{"not_picked":["Endless Agony","Bullet Time"],"picked":"Dagger Throw","floor":5.0},{"not_picked":["Terror","Accuracy"],"picked":"Blade Dance","floor":5.0},{"not_picked":["Noxious Fumes","Accuracy"],"picked":"Well Laid Plans","floor":7.0},{"not_picked":["Dagger Spray","Riddle With Holes"],"picked":"Accuracy","floor":11.0},{"not_picked":["Flying Knee","Acrobatics"],"picked":"Blade Dance","floor":12.0},{"not_picked":["Poisoned Stab","Dagger Throw"],"picked":"Calculated Gamble","floor":12.0},{"not_picked":["Dodge and Roll","Quick Slash"],"picked":"Acrobatics","floor":13.0},{"not_picked":["Sucker Punch","Poisoned Stab","Dagger Spray"],"picked":"SKIP","floor":13.0},{"not_picked":["Crippling Poison","Flying Knee"],"picked":"Wraith Form v2","floor":14.0},{"not_picked":["Flechettes","Dodge and Roll"],"picked":"Blur","floor":14.0},{"not_picked":["Malaise","Die Die Die"],"picked":"Grand Finale","floor":16.0},{"not_picked":["Underhanded Strike","Bane+1"],"picked":"Acrobatics","floor":18.0},{"not_picked":["Poisoned Stab","Blur","All Out Attack"],"picked":"SKIP","floor":18.0},{"not_picked":["Quick Slash+1","Endless Agony","Flying Knee"],"picked":"SKIP","floor":21.0},{"not_picked":["Outmaneuver","Deflect","Underhanded Strike"],"picked":"SKIP","floor":21.0},{"not_picked":["Expertise","Outmaneuver"],"picked":"Tactician+1","floor":22.0},{"not_picked":["Dodge and Roll","Outmaneuver","Slice"],"picked":"SKIP","floor":22.0},{"not_picked":["Unload","Noxious Fumes"],"picked":"Malaise","floor":24.0},{"not_picked":["Flying Knee","Distraction"],"picked":"Deflect+1","floor":25.0},{"not_picked":["Flying Knee","Bane"],"picked":"Prepared","floor":25.0},{"not_picked":["Slice+1","Dagger Spray","Tactician+1"],"picked":"SKIP","floor":30.0},{"not_picked":["Dodge and Roll+1","Quick Slash"],"picked":"Acrobatics+1","floor":31.0},{"not_picked":["Poisoned Stab","A Thousand Cuts"],"picked":"Tactician+1","floor":31.0},{"not_picked":["Malaise+1","Grand Finale"],"picked":"Adrenaline+1","floor":33.0},{"not_picked":["PiercingWail+1","Setup+1"],"picked":"Adrenaline+1","floor":35.0},{"not_picked":["Catalyst+1","Slice+1","PiercingWail+1"],"picked":"SKIP","floor":35.0},{"not_picked":["Catalyst+1","Slice+1","PiercingWail+1"],"picked":"SKIP","floor":35.0},{"not_picked":["Dagger Spray","Footwork"],"picked":"Leg Sweep+1","floor":38.0},{"not_picked":["Quick Slash","Slice"],"picked":"Prepared+1","floor":38.0},{"not_picked":["Escape Plan+1","Deflect+1"],"picked":"Calculated Gamble+1","floor":39.0},{"not_picked":["Predator","All Out Attack+1"],"picked":"Deflect+1","floor":39.0},{"not_picked":["All Out Attack","Outmaneuver+1","Crippling Poison+1"],"picked":"SKIP","floor":41.0},{"not_picked":["Underhanded Strike","Deadly Poison+1"],"picked":"Bullet Time+1","floor":45.0},{"not_picked":["PiercingWail+1","Deadly Poison+1"],"picked":"Prepared+1","floor":45.0},{"not_picked":["Flying Knee+1","Bane+1"],"picked":"Blur+1","floor":48.0},{"not_picked":["Acrobatics+1","Blade Dance+1","Flechettes"],"picked":"SKIP","floor":48.0},{"not_picked":["Eviscerate+1","Infinite Blades","Cloak And Dagger+1"],"picked":"SKIP","floor":55.0}],"player_experience":486617,"relics_obtained":[{"floor":7.0,"key":"Incense Burner"},{"floor":9.0,"key":"Meat on the Bone"},{"floor":11.0,"key":"Lizard Tail"},{"floor":24.0,"key":"Boot"},{"floor":26.0,"key":"Toxic Egg 2"},{"floor":29.0,"key":"Red Mask"},{"floor":30.0,"key":"Nunchaku"},{"floor":41.0,"key":"Turnip"},{"floor":55.0,"key":"Unceasing Top"}],"event_choices":[{"damage_healed":0.0,"max_hp_gain":0.0,"max_hp_loss":6.0,"gold_gain":0.0,"event_name":"Golden Idol","player_choice":"Lose Max HP","floor":2.0,"gold_loss":0.0,"damage_taken":0.0,"relics_obtained":["Golden Idol"]},{"damage_healed":0.0,"max_hp_gain":0.0,"max_hp_loss":0.0,"gold_gain":0.0,"event_name":"Scrap Ooze","player_choice":"Success","floor":3.0,"gold_loss":0.0,"damage_taken":11.0,"relics_obtained":["Prayer Wheel"]},{"damage_healed":0.0,"max_hp_gain":0.0,"max_hp_loss":0.0,"gold_gain":0.0,"event_name":"Lab","player_choice":"Got Potions","floor":19.0,"gold_loss":0.0,"damage_taken":0.0},{"damage_healed":0.0,"max_hp_gain":0.0,"max_hp_loss":0.0,"gold_gain":0.0,"event_name":"Vampires","player_choice":"Ignored","floor":27.0,"gold_loss":0.0,"damage_taken":0.0},{"damage_healed":0.0,"max_hp_gain":0.0,"max_hp_loss":0.0,"gold_gain":0.0,"event_name":"Masked Bandits","player_choice":"Fought Bandits","floor":29.0,"gold_loss":0.0,"damage_taken":0.0},{"damage_healed":0.0,"max_hp_gain":0.0,"max_hp_loss":0.0,"gold_gain":222.0,"event_name":"Tomb of Lord Red Mask","player_choice":"Wore Mask","floor":36.0,"gold_loss":0.0,"damage_taken":0.0},{"damage_healed":0.0,"max_hp_gain":0.0,"max_hp_loss":0.0,"gold_gain":0.0,"event_name":"SecretPortal","player_choice":"Ignored","floor":47.0,"gold_loss":0.0,"damage_taken":0.0}],"is_beta":false,"boss_relics":[{"not_picked":["Coffee Dripper","SacredBark"],"picked":"Sozu"},{"not_picked":["Philosopher\u0027s Stone","Velvet Choker"],"picked":"Empty Cage"}],"items_purged_floors":[20,37,46],"is_endless":false,"potions_floor_spawned":[4,12,14,21,22,24,29,31,35,38,39,48],"killed_by":"The Heart","ascension_level":20}}