{"host":"7fwnp8pk7osg3ahc","time":1613882535,"event":{"mods":["BaseMod","GifTheSpireLib","Minty Spire (QoL Compilation)","Prisma Mod","StSLib","The Wild Card"],"gold_per_floor":[114,5,5,80,103,136,136,148,197,211,211,222,222,235,235,331,331,350,350,368,245,255,282,282,314,314,332,332,132,145,156,156,253,303,322,336,132,177,177,177,188,238,289,511,523,523,539,539,539,539,539],"floor_reached":50,"language":"ENG","playtime":2524,"items_purged":["theWildCard:BasicDefend","theWildCard:BasicDefend","theWildCard:BasicStrike","theWildCard:BasicStrike+1"],"score":612,"play_id":"5dee6ef5-3ccd-482a-8d90-8c4810395cd3","local_time":"20210220224215","is_ascension_mode":false,"campfire_choices":[{"data":"theWildCard:Michael","floor":7,"key":"SMITH"},{"data":"theWildCard:PowerOfTheArcana","floor":11,"key":"SMITH"},{"data":"theWildCard:BladeOfGenerations","floor":13,"key":"SMITH"},{"floor":15,"key":"REST"},{"data":"theWildCard:StingingStrike","floor":24,"key":"SMITH"},{"data":"theWildCard:Metatron","floor":28,"key":"SMITH"},{"data":"theWildCard:MaskChange","floor":32,"key":"SMITH"},{"data":"theWildCard:TheArcanaUnleashed","floor":40,"key":"SMITH"},{"floor":46,"key":"DIG"},{"floor":49,"key":"REST"}],"circlet_count":0,"master_deck":["theWildCard:BasicStrike","theWildCard:BasicStrike+1","theWildCard:BasicDefend+1","theWildCard:BasicDefend+1","theWildCard:CallToAdventure","theWildCard:Arsene+1","theWildCard:StingingStrike+1","theWildCard:PowerOfTheArcana+1","theWildCard:Michael+1","theWildCard:Metatron+1","theWildCard:BladeOfGenerations+1","theWildCard:StingingStrike","theWildCard:MaskChange+1","theWildCard:StingingStrike+1","theWildCard:BladeOfGenerations","theWildCard:BladeOfGenerations+1","theWildCard:SeveringSlash+1","theWildCard:StingingStrike","theWildCard:TheArcanaUnleashed+1","theWildCard:ShieldOfMany+1"],"relics":["theWildCard:VelvetContract","NeowsBlessing","Smiling Mask","Whetstone","Boot","Philosopher\u0027s Stone","Ornamental Fan","Red Mask","MealTicket","Lantern","Tiny House","Bag of Preparation","Shovel","Ice Cream","War Paint","Bronze Scales"],"acts_visited":["Exordium","TheCity","TheBeyond"],"potions_floor_usage":[18,22,22,30,33,41,50,50],"damage_taken":[{"damage":0,"enemies":"Small Slimes","floor":1,"turns":1},{"damage":0,"enemies":"Gremlin Nob","floor":6,"turns":1},{"damage":0,"enemies":"Jaw Worm","floor":8,"turns":1},{"damage":0,"enemies":"Cultist","floor":10,"turns":2},{"damage":0,"enemies":"Lots of Slimes","floor":12,"turns":1},{"damage":12,"enemies":"Blue Slaver","floor":14,"turns":2},{"damage":0,"enemies":"Slime Boss","floor":16,"turns":4},{"damage":1,"enemies":"Shell Parasite","floor":18,"turns":2},{"damage":18,"enemies":"2 Thieves","floor":20,"turns":3},{"damage":0,"enemies":"Sentry and Sphere","floor":22,"turns":2},{"damage":21,"enemies":"Slavers","floor":23,"turns":2},{"damage":0,"enemies":"Masked Bandits","floor":25,"turns":2},{"damage":0,"enemies":"Chosen and Byrds","floor":27,"turns":3},{"damage":0,"enemies":"Snake Plant","floor":30,"turns":2},{"damage":0,"enemies":"Centurion and Healer","floor":31,"turns":2},{"damage":21,"enemies":"Collector","floor":33,"turns":7},{"damage":0,"enemies":"3 Darklings","floor":35,"turns":2},{"damage":0,"enemies":"Orb Walker","floor":36,"turns":2},{"damage":0,"enemies":"2 Orb Walkers","floor":38,"turns":2},{"damage":0,"enemies":"3 Darklings","floor":41,"turns":1},{"damage":44,"enemies":"Mind Bloom Boss Battle","floor":42,"turns":3},{"damage":7,"enemies":"Spire Growth","floor":45,"turns":3},{"damage":0,"enemies":"Jaw Worm Horde","floor":47,"turns":2},{"damage":75,"enemies":"Time Eater","floor":50,"turns":4}],"seed_played":"-5393105404457211741","potions_obtained":[{"floor":6,"key":"SteroidPotion"},{"floor":8,"key":"Explosive Potion"},{"floor":12,"key":"AttackPotion"},{"floor":18,"key":"Dexterity Potion"},{"floor":25,"key":"LiquidMemories"},{"floor":27,"key":"Fruit Juice"},{"floor":30,"key":"Ancient Potion"},{"floor":34,"key":"FairyPotion"},{"floor":41,"key":"Fruit Juice"},{"floor":45,"key":"Fire Potion"}],"is_trial":false,"path_per_floor":["M","$","?","?","T","E","R","M","T","M","R","M","R","M","R","B",null,"M","?","M","$","M","E","R","?","T","M","R","$","M","M","R","B",null,"M","M","$","?","?","R","M","?","T","?","M","R","M","?","R","B"],"character_chosen":"THE_WILD_CARD","items_purchased":["theWildCard:PowerOfTheArcana","theWildCard:StingingStrike","theWildCard:MaskChange","Lantern","Bag of Preparation"],"campfire_rested":2,"item_purchase_floors":[2,21,21,29,37],"current_hp_per_floor":[60,60,48,37,37,37,37,37,37,37,37,37,37,25,43,43,60,59,59,41,41,41,20,20,20,20,20,20,35,40,40,40,19,70,70,70,70,70,70,70,75,31,31,31,24,24,24,24,45,0,0],"gold":539,"neow_bonus":"THREE_ENEMY_KILL","is_daily":false,"chose_seed":false,"campfire_upgraded":7,"win_rate":0.0,"timestamp":1613882535,"path_taken":["M","$","?","?","?","E","R","M","T","?","R","?","R","M","R","BOSS","M","?","M","$","M","E","R","?","T","M","R","?","M","?","R","BOSS","M","M","$","?","?","R","?","?","T","?","M","R","M","?","R","BOSS"],"items_purchased_type":["Card","Card","Card","Relic","Relic"],"build_version":"2020-12-22","purchased_purges":4,"victory":false,"max_hp_per_floor":[60,60,60,60,60,60,60,60,60,60,60,60,60,60,60,60,60,60,60,60,60,60,60,60,60,60,60,60,60,65,65,65,65,70,70,70,70,70,70,70,75,75,75,75,75,75,75,71,71,71,71],"card_choices":[{"not_picked":["theWildCard:MaskChange","theWildCard:SacrificialStroke"],"picked":"theWildCard:StingingStrike","floor":1},{"not_picked":["theWildCard:Sakuya","theWildCard:Impatience"],"picked":"theWildCard:Michael","floor":6},{"not_picked":["theWildCard:ArchaicAssault","theWildCard:PaleRider"],"picked":"theWildCard:Metatron","floor":8},{"not_picked":["theWildCard:SeveringSlash","theWildCard:Sakuya","theWildCard:SacrificialStroke"],"picked":"SKIP","floor":10},{"not_picked":["theWildCard:ArchaicAssault","theWildCard:Proficiency"],"picked":"theWildCard:BladeOfGenerations","floor":12},{"not_picked":["theWildCard:Providence","theWildCard:CryOfAgony","theWildCard:Unburden"],"picked":"SKIP","floor":14},{"not_picked":["theWildCard:LadyLuck+1","theWildCard:StalwartBlade","theWildCard:Unburden+1"],"picked":"SKIP","floor":18},{"not_picked":["theWildCard:UnderLockAndKey","theWildCard:Metatron","theWildCard:Abstinence"],"picked":"SKIP","floor":20},{"not_picked":["theWildCard:Abstinence","theWildCard:Polydeuces"],"picked":"theWildCard:StingingStrike","floor":22},{"not_picked":["theWildCard:LadyLuck+1","theWildCard:StalwartBlade"],"picked":"theWildCard:BladeOfGenerations","floor":23},{"not_picked":["theWildCard:PaleRider","theWildCard:Michael"],"picked":"theWildCard:BladeOfGenerations+1","floor":25},{"not_picked":["theWildCard:Odin+1","theWildCard:StalwartBlade"],"picked":"theWildCard:SeveringSlash+1","floor":27},{"not_picked":["theWildCard:ArcanaArtistry","theWildCard:Overwhelm"],"picked":"theWildCard:StingingStrike","floor":30},{"not_picked":["theWildCard:EnergyTheft+1","theWildCard:SacrificialStroke+1","theWildCard:ArcaneArts+1"],"picked":"SKIP","floor":31},{"not_picked":["theWildCard:Deicide","theWildCard:FuelForTheFire"],"picked":"theWildCard:TheArcanaUnleashed","floor":33},{"not_picked":["theWildCard:EnergizedStroke","theWildCard:SacrificialStroke+1","theWildCard:MagicalMight+1"],"picked":"SKIP","floor":35},{"not_picked":["theWildCard:Sakuya","theWildCard:Patience","theWildCard:MagicalMight"],"picked":"SKIP","floor":36},{"not_picked":["theWildCard:IdentityTheft+1","theWildCard:ArcaneArts+1","theWildCard:ShieldOfMany+1"],"picked":"SKIP","floor":41},{"not_picked":["theWildCard:SeveringSlash","theWildCard:UnderLockAndKey+1","theWildCard:CryOfAgony+1"],"picked":"SKIP","floor":45},{"not_picked":["theWildCard:Michael","theWildCard:Safeguard+1"],"picked":"theWildCard:ShieldOfMany+1","floor":47}],"player_experience":234419,"relics_obtained":[{"floor":5,"key":"Smiling Mask"},{"floor":6,"key":"Whetstone"},{"floor":9,"key":"Boot"},{"floor":23,"key":"Ornamental Fan"},{"floor":25,"key":"Red Mask"},{"floor":26,"key":"MealTicket"},{"floor":38,"key":"Shovel"},{"floor":42,"key":"Ice Cream"},{"floor":43,"key":"War Paint"},{"floor":46,"key":"Bronze Scales"}],"event_choices":[{"damage_healed":0,"gold_gain":0,"player_choice":"Entered Light","damage_taken":12,"max_hp_gain":0,"max_hp_loss":0,"event_name":"Shining Light","floor":3,"gold_loss":0,"cards_upgraded":["theWildCard:BasicStrike","theWildCard:Arsene"]},{"damage_healed":0,"gold_gain":75,"player_choice":"Gather Gold","damage_taken":11,"max_hp_gain":0,"max_hp_loss":0,"event_name":"World of Goop","floor":4,"gold_loss":0},{"damage_healed":0,"gold_gain":0,"player_choice":"Ignored","damage_taken":0,"max_hp_gain":0,"max_hp_loss":0,"event_name":"Cursed Tome","floor":19,"gold_loss":0},{"damage_healed":0,"gold_gain":0,"player_choice":"Fought Bandits","damage_taken":0,"max_hp_gain":0,"max_hp_loss":0,"event_name":"Masked Bandits","floor":25,"gold_loss":0},{"damage_healed":0,"gold_gain":0,"player_choice":"Fight","damage_taken":0,"max_hp_gain":0,"max_hp_loss":0,"event_name":"Mysterious Sphere","floor":38,"gold_loss":0},{"damage_healed":0,"gold_gain":0,"player_choice":"Ignored","damage_taken":0,"max_hp_gain":0,"max_hp_loss":0,"event_name":"WeMeetAgain","floor":39,"gold_loss":0},{"damage_healed":0,"gold_gain":0,"player_choice":"Fight","damage_taken":0,"max_hp_gain":0,"max_hp_loss":0,"event_name":"MindBloom","floor":42,"gold_loss":0},{"damage_healed":0,"gold_gain":222,"player_choice":"Wore Mask","damage_taken":0,"max_hp_gain":0,"max_hp_loss":0,"event_name":"Tomb of Lord Red Mask","floor":44,"gold_loss":0},{"damage_healed":0,"gold_gain":0,"player_choice":"Max HP","damage_taken":0,"max_hp_gain":0,"max_hp_loss":4,"event_name":"Winding Halls","floor":48,"gold_loss":0}],"is_beta":false,"boss_relics":[{"not_picked":["Fusion Hammer","Black Star"],"picked":"Philosopher\u0027s Stone"},{"not_picked":["Snecko Eye","Velvet Choker"],"picked":"Tiny House"}],"items_purged_floors":[2,21,29,37],"is_endless":false,"potions_floor_spawned":[6,8,12,18,25,27,30,38,41,45],"killed_by":"Time Eater","ascension_level":0}}