{"host":"08t08ld674si40tv","time":1613875710,"event":{"mods":["AchievementEnabler","BaseMod","Colored Map","Minty Spire (QoL Compilation)","StSLib","SuperFastMode"],"gold_per_floor":[111,111,127,107,126,163,163,202,202,218,232,66,66,86,86,86,86],"floor_reached":16,"language":"KOR","playtime":423,"items_purged":[],"score":224,"play_id":"6b39a3ce-b962-4e77-af1c-822b767499bf","local_time":"20210221114830","is_ascension_mode":true,"campfire_choices":[{"floor":7,"key":"REST"},{"floor":13,"key":"REST"},{"data":"Neutralize","floor":15,"key":"SMITH"}],"circlet_count":0,"master_deck":["AscendersBane","Strike_G","Strike_G","Strike_G","Strike_G","Defend_G","Defend_G","Defend_G","Defend_G","Defend_G","Survivor","Neutralize+1","Deadly Poison","Infinite Blades","Predator","Corpse Explosion","Cloak And Dagger","Backflip"],"relics":["Ring of the Snake","NeowsBlessing","CeramicFish","Ninja Scroll","Letter Opener","Anchor"],"acts_visited":["Exordium"],"potions_floor_usage":[10,16],"damage_taken":[{"damage":0,"enemies":"Cultist","floor":1,"turns":1},{"damage":0,"enemies":"Jaw Worm","floor":3,"turns":1},{"damage":0,"enemies":"2 Louse","floor":5,"turns":1},{"damage":46,"enemies":"Lagavulin","floor":6,"turns":7},{"damage":30,"enemies":"3 Sentries","floor":8,"turns":4},{"damage":0,"enemies":"Lots of Slimes","floor":10,"turns":2},{"damage":0,"enemies":"Blue Slaver","floor":11,"turns":3},{"damage":0,"enemies":"Looter","floor":14,"turns":3},{"damage":24,"enemies":"Hexaghost","floor":16,"turns":9}],"seed_played":"-7652263598137098149","potions_obtained":[{"floor":4,"key":"Swift Potion"},{"floor":8,"key":"CunningPotion"},{"floor":11,"key":"Swift Potion"},{"floor":14,"key":"SkillPotion"}],"is_trial":false,"path_per_floor":["M","?","M","?","M","E","R","E","T","M","M","$","R","M","R","B"],"character_chosen":"THE_SILENT","items_purchased":["Anchor"],"campfire_rested":2,"item_purchase_floors":[12],"current_hp_per_floor":[59,59,59,59,59,13,32,2,2,2,2,2,21,21,21,0,0],"gold":86,"neow_bonus":"THREE_ENEMY_KILL","is_daily":false,"chose_seed":false,"campfire_upgraded":1,"win_rate":0.0,"timestamp":1613875710,"path_taken":["M","?","M","?","?","E","R","E","T","M","M","$","R","M","R","BOSS"],"items_purchased_type":["Relic"],"build_version":"2020-12-22","purchased_purges":0,"victory":false,"max_hp_per_floor":[66,66,66,66,66,66,66,66,66,66,66,66,66,66,66,66,66],"card_choices":[{"not_picked":["Finisher","Slice"],"picked":"Deadly Poison","floor":1},{"not_picked":["Deflect","Dash"],"picked":"Predator","floor":3},{"not_picked":["Dagger Throw","Quick Slash","Endless Agony"],"picked":"SKIP","floor":5},{"not_picked":["Escape Plan","Infinite Blades"],"picked":"Corpse Explosion","floor":6},{"not_picked":["Escape Plan","Calculated Gamble"],"picked":"Cloak And Dagger","floor":8},{"not_picked":["Deflect","Dodge and Roll","Skewer"],"picked":"SKIP","floor":10},{"not_picked":["PiercingWail","Choke","Poisoned Stab"],"picked":"SKIP","floor":11},{"not_picked":["Dodge and Roll","Cloak And Dagger"],"picked":"Backflip","floor":14}],"player_experience":312033,"relics_obtained":[{"floor":6,"key":"CeramicFish"},{"floor":8,"key":"Ninja Scroll"},{"floor":9,"key":"Letter Opener"}],"event_choices":[{"damage_healed":0,"gold_gain":0,"cards_transformed":["Strike_G"],"player_choice":"Change","damage_taken":0,"max_hp_gain":0,"max_hp_loss":0,"event_name":"Living Wall","floor":2,"gold_loss":0,"cards_obtained":["Infinite Blades"]},{"damage_healed":0,"gold_gain":0,"player_choice":"Bought 1 Potion","damage_taken":0,"max_hp_gain":0,"max_hp_loss":0,"event_name":"The Woman in Blue","floor":4,"gold_loss":0}],"is_beta":false,"boss_relics":[],"items_purged_floors":[],"is_endless":false,"potions_floor_spawned":[8,11,14],"killed_by":"Hexaghost","ascension_level":20}}