{"host":"dn6kke80v5f7isus","time":1613940098,"event":{"mods":["AchievementEnabler","Act Like it!","Astrologer","Bard","BaseMod","Colored Powertips","Custom Start","Defuse TimeMaze Blight","Energized Spire","Gremlin Skip","Highlight Path","Hubris","Infinite Spire","Marisa????????","Marked Mod","Minty Spire (QoL Compilation)","Quick Restart","Rare Cards Sparkle","Reliquary","Replay The Spire","StSLib","The Servant 0.9.4","Uncapped","Unceasing Turn Reminder"],"gold_per_floor":[113,63,63,238,238,267,282,311,311,311,64,90,104,29,29,29,29],"floor_reached":16,"language":"ENG","playtime":257,"items_purged":["Strike_B"],"score":148,"play_id":"ebaa4bfa-eafa-4db1-87f0-158cc8a19b0c","local_time":"20210221154138","is_ascension_mode":true,"campfire_choices":[{"floor":10,"key":"REST"},{"floor":15,"key":"REST"}],"circlet_count":0,"master_deck":["Strike_B","Strike_B","Defend_B","Defend_B","Defend_B","Defend_B","Zap","Dualcast","ReplayGash","Doubt","Crystallizer","hubris:PowerSurge","Machine Learning","Consume"],"relics":["Cracked Core","NeowsBlessing","hubris:Reverence","Replay:Kaleidoscope","Akabeko","reliquary:SilkGlove","infinitespire:BottledMercury","Replay:Ringing Soul","Unceasing Top"],"acts_visited":["Exordium"],"potions_floor_usage":[],"damage_taken":[{"damage":0,"enemies":"2 Louse","floor":1,"turns":1},{"damage":0,"enemies":"Lagavulin","floor":6,"turns":1},{"damage":0,"enemies":"Jaw Worm","floor":7,"turns":1},{"damage":29,"enemies":"Gremlin Nob","floor":8,"turns":4},{"damage":26,"enemies":"3 Sentries","floor":12,"turns":5},{"damage":10,"enemies":"Small Slimes","floor":13,"turns":3},{"damage":0,"enemies":"Fading Forest","floor":16,"turns":1}],"seed_played":"-4261000884253758372","potions_obtained":[{"floor":8,"key":"FearPotion"},{"floor":13,"key":"FearPotion"}],"is_trial":false,"path_per_floor":["M","?","?","?","T","E","M","E","T","R","$","E","M","$","R","B"],"character_chosen":"DEFECT","items_purchased":["Replay:Ringing Soul"],"campfire_rested":2,"item_purchase_floors":[11],"current_hp_per_floor":[75,75,57,57,57,57,57,28,28,50,50,27,17,17,40,40,40],"gold":29,"neow_bonus":"THREE_ENEMY_KILL","is_daily":false,"chose_seed":false,"campfire_upgraded":0,"win_rate":0.0,"timestamp":1613940098,"path_taken":["M","?","?","?","?","E","?","E","T","R","?","E","M","$","R","BOSS"],"items_purchased_type":["Relic"],"build_version":"2020-12-22","purchased_purges":1,"victory":false,"max_hp_per_floor":[75,75,75,75,75,75,75,75,75,75,75,78,78,78,78,78,78],"card_choices":[{"not_picked":["Stack","Conserve Battery"],"picked":"ReplayGash","floor":1},{"not_picked":["Hologram","Rebound"],"picked":"Crystallizer","floor":6},{"not_picked":["Rebound","Heatsinks"],"picked":"hubris:PowerSurge","floor":7},{"not_picked":["Ball Lightning","Tempest"],"picked":"Machine Learning","floor":8},{"not_picked":["Redo","Turbo"],"picked":"Consume","floor":12},{"not_picked":["Stack","Steam","Reinforced Body"],"picked":"SKIP","floor":13}],"player_experience":462870,"relics_obtained":[{"floor":5,"key":"Replay:Kaleidoscope"},{"floor":6,"key":"Akabeko"},{"floor":8,"key":"reliquary:SilkGlove"},{"floor":9,"key":"infinitespire:BottledMercury"},{"floor":12,"key":"Unceasing Top"}],"event_choices":[{"cards_removed":["Strike_B"],"damage_healed":0,"gold_gain":0,"player_choice":"Card Removal","damage_taken":0,"max_hp_gain":0,"max_hp_loss":0,"event_name":"The Cleric","floor":2,"gold_loss":50},{"damage_healed":0,"gold_gain":0,"player_choice":"Success","damage_taken":18,"relics_obtained":["hubris:Reverence"],"max_hp_gain":0,"max_hp_loss":0,"event_name":"Scrap Ooze","floor":3,"gold_loss":0},{"damage_healed":0,"gold_gain":175,"player_choice":"AGREE","damage_taken":0,"max_hp_gain":0,"max_hp_loss":0,"event_name":"Liars Game","floor":4,"gold_loss":0,"cards_obtained":["Doubt"]}],"is_beta":false,"boss_relics":[],"items_purged_floors":[14],"is_endless":false,"potions_floor_spawned":[8,13],"killed_by":"Fading Forest","ascension_level":1}}