{"host":"2820e8i2y38gm4bp","time":1613891257,"event":{"mods":["2.2 Compatiblity","Act Like it!","BaseMod","Better Note","BetterRewards","Downfall","Elementarium","Gensokyo","GungeonMod","Hermit","Hubris","Marisa????????","Minty Spire (QoL Compilation)","Rare Cards Sparkle","Replay The Spire","StSLib","The Cursed","The Jungle","The Servant 0.9.4"],"gold_per_floor":[130,145,145,164,192,220,220,246,246,246,246,265,275,292,292,396,396,436,449,449,449,449],"floor_reached":21,"language":"ENG","playtime":1197,"items_purged":["Strike_MRS"],"score":333,"play_id":"1d8c952d-9d3f-4243-939c-20e6027c22ff","local_time":"20210221020737","is_ascension_mode":true,"campfire_choices":[{"floor":7,"key":"REST"},{"floor":15,"key":"REST"}],"circlet_count":0,"master_deck":["Strike_MRS","Strike_MRS","Strike_MRS","Defend_MRS","Defend_MRS","Defend_MRS","Defend_MRS","MasterSpark","UpSweep","Apotheosis","NonDirectionalLaser","MilkyWay","MilkyWay","WitchOfGreed","RefractionSpark","PowerUp","DoubleSpark","StarlightTyphoon","DoubleSpark","DeepEcoloBomb","NonDirectionalLaser","Occultation","Gensokyo:CrescentMoonSlash","SprinkleStarSeal","ChargingUp","PowerUp","CasketOfStar","MachineGunSpark"],"relics":["MiniHakkero","Blood Vial","Gensokyo:Mercy","Centennial Puzzle","Toy Ornithopter","DemoMod:DecoyRelic","SlaversCollar","Gensokyo:RedStar"],"acts_visited":["Gensokyo:Gensokyo","Gensokyo:Gensokyoer"],"potions_floor_usage":[6,8,13,16,19],"damage_taken":[{"damage":12,"enemies":"Gensokyo:2_Kodama","floor":1,"turns":5},{"damage":0,"enemies":"Gensokyo:3_Fairies","floor":2,"turns":3},{"damage":0,"enemies":"Gensokyo:Python","floor":4,"turns":3},{"damage":4,"enemies":"Gensokyo:VengefulSpirit","floor":5,"turns":5},{"damage":15,"enemies":"Gensokyo:Cirno","floor":6,"turns":6},{"damage":0,"enemies":"Gensokyo:Aya","floor":8,"turns":4},{"damage":8,"enemies":"Gensokyo:Gryphon_and_Rabbit","floor":12,"turns":4},{"damage":5,"enemies":"Gensokyo:CorruptedTreant","floor":13,"turns":3},{"damage":1,"enemies":"Gensokyo:2_Rabbits","floor":14,"turns":3},{"damage":6,"enemies":"Gensokyo:Yukari","floor":16,"turns":6},{"damage":31,"enemies":"Gensokyo:AngelMirror","floor":18,"turns":5},{"damage":12,"enemies":"Gensokyo:CosmicMonolith","floor":19,"turns":4},{"damage":49,"enemies":"Gensokyo:Chomper_and_Gloop","floor":21,"turns":6}],"seed_played":"-4128227115486295505","potions_obtained":[{"floor":1,"key":"DuplicationPotion"},{"floor":1,"key":"DistilledChaos"},{"floor":4,"key":"DemoMod:BlankPotion"},{"floor":5,"key":"Elixir"},{"floor":6,"key":"DemoMod:LeadSkinPotion"},{"floor":13,"key":"SkillPotion"},{"floor":14,"key":"BottledSpark"},{"floor":16,"key":"champ:CounterPotion"},{"floor":18,"key":"hexamod:SoulburnPotion"},{"floor":18,"key":"Fire Potion"}],"is_trial":false,"path_per_floor":["M","M","?","M","M","E","R","E","T","?","?","M","M","M","R","B",null,"M","M","?","M"],"character_chosen":"MARISA","items_purchased":["Apotheosis","NonDirectionalLaser","MilkyWay","MilkyWay","WitchOfGreed","Blood Vial","RefractionSpark"],"campfire_rested":2,"item_purchase_floors":[0,0,0,0,0,0,0],"current_hp_per_floor":[28,30,30,32,30,17,39,41,41,41,30,24,26,27,49,50,75,44,39,39,0,0],"gold":449,"neow_bonus":"","is_daily":false,"chose_seed":false,"campfire_upgraded":0,"win_rate":0.0,"timestamp":1613891257,"path_taken":["M","M","?","M","M","E","R","E","T","?","?","M","M","M","R","BOSS","M","?","?","M"],"items_purchased_type":["Card","Card","Card","Card","Card","Relic","Card"],"build_version":"2020-12-22","purchased_purges":1,"victory":false,"max_hp_per_floor":[75,75,75,75,75,75,75,75,75,75,75,75,75,75,75,75,75,75,75,75,75,75],"card_choices":[{"not_picked":["EnergyRecoil","AsteroidBelt"],"picked":"DoubleSpark","floor":1},{"not_picked":["GalacticHalo","MeteoricShower"],"picked":"PowerUp","floor":2},{"not_picked":["SporeBomb","DC"],"picked":"DoubleSpark","floor":4},{"not_picked":["MeteoricShower","GalacticHalo"],"picked":"StarlightTyphoon","floor":5},{"not_picked":["LuminesStrike","MysteriousBeam"],"picked":"DoubleSpark","floor":6},{"not_picked":["WitchLeyline","PropBag"],"picked":"DeepEcoloBomb","floor":8},{"not_picked":["Orbital","MilkyWay"],"picked":"NonDirectionalLaser","floor":10},{"not_picked":["EarthLightRay","IllusionStar"],"picked":"Occultation","floor":10},{"not_picked":["MilkyWay","GasGiant"],"picked":"SprinkleStarSeal","floor":12},{"not_picked":["WitchOfGreed","EscapeVelocity"],"picked":"ChargingUp","floor":13},{"not_picked":["GalacticHalo","ShootingEcho"],"picked":"PowerUp","floor":14},{"not_picked":["CollectingQuirk","ManaRampage"],"picked":"CasketOfStar","floor":16},{"not_picked":["WitchOfGreed","DarkMatter","DC"],"picked":"SKIP","floor":18},{"not_picked":["SporeBomb","ShootTheMoon"],"picked":"MachineGunSpark","floor":19}],"player_experience":575569,"relics_obtained":[{"floor":6,"key":"Centennial Puzzle"},{"floor":8,"key":"Toy Ornithopter"},{"floor":9,"key":"DemoMod:DecoyRelic"}],"event_choices":[],"is_beta":false,"boss_relics":[{"not_picked":["Replay:Grab Bag","Ectoplasm"],"picked":"SlaversCollar"}],"items_purged_floors":[0],"is_endless":false,"potions_floor_spawned":[1,4,6,13,14,16,18],"killed_by":"Gensokyo:Chomper_and_Gloop","ascension_level":1}}