{"host":"or8fr2mp0k3eluj8","time":1613923454,"event":{"mods":["AchievementEnabler","BaseMod","Colored Map","DeckTracker","Keyboard Shortcuts","Minty Spire (QoL Compilation)","StSLib","SuperFastMode","everything is the same but u backflip on backflip"],"gold_per_floor":[109,184,201,215,215,232,232,260,260,260,279,298,298,316,316,316,316],"floor_reached":16,"language":"KOR","playtime":380,"items_purged":[],"score":114,"play_id":"8ca313f6-61a6-4ad7-8831-acd347f33da2","local_time":"20210222010414","is_ascension_mode":true,"campfire_choices":[{"data":"Die Die Die","floor":10,"key":"SMITH"},{"data":"Cloak And Dagger","floor":13,"key":"SMITH"},{"floor":15,"key":"REST"}],"circlet_count":0,"master_deck":["Strike_G","Strike_G","Strike_G","Strike_G","Strike_G","Defend_G","Defend_G","Defend_G","Defend_G","Defend_G","Survivor","Neutralize","Decay","Die Die Die+1","Cloak And Dagger+1","Dash","Poisoned Stab","Infinite Blades","Backflip","Slice","PiercingWail"],"relics":["Ring of the Snake","Ninja Scroll","White Beast Statue","Lantern"],"acts_visited":["Exordium"],"potions_floor_usage":[8,8,16],"damage_taken":[{"damage":0,"enemies":"2 Louse","floor":1,"turns":3},{"damage":7,"enemies":"Jaw Worm","floor":3,"turns":6},{"damage":0,"enemies":"Cultist","floor":4,"turns":3},{"damage":0,"enemies":"Lots of Slimes","floor":6,"turns":1},{"damage":14,"enemies":"Gremlin Nob","floor":8,"turns":4},{"damage":0,"enemies":"2 Fungi Beasts","floor":11,"turns":1},{"damage":0,"enemies":"Blue Slaver","floor":12,"turns":3},{"damage":0,"enemies":"Exordium Thugs","floor":14,"turns":4},{"damage":56,"enemies":"The Guardian","floor":16,"turns":11}],"seed_played":"8246456522922998125","potions_obtained":[{"floor":3,"key":"Weak Potion"},{"floor":6,"key":"Swift Potion"},{"floor":8,"key":"SkillPotion"},{"floor":11,"key":"SpeedPotion"},{"floor":12,"key":"Dexterity Potion"}],"is_trial":false,"path_per_floor":["M","?","M","M","?","M","T","E","T","R","M","M","R","M","R","B"],"character_chosen":"THE_SILENT","items_purchased":[],"campfire_rested":1,"item_purchase_floors":[],"current_hp_per_floor":[70,59,52,52,40,40,40,26,26,26,26,26,26,26,47,0,0],"gold":316,"neow_bonus":"THREE_RARE_CARDS","is_daily":false,"chose_seed":false,"campfire_upgraded":2,"win_rate":0.0,"timestamp":1613923454,"path_taken":["M","?","M","M","?","M","?","E","T","R","M","M","R","M","R","BOSS"],"items_purchased_type":[],"build_version":"2020-12-22","purchased_purges":0,"victory":false,"max_hp_per_floor":[70,70,70,70,70,70,70,70,70,70,70,70,70,70,70,70,70],"card_choices":[{"not_picked":["Malaise","Wraith Form v2"],"picked":"Die Die Die","floor":0},{"not_picked":["Expertise","Prepared"],"picked":"Cloak And Dagger","floor":1},{"not_picked":["Setup","Distraction"],"picked":"Dash","floor":3},{"not_picked":["Prepared","Night Terror"],"picked":"Poisoned Stab","floor":4},{"not_picked":["Flying Knee","Prepared"],"picked":"Infinite Blades","floor":6},{"not_picked":["Predator","Reflex"],"picked":"Backflip","floor":8},{"not_picked":["Bouncing Flask","Blur"],"picked":"Slice","floor":11},{"not_picked":["Dodge and Roll","Outmaneuver"],"picked":"PiercingWail","floor":12},{"not_picked":["Prepared","Flying Knee","Outmaneuver"],"picked":"SKIP","floor":14}],"player_experience":431485,"relics_obtained":[{"floor":7,"key":"White Beast Statue"},{"floor":8,"key":"Lantern"}],"event_choices":[{"damage_healed":0,"gold_gain":75,"player_choice":"Gather Gold","damage_taken":11,"max_hp_gain":0,"max_hp_loss":0,"event_name":"World of Goop","floor":2,"gold_loss":0},{"damage_healed":0,"gold_gain":0,"player_choice":"Success","damage_taken":12,"relics_obtained":["Ninja Scroll"],"max_hp_gain":0,"max_hp_loss":0,"event_name":"Scrap Ooze","floor":5,"gold_loss":0}],"is_beta":false,"boss_relics":[],"items_purged_floors":[],"is_endless":false,"potions_floor_spawned":[3,6,8,11,12,14],"killed_by":"The Guardian","ascension_level":2}}