{"host":"en4narc5947t7k9n","time":1613890998,"event":{"mods":["AchievementEnabler","BaseMod","Colored Map","Minty Spire (QoL Compilation)","SuperFastMode"],"gold_per_floor":[111,111,129,129,79,117,117,156,156,156,156,175,191,191,191,191,191],"floor_reached":16,"language":"KOR","playtime":832,"items_purged":[],"score":133,"play_id":"93a43ef9-3f2f-4b7a-b739-44a38784ca53","local_time":"20210221160318","is_ascension_mode":false,"campfire_choices":[{"floor":7,"key":"RECALL"},{"floor":11,"key":"REST"},{"data":"Reboot","floor":15,"key":"SMITH"}],"circlet_count":0,"master_deck":["Strike_B","Strike_B+1","Defend_B","Defend_B","Defend_B","Defend_B","Zap+1","Dualcast","Streamline","Genetic Algorithm","Leap","Reprogram","Rip and Tear","Ball Lightning","Reboot+1"],"relics":["Cracked Core","NeowsBlessing","Golden Idol","White Beast Statue","Bottled Flame"],"acts_visited":["Exordium"],"potions_floor_usage":[16,16,16],"damage_taken":[{"damage":0,"enemies":"Cultist","floor":1,"turns":1},{"damage":0,"enemies":"Jaw Worm","floor":3,"turns":1},{"damage":0,"enemies":"3 Sentries","floor":6,"turns":1},{"damage":38,"enemies":"Gremlin Nob","floor":8,"turns":5},{"damage":0,"enemies":"Small Slimes","floor":12,"turns":2},{"damage":3,"enemies":"2 Fungi Beasts","floor":13,"turns":3},{"damage":24,"enemies":"Slime Boss","floor":16,"turns":7}],"seed_played":"-3908576392961617427","potions_obtained":[{"floor":3,"key":"Swift Potion"},{"floor":8,"key":"Block Potion"},{"floor":12,"key":"Strength Potion"},{"floor":13,"key":"DistilledChaos"}],"is_trial":false,"path_per_floor":["M","$","M","?","?","E","R","E","T","?","R","M","M","?","R","B"],"character_chosen":"DEFECT","items_purchased":[],"campfire_rested":1,"item_purchase_floors":[],"current_hp_per_floor":[75,75,75,57,57,57,57,19,19,4,26,26,23,23,23,0,0],"gold":191,"neow_bonus":"THREE_ENEMY_KILL","is_daily":false,"chose_seed":false,"campfire_upgraded":1,"win_rate":0.0,"timestamp":1613890998,"path_taken":["M","$","?","?","?","E","R","E","T","?","R","?","M","?","R","BOSS"],"items_purchased_type":[],"build_version":"2020-12-22","purchased_purges":0,"victory":false,"max_hp_per_floor":[75,75,75,75,75,75,75,75,75,75,75,75,75,75,75,75,75],"card_choices":[{"not_picked":["Compile Driver","Steam"],"picked":"Streamline","floor":1},{"not_picked":["Steam Power","Go for the Eyes"],"picked":"Genetic Algorithm","floor":3},{"not_picked":["Sweeping Beam","Glacier"],"picked":"Leap","floor":6},{"not_picked":["Recycle","Beam Cell"],"picked":"Reprogram","floor":8},{"not_picked":["Steam","Blizzard"],"picked":"Rip and Tear","floor":12},{"not_picked":["Beam Cell","Auto Shields"],"picked":"Ball Lightning","floor":13}],"player_experience":113866,"relics_obtained":[{"floor":6,"key":"White Beast Statue"},{"floor":8,"key":"Bottled Flame"}],"event_choices":[{"damage_healed":0,"gold_gain":0,"player_choice":"Take Damage","damage_taken":18,"relics_obtained":["Golden Idol"],"max_hp_gain":0,"max_hp_loss":0,"event_name":"Golden Idol","floor":4,"gold_loss":0},{"cards_removed":["Strike_B"],"damage_healed":0,"gold_gain":0,"player_choice":"Card Removal","damage_taken":0,"max_hp_gain":0,"max_hp_loss":0,"event_name":"The Cleric","floor":5,"gold_loss":50},{"damage_healed":0,"gold_gain":0,"player_choice":"Entered Light","damage_taken":15,"max_hp_gain":0,"max_hp_loss":0,"event_name":"Shining Light","floor":10,"gold_loss":0,"cards_upgraded":["Zap","Strike_B"]},{"damage_healed":0,"gold_gain":0,"cards_transformed":["Strike_B"],"player_choice":"Transformed","damage_taken":0,"max_hp_gain":0,"max_hp_loss":0,"event_name":"Transmorgrifier","floor":14,"gold_loss":0,"cards_obtained":["Reboot"]}],"is_beta":false,"boss_relics":[],"items_purged_floors":[],"is_endless":false,"potions_floor_spawned":[3,8,12,13],"killed_by":"Slime Boss","ascension_level":0}}