{"host":"aapp7ew3jk5k1bvd","time":1613895766,"event":{"mods":["AchievementEnabler","BaseMod","Colored Map","Custom Start","Keyboard Shortcuts","Minty Spire (QoL Compilation)","Permanent Neow","Quick Restart","StSLib","SuperFastMode"],"gold_per_floor":[213,4,4,20,32,32,63,63,88,101,114,114,139,164,164,164,164],"floor_reached":16,"language":"KOR","playtime":210,"items_purged":["Strike_B"],"score":180,"play_id":"13e7ed24-1647-459f-bbc7-d74eed3ad051","local_time":"20210221172246","is_ascension_mode":true,"campfire_choices":[{"data":"Zap","floor":6.0,"key":"SMITH"},{"floor":15.0,"key":"REST"}],"circlet_count":0,"master_deck":["AscendersBane","Strike_B","Strike_B","Defend_B","Defend_B","Defend_B","Defend_B","Zap+1","Dualcast","Go for the Eyes","Beam Cell+1","Stack"],"relics":["Cracked Core","Unceasing Top","Membership Card","Molten Egg 2","Tiny Chest","Bottled Flame","Nunchaku","Juzu Bracelet","Akabeko"],"acts_visited":["Exordium"],"potions_floor_usage":[],"damage_taken":[{"damage":4.0,"enemies":"Jaw Worm","floor":1.0,"turns":4.0},{"damage":0.0,"enemies":"2 Louse","floor":4.0,"turns":2.0},{"damage":7.0,"enemies":"Small Slimes","floor":5.0,"turns":3.0},{"damage":28.0,"enemies":"Lagavulin","floor":7.0,"turns":8.0},{"damage":0.0,"enemies":"Red Slaver","floor":10.0,"turns":4.0},{"damage":0.0,"enemies":"Looter","floor":11.0,"turns":2.0},{"damage":0,"enemies":"Hexaghost","floor":16,"turns":1}],"seed_played":"-2422947473661916750","potions_obtained":[{"floor":1.0,"key":"DuplicationPotion"},{"floor":4.0,"key":"Strength Potion"}],"is_trial":false,"path_per_floor":["M","$","?","M","M","R","E","T","T","M","M","?","T","T","R","B"],"character_chosen":"DEFECT","items_purchased":["Membership Card"],"campfire_rested":1,"item_purchase_floors":[2],"current_hp_per_floor":[60,60,42,42,35,35,7,7,7,7,7,7,7,7,28,28,28],"gold":164,"neow_bonus":"HUNDRED_GOLD","is_daily":false,"chose_seed":false,"campfire_upgraded":1,"win_rate":0.0,"timestamp":1613895766,"path_taken":["M","$","?","M","M","R","E","?","T","M","M","?","?","?","R","BOSS"],"items_purchased_type":["Relic"],"build_version":"2020-12-22","purchased_purges":1,"victory":false,"max_hp_per_floor":[71,71,71,71,71,71,71,71,71,71,71,71,71,71,71,71,71],"card_choices":[{"not_picked":["Compile Driver","Force Field"],"picked":"Go for the Eyes","floor":1.0},{"not_picked":["Redo","Compile Driver+1","Coolheaded"],"picked":"SKIP","floor":4.0},{"not_picked":["Ball Lightning+1","Coolheaded"],"picked":"Beam Cell+1","floor":5.0},{"not_picked":["Undo","Streamline+1","Reprogram"],"picked":"SKIP","floor":7.0},{"not_picked":["Turbo","Cold Snap+1","Tempest"],"picked":"SKIP","floor":10.0},{"not_picked":["Genetic Algorithm","Heatsinks","Compile Driver+1"],"picked":"SKIP","floor":11.0}],"player_experience":1041093,"relics_obtained":[{"floor":7.0,"key":"Tiny Chest"},{"floor":8.0,"key":"Bottled Flame"},{"floor":9.0,"key":"Nunchaku"},{"floor":13.0,"key":"Juzu Bracelet"},{"floor":14.0,"key":"Akabeko"}],"event_choices":[{"damage_healed":0.0,"max_hp_gain":0.0,"max_hp_loss":0.0,"gold_gain":0.0,"event_name":"Scrap Ooze","player_choice":"Success","floor":3.0,"gold_loss":0.0,"damage_taken":18.0,"relics_obtained":["Molten Egg 2"]},{"damage_healed":0.0,"max_hp_gain":0.0,"max_hp_loss":0.0,"gold_gain":0.0,"cards_transformed":["Strike_B"],"event_name":"Living Wall","player_choice":"Change","floor":12.0,"gold_loss":0.0,"damage_taken":0.0,"cards_obtained":["Stack"]}],"is_beta":false,"boss_relics":[],"items_purged_floors":[2],"is_endless":false,"potions_floor_spawned":[1,4,7,11],"killed_by":"Hexaghost","ascension_level":16}}