{"host":"pjgcdp3h1plnbocs","time":1613908040,"event":{"mods":["AchievementEnabler","BaseMod","Colored Map","Downfall","Highlight Path","Minty Spire (QoL Compilation)","StSLib"],"gold_per_floor":[10,10,22,22,22,22,356,61,107,56,6,40,55,83,83,180,180,197,197,209,209,226,261,271,300,300,300,333,94,105,5,5,108,108,127,137,156,156,10,10,60,60,60,79,0,12,47,47,47,47],"floor_reached":51,"language":"ENG","playtime":1674,"items_purged":["Strike_B","Strike_B"],"score":1141,"play_id":"753c3bb8-42aa-4f05-8055-31cc6628b923","local_time":"20210221124720","is_ascension_mode":true,"campfire_choices":[{"data":"Zap","floor":6,"key":"SMITH"},{"floor":15,"key":"REST"},{"floor":27,"key":"RECALL"},{"data":"Apotheosis","floor":32,"key":"SMITH"},{"data":"Seek","floor":40,"key":"SMITH"},{"data":"Machine Learning","floor":42,"key":"SMITH"},{"data":"Finesse","floor":49,"key":"SMITH"}],"circlet_count":0,"master_deck":["Strike_B","Strike_B","Defend_B","Defend_B","Defend_B","Zap+1","Dualcast","Chill","Beam Cell","Beam Cell","Ball Lightning","Leap","Gash","Machine Learning+1","CurseOfTheBell","Go for the Eyes","Gash","Gash","Apotheosis+1","Seek+1","Coolheaded+1","Finesse+1"],"relics":["Cracked Core","Du-Vu Doll","Old Coin","Sling","Vajra","Ornamental Fan","Art of War","Meat on the Bone","MealTicket","Question Card","CaptainsWheel","Nloth\u0027s Gift","Pear","Shuriken","Gremlin Horn","Dream Catcher","Coffee Dripper","Bag of Marbles","Mango","Unceasing Top","Red Mask","Turnip"],"acts_visited":["Exordium","TheCity","TheBeyond"],"potions_floor_usage":[7,14,16,23,25,50,50,50],"damage_taken":[{"damage":10,"enemies":"Small Slimes","floor":1,"turns":3},{"damage":3,"enemies":"Cultist","floor":3,"turns":4},{"damage":10,"enemies":"Gremlin Nob","floor":7,"turns":3},{"damage":16,"enemies":"Lagavulin","floor":12,"turns":5},{"damage":3,"enemies":"Jaw Worm","floor":13,"turns":2},{"damage":12,"enemies":"Gremlin Nob","floor":14,"turns":3},{"damage":24,"enemies":"The Guardian","floor":16,"turns":11},{"damage":6,"enemies":"Spheric Guardian","floor":18,"turns":4},{"damage":18,"enemies":"2 Thieves","floor":20,"turns":4},{"damage":17,"enemies":"Snake Plant","floor":22,"turns":5},{"damage":23,"enemies":"Gremlin Leader","floor":23,"turns":7},{"damage":5,"enemies":"Centurion and Healer","floor":24,"turns":6},{"damage":23,"enemies":"Slavers","floor":25,"turns":5},{"damage":0,"enemies":"Gremlin Leader","floor":28,"turns":5},{"damage":21,"enemies":"Snecko","floor":30,"turns":5},{"damage":38,"enemies":"Champ","floor":33,"turns":9},{"damage":27,"enemies":"3 Darklings","floor":35,"turns":6},{"damage":16,"enemies":"Orb Walker","floor":36,"turns":3},{"damage":12,"enemies":"Transient","floor":37,"turns":5},{"damage":0,"enemies":"Mind Bloom Boss Battle","floor":41,"turns":6},{"damage":0,"enemies":"Sphere and 2 Shapes","floor":44,"turns":5},{"damage":25,"enemies":"4 Shapes","floor":46,"turns":5},{"damage":16,"enemies":"Nemesis","floor":47,"turns":7},{"damage":10,"enemies":"Awakened One","floor":50,"turns":10}],"seed_played":"-9095317684735502742","potions_obtained":[{"floor":1,"key":"SneckoOil"},{"floor":2,"key":"hexamod:SoulburnPotion"},{"floor":2,"key":"DuplicationPotion"},{"floor":2,"key":"LiquidMemories"},{"floor":7,"key":"bronze:BurnAndBuffPotion"},{"floor":20,"key":"SteroidPotion"},{"floor":22,"key":"PotionOfCapacity"},{"floor":23,"key":"BlessingOfTheForge"},{"floor":28,"key":"hexamod:SoulburnPotion"},{"floor":36,"key":"DistilledChaos"}],"is_trial":false,"path_per_floor":["M","?","M","$","?","R","E","$","T","?","$","E","M","E","R","B",null,"M","?","M","?","M","E","M","E","T","R","E","$","M","$","R","B",null,"M","M","M","?","$","R","?","R","T","M","?","M","E","?","R","B",null],"character_chosen":"DEFECT","items_purchased":["Sling","Vajra","Ball Lightning","Apotheosis","Bag of Marbles"],"campfire_rested":1,"item_purchase_floors":[8,8,11,29,39],"current_hp_per_floor":[58,58,55,55,48,48,38,38,38,38,38,22,19,7,29,17,61,55,55,49,49,44,43,50,39,39,39,51,66,45,60,60,34,72,45,41,41,41,56,56,70,70,70,70,70,57,53,53,53,55],"gold":47,"neow_bonus":"ONE_RARE_RELIC","is_daily":false,"chose_seed":false,"campfire_upgraded":5,"win_rate":0.0,"timestamp":1613908040,"path_taken":["M","?","?","?","?","R","E","$","T","?","$","E","?","E","R","BOSS","M","?","M","?","M","E","M","E","T","R","E","$","?","?","R","BOSS","M","M","?","?","$","R","?","R","T","M","?","M","E","?","R","BOSS"],"items_purchased_type":["Relic","Relic","Card","Card","Relic"],"build_version":"2020-12-22","purchased_purges":2,"victory":true,"max_hp_per_floor":[75,75,75,75,75,75,75,75,75,75,75,75,75,75,75,75,75,75,75,75,75,75,85,85,85,85,85,85,85,85,85,85,85,85,85,85,85,85,85,85,99,99,99,99,99,99,99,99,99,99],"card_choices":[{"not_picked":["Scrape","Hello World"],"picked":"Chill","floor":1},{"not_picked":["White Noise","FTL"],"picked":"Beam Cell","floor":3},{"not_picked":["Melter","Recycle"],"picked":"Beam Cell","floor":7},{"not_picked":["Stack","Capacitor","Blizzard"],"picked":"SKIP","floor":12},{"not_picked":["Reprogram","Force Field"],"picked":"Leap","floor":13},{"not_picked":["Ball Lightning","Scrape"],"picked":"Gash","floor":14},{"not_picked":["Rainbow","Core Surge"],"picked":"Machine Learning","floor":16},{"not_picked":["Sunder","Doom and Gloom","Compile Driver+1"],"picked":"Go for the Eyes","floor":18},{"not_picked":["Leap","Steam","Hello World"],"picked":"Gash","floor":20},{"not_picked":["Steam+1","Coolheaded","Cold Snap+1"],"picked":"Gash","floor":22},{"not_picked":["Seek","Aggregate","Compile Driver","Skim"],"picked":"SKIP","floor":23},{"not_picked":["Undo","BootSequence+1","Sweeping Beam","Turbo"],"picked":"SKIP","floor":24},{"not_picked":["White Noise","Steam Power","Coolheaded+1","Capacitor+1"],"picked":"SKIP","floor":25},{"not_picked":["Rebound","BootSequence+1","Chaos","Rainbow"],"picked":"SKIP","floor":28},{"not_picked":["Reinforced Body+1","Blizzard","Barrage+1","Amplify"],"picked":"SKIP","floor":30},{"not_picked":["Amplify","Thunder Strike","Machine Learning"],"picked":"Seek","floor":33},{"not_picked":["Stack","Redo","Reinforced Body","Hello World+1"],"picked":"SKIP","floor":35},{"not_picked":["Aggregate","Amplify","Conserve Battery","Barrage"],"picked":"SKIP","floor":36},{"not_picked":["Force Field+1","Conserve Battery","Cold Snap+1","Streamline"],"picked":"SKIP","floor":37},{"not_picked":["Machine Learning","Double Energy+1","Meteor Strike"],"picked":"Coolheaded+1","floor":41},{"not_picked":["Sunder+1","Biased Cognition","Compile Driver","Hologram+1"],"picked":"SKIP","floor":44},{"not_picked":["Skim+1","Fission","Fusion+1","Turbo+1"],"picked":"SKIP","floor":46},{"not_picked":["Multi-Cast","Turbo","Biased Cognition","Genetic Algorithm"],"picked":"SKIP","floor":47},{"not_picked":["Swift Strike","Mind Blast","Dark Shackles"],"picked":"Finesse","floor":48}],"player_experience":251230,"relics_obtained":[{"floor":7,"key":"Old Coin"},{"floor":12,"key":"Art of War"},{"floor":14,"key":"Meat on the Bone"},{"floor":17,"key":"MealTicket"},{"floor":17,"key":"Question Card"},{"floor":17,"key":"CaptainsWheel"},{"floor":23,"key":"Pear"},{"floor":25,"key":"Shuriken"},{"floor":26,"key":"Gremlin Horn"},{"floor":28,"key":"Dream Catcher"},{"floor":41,"key":"Mango"},{"floor":43,"key":"Unceasing Top"},{"floor":47,"key":"Turnip"}],"event_choices":[{"damage_healed":0,"gold_gain":0,"player_choice":"Got Potions","damage_taken":0,"max_hp_gain":0,"max_hp_loss":0,"event_name":"Lab","floor":2,"gold_loss":0},{"cards_removed":["Defend_B"],"damage_healed":0,"gold_gain":0,"player_choice":"Card Removal","damage_taken":7,"max_hp_gain":0,"max_hp_loss":0,"event_name":"Golden Wing","floor":5,"gold_loss":0},{"damage_healed":0,"gold_gain":0,"player_choice":"Paid Gold","damage_taken":0,"relics_obtained":["Ornamental Fan"],"max_hp_gain":0,"max_hp_loss":0,"event_name":"WeMeetAgain","floor":10,"gold_loss":51},{"damage_healed":0,"gold_gain":0,"player_choice":"Traded Relic","damage_taken":0,"relics_obtained":["Nloth\u0027s Gift"],"max_hp_gain":0,"max_hp_loss":0,"event_name":"N\u0027loth","floor":21,"relics_lost":["Calling Bell"],"gold_loss":0},{"damage_healed":0,"gold_gain":0,"player_choice":"Ignored","damage_taken":0,"max_hp_gain":0,"max_hp_loss":0,"event_name":"Mysterious Sphere","floor":38,"gold_loss":0},{"damage_healed":0,"gold_gain":0,"player_choice":"Fight","damage_taken":0,"max_hp_gain":0,"max_hp_loss":0,"event_name":"MindBloom","floor":41,"gold_loss":0},{"damage_healed":0,"gold_gain":0,"player_choice":"Paid","damage_taken":0,"relics_obtained":["Red Mask"],"max_hp_gain":0,"max_hp_loss":0,"event_name":"Tomb of Lord Red Mask","floor":45,"gold_loss":79},{"damage_healed":0,"gold_gain":0,"player_choice":"Memory 1","damage_taken":0,"max_hp_gain":0,"max_hp_loss":0,"event_name":"SensoryStone","floor":48,"gold_loss":0}],"is_beta":false,"boss_relics":[{"not_picked":["Snecko Eye","Tiny House"],"picked":"Calling Bell"},{"not_picked":["bronze:MakeshiftBattery","Pandora\u0027s Box"],"picked":"Coffee Dripper"}],"items_purged_floors":[29,31],"is_endless":false,"potions_floor_spawned":[1,3,7,20,22,23,24,28,36,44,47],"ascension_level":8}}