{"host":"hrvs05np4ys7itky","time":1613935290,"event":{"mods":["BaseMod","Colored Map","Colored Powertips","Downfall","Emptier Cage","Hermit","Highlight Path","Minty Spire (QoL Compilation)","Permanent Neow","Rare Cards Sparkle","Relic Stats","StSLib","everything is the same but u backflip on backflip"],"gold_per_floor":[109,109,34,88,13,43,43,76,76,76,90,106,131,131,131,131,131],"floor_reached":16,"language":"ENG","playtime":515,"items_purged":["Strike_B"],"score":378,"play_id":"867708b7-5db3-474b-b0d9-702932678dd5","local_time":"20210221142130","is_ascension_mode":true,"campfire_choices":[{"data":"Zap","floor":7.0,"key":"SMITH"},{"data":"Fusion","floor":10.0,"key":"SMITH"},{"data":"Chaos","floor":15,"key":"SMITH"}],"circlet_count":0,"master_deck":["AscendersBane","Strike_B","Defend_B","Defend_B","Defend_B","Zap+1","Dualcast","Sweeping Beam","Rip and Tear","Gash","Fusion+1","BootSequence","Chaos+1"],"relics":["Cracked Core","NeowsBlessing","Blood Vial","Lizard Tail","Centennial Puzzle","Oddly Smooth Stone","Frozen Egg 2"],"acts_visited":["Exordium"],"potions_floor_usage":[16,16],"damage_taken":[{"damage":0.0,"enemies":"2 Louse","floor":1.0,"turns":1.0},{"damage":0.0,"enemies":"3 Sentries","floor":6.0,"turns":1.0},{"damage":0.0,"enemies":"Lagavulin","floor":8.0,"turns":1.0},{"damage":0.0,"enemies":"Cultist","floor":11.0,"turns":3.0},{"damage":0.0,"enemies":"Jaw Worm","floor":12.0,"turns":3.0},{"damage":12.0,"enemies":"3 Sentries","floor":13.0,"turns":6.0},{"damage":61,"enemies":"Hexaghost","floor":16,"turns":9}],"seed_played":"-3960575908667727009","potions_obtained":[{"floor":6.0,"key":"EssenceOfSteel"},{"floor":12.0,"key":"PowerPotion"}],"is_trial":false,"path_per_floor":["M","?","$","T","?","E","R","E","T","R","M","M","E","?","R","B"],"character_chosen":"DEFECT","items_purchased":[],"campfire_rested":0,"item_purchase_floors":[],"current_hp_per_floor":[64,64,64,64,64,66,66,68,68,68,70,71,59,59,59,35,35],"gold":131,"neow_bonus":"THREE_ENEMY_KILL","is_daily":false,"chose_seed":false,"campfire_upgraded":3,"win_rate":0.0,"timestamp":1613935290,"path_taken":["M","?","$","?","?","E","R","E","T","R","M","M","E","?","R","BOSS"],"items_purchased_type":[],"build_version":"2020-12-22","purchased_purges":1,"victory":false,"max_hp_per_floor":[71,71,71,71,71,71,71,71,71,71,71,71,71,71,71,71,71],"relic_stats":{"Blood Vial":9,"Lizard Tail":35,"Centennial Puzzle":[6],"counters":[7,24],"obtain_stats":[{"Blood Vial":4,"Lizard Tail":6,"Centennial Puzzle":8,"NeowsBlessing":0,"Oddly Smooth Stone":9,"Frozen Egg 2":13,"Cracked Core":0},{"Blood Vial":1,"Lizard Tail":2,"Centennial Puzzle":3,"NeowsBlessing":0,"Oddly Smooth Stone":3,"Frozen Egg 2":6,"Cracked Core":0},{"Blood Vial":1,"Lizard Tail":2,"Centennial Puzzle":3,"NeowsBlessing":0,"Oddly Smooth Stone":3,"Frozen Egg 2":15,"Cracked Core":0}]},"card_choices":[{"not_picked":["Loop","Ball Lightning"],"picked":"Sweeping Beam","floor":1.0},{"not_picked":["Coolheaded","Cold Snap"],"picked":"Gash","floor":6.0},{"not_picked":["Consume","Compile Driver"],"picked":"Fusion","floor":8.0},{"not_picked":["Leap","Chill","Compile Driver"],"picked":"SKIP","floor":11.0},{"not_picked":["Go for the Eyes","Force Field"],"picked":"BootSequence","floor":12.0},{"not_picked":["Biased Cognition+1","Conserve Battery","Multi-Cast"],"picked":"SKIP","floor":13.0}],"player_experience":1113770,"relics_obtained":[{"floor":4.0,"key":"Blood Vial"},{"floor":6.0,"key":"Lizard Tail"},{"floor":8.0,"key":"Centennial Puzzle"},{"floor":9.0,"key":"Oddly Smooth Stone"},{"floor":13.0,"key":"Frozen Egg 2"}],"event_choices":[{"damage_healed":0.0,"max_hp_gain":0.0,"max_hp_loss":0.0,"gold_gain":0.0,"cards_transformed":["Defend_B"],"event_name":"Transmorgrifier","player_choice":"Transformed","floor":2.0,"gold_loss":0.0,"damage_taken":0.0,"cards_obtained":["Rip and Tear"]},{"cards_removed":["Strike_B"],"damage_healed":0.0,"max_hp_gain":0.0,"max_hp_loss":0.0,"gold_gain":0.0,"event_name":"The Cleric","player_choice":"Card Removal","floor":5.0,"gold_loss":75.0,"damage_taken":0.0},{"damage_healed":0,"gold_gain":0,"cards_transformed":["Strike_B"],"player_choice":"Change","damage_taken":0,"max_hp_gain":0,"max_hp_loss":0,"event_name":"Living Wall","floor":14,"gold_loss":0,"cards_obtained":["Chaos"]}],"is_beta":false,"boss_relics":[],"items_purged_floors":[3],"is_endless":false,"potions_floor_spawned":[6,12],"killed_by":"Hexaghost","ascension_level":15}}