{"host":"7j2n82b2zha9fuyn","time":1613939367,"event":{"mods":["BaseMod","Block Reminder","Minty Spire (QoL Compilation)","StSLib"],"gold_per_floor":[19,39,51,51,68,68,88,88,88,115,126,126,154,172,172,249,249,261,261,280,297,9,9,21,111,111,111,111],"floor_reached":27,"language":"ENG","playtime":1951,"items_purged":[],"score":504,"play_id":"bbd2fb25-4870-4316-afe9-bc145ea8663e","local_time":"20210221132927","is_ascension_mode":true,"campfire_choices":[{"data":"Dash","floor":6.0,"key":"SMITH"},{"data":"Noxious Fumes","floor":8.0,"key":"SMITH"},{"floor":12,"key":"REST"},{"data":"Catalyst","floor":15,"key":"SMITH"},{"floor":23,"key":"REST"}],"circlet_count":0,"master_deck":["AscendersBane","Strike_G","Strike_G","Strike_G","Strike_G","Defend_G","Defend_G","Defend_G","Defend_G","Defend_G","Survivor","Neutralize","Panache","Riddle With Holes","Dash+1","Flying Knee","Deflect","Noxious Fumes+1","Catalyst+1","Bane","Phantasmal Killer","Blade Dance+1","Slice","Calculated Gamble"],"relics":["Ring of the Snake","Ninja Scroll","Question Card","Mercury Hourglass","Busted Crown","Meat on the Bone","Mango"],"acts_visited":["Exordium","TheCity"],"potions_floor_usage":[10,16,16,27],"damage_taken":[{"damage":22.0,"enemies":"Cultist","floor":1.0,"turns":6.0},{"damage":5.0,"enemies":"2 Louse","floor":2.0,"turns":4.0},{"damage":0.0,"enemies":"Small Slimes","floor":3.0,"turns":4.0},{"damage":9.0,"enemies":"2 Fungi Beasts","floor":5.0,"turns":4.0},{"damage":0.0,"enemies":"3 Louse","floor":7.0,"turns":5.0},{"damage":8,"enemies":"Lagavulin","floor":10,"turns":5},{"damage":0,"enemies":"Gremlin Gang","floor":11,"turns":2},{"damage":8,"enemies":"3 Sentries","floor":13,"turns":6},{"damage":0,"enemies":"Blue Slaver","floor":14,"turns":3},{"damage":20,"enemies":"The Guardian","floor":16,"turns":8},{"damage":2,"enemies":"3 Byrds","floor":18,"turns":4},{"damage":6,"enemies":"2 Thieves","floor":20,"turns":2},{"damage":40,"enemies":"Sentry and Sphere","floor":21,"turns":6},{"damage":7,"enemies":"3 Cultists","floor":24,"turns":4},{"damage":54,"enemies":"Book of Stabbing","floor":27,"turns":5}],"seed_played":"-1735807696451724630","potions_obtained":[{"floor":5.0,"key":"SteroidPotion"},{"floor":10,"key":"Fire Potion"},{"floor":11,"key":"DuplicationPotion"},{"floor":16,"key":"GamblersBrew"},{"floor":18,"key":"FairyPotion"}],"is_trial":false,"path_per_floor":["M","M","M","?","M","R","M","R","T","E","M","R","E","M","R","B",null,"M","?","M","M","$","R","M","?","T","E"],"character_chosen":"THE_SILENT","items_purchased":["Meat on the Bone"],"campfire_rested":2,"item_purchase_floors":[22],"current_hp_per_floor":[37,32,32,32,23,23,23,23,23,15,15,34,26,26,26,6,51,49,49,43,3,3,22,27,15,29,0,0],"gold":111,"neow_bonus":"RANDOM_COLORLESS_2","is_daily":false,"chose_seed":false,"campfire_upgraded":3,"win_rate":0.0,"timestamp":1613939367,"path_taken":["M","?","M","?","M","R","M","R","T","E","M","R","E","M","R","BOSS","M","?","?","M","?","R","?","?","T","E"],"items_purchased_type":["Relic"],"build_version":"2020-12-22","purchased_purges":0,"victory":false,"max_hp_per_floor":[66,66,66,66,66,66,66,66,66,66,66,66,66,66,66,66,66,66,66,66,66,66,66,66,66,80,80,80],"card_choices":[{"not_picked":["Sadistic Nature","Secret Weapon"],"picked":"Panache","floor":0.0},{"not_picked":["Deflect","Dodge and Roll"],"picked":"Riddle With Holes","floor":1.0},{"not_picked":["Dodge and Roll","Underhanded Strike"],"picked":"Dash","floor":2.0},{"not_picked":["Bane","Prepared"],"picked":"Flying Knee","floor":3.0},{"not_picked":["Predator","Setup"],"picked":"Deflect","floor":5.0},{"not_picked":["Riddle With Holes","Backflip"],"picked":"Noxious Fumes","floor":7.0},{"not_picked":["Endless Agony","Blur"],"picked":"Catalyst","floor":10},{"not_picked":["Quick Slash","Reflex","Sucker Punch","Acrobatics"],"picked":"SKIP","floor":11},{"not_picked":["Predator","Bullet Time","Terror"],"picked":"Bane","floor":13},{"not_picked":["Underhanded Strike","Deflect","Flying Knee","Acrobatics"],"picked":"SKIP","floor":14},{"not_picked":["A Thousand Cuts","Bullet Time","Venomology"],"picked":"Phantasmal Killer","floor":16},{"not_picked":["Quick Slash"],"picked":"Blade Dance+1","floor":18},{"not_picked":["Setup+1"],"picked":"Slice","floor":20},{"not_picked":["Outmaneuver"],"picked":"Calculated Gamble","floor":21},{"not_picked":["All Out Attack","Backstab"],"picked":"SKIP","floor":24}],"player_experience":2088990,"relics_obtained":[{"floor":9.0,"key":"Ninja Scroll"},{"floor":10,"key":"Question Card"},{"floor":13,"key":"Mercury Hourglass"},{"floor":26,"key":"Mango"}],"event_choices":[{"damage_healed":0.0,"max_hp_gain":0.0,"max_hp_loss":0.0,"gold_gain":0.0,"cards_transformed":["Strike_G"],"event_name":"Living Wall","player_choice":"Change","floor":4.0,"gold_loss":0.0,"damage_taken":0.0,"cards_obtained":["Setup"]},{"cards_removed":["Setup"],"damage_healed":0,"gold_gain":0,"player_choice":"Purged","damage_taken":0,"max_hp_gain":0,"max_hp_loss":0,"event_name":"Purifier","floor":19,"gold_loss":0},{"damage_healed":0,"gold_gain":90,"player_choice":"GOLD ","damage_taken":12,"max_hp_gain":0,"max_hp_loss":0,"event_name":"Knowing Skull","floor":25,"potions_obtained":[],"gold_loss":0,"cards_obtained":[]}],"is_beta":false,"boss_relics":[{"not_picked":["Sozu","SlaversCollar"],"picked":"Busted Crown"}],"items_purged_floors":[],"is_endless":false,"potions_floor_spawned":[5,10,11,14,16,18,24],"killed_by":"Book of Stabbing","ascension_level":20}}