{"host":"lrlpjk0euiz9m2wl","time":1613915362,"event":{"mods":["AchievementEnabler","BaseMod","BetterRewards","Minty Spire (QoL Compilation)","StSLib"],"gold_per_floor":[115,132,147,164,180,206,206,219,219,294,309,338,356,369,369,474,474,486,401,401,401],"floor_reached":20,"language":"ENG","playtime":1598,"items_purged":["Strike_B"],"score":190,"play_id":"7ec8505d-be10-41b2-9ad8-e57d7dba1036","local_time":"20210221144922","is_ascension_mode":false,"campfire_choices":[{"floor":7.0,"key":"RECALL"},{"floor":15,"key":"REST"}],"circlet_count":0,"master_deck":["Strike_B","Strike_B","Strike_B","Defend_B","Defend_B","Defend_B","Defend_B","Zap","Dualcast","Hello World","Capacitor","Loop","Tempest","Static Discharge","Machine Learning","Coolheaded","Capacitor","Tempest","Buffer","Storm"],"relics":["FrozenCore","Thread and Needle","Strange Spoon","Blood Vial","Pantograph","Boot","Matryoshka","Pocketwatch","InkBottle"],"acts_visited":["Exordium","TheCity"],"potions_floor_usage":[14],"damage_taken":[{"damage":5.0,"enemies":"2 Louse","floor":1.0,"turns":2.0},{"damage":1.0,"enemies":"Small Slimes","floor":2.0,"turns":3.0},{"damage":0.0,"enemies":"Cultist","floor":3.0,"turns":4.0},{"damage":3.0,"enemies":"Blue Slaver","floor":4.0,"turns":5.0},{"damage":3.0,"enemies":"Looter","floor":5.0,"turns":4.0},{"damage":36.0,"enemies":"3 Sentries","floor":6.0,"turns":7.0},{"damage":6.0,"enemies":"Exordium Wildlife","floor":8.0,"turns":5.0},{"damage":5.0,"enemies":"Gremlin Gang","floor":11.0,"turns":4.0},{"damage":9.0,"enemies":"Lagavulin","floor":12.0,"turns":6.0},{"damage":8,"enemies":"3 Louse","floor":13,"turns":3},{"damage":5,"enemies":"2 Fungi Beasts","floor":14,"turns":4},{"damage":26,"enemies":"The Guardian","floor":16,"turns":11},{"damage":14,"enemies":"3 Byrds","floor":18,"turns":4},{"damage":59,"enemies":"Masked Bandits","floor":20,"turns":4}],"seed_played":"8339394530916353862","potions_obtained":[{"floor":2.0,"key":"Strength Potion"},{"floor":3.0,"key":"FearPotion"},{"floor":4.0,"key":"Fire Potion"},{"floor":11.0,"key":"EssenceOfSteel"},{"floor":16,"key":"SmokeBomb"}],"is_trial":false,"path_per_floor":["M","M","M","M","M","E","R","M","T","?","M","E","M","M","R","B",null,"M","?","?"],"character_chosen":"DEFECT","items_purchased":["Hello World","Strange Spoon","Blood Vial","Pantograph"],"campfire_rested":1,"item_purchase_floors":[0,0,0,0],"current_hp_per_floor":[70,71,73,72,71,37,37,33,33,22,19,12,6,3,25,26,75,61,61,4,4],"gold":401,"neow_bonus":"","is_daily":false,"chose_seed":false,"campfire_upgraded":0,"win_rate":0.0,"timestamp":1613915362,"path_taken":["M","M","M","M","M","E","R","M","T","?","M","E","M","M","R","BOSS","M","?","?"],"items_purchased_type":["Card","Relic","Relic","Relic"],"build_version":"2020-12-22","purchased_purges":1,"victory":false,"max_hp_per_floor":[75,75,75,75,75,75,75,75,75,75,75,75,75,75,75,75,75,75,75,75,75],"card_choices":[{"not_picked":["Scrape","Cold Snap"],"picked":"Capacitor","floor":1.0},{"not_picked":["Go for the Eyes","Rebound"],"picked":"Loop","floor":2.0},{"not_picked":["Compile Driver","Barrage","Redo"],"picked":"SKIP","floor":3.0},{"not_picked":["Stack","Compile Driver","Redo"],"picked":"SKIP","floor":4.0},{"not_picked":["Sunder","Streamline"],"picked":"Tempest","floor":5.0},{"not_picked":["Steam Power","Reprogram","Gash"],"picked":"SKIP","floor":6.0},{"not_picked":["Ball Lightning","Chaos"],"picked":"Static Discharge","floor":8.0},{"not_picked":["Coolheaded","Turbo"],"picked":"Machine Learning","floor":11.0},{"not_picked":["Hologram","Gash"],"picked":"Coolheaded","floor":12.0},{"not_picked":["Stack","Coolheaded"],"picked":"Capacitor","floor":13},{"not_picked":["Recycle","All For One"],"picked":"Tempest","floor":14},{"not_picked":["Seek","Biased Cognition"],"picked":"Buffer","floor":16},{"not_picked":["Go for the Eyes","Capacitor+1"],"picked":"Storm","floor":18}],"player_experience":109101,"relics_obtained":[{"floor":6.0,"key":"Boot"},{"floor":9.0,"key":"Matryoshka"},{"floor":12.0,"key":"Pocketwatch"}],"event_choices":[{"damage_healed":0.0,"max_hp_gain":0.0,"max_hp_loss":0.0,"gold_gain":75.0,"event_name":"World of Goop","player_choice":"Gather Gold","floor":10.0,"gold_loss":0.0,"damage_taken":11.0},{"damage_healed":0,"gold_gain":0,"player_choice":"Obtained Relic","damage_taken":0,"relics_obtained":["InkBottle"],"max_hp_gain":0,"max_hp_loss":0,"event_name":"Addict","floor":19,"gold_loss":85},{"damage_healed":0,"gold_gain":0,"player_choice":"Fought Bandits","damage_taken":0,"max_hp_gain":0,"max_hp_loss":0,"event_name":"Masked Bandits","floor":20,"gold_loss":0}],"is_beta":false,"boss_relics":[{"not_picked":["Coffee Dripper","Astrolabe"],"picked":"FrozenCore"}],"items_purged_floors":[0],"is_endless":false,"potions_floor_spawned":[2,3,4,5,11,16,18],"killed_by":"Masked Bandits","ascension_level":0}}