{"host":"iodn1af76021fjto","time":1613940411,"event":{"mods":["AchievementEnabler","BaseMod","BetterRewards","Colored Map","Downfall","Hermit","Infinite Spire","Jorbs\u0027s Wanderer Trilogy","Minty Spire (QoL Compilation)","Quick Restart","StSLib","SuperFastMode","The Cursed","The Hierophant","The Jungle","The Runesmith","The Servant 0.9.4"],"gold_per_floor":[99,115,128,148,148,61,61,94,109,136,155,169,198,215,225,225,225,225],"floor_reached":16,"language":"ENG","playtime":1143,"items_purged":[],"score":151,"play_id":"7b53e6d7-51cc-40e4-9b0f-8fe3345871de","local_time":"20210221154651","is_ascension_mode":false,"campfire_choices":[{"data":"hexamod:Float","floor":1,"key":"SMITH"}],"circlet_count":0,"master_deck":["hexamod:Strike","hexamod:Strike","hexamod:Strike","hexamod:Defend","hexamod:Defend","hexamod:Defend","hexamod:Defend","hexamod:Sear","hexamod:Float+1","hexamod:ThermalTransfer","hexamod:GhostOfSpirePast","hexamod:BacktrackSmack","hexamod:HeatMetal","hexamod:PhantomFireball","hexamod:EmpoweredFlame","hexamod:HeatMetal","hexamod:Rewind","hexamod:GhostflameBarrier","hexamod:BurningTouch","hexamod:Firestarter","hexamod:HeatShield"],"relics":["hexamod:SpiritBrand","Darkstone Periapt","The Courier","Pear","InkBottle"],"acts_visited":["Exordium"],"potions_floor_usage":[13,13],"damage_taken":[{"damage":0,"enemies":"Cultist","floor":2,"turns":3},{"damage":4,"enemies":"2 Louse","floor":3,"turns":3},{"damage":7,"enemies":"infinitespire:Voidling","floor":4,"turns":3},{"damage":0,"enemies":"downfall:FleeingMerchant","floor":6,"turns":4},{"damage":8,"enemies":"Gremlin Nob","floor":8,"turns":4},{"damage":5,"enemies":"downfall:LooterAlt","floor":9,"turns":3},{"damage":24,"enemies":"Lagavulin","floor":10,"turns":6},{"damage":12,"enemies":"Exordium Thugs","floor":11,"turns":4},{"damage":9,"enemies":"Exordium Wildlife","floor":12,"turns":6},{"damage":4,"enemies":"3 Sentries","floor":13,"turns":7},{"damage":0,"enemies":"Blue Slaver","floor":14,"turns":3},{"damage":9,"enemies":"3 Louse","floor":15,"turns":5},{"damage":21,"enemies":"IC_STATUS_ARCHETYPE","floor":16,"turns":4}],"seed_played":"1189918912447858204","potions_obtained":[{"floor":2,"key":"BlessingOfTheForge"},{"floor":9,"key":"Swift Potion"},{"floor":11,"key":"Ancient Potion"},{"floor":13,"key":"GamblersBrew"}],"is_trial":false,"path_per_floor":["R","M","M","M","?","$","T","E","M","E","M","M","E","M","M","B"],"character_chosen":"THE_SPIRIT","items_purchased":["hexamod:PhantomFireball"],"campfire_rested":0,"item_purchase_floors":[6],"current_hp_per_floor":[77,77,73,70,70,70,70,62,57,43,31,22,18,18,9,0,0,0],"gold":225,"neow_bonus":"TEN_PERCENT_HP_BONUS","is_daily":false,"chose_seed":false,"campfire_upgraded":1,"win_rate":0.0,"timestamp":1613940411,"path_taken":["R","M","M","?","?","$","T","E","M","E","M","?","E","M","M","BOSS"],"items_purchased_type":["Card"],"build_version":"2020-12-22","purchased_purges":0,"victory":false,"max_hp_per_floor":[77,77,77,77,77,77,77,77,77,87,87,87,87,87,87,87,87,87],"card_choices":[{"not_picked":["hexamod:HeatMetal","hexamod:FastForward"],"picked":"hexamod:ThermalTransfer","floor":2},{"not_picked":["hexamod:Rewind","hexamod:NightmareStrike"],"picked":"hexamod:GhostOfSpirePast","floor":3},{"not_picked":["hexamod:Hexaguard","hexamod:SpectralAdrenaline"],"picked":"hexamod:BacktrackSmack","floor":4},{"not_picked":["hexamod:ShieldOfDarkness","hexamod:RecurringNightmare"],"picked":"hexamod:HeatMetal","floor":6},{"not_picked":["hexamod:HeatMetal","hexamod:GhostLash"],"picked":"hexamod:EmpoweredFlame","floor":8},{"not_picked":["hexamod:FirstSeal","hexamod:SwordOfDarkness"],"picked":"hexamod:HeatMetal","floor":9},{"not_picked":["hexamod:ThirdSeal","hexamod:NightmareGuise"],"picked":"hexamod:Rewind","floor":10},{"not_picked":["hexamod:Incineration","hexamod:SkipABeat"],"picked":"hexamod:GhostflameBarrier","floor":11},{"not_picked":["hexamod:BacktrackSmack","hexamod:FirstSeal"],"picked":"hexamod:BurningTouch","floor":12},{"not_picked":["hexamod:PowerFromBeyond","hexamod:ShieldOfDarkness"],"picked":"hexamod:Firestarter","floor":13},{"not_picked":["hexamod:RetreatToShadows","hexamod:InspiringFlames","hexamod:HeatMetal"],"picked":"SKIP","floor":14},{"not_picked":["hexamod:GhostflameBarrier","hexamod:SpectersWail"],"picked":"hexamod:HeatShield","floor":15}],"player_experience":284252,"relics_obtained":[{"floor":7,"key":"Darkstone Periapt"},{"floor":8,"key":"The Courier"},{"floor":10,"key":"Pear"},{"floor":13,"key":"InkBottle"}],"event_choices":[],"is_beta":false,"boss_relics":[],"items_purged_floors":[],"is_endless":false,"potions_floor_spawned":[2,9,11,12,13],"killed_by":"IC_STATUS_ARCHETYPE","ascension_level":0}}