{"host":"zxd2l8an9de7z7b9","time":1613931913,"event":{"mods":["100% Spire Juice","2.2 Compatiblity","AchievementEnabler","BaseMod","CapriCore","Colored Map","Colored Powertips","Marisa£¨Ùöéë¡¡Øª×âÞÞ£©","Minty Spire (QoL Compilation)","Rare Cards Sparkle","StSLib","SuperFastMode","Td1madao Mod","everything is the same but u backflip on backflip"],"gold_per_floor":[117,117,133,133,153,153,153,153,177,201,276,276,292,308,308,308,308],"floor_reached":16,"language":"KOR","playtime":248,"items_purged":[],"score":92,"play_id":"b46ca722-cecb-4000-a3b5-9298f406a81a","local_time":"20210222032513","is_ascension_mode":false,"campfire_choices":[{"floor":7,"key":"DIG"},{"floor":15,"key":"REST"}],"circlet_count":0,"master_deck":["Strike_B","Strike_B","Strike_B","Defend_B","Defend_B","Defend_B+1","Defend_B+1","Zap","Dualcast+1","Rip and Tear","Double Energy","Sunder+1","Genetic Algorithm","Turbo"],"relics":["Cracked Core","Golden Idol","Shovel","Juzu Bracelet","Pen Nib"],"acts_visited":["Exordium"],"potions_floor_usage":[14,16,16],"damage_taken":[{"damage":6,"enemies":"2 Louse","floor":1,"turns":2},{"damage":0,"enemies":"Cultist","floor":3,"turns":2},{"damage":6,"enemies":"Jaw Worm","floor":5,"turns":2},{"damage":2,"enemies":"Looter","floor":10,"turns":2},{"damage":0,"enemies":"Large Slime","floor":13,"turns":2},{"damage":5,"enemies":"3 Louse","floor":14,"turns":3},{"damage":32,"enemies":"Slime Boss","floor":16,"turns":7}],"seed_played":"-2529917615494650427","potions_obtained":[{"floor":1,"key":"GamblersBrew"},{"floor":5,"key":"Weak Potion"},{"floor":13,"key":"SneckoOil"}],"is_trial":false,"path_per_floor":["M","?","M","?","M","T","R","?","T","M","?","?","M","M","R","B"],"character_chosen":"DEFECT","items_purchased":[],"campfire_rested":1,"item_purchase_floors":[],"current_hp_per_floor":[69,69,69,51,45,45,45,30,30,28,17,17,17,12,34,2,2],"gold":308,"neow_bonus":"UPGRADE_CARD","is_daily":false,"chose_seed":false,"campfire_upgraded":0,"win_rate":0.0,"timestamp":1613931913,"path_taken":["M","?","?","?","M","?","R","?","T","M","?","?","M","M","R","BOSS"],"items_purchased_type":[],"build_version":"2020-12-22","purchased_purges":0,"victory":false,"max_hp_per_floor":[75,75,75,75,75,75,75,75,75,75,75,75,75,75,75,75,75],"card_choices":[{"not_picked":["Auto Shields","Stack"],"picked":"Rip and Tear","floor":1},{"not_picked":["Blizzard","Consume","Coolheaded"],"picked":"SKIP","floor":3},{"not_picked":["Self Repair","Redo"],"picked":"Double Energy","floor":5},{"not_picked":["Ball Lightning","Hello World"],"picked":"Sunder","floor":10},{"not_picked":["Cold Snap","Stack"],"picked":"Genetic Algorithm","floor":13},{"not_picked":["Capacitor","Ball Lightning"],"picked":"Turbo","floor":14}],"player_experience":432449,"relics_obtained":[{"floor":6,"key":"Shovel"},{"floor":7,"key":"Juzu Bracelet"},{"floor":9,"key":"Pen Nib"}],"event_choices":[{"cards_removed":["Strike_B"],"damage_healed":0,"gold_gain":0,"player_choice":"Purged","damage_taken":0,"max_hp_gain":0,"max_hp_loss":0,"event_name":"Purifier","floor":2,"gold_loss":0},{"damage_healed":0,"gold_gain":0,"player_choice":"Take Damage","damage_taken":18,"relics_obtained":["Golden Idol"],"max_hp_gain":0,"max_hp_loss":0,"event_name":"Golden Idol","floor":4,"gold_loss":0},{"damage_healed":0,"gold_gain":0,"player_choice":"Entered Light","damage_taken":15,"max_hp_gain":0,"max_hp_loss":0,"event_name":"Shining Light","floor":8,"gold_loss":0,"cards_upgraded":["Defend_B","Defend_B"]},{"damage_healed":0,"gold_gain":75,"player_choice":"Gather Gold","damage_taken":11,"max_hp_gain":0,"max_hp_loss":0,"event_name":"World of Goop","floor":11,"gold_loss":0},{"damage_healed":0,"gold_gain":0,"player_choice":"Forge","damage_taken":0,"max_hp_gain":0,"max_hp_loss":0,"event_name":"Accursed Blacksmith","floor":12,"gold_loss":0,"cards_upgraded":["Sunder"]}],"is_beta":false,"boss_relics":[],"items_purged_floors":[],"is_endless":false,"potions_floor_spawned":[1,5,13],"killed_by":"Slime Boss","ascension_level":0}}