{"host":"g3js2eermvvpeiqn","time":1613902587,"event":{"mods":["BaseMod","DeckTracker","Downfall","Minty Spire (QoL Compilation)","Quick Restart","StSLib"],"gold_per_floor":[16,32,32,45,45,45,70,113,138,187,16,16,16,68,68,171,171,194,194,194,109,109,109,149,74,98,98,98],"floor_reached":27,"language":"ENG","playtime":735,"items_purged":["Strike_P"],"score":570,"play_id":"bb6562ca-6603-4b32-9161-a31f564519be","local_time":"20210221041627","is_ascension_mode":true,"campfire_choices":[{"data":"Tantrum","floor":6,"key":"SMITH"},{"data":"Judgement","floor":12,"key":"SMITH"},{"data":"Consecrate","floor":15,"key":"SMITH"},{"data":"Tantrum","floor":23,"key":"SMITH"}],"circlet_count":0,"master_deck":["AscendersBane","Strike_P","Strike_P","Defend_P","Defend_P","Defend_P","Eruption","Vigilance","Consecrate+1","Tantrum+1","Halt","Protect","Judgement+1","Omniscience","Vault","Tantrum+1"],"relics":["PureWater","Golden Idol","CeramicFish","Odd Mushroom","Juzu Bracelet","Tiny Chest","Bag of Marbles","Pocketwatch","Darkstone Periapt","Snecko Eye","CloakClasp","Kunai","Bird Faced Urn","Anchor"],"acts_visited":["Exordium","TheCity"],"potions_floor_usage":[14,18],"damage_taken":[{"damage":4,"enemies":"Jaw Worm","floor":1,"turns":3},{"damage":0,"enemies":"Cultist","floor":2,"turns":2},{"damage":3,"enemies":"2 Louse","floor":4,"turns":3},{"damage":21,"enemies":"Exordium Wildlife","floor":7,"turns":4},{"damage":7,"enemies":"The Mushroom Lair","floor":8,"turns":3},{"damage":3,"enemies":"3 Sentries","floor":10,"turns":3},{"damage":20,"enemies":"Gremlin Nob","floor":14,"turns":3},{"damage":0,"enemies":"Slime Boss","floor":16,"turns":7},{"damage":6,"enemies":"3 Byrds","floor":18,"turns":3},{"damage":35,"enemies":"Book of Stabbing","floor":24,"turns":4},{"damage":16,"enemies":"Slavers","floor":27,"turns":1}],"seed_played":"-2991128936292322253","potions_obtained":[{"floor":2,"key":"sneckomod:MuddlingPotion"},{"floor":7,"key":"LiquidBronze"},{"floor":8,"key":"sneckomod:MuddlingPotion"},{"floor":10,"key":"Swift Potion"}],"is_trial":false,"path_per_floor":["M","M","?","M","?","R","M","?","T","E","$","R","T","E","R","B",null,"M","?","T","?","?","R","E","$","T","E"],"character_chosen":"WATCHER","items_purchased":["Bag of Marbles"],"campfire_rested":0,"item_purchase_floors":[11],"current_hp_per_floor":[57,57,57,54,54,54,33,26,26,23,23,23,23,3,3,3,47,41,41,41,41,41,41,6,6,6,0,0],"gold":98,"neow_bonus":"REMOVE_TWO","is_daily":false,"chose_seed":false,"campfire_upgraded":4,"win_rate":0.0,"timestamp":1613902587,"path_taken":["M","M","?","M","?","R","?","?","T","E","?","R","?","E","R","BOSS","M","?","?","?","?","R","E","$","T","E"],"items_purchased_type":["Relic"],"build_version":"2020-12-22","purchased_purges":1,"victory":false,"max_hp_per_floor":[68,68,62,62,62,62,62,62,62,62,62,62,62,62,62,62,62,62,62,62,62,62,62,62,62,62,62,62],"card_choices":[{"not_picked":["Weave","ForeignInfluence"],"picked":"Consecrate","floor":1},{"not_picked":["Consecrate","ThirdEye"],"picked":"Tantrum","floor":2},{"not_picked":["PathToVictory","ClearTheMind"],"picked":"Halt","floor":4},{"not_picked":["Wireheading","SashWhip","Crescendo"],"picked":"SKIP","floor":7},{"not_picked":["Pray","WindmillStrike"],"picked":"Protect","floor":8},{"not_picked":["InnerPeace","CutThroughFate"],"picked":"Judgement","floor":10},{"not_picked":["Protect","EmptyBody"],"picked":"Omniscience","floor":14},{"not_picked":["Judgement","Brilliance"],"picked":"Vault","floor":16},{"not_picked":["ForeignInfluence","SignatureMove"],"picked":"Tantrum","floor":18},{"not_picked":["Prostrate","JustLucky","DeceiveReality"],"picked":"SKIP","floor":24}],"player_experience":1542960,"relics_obtained":[{"floor":8,"key":"Odd Mushroom"},{"floor":9,"key":"Juzu Bracelet"},{"floor":10,"key":"Tiny Chest"},{"floor":13,"key":"Pocketwatch"},{"floor":14,"key":"Darkstone Periapt"},{"floor":20,"key":"CloakClasp"},{"floor":24,"key":"Bird Faced Urn"},{"floor":26,"key":"Anchor"}],"event_choices":[{"damage_healed":0,"gold_gain":0,"player_choice":"Lose Max HP","damage_taken":0,"relics_obtained":["Golden Idol"],"max_hp_gain":0,"max_hp_loss":6,"event_name":"Golden Idol","floor":3,"gold_loss":0},{"damage_healed":0,"gold_gain":0,"player_choice":"Gave Potion","damage_taken":0,"relics_obtained":["CeramicFish"],"max_hp_gain":0,"max_hp_loss":0,"event_name":"WeMeetAgain","floor":5,"gold_loss":0},{"damage_healed":0,"gold_gain":0,"player_choice":"Fought Mushrooms","damage_taken":0,"max_hp_gain":0,"max_hp_loss":0,"event_name":"Mushrooms","floor":8,"gold_loss":0},{"damage_healed":0,"gold_gain":0,"player_choice":"Ignored","damage_taken":0,"max_hp_gain":0,"max_hp_loss":0,"event_name":"The Mausoleum","floor":19,"gold_loss":0},{"damage_healed":0,"gold_gain":0,"player_choice":"Obtained Relic","damage_taken":0,"relics_obtained":["Kunai"],"max_hp_gain":0,"max_hp_loss":0,"event_name":"Addict","floor":21,"gold_loss":85},{"damage_healed":0,"gold_gain":0,"player_choice":"Ignored","damage_taken":0,"max_hp_gain":0,"max_hp_loss":0,"event_name":"Ghosts","floor":22,"gold_loss":0}],"is_beta":false,"boss_relics":[{"not_picked":["Fusion Hammer","Philosopher\u0027s Stone"],"picked":"Snecko Eye"}],"items_purged_floors":[25],"is_endless":false,"potions_floor_spawned":[2,7,8,10],"killed_by":"Slavers","ascension_level":20}}