{"host":"6vlgvs18q6xl6x95","time":1613927621,"event":{"mods":["BaseMod","Colored Powertips","Downfall","HololiveMod","Lobotomy","LobotomyExtend","Minty Spire (QoL Compilation)","Quick Restart","Replay The Spire","Shop Mod","StSLib","The Animator","WarShipGirlsR/战舰少女R mod","[IsaacMod]以撒尖塔","noobMod"],"gold_per_floor":[83,96,110,123,140,172,172,200,200,200,218,218,228,240,240,341,341,341,112,126,126,139,168,179,179,179,197,209,228,247,280,280,379,379,396,411,422,472,472,499,499,512,512,529,583,583,597,607,607,607,607],"floor_reached":50,"language":"ZHS","playtime":2624,"items_purged":[],"score":809,"play_id":"cef5fd74-3b62-46a1-af17-be39830f27b8","local_time":"20210222011341","is_ascension_mode":false,"campfire_choices":[{"floor":7,"key":"RECALL"},{"data":"Hololive_CallOkamiMio","floor":10,"key":"SMITH"},{"data":"Hololive_DDD","floor":12,"key":"SMITH"},{"data":"Hololive_CallOkamiMio","floor":15,"key":"SMITH"},{"data":"Pot Of Greed","floor":25,"key":"SMITH"},{"data":"Hololive_CallYuzukiChoco","floor":32,"key":"SMITH"},{"data":"Pot Of Greed","floor":41,"key":"SMITH"},{"data":"Pot Of Greed","floor":46,"key":"SMITH"},{"data":"Pot Of Greed","floor":49,"key":"SMITH"}],"circlet_count":0,"master_deck":["Hololive_CallOkamiMio+1","Hololive_CallOzoraSubaru","Hololive_CallMinatoAqua","Hololive_CallShirakamiFubuki","Hololive_CallNakiriAyame","Hololive_CallMurasakiShion","Hololive_CallAkaiHaato","Hololive_Strike","Hololive_Defend","Hololive_CallFriendA","Hololive_CallYogiri","Hololive_DDD+1","Hololive_CallDoris","Hololive_CallRosalyn","Hololive_Spy","Hololive_CallAZKi","Hololive_CallInugamiKorone","Hololive_CallOkamiMio+1","Hololive_DurableLive","Pot Of Greed+1","Pot Of Greed+1","Hololive_CallShishiroBotan","Hololive_ILoveYou","Pot Of Greed+1","Hololive_ScarfAndHalo","Hololive_CallYukihanaLamy","Hololive_CallYuzukiChoco+1","Hololive_CallAyundaRisu+1","Hololive_CallAkiRosenthal+1","Hololive_AWSL","Hololive_CallShiroganeNoel","Hololive_CallYozoraMel","Hololive_MaximGun","Hololive_Breathe","Pot Of Greed+1","Hololive_CallUruhaRushia","Hololive_CallKiryuuCoco","Hololive_CocoNews","Hololive_StrengthChampion"],"relics":["Hololive_TheStar","HushsDoor","Hololive_Kindergarten","ice","Void","CogitoBucket","LetterFromLob","Oddly Smooth Stone","Black Star","GuppysCollar","Membership Card","Grinning Jar","MoneyPower","AtMidnight","Tiny Chest","Replay:Bottled Eggs","Replay:Drink Me","GuppysHead","Replay:PocketPolymizer","EdensBlessing","Pocketwatch","Counterbalance"],"acts_visited":["Exordium","TheCity","TheBeyond"],"potions_floor_usage":[24,24],"damage_taken":[{"damage":66,"enemies":"Cultist","floor":1,"turns":10},{"damage":0,"enemies":"Small Slimes","floor":2,"turns":1},{"damage":0,"enemies":"Jaw Worm","floor":3,"turns":1},{"damage":0,"enemies":"Large Slime","floor":4,"turns":1},{"damage":0,"enemies":"Blue Slaver","floor":5,"turns":1},{"damage":0,"enemies":"3 Sentries","floor":6,"turns":2},{"damage":0,"enemies":"Gremlin Nob","floor":8,"turns":2},{"damage":6,"enemies":"3 Louse","floor":11,"turns":3},{"damage":0,"enemies":"Looter","floor":13,"turns":1},{"damage":0,"enemies":"Blue Slaver","floor":14,"turns":2},{"damage":0,"enemies":"Slime Boss","floor":16,"turns":2},{"damage":0,"enemies":"3 Byrds","floor":20,"turns":2},{"damage":31,"enemies":"Chosen","floor":22,"turns":3},{"damage":0,"enemies":"Book of Stabbing","floor":23,"turns":1},{"damage":0,"enemies":"Snake Plant","floor":24,"turns":1},{"damage":0,"enemies":"Centurion and Healer","floor":27,"turns":3},{"damage":0,"enemies":"Cultist and Chosen","floor":28,"turns":2},{"damage":0,"enemies":"Snake Plant","floor":29,"turns":5},{"damage":0,"enemies":"3 Cultists","floor":30,"turns":4},{"damage":0,"enemies":"Gremlin Leader","floor":31,"turns":2},{"damage":0,"enemies":"Champ","floor":33,"turns":4},{"damage":0,"enemies":"3 Shapes","floor":35,"turns":3},{"damage":0,"enemies":"3 Darklings","floor":36,"turns":3},{"damage":0,"enemies":"Writhing Mass","floor":37,"turns":2},{"damage":0,"enemies":"Mind Bloom Boss Battle","floor":38,"turns":3},{"damage":0,"enemies":"Reptomancer","floor":40,"turns":4},{"damage":0,"enemies":"Spire Growth","floor":42,"turns":2},{"damage":0,"enemies":"3 Darklings","floor":44,"turns":3},{"damage":0,"enemies":"2 Orb Walkers","floor":45,"turns":2},{"damage":0,"enemies":"Sphere and 2 Shapes","floor":47,"turns":3},{"damage":0,"enemies":"Spire Growth","floor":48,"turns":2},{"damage":0,"enemies":"Replay:Hell Engine","floor":50,"turns":3}],"seed_played":"-8587316219424724842","potions_obtained":[{"floor":1,"key":"Explosive Potion"},{"floor":4,"key":"LifebloodPotion"},{"floor":6,"key":"SpeedPotion"},{"floor":14,"key":"Adrenaline Potion"},{"floor":28,"key":"DistilledChaos"},{"floor":44,"key":"SneckoOil"},{"floor":47,"key":"FearPotion"}],"is_trial":false,"path_per_floor":["M","M","M","M","M","E","R","E","T","R","M","R","M","M","R","B",null,"M","$","M","?","M","E","M","R","T","M","M","M","M","E","R","B",null,"M","M","M","?","?","E","R","M","T","M","?","R","M","M","R","B"],"character_chosen":"Hololive_HololiveCharacter","items_purchased":["GuppysCollar","Membership Card","Grinning Jar","GuppysHead"],"campfire_rested":0,"item_purchase_floors":[17,19,19,34],"current_hp_per_floor":[37,37,37,37,37,37,37,37,37,37,37,37,37,37,37,37,24,24,24,24,24,24,24,24,24,24,24,24,24,24,24,24,32,14,15,16,18,19,18,22,22,23,23,24,25,25,26,27,27,0,0],"gold":607,"neow_bonus":"","is_daily":false,"chose_seed":false,"campfire_upgraded":8,"win_rate":0.0,"timestamp":1613927621,"path_taken":["M","M","M","M","M","E","R","E","T","R","?","R","M","M","R","BOSS","M","$","M","?","M","E","M","R","T","M","?","M","M","E","R","BOSS","M","M","M","?","?","E","R","M","T","M","?","R","M","M","R","BOSS"],"items_purchased_type":["Relic","Relic","Relic","Relic"],"build_version":"2020-12-22","purchased_purges":0,"victory":false,"max_hp_per_floor":[37,37,37,37,37,37,37,37,37,37,37,37,37,37,37,37,24,24,24,24,24,24,24,24,24,24,24,24,24,24,24,24,32,14,15,16,18,19,18,22,22,23,23,24,25,25,26,27,27,28,28],"card_choices":[{"not_picked":[],"picked":"ChaosCard","floor":0},{"not_picked":["Hololive_CallUsadaPekora","Hololive_CallArtia","Bomb"],"picked":"Hololive_CallFriendA","floor":1},{"not_picked":["ShyLook","Murderer"],"picked":"VoidDream","floor":1},{"not_picked":["Hololive_HighAtkLowDef","Hololive_Breathe","Hololive_ManjiGathering"],"picked":"Hololive_CallYogiri","floor":2},{"not_picked":["Hololive_Trident","Hololive_LuckPotion","Hololive_Sequa"],"picked":"Hololive_DDD","floor":3},{"not_picked":["Hololive_Drill","Hololive_LuckPotion","Hololive_Trident"],"picked":"Hololive_CallDoris","floor":4},{"not_picked":["Hololive_CallYozoraMel","Bomb","Hololive_CallArtia"],"picked":"Hololive_CallRosalyn","floor":5},{"not_picked":["Hololive_Rebound","Hololive_Psychosis","Hololive_CallManoAloe"],"picked":"Hololive_Spy","floor":6},{"not_picked":["Hololive_Trident","Hololive_FlyingPonyTail","Hololive_StarCraft"],"picked":"Hololive_CallAyundaRisu","floor":8},{"not_picked":["Hololive_OvertimeWork","Hololive_Trident","Hololive_RevenueBasedLive"],"picked":"Hololive_CallAZKi","floor":11},{"not_picked":["Hololive_CallTsunomakiWatame","Hololive_CallManoAloe","Hololive_Drill"],"picked":"Hololive_CallInugamiKorone","floor":13},{"not_picked":["Hololive_RevenueBasedLive","Hololive_LuckPotion","Hololive_HighAtkLowDef"],"picked":"Hololive_CallOkamiMio","floor":14},{"not_picked":["Hololive_OpenUp","Hololive_HighAtkLowDef","Hololive_WolfAndLamb"],"picked":"Hololive_DurableLive","floor":16},{"not_picked":["Hololive_ILoveYou","Hololive_HuntDinosaur+1","Hololive_FlyingPonyTail+1"],"picked":"Hololive_CallShishiroBotan","floor":20},{"not_picked":["Scorched","MHz"],"picked":"SnowQueen","floor":20},{"not_picked":["Hololive_Rebound","Hololive_Breathe","Hololive_FlyingPonyTail+1"],"picked":"Hololive_ILoveYou","floor":22},{"not_picked":["Hololive_CallKiryuuCoco","Hololive_RevenueBasedLive+1","Hololive_LuckPotion","Hololive_Trident"],"picked":"SKIP","floor":23},{"not_picked":["Hololive_CallKiryuuCoco","Hololive_CallDoris","Hololive_StrengthChampion+1"],"picked":"Hololive_ScarfAndHalo","floor":24},{"not_picked":["Hololive_Sequa+1","Hololive_FlyingPonyTail","Hololive_Psychosis"],"picked":"Hololive_CallYukihanaLamy","floor":27},{"not_picked":["BeautyBeast","BlackSwan"],"picked":"Yin","floor":28},{"not_picked":["Hololive_HuntDinosaur","Hololive_OvertimeWork","Hololive_Psychosis","Hololive_Rebound"],"picked":"SKIP","floor":28},{"not_picked":["Hololive_SoulCatcher+1","Hololive_OvertimeWork","Hololive_Rebound"],"picked":"Hololive_CallYuzukiChoco","floor":29},{"not_picked":["Hololive_HuntDinosaur","Hololive_Sequa+1","Hololive_CocoNews"],"picked":"Hololive_CallAyundaRisu+1","floor":30},{"not_picked":["Hololive_FlyingPonyTail","Hololive_CallAiraniIofifteen","Hololive_OvertimeWork+1"],"picked":"Hololive_CallAkiRosenthal+1","floor":31},{"not_picked":["Hololive_ScarfAndHalo","Hololive_ASMR","Hololive_Nanodesu"],"picked":"Hololive_AWSL","floor":33},{"not_picked":["Hololive_CallYuzukiChoco","Hololive_Rebound+1","Hololive_Psychosis+1","Hololive_RevenueBasedLive+1"],"picked":"SKIP","floor":35},{"not_picked":["Hololive_Rebound+1","Hololive_CallShishiroBotan+1","Hololive_CallFriendA","Hololive_Trident+1"],"picked":"SKIP","floor":36},{"not_picked":["Hololive_CocoNews","Hololive_CallYogiri","Hololive_CallTokoyamiTowa"],"picked":"Hololive_CallShiroganeNoel","floor":37},{"not_picked":["Hololive_HuntDinosaur","Hololive_StrengthChampion","Hololive_CallOzoraSubaru"],"picked":"Hololive_CallYozoraMel","floor":38},{"not_picked":["BlackArmy","BeautyBeast"],"picked":"CrumblingArmor","floor":38},{"not_picked":["Hololive_BringToTrial+1","Hololive_WolfAndLamb","Hololive_Drill"],"picked":"Hololive_MaximGun","floor":40},{"not_picked":["Hololive_ILoveYou","Hololive_CocoNews","Hololive_OvertimeWork"],"picked":"Hololive_CallUruhaRushia","floor":42},{"not_picked":["Hololive_Drill","Hololive_OvertimeWork","Hololive_Sequa"],"picked":"Hololive_CallKiryuuCoco","floor":44},{"not_picked":["Hololive_CallYozoraMel+1","Hololive_FlyingPonyTail+1","Hololive_Breathe+1"],"picked":"Hololive_CocoNews","floor":45},{"not_picked":["Hololive_DevilCharm","Hololive_Trident","Hololive_FlyingPonyTail"],"picked":"Hololive_StrengthChampion","floor":47},{"not_picked":["Hololive_Rebound","Hololive_LuckPotion+1","Hololive_CallAZKi","Hololive_Psychosis+1"],"picked":"SKIP","floor":48}],"player_experience":119115,"relics_obtained":[{"floor":1,"key":"LetterFromLob"},{"floor":6,"key":"Art of War"},{"floor":8,"key":"Oddly Smooth Stone"},{"floor":23,"key":"MoneyPower"},{"floor":26,"key":"Bag of Marbles"},{"floor":29,"key":"AtMidnight"},{"floor":31,"key":"Tiny Chest"},{"floor":31,"key":"Replay:Bottled Eggs"},{"floor":38,"key":"Replay:PocketPolymizer"},{"floor":40,"key":"TheBean"},{"floor":40,"key":"EdensBlessing"},{"floor":43,"key":"Pocketwatch"},{"floor":45,"key":"Counterbalance"}],"event_choices":[{"damage_healed":0,"gold_gain":0,"player_choice":"Fight","damage_taken":0,"max_hp_gain":0,"max_hp_loss":0,"event_name":"MindBloom","floor":38,"gold_loss":0},{"damage_healed":0,"gold_gain":0,"player_choice":"Max HP","damage_taken":0,"max_hp_gain":0,"max_hp_loss":1,"event_name":"Winding Halls","floor":39,"gold_loss":0},{"damage_healed":0,"gold_gain":0,"player_choice":"Fight","damage_taken":0,"max_hp_gain":0,"max_hp_loss":0,"event_name":"Mysterious Sphere","floor":45,"gold_loss":0}],"is_beta":false,"boss_relics":[{"not_picked":["Abe\u0027s Treasure","Kintsugi"],"picked":"Black Star"},{"not_picked":[]},{"not_picked":["Ring of Chaos","Coffee Dripper"],"picked":"Replay:Drink Me"},{"not_picked":[]}],"items_purged_floors":[],"is_endless":false,"potions_floor_spawned":[1,4,6,14,16,22,28,29,33,38,42,44,47,48],"killed_by":"Replay:Hell Engine","ascension_level":0}}