{"host":"t9zjxed0utvsfjwc","time":1613896394,"event":{"mods":["2.2 Compatiblity","Act Like it!","Aspiration","BaseMod","Better Altar","Better Match","Better Note","Better Sensory Stone","Better Skull","Better Third Choice","Block Reminder","Colored Map","Colored Powertips","Conspire","Defuse TimeMaze Blight","Energized Spire","GifTheSpireLib","Hermit","Highlight Path","Hubris","Infinite Spire","Marked Mod","Minty Spire (QoL Compilation)","Quick Restart","Rare Cards Sparkle","Relic Sorter","Relic Stats","Reliquary","Replay The Spire","Ruina","StSLib","Stuff the Spire","The Blue Laboratory","The Jungle","The Marked","Unceasing Turn Reminder","Wandering Minibosses","everything is the same but u backflip on backflip"],"gold_per_floor":[113,38,38,3,22,51,51,66,115,115,135,164,176,205,217,331,343,368,391,403,415,415],"floor_reached":21,"language":"ENG","playtime":925,"items_purged":[],"score":198,"play_id":"14f709ed-e48c-41ed-a2c3-8bf5d1b63b9f","local_time":"20210221083314","is_ascension_mode":true,"campfire_choices":[{"data":"Demon Form","floor":7,"key":"SMITH"},{"data":"Anger","floor":10,"key":"SMITH"},{"data":"StuffTheSpire:Slingshot","floor":13,"key":"SMITH"},{"floor":15,"key":"DIG"}],"circlet_count":0,"master_deck":["Strike_R","Strike_R","Strike_R","Strike_R","Strike_R","Defend_R","Defend_R","Defend_R","Defend_R","Bash","Anger+1","True Grit+1","StuffTheSpire:Slingshot+1","Demon Form+1","Cleave","Anger","Pain"],"relics":["Burning Blood","aspiration:Nostalgia","Iron Core","Vajra","MawBank","Mirror","WarpedTongs"],"acts_visited":["Exordium","TheCity"],"potions_floor_usage":[12,14,16],"damage_taken":[{"damage":0,"enemies":"Small Slimes","floor":1,"turns":4},{"damage":0,"enemies":"Cultist","floor":5,"turns":4},{"damage":34,"enemies":"3 Sentries","floor":6,"turns":10},{"damage":11,"enemies":"Jaw Worm","floor":8,"turns":2},{"damage":0,"enemies":"Large Slime","floor":11,"turns":4},{"damage":15,"enemies":"Gremlin Nob","floor":12,"turns":4},{"damage":0,"enemies":"3 Louse","floor":14,"turns":3},{"damage":21,"enemies":"Fading Forest","floor":16,"turns":11},{"damage":38,"enemies":"Spheric Guardian","floor":18,"turns":6},{"damage":26,"enemies":"3 Byrds","floor":19,"turns":6},{"damage":30,"enemies":"Snake Plant","floor":21,"turns":2}],"seed_played":"1157037317680405545","potions_obtained":[{"floor":1,"key":"LiquidMemories"},{"floor":11,"key":"blueLaboratory:LouseDecoction"},{"floor":14,"key":"blueLaboratory:FruitPunch"}],"is_trial":false,"path_per_floor":["M","?","$","?","M","E","R","M","T","R","M","E","R","M","R_BF","B",null,"M","M","?","M"],"character_chosen":"IRONCLAD","items_purchased":[],"campfire_rested":0,"item_purchase_floors":[],"current_hp_per_floor":[80,80,80,80,80,52,52,47,47,47,53,44,44,50,50,63,82,50,30,30,0,0],"gold":415,"neow_bonus":"NOSTALGIA","is_daily":false,"chose_seed":false,"campfire_upgraded":3,"win_rate":0.0,"timestamp":1613896394,"path_taken":["M","?","$","?","M","E","R","M","T","R","M","E","R","M","R_BF","BOSS","M","M","?","M"],"items_purchased_type":[],"build_version":"2020-12-22","purchased_purges":0,"victory":false,"max_hp_per_floor":[80,80,80,80,80,80,80,80,80,80,80,80,80,80,80,82,82,82,82,82,82,82],"relic_stats":{"counters":[11,56],"MawBank":108,"obtain_stats":[{"Iron Core":0,"aspiration:Nostalgia":0,"Vajra":6,"MawBank":12,"Mirror":15,"Burning Blood":0,"WarpedTongs":20},{"Iron Core":0,"aspiration:Nostalgia":0,"Vajra":3,"MawBank":6,"Mirror":7,"Burning Blood":0,"WarpedTongs":10},{"Iron Core":0,"aspiration:Nostalgia":0,"Vajra":18,"MawBank":28,"Mirror":31,"Burning Blood":0,"WarpedTongs":54}],"Burning Blood":48,"WarpedTongs":[2]},"card_choices":[{"not_picked":["ReplayTheSpireMod:Muscle Training","Dark Embrace"],"picked":"Anger","floor":1},{"not_picked":["Iron Wave+1","Pommel Strike+1"],"picked":"True Grit+1","floor":2},{"not_picked":["StuffTheSpire:Incineration","Run Through"],"picked":"StuffTheSpire:Slingshot","floor":5},{"not_picked":["Body Slam","Iron Wave"],"picked":"Demon Form","floor":6},{"not_picked":["Evolve","Rebound","Pommel Strike"],"picked":"SKIP","floor":8},{"not_picked":["Headbutt","Warcry","Rip and Tear"],"picked":"SKIP","floor":11},{"not_picked":["Shockwave","Seeing Red","Warcry"],"picked":"SKIP","floor":12},{"not_picked":["Thunderclap","Defragment"],"picked":"Cleave","floor":14},{"not_picked":["hubris:SharpeningStone","Shrug It Off"],"picked":"Anger","floor":18},{"not_picked":["Anger","Combust","StuffTheSpire:RockThrow"],"picked":"SKIP","floor":19}],"player_experience":501915,"relics_obtained":[{"floor":6,"key":"Vajra"},{"floor":12,"key":"MawBank"},{"floor":15,"key":"Mirror"}],"event_choices":[{"damage_healed":0,"gold_gain":0,"player_choice":"2","damage_taken":0,"max_hp_gain":0,"max_hp_loss":0,"event_name":"betterMatch:BetterMatch","floor":2,"gold_loss":0,"cards_obtained":["betterMatch:CommonCard"]},{"damage_healed":20,"gold_gain":0,"player_choice":"Healed","damage_taken":0,"max_hp_gain":0,"max_hp_loss":0,"event_name":"The Cleric","floor":4,"gold_loss":35},{"damage_healed":0,"gold_gain":0,"player_choice":"Rummage","damage_taken":0,"relics_obtained":["WarpedTongs"],"max_hp_gain":0,"max_hp_loss":0,"event_name":"Accursed Blacksmith","floor":20,"gold_loss":0,"cards_obtained":["Pain"]}],"is_beta":false,"boss_relics":[{"not_picked":["ReplayTheSpireMod:DimensionalGlitch","hubris:VirtuousBlindfold","conspire:SeveredTorchhead"]}],"items_purged_floors":[],"is_endless":false,"potions_floor_spawned":[1,11,14],"killed_by":"Snake Plant","ascension_level":1}}