{"host":"t9zjxed0utvsfjwc","time":1613893460,"event":{"mods":["2.2 Compatiblity","Act Like it!","Aspiration","BaseMod","Better Altar","Better Match","Better Note","Better Sensory Stone","Better Skull","Better Third Choice","Block Reminder","Colored Map","Colored Powertips","Conspire","Defuse TimeMaze Blight","Energized Spire","GifTheSpireLib","Hermit","Highlight Path","Hubris","Infinite Spire","Marked Mod","Minty Spire (QoL Compilation)","Quick Restart","Rare Cards Sparkle","Relic Sorter","Relic Stats","Reliquary","Replay The Spire","Ruina","StSLib","Stuff the Spire","The Blue Laboratory","The Jungle","The Marked","Unceasing Turn Reminder","Wandering Minibosses","everything is the same but u backflip on backflip"],"gold_per_floor":[113,113,63,17,17,17,35,35,60,87,87,116,135,135,135,238,238,238,208,208,208,163,163,163,163,163,163,163,163,163,163,163,163,163],"floor_reached":33,"language":"ENG","playtime":868,"items_purged":[],"score":388,"play_id":"142c58b9-8cc8-4c18-9c6f-da92f350e58c","local_time":"20210221074420","is_ascension_mode":true,"campfire_choices":[{"data":"Shrug It Off","floor":6,"key":"SMITH"},{"data":"Bloodletting","floor":11,"key":"SMITH"},{"floor":15,"key":"REST"},{"data":"Demon Form","floor":23,"key":"SMITH"},{"data":"Skim","floor":32,"key":"PURGE"}],"circlet_count":0,"master_deck":["conspire:GhostlyStrike","conspire:GhostlyStrike","conspire:GhostlyStrike","conspire:GhostlyDefend","conspire:GhostlyDefend","conspire:GhostlyDefend","conspire:GhostlyDefend","Bash","Hemokinesis","Shrug It Off+1","Wild Strike+1","Bloodletting+1","Iron Wave","Scrawl+1","Demon Form+1","Pommel Strike","Ghostly Armor"],"relics":["Burning Blood","hubris:Icosahedron","NeowsBlessing","Gremlin Food","infinitespire:WardingShard","StuffTheSpire:Barrel","MealTicket","StuffTheSpire:Expresso","Ectoplasm","reliquary:WeakTea","infinitespire:FocusingShard","Peace Pipe"],"acts_visited":["Exordium","TheCity"],"potions_floor_usage":[12,22,27],"damage_taken":[{"damage":0,"enemies":"Small Slimes","floor":1,"turns":1},{"damage":0,"enemies":"Jaw Worm","floor":7,"turns":1},{"damage":0,"enemies":"Gremlin Nob","floor":10,"turns":1},{"damage":23,"enemies":"Lagavulin","floor":12,"turns":4},{"damage":4,"enemies":"2 Louse","floor":13,"turns":2},{"damage":12,"enemies":"Slime Boss","floor":16,"turns":5},{"damage":8,"enemies":"Chosen","floor":18,"turns":2},{"damage":5,"enemies":"2 Thieves","floor":22,"turns":4},{"damage":31,"enemies":"Gremlin Leader","floor":24,"turns":4},{"damage":5,"enemies":"Snecko","floor":27,"turns":4},{"damage":24,"enemies":"Cultist and Chosen","floor":28,"turns":5},{"damage":10,"enemies":"Chosen and Byrds","floor":31,"turns":5},{"damage":78,"enemies":"hubris:MusketHawk","floor":33,"turns":6}],"seed_played":"-8145627234165662562","potions_obtained":[{"floor":10,"key":"blueLaboratory:BottledHope"},{"floor":16,"key":"blueLaboratory:Moonshine"},{"floor":19,"key":"Block Potion"},{"floor":19,"key":"Flashbang"},{"floor":22,"key":"Venom Potion"},{"floor":28,"key":"blueLaboratory:Moonshine"}],"is_trial":false,"path_per_floor":["M","?","?","$","?","R","M","$","T","E","R","E","M","?","R","B",null,"M","?","?","?","M","R","E","$","T","M","M","?","T","M","R","B"],"character_chosen":"IRONCLAD","items_purchased":["Shrug It Off"],"campfire_rested":1,"item_purchase_floors":[4],"current_hp_per_floor":[80,80,80,80,80,80,80,80,80,80,80,63,65,41,65,59,80,78,78,78,78,79,79,54,69,69,70,52,52,52,48,48,0,0],"gold":163,"neow_bonus":"THREE_ENEMY_KILL","is_daily":false,"chose_seed":false,"campfire_upgraded":3,"win_rate":0.0,"timestamp":1613893460,"path_taken":["M","?","?","$","?","R","?","$","T","E","R","E","M","?","R","BOSS","M","?","?","?","M","R","E","?","T","M","M","?","?","M","R","BOSS"],"items_purchased_type":["Card"],"build_version":"2020-12-22","purchased_purges":0,"victory":false,"max_hp_per_floor":[80,80,80,80,80,80,80,80,80,80,80,80,80,80,80,80,80,80,80,80,80,80,80,80,80,80,80,80,80,80,80,80,80,80],"relic_stats":{"Peace Pipe":1,"counters":[13,43],"MealTicket":15,"Ectoplasm":149,"obtain_stats":[{"Gremlin Food":9,"Peace Pipe":30,"StuffTheSpire:Barrel":12,"hubris:Icosahedron":21,"NeowsBlessing":0,"infinitespire:WardingShard":10,"StuffTheSpire:Expresso":14,"MealTicket":14,"Ectoplasm":17,"infinitespire:FocusingShard":26,"reliquary:WeakTea":24,"Burning Blood":0},{"Gremlin Food":2,"Peace Pipe":11,"StuffTheSpire:Barrel":4,"hubris:Icosahedron":7,"NeowsBlessing":0,"infinitespire:WardingShard":3,"StuffTheSpire:Expresso":5,"MealTicket":5,"Ectoplasm":6,"infinitespire:FocusingShard":9,"reliquary:WeakTea":9,"Burning Blood":0},{"Gremlin Food":2,"Peace Pipe":32,"StuffTheSpire:Barrel":7,"hubris:Icosahedron":16,"NeowsBlessing":0,"infinitespire:WardingShard":3,"StuffTheSpire:Expresso":9,"MealTicket":9,"Ectoplasm":14,"infinitespire:FocusingShard":24,"reliquary:WeakTea":24,"Burning Blood":0}],"Burning Blood":54},"card_choices":[{"not_picked":["Headbutt","Hemokinesis","Run Through"],"picked":"SKIP","floor":1},{"not_picked":["Headbutt","Run Through"],"picked":"Hemokinesis","floor":1},{"not_picked":["Carnage","Clothesline"],"picked":"Wild Strike","floor":7},{"not_picked":["Bludgeon","Metallicize"],"picked":"Bloodletting","floor":10},{"not_picked":["StuffTheSpire:BloodClot","Sword Boomerang","hubris:ReadiedAction"],"picked":"SKIP","floor":12},{"not_picked":["Entrench","Ghostly Armor"],"picked":"Iron Wave","floor":13},{"not_picked":["Exhume","Corruption"],"picked":"Demon Form","floor":16},{"not_picked":["Whirlwind","StuffTheSpire:RockThrow","Body Slam"],"picked":"SKIP","floor":18},{"not_picked":["hubris:ReadiedAction","StuffTheSpire:Slingshot+1","Thunderclap"],"picked":"SKIP","floor":22},{"not_picked":["True Grit","Searing Blow"],"picked":"Ghostly Armor","floor":24},{"not_picked":["Battle Trance","Body Slam","Thunderclap+1"],"picked":"SKIP","floor":27},{"not_picked":["Cleave","Burning Pact","Life Link"],"picked":"SKIP","floor":28},{"not_picked":["ReplayTheSpireMod:Strike From Hell+1","Berserk","StuffTheSpire:BloodClot"],"picked":"SKIP","floor":31}],"player_experience":501915,"relics_obtained":[{"floor":9,"key":"Gremlin Food"},{"floor":10,"key":"infinitespire:WardingShard"},{"floor":12,"key":"StuffTheSpire:Barrel"},{"floor":24,"key":"reliquary:WeakTea"},{"floor":26,"key":"infinitespire:FocusingShard"},{"floor":30,"key":"Peace Pipe"}],"event_choices":[{"cards_removed":["Strike_R"],"damage_healed":0,"gold_gain":0,"player_choice":"Forget","damage_taken":0,"max_hp_gain":0,"max_hp_loss":0,"event_name":"Living Wall","floor":2,"gold_loss":0},{"cards_removed":["Strike_R"],"damage_healed":0,"gold_gain":0,"player_choice":"Card Removal","damage_taken":0,"max_hp_gain":0,"max_hp_loss":0,"event_name":"The Cleric","floor":3,"gold_loss":50},{"damage_healed":0,"gold_gain":0,"player_choice":"Agree","damage_taken":0,"max_hp_gain":0,"max_hp_loss":0,"event_name":"conspire:LoneGhost","floor":5,"gold_loss":0},{"damage_healed":0,"gold_gain":0,"player_choice":"Bought 2 Potions","damage_taken":0,"max_hp_gain":0,"max_hp_loss":0,"event_name":"The Woman in Blue","floor":19,"gold_loss":0},{"damage_healed":0,"gold_gain":0,"player_choice":"Take","damage_taken":0,"max_hp_gain":0,"max_hp_loss":0,"event_name":"betterNote:BetterNote","floor":20,"gold_loss":0,"cards_obtained":["Pommel Strike"]},{"damage_healed":0,"gold_gain":0,"player_choice":"Ignored","damage_taken":0,"max_hp_gain":0,"max_hp_loss":0,"event_name":"Ghosts","floor":29,"gold_loss":0}],"is_beta":false,"boss_relics":[{"not_picked":["reliquary:RedPaperclip","energizedSpire:TabascoSauce"],"picked":"Ectoplasm"}],"items_purged_floors":[],"is_endless":false,"potions_floor_spawned":[10,16,22,28],"killed_by":"hubris:MusketHawk","ascension_level":1}}