{"host":"gzz35fplm60aw28t","time":1613940980,"event":{"mods":["AchievementEnabler","BaseMod","Colored Powertips","DeckTracker","Minty Spire (QoL Compilation)"],"gold_per_floor":[114,189,204,204,216,66,241,241,291,305,305,340,340,370,370,469,469,484,34,45,45,57,57,99,133,133,145,145],"floor_reached":27,"language":"ENG","playtime":1225,"items_purged":["Strike_R","Strike_R"],"score":241,"play_id":"de5a5e51-4a56-4833-9546-214768ad578e","local_time":"20210221215620","is_ascension_mode":false,"campfire_choices":[{"data":"Inflame","floor":8.0,"key":"SMITH"},{"data":"Dual Wield","floor":11.0,"key":"SMITH"},{"data":"Iron Wave","floor":13.0,"key":"SMITH"},{"data":"Fire Breathing","floor":15.0,"key":"SMITH"},{"data":"HandOfGreed","floor":23.0,"key":"SMITH"}],"circlet_count":0,"master_deck":["Strike_R","Strike_R","Defend_R","Defend_R","Defend_R","Defend_R","Bash","Blood for Blood","Inflame+1","Iron Wave+1","Cleave","Dual Wield+1","Doubt","Flame Barrier","Fire Breathing+1","Juggernaut","Inflame+1","HandOfGreed+1","Iron Wave","Bloodletting","Injury"],"relics":["Burning Blood","Blood Vial","Girya","Ginger","Cursed Key","Membership Card","Eternal Feather","Question Card","MawBank"],"acts_visited":["Exordium","TheCity"],"potions_floor_usage":[27],"damage_taken":[{"damage":12.0,"enemies":"2 Louse","floor":1.0,"turns":3.0},{"damage":0.0,"enemies":"Small Slimes","floor":3.0,"turns":3.0},{"damage":8.0,"enemies":"Cultist","floor":5.0,"turns":5.0},{"damage":10.0,"enemies":"Looter","floor":10.0,"turns":3.0},{"damage":16.0,"enemies":"Gremlin Nob","floor":12.0,"turns":5.0},{"damage":21.0,"enemies":"3 Sentries","floor":14.0,"turns":8.0},{"damage":29.0,"enemies":"Hexaghost","floor":16.0,"turns":8.0},{"damage":13.0,"enemies":"3 Byrds","floor":18.0,"turns":4.0},{"damage":12.0,"enemies":"Shell Parasite","floor":20.0,"turns":5.0},{"damage":27.0,"enemies":"Snecko","floor":22.0,"turns":6.0},{"damage":43.0,"enemies":"Shelled Parasite and Fungi","floor":24.0,"turns":5.0},{"damage":15.0,"enemies":"Gremlin Leader","floor":25.0,"turns":5.0},{"damage":20,"enemies":"Slavers","floor":27,"turns":1}],"seed_played":"-7504694320273217745","potions_obtained":[{"floor":1.0,"key":"Fruit Juice"},{"floor":3.0,"key":"LiquidMemories"},{"floor":16.0,"key":"EssenceOfSteel"},{"floor":20.0,"key":"BlessingOfTheForge"},{"floor":25.0,"key":"BlessingOfTheForge"}],"is_trial":false,"path_per_floor":["M","?","M","?","M","$","?","R","T","M","R","E","R","E","R","B",null,"M","$","M","?","M","R","M","E","T","E"],"character_chosen":"IRONCLAD","items_purchased":["Dual Wield","Membership Card","HandOfGreed","Eternal Feather","Iron Wave"],"campfire_rested":0,"item_purchase_floors":[6,19,19,19,19],"current_hp_per_floor":[74,63,69,69,67,67,67,67,67,65,65,57,57,44,44,28,85,78,78,74,58,39,51,16,9,9,0,0],"gold":145,"neow_bonus":"TRANSFORM_CARD","is_daily":false,"chose_seed":false,"campfire_upgraded":5,"win_rate":0.0,"timestamp":1613940980,"path_taken":["M","?","M","?","?","$","?","R","T","M","R","E","R","E","R","BOSS","M","$","M","?","M","R","M","E","T","E"],"items_purchased_type":["Card","Relic","Card","Relic","Card"],"build_version":"2020-12-22","purchased_purges":2,"victory":false,"max_hp_per_floor":[80,80,80,80,80,80,80,80,80,80,80,80,80,80,80,85,85,85,85,85,90,90,90,90,90,90,90,90],"card_choices":[{"not_picked":["Dark Embrace","Searing Blow"],"picked":"Ghostly Armor","floor":1.0},{"not_picked":["Battle Trance","Heavy Blade"],"picked":"Inflame","floor":3.0},{"not_picked":["Second Wind","Flex"],"picked":"Cleave","floor":5.0},{"not_picked":["Warcry","Dropkick"],"picked":"Flame Barrier","floor":10.0},{"not_picked":["Anger","Bludgeon","Perfected Strike"],"picked":"SKIP","floor":12.0},{"not_picked":["Twin Strike","Clothesline"],"picked":"Fire Breathing","floor":14.0},{"not_picked":["Limit Break","Reaper"],"picked":"Juggernaut","floor":16.0},{"not_picked":["Cleave+1","Battle Trance"],"picked":"Inflame+1","floor":18.0},{"not_picked":["Perfected Strike","Thunderclap"],"picked":"Bloodletting","floor":20.0},{"not_picked":["Twin Strike","Clothesline","Rage"],"picked":"SKIP","floor":22.0},{"not_picked":["Body Slam","Whirlwind","Clothesline"],"picked":"SKIP","floor":24.0},{"not_picked":["Thunderclap","Carnage","Clash+1"],"picked":"SKIP","floor":25.0}],"player_experience":2207,"relics_obtained":[{"floor":9.0,"key":"Blood Vial"},{"floor":12.0,"key":"Girya"},{"floor":14.0,"key":"Ginger"},{"floor":25.0,"key":"Question Card"},{"floor":26.0,"key":"MawBank"}],"event_choices":[{"damage_healed":0.0,"max_hp_gain":0.0,"max_hp_loss":0.0,"gold_gain":75.0,"event_name":"World of Goop","player_choice":"Gather Gold","floor":2.0,"gold_loss":0.0,"damage_taken":11.0},{"cards_removed":["Ghostly Armor"],"damage_healed":0.0,"max_hp_gain":0.0,"max_hp_loss":0.0,"gold_gain":0.0,"event_name":"NoteForYourself","player_choice":"Took Card","floor":4.0,"gold_loss":0.0,"damage_taken":0.0,"cards_obtained":["Iron Wave"]},{"damage_healed":0.0,"max_hp_gain":0.0,"max_hp_loss":0.0,"gold_gain":175.0,"event_name":"Liars Game","player_choice":"AGREE","floor":7.0,"gold_loss":0.0,"damage_taken":0.0,"cards_obtained":["Doubt"]},{"damage_healed":0.0,"max_hp_gain":5.0,"max_hp_loss":0.0,"gold_gain":0.0,"event_name":"Forgotten Altar","player_choice":"Shed Blood","floor":21.0,"gold_loss":0.0,"damage_taken":21.0}],"is_beta":false,"boss_relics":[{"not_picked":["Velvet Choker","Black Blood"],"picked":"Cursed Key"}],"items_purged_floors":[6,19],"is_endless":false,"potions_floor_spawned":[1,3,16,20,25],"killed_by":"Slavers","ascension_level":0}}