{"host":"t9zjxed0utvsfjwc","time":1613894399,"event":{"mods":["2.2 Compatiblity","Act Like it!","Aspiration","BaseMod","Better Altar","Better Match","Better Note","Better Sensory Stone","Better Skull","Better Third Choice","Block Reminder","Colored Map","Colored Powertips","Conspire","Defuse TimeMaze Blight","Energized Spire","GifTheSpireLib","Hermit","Highlight Path","Hubris","Infinite Spire","Marked Mod","Minty Spire (QoL Compilation)","Quick Restart","Rare Cards Sparkle","Relic Sorter","Relic Stats","Reliquary","Replay The Spire","Ruina","StSLib","Stuff the Spire","The Blue Laboratory","The Jungle","The Marked","Unceasing Turn Reminder","Wandering Minibosses","everything is the same but u backflip on backflip"],"gold_per_floor":[113,188,188,200,125,125,144,144,144,156,188,188,188,202,202,302,302,312,312,312,326,326,326,343,343,343],"floor_reached":25,"language":"ENG","playtime":931,"items_purged":["Strike_R"],"score":211,"play_id":"33ad2f15-ca0e-469d-905e-7a5d40456701","local_time":"20210221075959","is_ascension_mode":true,"campfire_choices":[{"data":"ReplayTheSpireMod:Limb From Limb","floor":6,"key":"SMITH"},{"data":"Pommel Strike","floor":8,"key":"SMITH"},{"data":"ReplayTheSpireMod:Limb From Limb","floor":15,"key":"SMITH"},{"data":"Demon Form","floor":23,"key":"SMITH"}],"circlet_count":0,"master_deck":["Strike_R","Strike_R","Defend_R","Defend_R","Defend_R","Defend_R","Bash","ReplayTheSpireMod:Limb From Limb+1","Thunderclap","Pommel Strike+1","Demon Form+1","Iron Wave","ReplayTheSpireMod:Limb From Limb+1","Feed+1","Heavy Blade+1","ReplayTheSpireMod:Muscle Training"],"relics":["Burning Blood","aspiration:Nostalgia","infinitespire:DarkRift","hubris:Towel","conspire:GiftBox","reliquary:TatteredRug","ReplayTheSpireMod:Lightbulb","aspiration:SecretTechniqueScroll"],"acts_visited":["Exordium","TheCity"],"potions_floor_usage":[10,11,16,16,21],"damage_taken":[{"damage":0,"enemies":"Cultist","floor":1,"turns":2},{"damage":1,"enemies":"Jaw Worm","floor":4,"turns":5},{"damage":0,"enemies":"2 Louse","floor":7,"turns":3},{"damage":27,"enemies":"Gremlin Gang","floor":10,"turns":5},{"damage":14,"enemies":"Gremlin Nob","floor":11,"turns":3},{"damage":11,"enemies":"Large Slime","floor":14,"turns":2},{"damage":10,"enemies":"Fading Forest","floor":16,"turns":11},{"damage":5,"enemies":"Chosen","floor":18,"turns":5},{"damage":1,"enemies":"Shell Parasite","floor":21,"turns":3},{"damage":56,"enemies":"Shelled Parasite and Fungi","floor":24,"turns":6},{"damage":37,"enemies":"Book of Stabbing","floor":25,"turns":3}],"seed_played":"-2064339106567421800","potions_obtained":[{"floor":4,"key":"blueLaboratory:IronCompound"},{"floor":7,"key":"CultistPotion"},{"floor":11,"key":"blueLaboratory:ConflagurationPotion"},{"floor":14,"key":"blueLaboratory:IronCompound"},{"floor":18,"key":"blueLaboratory:IronCompound"},{"floor":21,"key":"blueLaboratory:NullPotion"}],"is_trial":false,"path_per_floor":["M","?","?","M","$","R","M","R","T","M","E","?","?","M","R","B",null,"M","?","?","M","?","R","M","E"],"character_chosen":"IRONCLAD","items_purchased":[],"campfire_rested":0,"item_purchase_floors":[],"current_hp_per_floor":[80,69,69,74,74,74,80,80,80,59,51,51,51,46,46,52,80,80,80,80,80,80,80,34,0,0],"gold":343,"neow_bonus":"NOSTALGIA","is_daily":false,"chose_seed":false,"campfire_upgraded":4,"win_rate":0.0,"timestamp":1613894399,"path_taken":["M","?","?","M","?","R","?","R","T","M","E","?","?","M","R","BOSS","M","?","?","?","?","R","M","E"],"items_purchased_type":[],"build_version":"2020-12-22","purchased_purges":1,"victory":false,"max_hp_per_floor":[80,80,80,80,80,80,80,80,80,80,80,80,80,80,80,80,80,80,80,80,80,80,80,84,84,84],"relic_stats":{"counters":[11,48],"obtain_stats":[{"infinitespire:DarkRift":0,"conspire:GiftBox":9,"aspiration:Nostalgia":0,"reliquary:TatteredRug":11,"aspiration:SecretTechniqueScroll":17,"hubris:Towel":3,"ReplayTheSpireMod:Lightbulb":12,"Burning Blood":0},{"infinitespire:DarkRift":0,"conspire:GiftBox":3,"aspiration:Nostalgia":0,"reliquary:TatteredRug":5,"aspiration:SecretTechniqueScroll":7,"hubris:Towel":1,"ReplayTheSpireMod:Lightbulb":5,"Burning Blood":0},{"infinitespire:DarkRift":0,"conspire:GiftBox":10,"aspiration:Nostalgia":0,"reliquary:TatteredRug":18,"aspiration:SecretTechniqueScroll":31,"hubris:Towel":2,"ReplayTheSpireMod:Lightbulb":18,"Burning Blood":0}],"Burning Blood":48},"card_choices":[{"not_picked":["Abandon","Pommel Strike"],"picked":"ReplayTheSpireMod:Limb From Limb","floor":1},{"not_picked":["Armaments","Heavy Blade"],"picked":"Thunderclap","floor":4},{"not_picked":["Eclipse","Uppercut"],"picked":"Pommel Strike","floor":7},{"not_picked":["Barricade","Corruption"],"picked":"Demon Form","floor":9},{"not_picked":["Warcry","Sentinel","Evolve"],"picked":"SKIP","floor":10},{"not_picked":["Clash","Sword Boomerang","Iron Wave"],"picked":"SKIP","floor":11},{"not_picked":["Clash","Sword Boomerang"],"picked":"Iron Wave","floor":11},{"not_picked":["Rage","Spot Weakness"],"picked":"ReplayTheSpireMod:Limb From Limb","floor":14},{"not_picked":["Hemogenesis","Demonic Infusion"],"picked":"Feed","floor":16},{"not_picked":["Shrug It Off+1","Disarm+1"],"picked":"Heavy Blade+1","floor":18},{"not_picked":["Twin Strike","Iron Wave+1","Perfected Strike"],"picked":"SKIP","floor":21},{"not_picked":["Sword Boomerang","Clash+1","Heavy Blade"],"picked":"SKIP","floor":24}],"player_experience":501915,"relics_obtained":[{"floor":9,"key":"conspire:GiftBox"},{"floor":11,"key":"reliquary:TatteredRug"},{"floor":12,"key":"ReplayTheSpireMod:Lightbulb"}],"event_choices":[{"damage_healed":0,"gold_gain":75,"player_choice":"Gold","damage_taken":11,"max_hp_gain":0,"max_hp_loss":0,"event_name":"betterThird:BetterGoop","floor":2,"gold_loss":0},{"cards_removed":["Strike_R"],"damage_healed":0,"gold_gain":0,"player_choice":"Forget","damage_taken":0,"max_hp_gain":0,"max_hp_loss":0,"event_name":"Living Wall","floor":13,"gold_loss":0},{"cards_removed":["Demon Form"],"damage_healed":0,"gold_gain":0,"player_choice":"Give","damage_taken":0,"max_hp_gain":0,"max_hp_loss":0,"event_name":"betterNote:BetterNote","floor":19,"gold_loss":0,"cards_obtained":["None"]},{"damage_healed":0,"gold_gain":0,"cards_transformed":["Strike_R"],"player_choice":"Transformed","damage_taken":0,"max_hp_gain":0,"max_hp_loss":0,"event_name":"Transmorgrifier","floor":20,"gold_loss":0,"cards_obtained":["ReplayTheSpireMod:Muscle Training"]}],"is_beta":false,"boss_relics":[{"not_picked":["Ectoplasm","hubris:GrandSneckoEye"],"picked":"aspiration:SecretTechniqueScroll"}],"items_purged_floors":[5],"is_endless":false,"potions_floor_spawned":[4,7,11,14,18,21],"killed_by":"Book of Stabbing","ascension_level":1}}