{"host":"w4b7hmige5bnqipq","time":1613936139,"event":{"mods":["2.2 Compatiblity","BaseMod","Colored Map","DeckTracker","Keyboard Shortcuts","Minty Spire (QoL Compilation)","Permanent Neow","Rare Cards Sparkle","SuperFastMode","everything is the same but u backflip on backflip","slay the spire mod where everything is the same but ironclad has a cowboy hat"],"gold_per_floor":[115,135,146,166,180,180,180,180],"floor_reached":7,"language":"KOR","playtime":182,"items_purged":[],"score":88,"play_id":"59c99382-88c3-4a4d-87be-1c47beabd8dc","local_time":"20210222043539","is_ascension_mode":true,"campfire_choices":[{"floor":6.0,"key":"REST"}],"circlet_count":0,"master_deck":["AscendersBane","Strike_B","Strike_B","Defend_B","Defend_B","Defend_B","Defend_B","Zap","Dualcast","Rip and Tear","Recycle","Undo","Streamline","Genetic Algorithm","Capacitor"],"relics":["Cracked Core"],"acts_visited":["Exordium"],"potions_floor_usage":[7,7],"damage_taken":[{"damage":9.0,"enemies":"Jaw Worm","floor":1.0,"turns":4.0},{"damage":0.0,"enemies":"Cultist","floor":2.0,"turns":4.0},{"damage":2.0,"enemies":"2 Louse","floor":3.0,"turns":3.0},{"damage":14.0,"enemies":"Lots of Slimes","floor":4.0,"turns":5.0},{"damage":8.0,"enemies":"Blue Slaver","floor":5.0,"turns":4.0},{"damage":31,"enemies":"Gremlin Nob","floor":7,"turns":4}],"seed_played":"-4836706554400839534","potions_obtained":[{"floor":1.0,"key":"ColorlessPotion"},{"floor":2.0,"key":"Strength Potion"}],"is_trial":false,"path_per_floor":["M","M","M","M","M","R","E"],"character_chosen":"DEFECT","items_purchased":[],"campfire_rested":1,"item_purchase_floors":[],"current_hp_per_floor":[37,37,35,21,13,34,3,3],"gold":180,"neow_bonus":"TRANSFORM_TWO_CARDS","is_daily":false,"chose_seed":false,"campfire_upgraded":0,"win_rate":0.0,"timestamp":1613936139,"path_taken":["M","M","M","M","M","R","E"],"items_purchased_type":[],"build_version":"2020-12-22","purchased_purges":0,"victory":false,"max_hp_per_floor":[71,71,71,71,71,71,71,71],"card_choices":[{"not_picked":["Sweeping Beam","Redo"],"picked":"Undo","floor":1.0},{"not_picked":["Barrage","Gash"],"picked":"Streamline","floor":2.0},{"not_picked":["Stack","Leap"],"picked":"Genetic Algorithm","floor":3.0},{"not_picked":["Melter","Ball Lightning"],"picked":"Capacitor","floor":4.0},{"not_picked":["Undo","Leap","Stack"],"picked":"SKIP","floor":5.0}],"player_experience":792198,"relics_obtained":[],"event_choices":[],"is_beta":false,"boss_relics":[],"items_purged_floors":[],"is_endless":false,"potions_floor_spawned":[1,2],"killed_by":"Gremlin Nob","ascension_level":19}}