{"host":"00tqcjwpycel7e54","time":1613897626,"event":{"mods":["Act Like it!","Ascension Reborn","BaseMod","Conspire","Decade(王小明)","Gensokyo","Hermit","Marisa（F雨　魔理沙）","Minty Spire (QoL Compilation)","Remilia（蕾米莉亚）","Replay The Spire","Shop Mod","StSLib","Td1madao Mod","The Animator","The Bug Knight","The Jungle","The Servant 0.9.4","[IsaacMod]以撒尖塔"],"gold_per_floor":[109,139,139,157,172,207,226,252,252,41,53,82,82,94,94,94,94],"floor_reached":16,"language":"ZHS","playtime":959,"items_purged":[],"score":201,"play_id":"2d3d93f0-5987-4885-af09-bc09da6089ee","local_time":"20210221165346","is_ascension_mode":true,"campfire_choices":[{"data":"Limit Break","floor":13.0,"key":"SMITH"},{"data":"Bash","floor":15.0,"key":"SMITH"}],"circlet_count":0,"master_deck":["Strike_R","Strike_R","Strike_R","Strike_R","Strike_R","Defend_R+1","Defend_R","Defend_R","Defend_R","Bash+1","ReplayTheSpireMod:LeadingStrike","Reaper","Replay:Undeath\u0027s Touch","Shrug It Off","Limit Break+1","Combust","conspire:Purge+1","ReplayTheSpireMod:Muscle Training","ReplayTheSpireMod:Stacked"],"relics":["Burning Blood","HushsDoor","NeowsBlessing","GuppysTail","GuppysHead","Peace Pipe","The Courier","DeathBook","Ice Cream","Paper Frog","War Paint"],"acts_visited":["Exordium"],"potions_floor_usage":[16],"damage_taken":[{"damage":0.0,"enemies":"conspire:RoseBush","floor":1.0,"turns":1.0},{"damage":0.0,"enemies":"conspire:MimicChest","floor":2.0,"turns":1.0},{"damage":0.0,"enemies":"2 Louse","floor":4.0,"turns":1.0},{"damage":11.0,"enemies":"Small Slimes","floor":5.0,"turns":4.0},{"damage":24.0,"enemies":"HollowMod:MossKnight","floor":6.0,"turns":18.0},{"damage":0.0,"enemies":"2 Fungi Beasts","floor":7.0,"turns":4.0},{"damage":25.0,"enemies":"Gremlin Nob","floor":8.0,"turns":4.0},{"damage":11.0,"enemies":"Exordium Thugs","floor":11.0,"turns":5.0},{"damage":18.0,"enemies":"HollowMod:MossKnight","floor":12.0,"turns":7.0},{"damage":0.0,"enemies":"Large Slime","floor":14.0,"turns":2.0},{"damage":63,"enemies":"Hexaghost","floor":16,"turns":9}],"seed_played":"8863445327090944666","potions_obtained":[{"floor":4.0,"key":"EssenceOfSteel"},{"floor":6.0,"key":"Fire Potion"},{"floor":7.0,"key":"LiquidBronze"},{"floor":8.0,"key":"Block Potion"},{"floor":11.0,"key":"SteroidPotion"}],"is_trial":false,"path_per_floor":["M","?","?","M","M","E","M","E","T","$","M","E","R","M","R","B"],"character_chosen":"IRONCLAD","items_purchased":["Paper Frog"],"campfire_rested":0,"item_purchase_floors":[10],"current_hp_per_floor":[78,80,54,62,65,51,65,50,50,50,45,47,47,61,61,0,0],"gold":94,"neow_bonus":"THREE_ENEMY_KILL","is_daily":false,"chose_seed":false,"campfire_upgraded":2,"win_rate":0.0,"timestamp":1613897626,"path_taken":["M","?","?","?","?","E","M","E","T","$","M","E","R","M","R","BOSS"],"items_purchased_type":["Relic"],"build_version":"2020-12-22","purchased_purges":0,"victory":false,"max_hp_per_floor":[80,80,80,80,80,80,80,80,80,80,80,80,80,80,80,80,80],"card_choices":[{"not_picked":["Replay:Undeath\u0027s Touch","Headbutt"],"picked":"ReplayTheSpireMod:LeadingStrike","floor":1.0},{"not_picked":["Anger","Whirlwind"],"picked":"Reaper","floor":2.0},{"not_picked":["Clash","Cleave"],"picked":"Replay:Undeath\u0027s Touch","floor":4.0},{"not_picked":["Replay:Undeath\u0027s Touch","Thunderclap"],"picked":"Shrug It Off","floor":5.0},{"not_picked":["Twin Strike","Havoc"],"picked":"Limit Break","floor":6.0},{"not_picked":["True Grit","Havoc"],"picked":"Combust","floor":7.0},{"not_picked":["Headbutt","Havoc"],"picked":"conspire:Purge","floor":8.0},{"not_picked":["Pummel","Twin Strike"],"picked":"ReplayTheSpireMod:Muscle Training","floor":11.0},{"not_picked":["Perfected Strike","Twin Strike"],"picked":"ReplayTheSpireMod:Stacked","floor":12.0},{"not_picked":["Anger","Life Link","Evolve"],"picked":"SKIP","floor":14.0}],"player_experience":628412,"relics_obtained":[{"floor":2.0,"key":"GuppysHead"},{"floor":6.0,"key":"The Courier"},{"floor":8.0,"key":"DeathBook"},{"floor":9.0,"key":"Ice Cream"},{"floor":12.0,"key":"War Paint"}],"event_choices":[{"damage_healed":0.0,"max_hp_gain":0.0,"max_hp_loss":0.0,"gold_gain":0.0,"event_name":"Scrap Ooze","player_choice":"Success","floor":3.0,"gold_loss":0.0,"damage_taken":26.0,"relics_obtained":["Peace Pipe"]}],"is_beta":false,"boss_relics":[],"items_purged_floors":[],"is_endless":false,"potions_floor_spawned":[4,6,7,8,11],"killed_by":"Hexaghost","ascension_level":13}}