{"host":"h7dgy2mp13cbhzus","time":1613889251,"event":{"mods":["Act Like it!","BaseMod","GifTheSpireLib","Minty Spire (QoL Compilation)","Relic Stats","StSLib"],"gold_per_floor":[110,110,120,132,132,151,151,167,167,206,156,200,125,201,201,292,292,316,316,316,53,53,87,99,134,161,179,211,211,221,241,241,318,318,334,334,334,45,55,55,65,95,122,150,162,201,229,241,253,265,277,289,23,56,56],"floor_reached":56,"language":"ENG","playtime":3880,"items_purged":["Strike_B"],"score":2145,"play_id":"2c9f0c12-4d52-4a29-a9fc-5cb7a19c2a02","local_time":"20210221003411","is_ascension_mode":true,"campfire_choices":[{"floor":7.0,"key":"REST"},{"floor":15.0,"key":"REST"},{"data":"Echo Form","floor":29.0,"key":"SMITH"},{"data":"Defragment","floor":32.0,"key":"SMITH"},{"data":"Loop","floor":40.0,"key":"SMITH"},{"floor":45.0,"key":"RECALL"},{"data":"Defragment","floor":49.0,"key":"SMITH"},{"data":"Echo Form","floor":52,"key":"SMITH"}],"circlet_count":0,"master_deck":["AscendersBane","Strike_B","Defend_B","Defend_B","Defend_B+1","Defend_B+1","Zap","Dualcast","Undo","Loop+1","White Noise","Darkness","Sunder","Glacier","Echo Form+1","Heatsinks","Defragment+1","Apotheosis","Buffer","Conserve Battery+1","Genetic Algorithm+1","Seek+1","Consume+1","Echo Form+1","Coolheaded+1","Defragment+1","Compile Driver","Hologram+1","Barrage"],"relics":["Velvet Choker","Bloody Idol","Singing Bowl","Blue Candle","Snecko Eye","Toxic Egg 2","The Courier","Bronze Scales","Shuriken","Inserter","OrangePellets","PreservedInsect","Question Card","MawBank","StrikeDummy","Medical Kit","Anchor","Bag of Marbles"],"acts_visited":["Exordium","TheCity","TheBeyond","TheEnding"],"potions_floor_usage":[55,55],"damage_taken":[{"damage":9.0,"enemies":"2 Louse","floor":1.0,"turns":4.0},{"damage":0.0,"enemies":"Small Slimes","floor":3.0,"turns":4.0},{"damage":3.0,"enemies":"Jaw Worm","floor":4.0,"turns":4.0},{"damage":0.0,"enemies":"Large Slime","floor":6.0,"turns":5.0},{"damage":3.0,"enemies":"Looter","floor":8.0,"turns":4.0},{"damage":12.0,"enemies":"3 Sentries","floor":10.0,"turns":7.0},{"damage":0.0,"enemies":"Lagavulin","floor":12.0,"turns":6.0},{"damage":12.0,"enemies":"Slime Boss","floor":16.0,"turns":5.0},{"damage":0.0,"enemies":"Spheric Guardian","floor":18.0,"turns":4.0},{"damage":6.0,"enemies":"Gremlin Leader","floor":23.0,"turns":5.0},{"damage":3.0,"enemies":"2 Thieves","floor":24.0,"turns":4.0},{"damage":16.0,"enemies":"Book of Stabbing","floor":25.0,"turns":5.0},{"damage":0.0,"enemies":"Cultist and Chosen","floor":27.0,"turns":5.0},{"damage":14.0,"enemies":"Gremlin Leader","floor":28.0,"turns":7.0},{"damage":2.0,"enemies":"3 Cultists","floor":30.0,"turns":4.0},{"damage":5.0,"enemies":"Snake Plant","floor":31.0,"turns":5.0},{"damage":12.0,"enemies":"Collector","floor":33.0,"turns":12.0},{"damage":11.0,"enemies":"3 Shapes","floor":35.0,"turns":5.0},{"damage":0.0,"enemies":"3 Darklings","floor":39.0,"turns":8.0},{"damage":0.0,"enemies":"Sphere and 2 Shapes","floor":41.0,"turns":5.0},{"damage":0.0,"enemies":"Giant Head","floor":42.0,"turns":9.0},{"damage":0.0,"enemies":"Spire Growth","floor":44.0,"turns":7.0},{"damage":0.0,"enemies":"Nemesis","floor":46.0,"turns":9.0},{"damage":32.0,"enemies":"Transient","floor":47.0,"turns":5.0},{"damage":0.0,"enemies":"Donu and Deca","floor":50.0,"turns":8.0},{"damage":6,"enemies":"Shield and Spear","floor":54,"turns":7},{"damage":47,"enemies":"The Heart","floor":55,"turns":13}],"seed_played":"2757058997176962556","potions_obtained":[{"floor":4.0,"key":"Block Potion"},{"floor":10.0,"key":"DuplicationPotion"},{"floor":12.0,"key":"Strength Potion"},{"floor":16.0,"key":"FocusPotion"}],"is_trial":false,"path_per_floor":["M","?","M","M","?","M","R","M","T","E","?","E","$","?","R","B",null,"M","?","?","$","$","E","M","E","T","M","E","R","M","M","R","B",null,"M","?","?","$","M","R","M","E","T","M","R","E","M","?","R","B",null,"R","$","E","B",null],"character_chosen":"DEFECT","items_purchased":["Defragment","Apotheosis","OrangePellets","PreservedInsect","Coolheaded+1","Medical Kit","Hologram+1","Anchor"],"campfire_rested":2,"item_purchase_floors":[21,21,38,38,38,53,53,53],"current_hp_per_floor":[55,41,41,38,21,21,42,39,39,27,27,29,29,29,50,38,64,64,64,64,64,64,63,70,61,66,71,62,62,67,67,67,60,73,69,69,69,69,76,76,83,85,85,87,87,87,60,61,66,71,89,93,93,92,45],"gold":56,"neow_bonus":"BOSS_RELIC","is_daily":false,"chose_seed":false,"campfire_upgraded":5,"win_rate":0.0,"timestamp":1613889251,"path_taken":["M","?","M","M","?","?","R","M","T","E","?","E","$","?","R","BOSS","M","?","?","?","$","E","M","E","T","?","E","R","M","M","R","BOSS","M","?","?","$","M","R","M","E","T","M","R","E","M","?","R","BOSS","R","$","E","BOSS"],"items_purchased_type":["Card","Card","Relic","Relic","Card","Relic","Card","Relic"],"build_version":"2020-12-22","purchased_purges":1,"victory":true,"max_hp_per_floor":[71,71,71,71,71,71,71,71,71,71,71,73,73,73,73,73,73,73,73,73,73,73,73,73,75,75,75,75,75,77,77,77,77,77,79,79,79,79,81,81,83,85,85,87,87,87,87,93,93,93,93,93,93,93,93],"relic_stats":{"Inserter":[38],"Singing Bowl":22,"counters":[27,165],"Blue Candle":[0],"PreservedInsect":257,"Question Card":7,"MawBank":120,"Medical Kit":[2],"OrangePellets":[11],"Shuriken":[2],"Bloody Idol":99,"Bronze Scales":[483],"Snecko Eye":[181,156,159,162],"obtain_stats":[{"Inserter":34,"Singing Bowl":10,"Golden Idol":5,"Blue Candle":12,"Velvet Choker":0,"The Courier":25,"PreservedInsect":38,"Question Card":42,"MawBank":43,"Medical Kit":53,"OrangePellets":38,"Anchor":53,"Shuriken":28,"Bloody Idol":19,"Bronze Scales":26,"Snecko Eye":17,"Bag of Marbles":54,"Toxic Egg 2":23,"Cracked Core":0,"StrikeDummy":46},{"Inserter":17,"Singing Bowl":6,"Golden Idol":3,"Blue Candle":7,"Velvet Choker":0,"The Courier":12,"PreservedInsect":18,"Question Card":21,"MawBank":21,"Medical Kit":25,"OrangePellets":18,"Anchor":25,"Shuriken":14,"Bloody Idol":9,"Bronze Scales":12,"Snecko Eye":8,"Bag of Marbles":26,"Toxic Egg 2":10,"Cracked Core":0,"StrikeDummy":23},{"Inserter":89,"Singing Bowl":28,"Golden Idol":12,"Blue Candle":34,"Velvet Choker":0,"The Courier":57,"PreservedInsect":94,"Question Card":116,"MawBank":116,"Medical Kit":145,"OrangePellets":94,"Anchor":145,"Shuriken":68,"Bloody Idol":43,"Bronze Scales":57,"Snecko Eye":39,"Bag of Marbles":152,"Toxic Egg 2":48,"Cracked Core":0,"StrikeDummy":132}]},"card_choices":[{"not_picked":["Steam","Auto Shields"],"picked":"Undo","floor":1.0},{"not_picked":["Turbo","Stack"],"picked":"Loop","floor":3.0},{"not_picked":["Compile Driver","Rebound"],"picked":"White Noise","floor":4.0},{"not_picked":["Streamline","Rebound"],"picked":"Darkness","floor":6.0},{"not_picked":["Cold Snap","Doom and Gloom"],"picked":"Sunder","floor":8.0},{"not_picked":["Turbo","Heatsinks"],"picked":"Glacier","floor":10.0},{"not_picked":["Tempest","FTL","Fusion"],"picked":"Singing Bowl","floor":12.0},{"not_picked":["Machine Learning","Fission"],"picked":"Echo Form","floor":16.0},{"not_picked":["Hologram","Stack"],"picked":"Heatsinks","floor":18.0},{"not_picked":["Streamline+1","Fusion+1"],"picked":"Buffer","floor":23.0},{"not_picked":["Beam Cell","Compile Driver"],"picked":"Conserve Battery+1","floor":24.0},{"not_picked":["Beam Cell","Compile Driver","Undo+1"],"picked":"Singing Bowl","floor":25.0},{"not_picked":["Compile Driver","FTL"],"picked":"Genetic Algorithm+1","floor":27.0},{"not_picked":["Auto Shields+1","Beam Cell"],"picked":"Seek+1","floor":28.0},{"not_picked":["Force Field+1","Compile Driver","Beam Cell"],"picked":"Singing Bowl","floor":30.0},{"not_picked":["Streamline","Ball Lightning"],"picked":"Consume+1","floor":31.0},{"not_picked":["Machine Learning","All For One"],"picked":"Echo Form","floor":33.0},{"not_picked":["Gash","Turbo+1","Hello World"],"picked":"Singing Bowl","floor":35.0},{"not_picked":["Turbo+1","Leap+1","Redo+1"],"picked":"Singing Bowl","floor":39.0},{"not_picked":["Beam Cell+1","Ball Lightning","Sweeping Beam"],"picked":"Singing Bowl","floor":41.0},{"not_picked":["Force Field+1","Ball Lightning","Storm+1"],"picked":"Singing Bowl","floor":42.0},{"not_picked":["Tempest+1","Darkness+1","FTL","Stack+1"],"picked":"Singing Bowl","floor":44.0},{"not_picked":["Consume+1","Meteor Strike","Barrage"],"picked":"Defragment","floor":46.0},{"not_picked":["Ball Lightning","Hologram+1","Turbo+1"],"picked":"Compile Driver","floor":47.0},{"not_picked":["Mayhem","Secret Technique+1","Metamorphosis+1","Panache"],"picked":"Singing Bowl","floor":48.0},{"not_picked":["Mind Blast","Dramatic Entrance","Blind+1","Finesse+1"],"picked":"Singing Bowl","floor":48.0},{"not_picked":["Impatience+1","Bandage Up+1","Blind+1","Deep Breath+1"],"picked":"Singing Bowl","floor":48.0},{"not_picked":["Scrape+1","Blizzard","Ball Lightning"],"picked":"Barrage","floor":54}],"player_experience":605237,"relics_obtained":[{"floor":10.0,"key":"Singing Bowl"},{"floor":12.0,"key":"Blue Candle"},{"floor":23.0,"key":"Toxic Egg 2"},{"floor":25.0,"key":"The Courier"},{"floor":26.0,"key":"Bronze Scales"},{"floor":28.0,"key":"Shuriken"},{"floor":42.0,"key":"Question Card"},{"floor":43.0,"key":"MawBank"},{"floor":46.0,"key":"StrikeDummy"},{"floor":54,"key":"Bag of Marbles"}],"event_choices":[{"damage_healed":0.0,"max_hp_gain":0.0,"max_hp_loss":0.0,"gold_gain":0.0,"event_name":"Shining Light","player_choice":"Entered Light","floor":2.0,"gold_loss":0.0,"damage_taken":14.0,"cards_upgraded":["Defend_B","Defend_B"]},{"damage_healed":0.0,"max_hp_gain":0.0,"max_hp_loss":0.0,"gold_gain":0.0,"event_name":"Golden Idol","player_choice":"Take Damage","floor":5.0,"gold_loss":0.0,"damage_taken":17.0,"relics_obtained":["Golden Idol"]},{"cards_removed":["Strike_B"],"damage_healed":0.0,"max_hp_gain":0.0,"max_hp_loss":0.0,"gold_gain":0.0,"event_name":"The Cleric","player_choice":"Card Removal","floor":11.0,"gold_loss":50.0,"damage_taken":0.0},{"damage_healed":0.0,"max_hp_gain":0.0,"max_hp_loss":0.0,"gold_gain":76.0,"event_name":"Golden Wing","player_choice":"Gained Gold","floor":14.0,"gold_loss":0.0,"damage_taken":0.0},{"damage_healed":0.0,"max_hp_gain":0.0,"max_hp_loss":0.0,"gold_gain":0.0,"event_name":"Forgotten Altar","player_choice":"Gave Idol","floor":19.0,"relics_lost":["Golden Idol"],"gold_loss":0.0,"damage_taken":0.0,"relics_obtained":["Bloody Idol"]},{"damage_healed":0.0,"max_hp_gain":0.0,"max_hp_loss":0.0,"gold_gain":0.0,"event_name":"Vampires","player_choice":"Ignored","floor":20.0,"gold_loss":0.0,"damage_taken":0.0},{"cards_removed":["Strike_B"],"damage_healed":0.0,"max_hp_gain":0.0,"max_hp_loss":0.0,"gold_gain":0.0,"event_name":"Falling","player_choice":"Removed Attack","floor":36.0,"gold_loss":0.0,"damage_taken":0.0},{"damage_healed":0.0,"max_hp_gain":0.0,"max_hp_loss":0.0,"gold_gain":0.0,"event_name":"Tomb of Lord Red Mask","player_choice":"Ignored","floor":37.0,"gold_loss":0.0,"damage_taken":0.0},{"damage_healed":0.0,"max_hp_gain":0.0,"max_hp_loss":0.0,"gold_gain":0.0,"event_name":"SensoryStone","player_choice":"Memory 3","floor":48.0,"gold_loss":0.0,"damage_taken":10.0}],"is_beta":false,"boss_relics":[{"not_picked":["Empty Cage","Calling Bell"],"picked":"Snecko Eye"},{"not_picked":["Busted Crown","Nuclear Battery"],"picked":"Inserter"}],"items_purged_floors":[13],"is_endless":false,"potions_floor_spawned":[4,10,12,16,23,25,30,39,46],"ascension_level":14}}