{"host":"ilhhjx796p2x2wmd","time":1613895265,"event":{"mods":["AchievementEnabler","BaseMod","BetterRewards","Colored Map","Colored Powertips","DeckTracker","Highlight Path","Minty Spire (QoL Compilation)","Permanent Neow","Rare Cards Sparkle","Shop Mod"],"gold_per_floor":[362,90,165,4,16,33,44,79,79,39,51,63,63,78,78,175,175,187,216,228,243,168,168,10,10,10,10,10,22,42,56,56,160,160,173,11,30,5,17,17,47,47,123,123,134,147,147,181,181,181],"floor_reached":51,"language":"KOR","playtime":2234,"items_purged":["Strike_G","Strike_G","Strike_G"],"score":1077,"play_id":"4a2358a7-fbd2-4be5-b3a5-8fdec432142a","local_time":"20210221171425","is_ascension_mode":true,"campfire_choices":[{"floor":15.0,"key":"REST"},{"floor":23.0,"key":"REST"},{"data":"Apotheosis","floor":25.0,"key":"SMITH"},{"data":"Prepared","floor":27.0,"key":"SMITH"},{"floor":32.0,"key":"REST"},{"data":"Envenom","floor":40.0,"key":"SMITH"},{"data":"Calculated Gamble","floor":44.0,"key":"SMITH"},{"data":"Footwork","floor":47.0,"key":"SMITH"},{"data":"Corpse Explosion","floor":49,"key":"SMITH"}],"circlet_count":0,"master_deck":["Defend_G","Defend_G","Defend_G","Defend_G","Defend_G","Survivor","Neutralize","Poisoned Stab","Calculated Gamble+1","Finesse","Apotheosis+1","Catalyst","Sucker Punch","Cloak And Dagger","Noxious Fumes","Doppelganger","Poisoned Stab","Footwork+1","Phantasmal Killer","Bouncing Flask","Prepared+1","Backflip","Crippling Poison","Backflip","Corpse Explosion+1","Acrobatics","Bouncing Flask","Envenom+1","Deadly Poison"],"relics":["Ring of the Snake","Membership Card","Nunchaku","Mummified Hand","SlaversCollar","Red Mask","FossilizedHelix","HornCleat","Sozu","Mercury Hourglass","Frozen Egg 2","Blue Candle"],"acts_visited":["Exordium","TheCity","TheBeyond"],"potions_floor_usage":[50],"damage_taken":[{"damage":3.0,"enemies":"Small Slimes","floor":1.0,"turns":6.0},{"damage":0.0,"enemies":"Cultist","floor":5.0,"turns":4.0},{"damage":0.0,"enemies":"2 Louse","floor":6.0,"turns":4.0},{"damage":0.0,"enemies":"2 Fungi Beasts","floor":7.0,"turns":4.0},{"damage":25.0,"enemies":"Gremlin Nob","floor":8.0,"turns":4.0},{"damage":4.0,"enemies":"Large Slime","floor":11.0,"turns":6.0},{"damage":0.0,"enemies":"Blue Slaver","floor":12.0,"turns":4.0},{"damage":13.0,"enemies":"Lots of Slimes","floor":14.0,"turns":5.0},{"damage":2.0,"enemies":"The Guardian","floor":16.0,"turns":7.0},{"damage":11.0,"enemies":"3 Byrds","floor":18.0,"turns":5.0},{"damage":21.0,"enemies":"Masked Bandits","floor":19.0,"turns":6.0},{"damage":4.0,"enemies":"Shell Parasite","floor":20.0,"turns":8.0},{"damage":15.0,"enemies":"3 Cultists","floor":21.0,"turns":6.0},{"damage":0.0,"enemies":"Cultist and Chosen","floor":29.0,"turns":8.0},{"damage":0.0,"enemies":"Snecko","floor":30.0,"turns":5.0},{"damage":8.0,"enemies":"Sentry and Sphere","floor":31.0,"turns":5.0},{"damage":0.0,"enemies":"Champ","floor":33.0,"turns":9.0},{"damage":2.0,"enemies":"Orb Walker","floor":35.0,"turns":4.0},{"damage":9.0,"enemies":"3 Darklings","floor":37.0,"turns":4.0},{"damage":10.0,"enemies":"Writhing Mass","floor":39.0,"turns":5.0},{"damage":0.0,"enemies":"Giant Head","floor":41.0,"turns":6.0},{"damage":8.0,"enemies":"Jaw Worm Horde","floor":45.0,"turns":3.0},{"damage":0.0,"enemies":"3 Darklings","floor":46.0,"turns":2.0},{"damage":16,"enemies":"Reptomancer","floor":48,"turns":5},{"damage":23,"enemies":"Awakened One","floor":50,"turns":13}],"seed_played":"-7276986940784987576","potions_obtained":[{"floor":1.0,"key":"Fire Potion"},{"floor":5.0,"key":"PowerPotion"},{"floor":10.0,"key":"FairyPotion"},{"floor":10.0,"key":"ColorlessPotion"},{"floor":10.0,"key":"Swift Potion"},{"floor":12.0,"key":"PowerPotion"},{"floor":16.0,"key":"Ancient Potion"},{"floor":19.0,"key":"BlessingOfTheForge"},{"floor":20.0,"key":"DistilledChaos"},{"floor":21.0,"key":"FearPotion"},{"floor":33.0,"key":"PowerPotion"}],"is_trial":false,"path_per_floor":["M","$","?","$","M","M","M","E","T","?","M","M","?","M","R","B",null,"M","?","M","M","?","R","$","R","T","R","?","M","M","M","R","B",null,"M","$","M","$","M","R","E","?","T","R","M","M","R","E","R","B",null],"character_chosen":"THE_SILENT","items_purchased":["Membership Card","Calculated Gamble","Finesse","Apotheosis","Catalyst","FossilizedHelix","Backflip","Bouncing Flask","Envenom","Deadly Poison"],"campfire_rested":3,"item_purchase_floors":[2,2,2,4,4,24,24,36,36,38],"current_hp_per_floor":[42,42,31,31,31,31,31,6,6,6,2,2,2,12,33,31,60,49,28,24,9,9,30,30,30,30,30,17,17,17,9,31,31,64,62,62,53,53,43,43,43,75,75,75,67,67,67,51,51,28],"gold":181,"neow_bonus":"TWO_FIFTY_GOLD","is_daily":false,"chose_seed":false,"campfire_upgraded":6,"win_rate":0.0,"timestamp":1613895265,"path_taken":["M","$","?","$","M","M","M","E","T","?","?","M","?","M","R","BOSS","M","?","M","M","?","R","?","R","T","R","?","M","M","M","R","BOSS","M","$","M","$","M","R","E","?","T","R","?","M","R","E","R","BOSS"],"items_purchased_type":["Relic","Card","Card","Card","Card","Relic","Card","Card","Card","Card"],"build_version":"2020-12-22","purchased_purges":3,"victory":true,"max_hp_per_floor":[70,70,70,70,70,70,70,70,70,70,70,70,70,70,70,70,70,70,70,70,70,70,70,70,70,70,70,75,75,75,75,75,75,75,75,75,75,75,75,75,75,75,75,75,75,75,75,75,75,75],"card_choices":[{"not_picked":["Escape Plan","Deflect"],"picked":"Poisoned Stab","floor":1.0},{"not_picked":["Outmaneuver","Dodge and Roll"],"picked":"Sucker Punch","floor":5.0},{"not_picked":["Finisher","Deflect"],"picked":"Cloak And Dagger","floor":6.0},{"not_picked":["Catalyst","Concentrate"],"picked":"Noxious Fumes","floor":7.0},{"not_picked":["Sucker Punch","Blade Dance"],"picked":"Doppelganger","floor":8.0},{"not_picked":["Blade Dance","Flying Knee","Slice"],"picked":"SKIP","floor":11.0},{"not_picked":["PiercingWail","Dagger Spray"],"picked":"Poisoned Stab","floor":12.0},{"not_picked":["Prepared","Escape Plan"],"picked":"Footwork","floor":14.0},{"not_picked":["Die Die Die","Night Terror"],"picked":"Phantasmal Killer","floor":16.0},{"not_picked":["Dodge and Roll","Deflect","Slice"],"picked":"SKIP","floor":18.0},{"not_picked":["Terror","PiercingWail"],"picked":"Bouncing Flask","floor":19.0},{"not_picked":["Tactician+1","Blade Dance","Dodge and Roll"],"picked":"SKIP","floor":20.0},{"not_picked":["Deflect","Bane"],"picked":"Prepared","floor":21.0},{"not_picked":["Burst","Underhanded Strike"],"picked":"Crippling Poison","floor":29.0},{"not_picked":["Flying Knee","Expertise"],"picked":"Backflip","floor":30.0},{"not_picked":["Backflip","PiercingWail","Dagger Spray"],"picked":"SKIP","floor":31.0},{"not_picked":["A Thousand Cuts","Night Terror"],"picked":"Corpse Explosion","floor":33.0},{"not_picked":["Heel Hook","Quick Slash+1"],"picked":"Acrobatics","floor":35.0},{"not_picked":["Flying Knee","PiercingWail","Infinite Blades"],"picked":"SKIP","floor":37.0},{"not_picked":["Acrobatics+1","Blade Dance","Dodge and Roll+1"],"picked":"SKIP","floor":39.0},{"not_picked":["Night Terror","Dodge and Roll+1","Dash+1"],"picked":"SKIP","floor":41.0},{"not_picked":["Cloak And Dagger","Setup","Outmaneuver"],"picked":"SKIP","floor":45.0},{"not_picked":["Dagger Throw+1","Prepared","PiercingWail+1"],"picked":"SKIP","floor":46.0},{"not_picked":["Deflect+1","Dagger Spray+1","Outmaneuver+1"],"picked":"SKIP","floor":48}],"player_experience":345029,"relics_obtained":[{"floor":8.0,"key":"Nunchaku"},{"floor":9.0,"key":"Mummified Hand"},{"floor":19.0,"key":"Red Mask"},{"floor":26.0,"key":"HornCleat"},{"floor":41.0,"key":"Mercury Hourglass"},{"floor":43.0,"key":"Frozen Egg 2"},{"floor":48,"key":"Blue Candle"}],"event_choices":[{"damage_healed":0.0,"max_hp_gain":0.0,"max_hp_loss":0.0,"gold_gain":75.0,"event_name":"World of Goop","player_choice":"Gather Gold","floor":3.0,"gold_loss":0.0,"damage_taken":11.0},{"damage_healed":0.0,"max_hp_gain":0.0,"max_hp_loss":0.0,"gold_gain":0.0,"event_name":"The Woman in Blue","player_choice":"Bought 3 Potions","floor":10.0,"gold_loss":0.0,"damage_taken":0.0},{"cards_removed":["Strike_G"],"damage_healed":0.0,"max_hp_gain":0.0,"max_hp_loss":0.0,"gold_gain":0.0,"event_name":"Living Wall","player_choice":"Forget","floor":13.0,"gold_loss":0.0,"damage_taken":0.0},{"damage_healed":0.0,"max_hp_gain":0.0,"max_hp_loss":0.0,"gold_gain":0.0,"event_name":"Masked Bandits","player_choice":"Fought Bandits","floor":19.0,"gold_loss":0.0,"damage_taken":0.0},{"cards_removed":["Strike_G"],"damage_healed":0.0,"max_hp_gain":0.0,"max_hp_loss":0.0,"gold_gain":0.0,"event_name":"Beggar","player_choice":"Gave Gold","floor":22.0,"gold_loss":75.0,"damage_taken":0.0},{"damage_healed":0.0,"max_hp_gain":5.0,"max_hp_loss":0.0,"gold_gain":0.0,"event_name":"Forgotten Altar","player_choice":"Shed Blood","floor":28.0,"gold_loss":0.0,"damage_taken":18.0},{"damage_healed":32.0,"max_hp_gain":0.0,"max_hp_loss":0.0,"gold_gain":0.0,"event_name":"Wheel of Change","player_choice":"Full Heal","floor":42.0,"gold_loss":0.0,"damage_taken":0.0}],"is_beta":false,"boss_relics":[{"not_picked":["Tiny House","Runic Pyramid"],"picked":"SlaversCollar"},{"not_picked":["Coffee Dripper","Velvet Choker"],"picked":"Sozu"}],"items_purged_floors":[2,4,36],"is_endless":false,"potions_floor_spawned":[1,5,12,16,19,20,21,33,41,46,48],"ascension_level":7}}