{"host":"er8s5flrc5z1a07t","time":1613930593,"event":{"mods":["2.2 Compatiblity","Act Like it!","Aspiration","Bard","BaseMod","Better Note","Better Third Choice","Downfall","Duelist Mod","Elementarium","Energized Spire","GifTheSpireLib","Googly Eyes","Hermit","Hubris","Infinite Spire","Minty Spire (QoL Compilation)","Relic Stats","Replay The Spire","Shop Mod","StSLib","Stuff the Spire","Synergy Search","The Cursed"],"gold_per_floor":[135,135,60,71,31,31,59,59,59,89,106,126,126,155,155,256,256,276,276,302,313,313,313,313],"floor_reached":23,"language":"ENG","playtime":1021,"items_purged":["bronze:Goto"],"score":300,"play_id":"bb142242-6339-4bdc-96aa-82abfad5c071","local_time":"20210221130312","is_ascension_mode":true,"campfire_choices":[{"data":"theDuelist:MeteorDestruction+1","floor":6,"key":"SMITH"},{"data":"theDuelist:MeteorDestruction+2","floor":8,"key":"SMITH"},{"data":"theDuelist:FairyBox","floor":15,"key":"SMITH"}],"circlet_count":0,"master_deck":["theDuelist:BeaverWarrior","theDuelist:BeaverWarrior","theDuelist:CastleWalls","theDuelist:CastleWalls","theDuelist:FinalFlame","theDuelist:GiantSoldier","theDuelist:GiantSoldier","theDuelist:ScrapFactory","theDuelist:ZombieCorpse","Magnetism","theDuelist:Reinforcements","theDuelist:CrystalRaigeki","theDuelist:MeteorDestruction+3","theDuelist:FusionFire","Pot Of Greed","Pot Of Greed","theDuelist:CrossAttack","theDuelist:CircleFireKings","theDuelist:PurplePainOni","theDuelist:FairyBox+1","theDuelist:KamionTimelord+1","theDuelist:GravityBlaster","theDuelist:InfernoFireBlast","theDuelist:SwordsConcealing+1","Pot Of Greed","theDuelist:Wildfire+1","theDuelist:FairyBox"],"relics":["theDuelist:MillenniumPuzzle","theDuelist:CardPoolRelic","theDuelist:CardPoolBasicRelic","theDuelist:BoosterPackPoolRelic","theDuelist:CardPoolAddRelic","theDuelist:CardPoolMinusRelic","theDuelist:CardPoolSaveRelic","theDuelist:CardPoolOptionsRelic","Golden Egg","Replay:Bottled Flurry","Boot","Grinning Jar","ReplayTheSpireMod:Lightbulb","Inserter","Red Mask"],"acts_visited":["Exordium","TheCity"],"potions_floor_usage":[14,18,23,23,23],"damage_taken":[{"damage":9,"enemies":"Cultist","floor":1,"turns":6},{"damage":3,"enemies":"Small Slimes","floor":4,"turns":4},{"damage":18,"enemies":"Gremlin Nob","floor":7,"turns":6},{"damage":8,"enemies":"3 Sentries","floor":10,"turns":4},{"damage":0,"enemies":"2 Louse","floor":11,"turns":2},{"damage":0,"enemies":"2 Fungi Beasts","floor":12,"turns":1},{"damage":9,"enemies":"Replay:BlueRogue","floor":14,"turns":5},{"damage":8,"enemies":"Hexaghost","floor":16,"turns":9},{"damage":14,"enemies":"3 Byrds","floor":18,"turns":5},{"damage":10,"enemies":"Masked Bandits","floor":20,"turns":4},{"damage":0,"enemies":"Spheric Guardian","floor":21,"turns":3},{"damage":47,"enemies":"Book of Stabbing","floor":23,"turns":6}],"seed_played":"1164682630000405459","potions_obtained":[{"floor":7,"key":"theDuelist:ElectricBrew"},{"floor":10,"key":"theDuelist:VampireVial"},{"floor":14,"key":"theDuelist:DebuffArmorPotion"},{"floor":16,"key":"theDuelist:LavaBottle"},{"floor":20,"key":"Explosive Potion"}],"is_trial":false,"path_per_floor":["M","T","$","M","$","R","E","R","T","E","M","M","$","E","R","B",null,"M","?","?","M","?","E"],"character_chosen":"THE_DUELIST","items_purchased":["theDuelist:MeteorDestruction+1"],"campfire_rested":0,"item_purchase_floors":[5],"current_hp_per_floor":[63,63,63,60,60,60,42,42,42,34,34,34,34,27,27,19,60,46,46,36,36,36,0,0],"gold":313,"neow_bonus":"RANDOM_COLORLESS_2","is_daily":false,"chose_seed":false,"campfire_upgraded":3,"win_rate":0.0,"timestamp":1613930592,"path_taken":["M","?","$","M","?","R","E","R","T","E","?","?","?","E","R","BOSS","M","?","?","M","?","E"],"items_purchased_type":["Card"],"build_version":"2020-12-22","purchased_purges":1,"victory":false,"max_hp_per_floor":[80,80,80,80,80,80,80,80,80,77,74,71,71,73,73,73,73,73,73,73,73,73,73,73],"relic_stats":{"Inserter":[9],"counters":[12,55],"Boot":[6],"obtain_stats":[{"Golden Egg":2,"Inserter":17,"theDuelist:MillenniumPuzzle":0,"theDuelist:CardPoolSaveRelic":0,"Boot":9,"theDuelist:BoosterPackPoolRelic":0,"theDuelist:CardPoolMinusRelic":0,"theDuelist:CardPoolBasicRelic":0,"theDuelist:CardPoolAddRelic":0,"theDuelist:CardPoolOptionsRelic":0,"Replay:Bottled Flurry":7,"Red Mask":20,"Grinning Jar":10,"ReplayTheSpireMod:Lightbulb":14,"theDuelist:CardPoolRelic":0},{"Golden Egg":1,"Inserter":8,"theDuelist:MillenniumPuzzle":0,"theDuelist:CardPoolSaveRelic":0,"Boot":3,"theDuelist:BoosterPackPoolRelic":0,"theDuelist:CardPoolMinusRelic":0,"theDuelist:CardPoolBasicRelic":0,"theDuelist:CardPoolAddRelic":0,"theDuelist:CardPoolOptionsRelic":0,"Replay:Bottled Flurry":3,"Red Mask":10,"Grinning Jar":4,"ReplayTheSpireMod:Lightbulb":7,"theDuelist:CardPoolRelic":0},{"Golden Egg":6,"Inserter":37,"theDuelist:MillenniumPuzzle":0,"theDuelist:CardPoolSaveRelic":0,"Boot":16,"theDuelist:BoosterPackPoolRelic":0,"theDuelist:CardPoolMinusRelic":0,"theDuelist:CardPoolBasicRelic":0,"theDuelist:CardPoolAddRelic":0,"theDuelist:CardPoolOptionsRelic":0,"Replay:Bottled Flurry":16,"Red Mask":46,"Grinning Jar":20,"ReplayTheSpireMod:Lightbulb":28,"theDuelist:CardPoolRelic":0}]},"card_choices":[{"not_picked":["theDuelist:PotForbidden","theDuelist:PotGenerosity"],"picked":"Magnetism","floor":0},{"not_picked":["theDuelist:CrystalRaigeki","theDuelist:PsychicShockwave","theDuelist:Graverobber","theDuelist:PineappleBlast"],"picked":"theDuelist:Reinforcements","floor":1},{"not_picked":["theDuelist:WhiteHowling","theDuelist:ImperialOrder","theDuelist:SilverApples","theDuelist:MiraculousDescent"],"picked":"theDuelist:CrystalRaigeki","floor":4},{"not_picked":["theDuelist:Hinotama","theDuelist:Invigoration","theDuelist:WormApocalypse","theDuelist:DoubleTool"],"picked":"theDuelist:FusionFire","floor":7},{"not_picked":["theDuelist:VenomShot","theDuelist:OnslaughtFireKings","theDuelist:SangaEarth","theDuelist:Electrowhip"],"picked":"theDuelist:CrossAttack","floor":10},{"not_picked":["theDuelist:UnderworldCannon","theDuelist:CombinationAttack","theDuelist:BigKoala","theDuelist:MiraculousDescent"],"picked":"theDuelist:CircleFireKings","floor":11},{"not_picked":["theDuelist:RainbowNeos","theDuelist:RainbowKuriboh","theDuelist:RainbowOverdragon","theDuelist:RedHeadedOni"],"picked":"theDuelist:PurplePainOni","floor":12},{"not_picked":["theDuelist:DoubleTool","theDuelist:Eva","theDuelist:RainbowNeos","theDuelist:SilentDoom"],"picked":"theDuelist:FairyBox","floor":14},{"not_picked":["theDuelist:RainbowNeos","theDuelist:Eva","theDuelist:RainbowKuriboh","theDuelist:RainbowOverdragon"],"picked":"theDuelist:KamionTimelord","floor":16},{"not_picked":["theDuelist:SilentDoom","theDuelist:FairyBox","theDuelist:Eva","theDuelist:BlackPendant+1"],"picked":"theDuelist:GravityBlaster","floor":18},{"not_picked":["theDuelist:SevenCompleted","theDuelist:InstantFusion"],"picked":"theDuelist:Wildfire","floor":20},{"not_picked":["theDuelist:DoubleTool","theDuelist:RainbowNeos","theDuelist:MagnumShield","theDuelist:PotDuality"],"picked":"theDuelist:FairyBox","floor":21}],"player_experience":1185457,"relics_obtained":[{"floor":2,"key":"Golden Egg"},{"floor":7,"key":"Replay:Bottled Flurry"},{"floor":9,"key":"Boot"},{"floor":10,"key":"Grinning Jar"},{"floor":14,"key":"ReplayTheSpireMod:Lightbulb"},{"floor":20,"key":"Red Mask"}],"event_choices":[{"damage_healed":0,"gold_gain":0,"cards_transformed":["theDuelist:Sparks","theDuelist:Sparks"],"player_choice":"Became Test Subject","damage_taken":0,"max_hp_gain":0,"max_hp_loss":0,"event_name":"Drug Dealer","floor":19,"gold_loss":0,"cards_obtained":["theDuelist:InfernoFireBlast","theDuelist:SwordsConcealing"]},{"damage_healed":0,"gold_gain":0,"player_choice":"Fought Bandits","damage_taken":0,"max_hp_gain":0,"max_hp_loss":0,"event_name":"Masked Bandits","floor":20,"gold_loss":0},{"damage_healed":0,"gold_gain":0,"player_choice":"Ignored","damage_taken":0,"max_hp_gain":0,"max_hp_loss":0,"event_name":"Ghosts","floor":22,"gold_loss":0}],"is_beta":false,"boss_relics":[{"not_picked":["Abe\u0027s Treasure","energizedSpire:RedRose"],"picked":"Inserter"}],"items_purged_floors":[3],"is_endless":false,"potions_floor_spawned":[7,10,14,16,20],"killed_by":"Book of Stabbing","ascension_level":9}}