{"host":"0y90508114dtmhdq","time":1613888613,"event":{"mods":["BaseMod","Colored Powertips","Luminous","Marisa£®ÏF”Í°°ƒß¿Ì…≥£©","Minty Spire (QoL Compilation)","Reimu£®≤©¿ˆ¡È√Œ£©","Remilia£®¿Ÿ√◊¿Ú—«£©","Replay The Spire","SOS£®Àπ∞Õ¥Ô÷Æ◊”£©","StSLib","Td1madao Mod","The Bug Knight","The Cursed","The Saiyan","The Servant 0.9.4","Warlord Emblem","Youmu£®ªÍ∆«—˝√Œ£©","Yuri Mod"],"gold_per_floor":[112,130,130,130,90,90,90,90,117,117,149,160,34,48,48,145,195,207,225,242,242,242,242],"floor_reached":22,"language":"ZHS","playtime":1363,"items_purged":["Regret"],"score":209,"play_id":"294ee6ab-4b1d-4356-a132-7893fcf34106","local_time":"20210221142333","is_ascension_mode":false,"campfire_choices":[{"data":"Luminous:Magic_Accelerate_Luminous","floor":7,"key":"SMITH"},{"data":"Luminous:Mana_Barrier_Luminous","floor":10,"key":"SMITH"},{"floor":15,"key":"REST"}],"circlet_count":0,"master_deck":["Luminous:Light_Flash_Shower","Luminous:Light_Flash_Shower","Luminous:Light_Flash_Shower","Luminous:Dark_Abyssal_Drop+1","Luminous:Dark_Abyssal_Drop+1","Luminous:Dark_Abyssal_Drop+1","Luminous:Defend_Luminous","Luminous:Defend_Luminous+1","Luminous:Defend_Luminous","Luminous:Defend_Luminous","Luminous:Switch_Luminous+1","Luminous:Magic_Accelerate_Luminous+1","Luminous:Mana_Barrier_Luminous+1","Luminous:Light_Ray_of_Redemption","Luminous:Ethereal_Form_Luminous+1","Luminous:Light_Sylvan_Lance","Luminous:Phantom_Treasure_Luminous","Luminous:Balance_Aether_Conduit","Luminous:Dark_Pressure_Void","Luminous:Concentrate_Luminous","Luminous:Light_Gather","Luminous:Flash_Blink_Luminous","Apotheosis"],"relics":["Luminous:MirrorRelic","NeowsBlessing","Strawberry","PaintedHorse:ReiMu","Ring of Searing","ReplayFunnel","Whetstone","Tiny House"],"acts_visited":["Exordium","TheCity"],"potions_floor_usage":[16,18,19,20],"damage_taken":[{"damage":0,"enemies":"2 Louse","floor":1,"turns":1},{"damage":0,"enemies":"Small Slimes","floor":2,"turns":1},{"damage":7,"enemies":"Lagavulin","floor":11,"turns":2},{"damage":2,"enemies":"Jaw Worm","floor":12,"turns":3},{"damage":9,"enemies":"3 Louse","floor":14,"turns":3},{"damage":77,"enemies":"The Guardian","floor":16,"turns":10},{"damage":44,"enemies":"Spheric Guardian","floor":18,"turns":6},{"damage":20,"enemies":"2 Thieves","floor":19,"turns":4},{"damage":15,"enemies":"Centurion and Healer","floor":20,"turns":7},{"damage":19,"enemies":"3 Cultists","floor":22,"turns":3}],"seed_played":"-308381315611304280","potions_obtained":[{"floor":1,"key":"ZuzhouPotion:ReiMu"},{"floor":11,"key":"Energy Potion"},{"floor":16,"key":"Explosive Potion"},{"floor":17,"key":"GamblersBrew"},{"floor":18,"key":"Energy Potion"},{"floor":19,"key":"FearPotion"}],"is_trial":false,"path_per_floor":["M","M","?","?","?","?","R","?","T","R","E","M","$","M","R","B",null,"M","M","M","?","M"],"character_chosen":"LuminousClass","items_purchased":["Luminous:Light_Sylvan_Lance"],"campfire_rested":1,"item_purchase_floors":[13],"current_hp_per_floor":[75,75,75,82,82,66,66,66,66,66,59,60,60,55,79,5,87,43,26,14,14,0,0],"gold":242,"neow_bonus":"THREE_ENEMY_KILL","is_daily":false,"chose_seed":false,"campfire_upgraded":2,"win_rate":0.0,"timestamp":1613888613,"path_taken":["M","M","?","?","?","?","R","?","T","R","E","M","?","M","R","BOSS","M","M","M","?","M"],"items_purchased_type":["Card"],"build_version":"2020-12-22","purchased_purges":1,"victory":false,"max_hp_per_floor":[75,75,75,82,82,82,82,82,82,82,82,82,82,82,82,82,87,87,87,87,87,87,87],"card_choices":[{"not_picked":["Luminous:Dark_Moonlight_Spear","Luminous:Light_Wash_Luminous"],"picked":"Luminous:Magic_Accelerate_Luminous","floor":1},{"not_picked":["Luminous:Light_Wash_Luminous","Luminous:Darkness_Mastery_Luminous"],"picked":"Luminous:Mana_Barrier_Luminous","floor":2},{"not_picked":["Luminous:Light_Glare","Luminous:Light_Track"],"picked":"Luminous:Light_Ray_of_Redemption","floor":11},{"not_picked":["Luminous:Light_Sylvan_Lance","Luminous:Blinding_Pillar_Luminous"],"picked":"Luminous:Ethereal_Form_Luminous","floor":12},{"not_picked":["Luminous:Hero_Will_Luminous","Luminous:Blinding_Pillar_Luminous"],"picked":"Luminous:Phantom_Treasure_Luminous","floor":14},{"not_picked":["Luminous:Dark_Void_Devour","Luminous:Balance_Baptism"],"picked":"Luminous:Balance_Aether_Conduit","floor":16},{"not_picked":["Luminous:Light_Disperse","Luminous:Light_Track"],"picked":"Luminous:Dark_Pressure_Void","floor":17},{"not_picked":["Luminous:Mana_Barrier_Luminous+1","Luminous:Accumulation_Luminous"],"picked":"Luminous:Concentrate_Luminous","floor":18},{"not_picked":["Luminous:Dark_Pressure_Void+1","Luminous:Light_Wash_Luminous+1"],"picked":"Luminous:Light_Gather","floor":19},{"not_picked":["Luminous:Dark_Raid","Luminous:Dark_Dim_Erosion"],"picked":"Luminous:Flash_Blink_Luminous","floor":20}],"player_experience":26500,"relics_obtained":[{"floor":8,"key":"Ring of Searing"},{"floor":9,"key":"ReplayFunnel"},{"floor":11,"key":"Whetstone"}],"event_choices":[{"damage_healed":0,"gold_gain":0,"player_choice":"Box","damage_taken":0,"relics_obtained":["Strawberry"],"max_hp_gain":0,"max_hp_loss":0,"event_name":"Big Fish","floor":4,"gold_loss":0,"cards_obtained":["Regret"]},{"damage_healed":0,"gold_gain":0,"player_choice":"»˚«Æ","damage_taken":0,"relics_obtained":["PaintedHorse:ReiMu"],"max_hp_gain":0,"max_hp_loss":0,"event_name":"yidonshenshe","floor":5,"gold_loss":40},{"damage_healed":0,"gold_gain":0,"player_choice":"Entered Light","damage_taken":16,"max_hp_gain":0,"max_hp_loss":0,"event_name":"Shining Light","floor":6,"gold_loss":0,"cards_upgraded":["Luminous:Dark_Abyssal_Drop","Luminous:Defend_Luminous"]}],"is_beta":false,"boss_relics":[{"not_picked":["Empty Cage","ReplayTheSpireMod:DimensionalGlitch"],"picked":"Tiny House"}],"items_purged_floors":[13],"is_endless":false,"potions_floor_spawned":[1,11,16,18,19],"killed_by":"3 Cultists","ascension_level":0}}