{"host":"mnpd8gh7cwxsn5kh","time":1613932254,"event":{"mods":["BaseMod","Bestiary","Block Reminder","Colored Map","Colored Powertips","Highlight Path","Minty Spire (QoL Compilation)","Relic Sorter","Relic Stats"],"gold_per_floor":[10,10,28,45,45,79,98,132,183,17,17,30,49,82,82,154,154,167,183,197,231,241,241,256,266,266,266,266,281,281,307,307,307,307],"floor_reached":33,"language":"ENG","playtime":2693,"items_purged":[],"score":732,"play_id":"780c2ba7-939f-4b65-b605-a3fbe6ef4062","local_time":"20210221193054","is_ascension_mode":true,"campfire_choices":[{"data":"Eruption","floor":11.0,"key":"SMITH"},{"data":"BowlingBash","floor":15.0,"key":"SMITH"},{"floor":23,"key":"REST"},{"floor":28,"key":"REST"},{"floor":30,"key":"REST"},{"floor":32,"key":"REST"}],"circlet_count":0,"master_deck":["AscendersBane","Strike_P+1","Strike_P","Strike_P","Defend_P+1","Defend_P","Defend_P","Defend_P","Eruption+1","Vigilance","BowlingBash+1","ForeignInfluence","ReachHeaven","ThirdEye","Meditate","BowlingBash+1","ThirdEye","Weave","LessonLearned+1","Protect+1","CutThroughFate","Nirvana"],"relics":["PureWater","Du-Vu Doll","Boot","White Beast Statue","Ancient Tea Set","Pen Nib","Lantern","VioletLotus","Red Mask","Girya","Centennial Puzzle"],"acts_visited":["Exordium","TheCity"],"potions_floor_usage":[16,16,20,20,21,22,25,25,25,25,29,31],"damage_taken":[{"damage":0.0,"enemies":"2 Louse","floor":1.0,"turns":2.0},{"damage":0.0,"enemies":"Cultist","floor":3.0,"turns":3.0},{"damage":2.0,"enemies":"Jaw Worm","floor":4.0,"turns":3.0},{"damage":3.0,"enemies":"3 Sentries","floor":6.0,"turns":8.0},{"damage":4.0,"enemies":"3 Louse","floor":7.0,"turns":3.0},{"damage":0.0,"enemies":"Lagavulin","floor":8.0,"turns":4.0},{"damage":2.0,"enemies":"Gremlin Gang","floor":12.0,"turns":2.0},{"damage":0.0,"enemies":"Exordium Thugs","floor":13.0,"turns":2.0},{"damage":8.0,"enemies":"3 Sentries","floor":14.0,"turns":5.0},{"damage":0,"enemies":"Slime Boss","floor":16,"turns":2},{"damage":20,"enemies":"2 Thieves","floor":18,"turns":3},{"damage":15,"enemies":"3 Byrds","floor":19,"turns":5},{"damage":0,"enemies":"Cultist and Chosen","floor":20,"turns":3},{"damage":0,"enemies":"Masked Bandits","floor":21,"turns":2},{"damage":17,"enemies":"Snake Plant","floor":22,"turns":4},{"damage":21,"enemies":"Centurion and Healer","floor":24,"turns":5},{"damage":5,"enemies":"3 Cultists","floor":25,"turns":3},{"damage":6,"enemies":"Snecko","floor":29,"turns":5},{"damage":32,"enemies":"Slavers","floor":31,"turns":7},{"damage":34,"enemies":"Champ","floor":33,"turns":11}],"seed_played":"9108561934209641022","potions_obtained":[{"floor":1.0,"key":"Ancient Potion"},{"floor":4.0,"key":"SkillPotion"},{"floor":5.0,"key":"PowerPotion"},{"floor":8.0,"key":"SteroidPotion"},{"floor":12.0,"key":"Explosive Potion"},{"floor":13.0,"key":"LiquidBronze"},{"floor":14.0,"key":"Energy Potion"},{"floor":16,"key":"GamblersBrew"},{"floor":18,"key":"CultistPotion"},{"floor":19,"key":"LiquidMemories"},{"floor":20,"key":"GamblersBrew"},{"floor":21,"key":"Swift Potion"},{"floor":22,"key":"StancePotion"},{"floor":24,"key":"EntropicBrew"},{"floor":25,"key":"Block Potion"},{"floor":29,"key":"Block Potion"},{"floor":31,"key":"Weak Potion"}],"is_trial":false,"path_per_floor":["M","?","M","M","?","E","M","E","T","$","R","M","M","E","R","B",null,"M","M","M","?","M","R","M","M","T","?","R","M","R","E","R","B"],"character_chosen":"WATCHER","items_purchased":["Pen Nib"],"campfire_rested":4,"item_purchase_floors":[10],"current_hp_per_floor":[61,61,61,59,59,56,52,52,52,52,52,50,50,42,42,42,62,42,27,27,27,10,30,9,4,4,4,24,18,38,6,26,0,0],"gold":307,"neow_bonus":"ONE_RARE_RELIC","is_daily":false,"chose_seed":false,"campfire_upgraded":2,"win_rate":0.0,"timestamp":1613932254,"path_taken":["M","?","M","M","?","E","M","E","T","$","R","?","M","E","R","BOSS","M","M","M","?","M","R","M","M","T","?","R","?","R","E","R","BOSS"],"items_purchased_type":["Relic"],"build_version":"2020-12-22","purchased_purges":0,"victory":false,"max_hp_per_floor":[68,68,68,68,68,68,68,68,68,68,68,68,68,68,68,68,68,68,68,68,68,68,68,68,68,68,68,68,68,68,68,68,68,68],"relic_stats":{"Centennial Puzzle":[3],"counters":[20,82],"Pen Nib":[11],"VioletLotus":[6],"Boot":[26],"obtain_stats":[{"Du-Vu Doll":0,"Girya":26,"Lantern":14,"Centennial Puzzle":31,"Pen Nib":10,"VioletLotus":17,"Red Mask":21,"PureWater":0,"Boot":6,"Ancient Tea Set":9,"White Beast Statue":8},{"Du-Vu Doll":0,"Girya":17,"Lantern":9,"Centennial Puzzle":19,"Pen Nib":6,"VioletLotus":10,"Red Mask":14,"PureWater":0,"Boot":4,"Ancient Tea Set":6,"White Beast Statue":6},{"Du-Vu Doll":0,"Girya":59,"Lantern":32,"Centennial Puzzle":71,"Pen Nib":23,"VioletLotus":34,"Red Mask":47,"PureWater":0,"Boot":16,"Ancient Tea Set":23,"White Beast Statue":23}]},"card_choices":[{"not_picked":["ForeignInfluence","WreathOfFlame"],"picked":"BowlingBash","floor":1.0},{"not_picked":["FlyingSleeves","PathToVictory"],"picked":"ReachHeaven","floor":3.0},{"not_picked":["FlyingSleeves","WheelKick"],"picked":"ThirdEye","floor":4.0},{"not_picked":["ThirdEye","SashWhip"],"picked":"Meditate","floor":6.0},{"not_picked":["CarveReality","CrushJoints","Nirvana"],"picked":"SKIP","floor":7.0},{"not_picked":["Adaptation","ThirdEye"],"picked":"BowlingBash","floor":8.0},{"not_picked":["FlyingSleeves","CrushJoints"],"picked":"ThirdEye","floor":12.0},{"not_picked":["EmptyBody","ClearTheMind"],"picked":"Weave","floor":13.0},{"not_picked":["FlyingSleeves","Pray","Ragnarok"],"picked":"SKIP","floor":14.0},{"not_picked":["Devotion","Wish"],"picked":"LessonLearned","floor":16},{"not_picked":["EmptyBody","FollowUp"],"picked":"Protect+1","floor":18},{"not_picked":["Pray","CrushJoints","BowlingBash"],"picked":"SKIP","floor":19},{"not_picked":["BowlingBash","DeceiveReality","Pray"],"picked":"SKIP","floor":20},{"not_picked":["WreathOfFlame","PathToVictory","LikeWater"],"picked":"SKIP","floor":22},{"not_picked":["JustLucky","ThirdEye","Crescendo"],"picked":"SKIP","floor":24},{"not_picked":["CarveReality+1","FlurryOfBlows","SandsOfTime"],"picked":"SKIP","floor":25},{"not_picked":["Indignation","WheelKick","ReachHeaven"],"picked":"SKIP","floor":29},{"not_picked":["FollowUp+1","Halt"],"picked":"Nirvana","floor":31}],"player_experience":661157,"relics_obtained":[{"floor":6.0,"key":"Boot"},{"floor":8.0,"key":"White Beast Statue"},{"floor":9.0,"key":"Ancient Tea Set"},{"floor":14.0,"key":"Lantern"},{"floor":21,"key":"Red Mask"},{"floor":26,"key":"Girya"},{"floor":31,"key":"Centennial Puzzle"}],"event_choices":[{"damage_healed":0.0,"max_hp_gain":0.0,"max_hp_loss":0.0,"gold_gain":0.0,"cards_transformed":["Strike_P"],"event_name":"Living Wall","player_choice":"Change","floor":2.0,"gold_loss":0.0,"damage_taken":0.0,"cards_obtained":["ForeignInfluence"]},{"damage_healed":0.0,"max_hp_gain":0.0,"max_hp_loss":0.0,"gold_gain":0.0,"event_name":"Lab","player_choice":"Got Potions","floor":5.0,"gold_loss":0.0,"damage_taken":0.0},{"damage_healed":0,"gold_gain":0,"player_choice":"Fought Bandits","damage_taken":0,"max_hp_gain":0,"max_hp_loss":0,"event_name":"Masked Bandits","floor":21,"gold_loss":0},{"damage_healed":0,"gold_gain":0,"player_choice":"1 cards matched","damage_taken":0,"max_hp_gain":0,"max_hp_loss":0,"event_name":"Match and Keep!","floor":27,"gold_loss":0,"cards_obtained":["CutThroughFate"]}],"is_beta":false,"boss_relics":[{"not_picked":["Coffee Dripper","Sozu"],"picked":"VioletLotus"}],"items_purged_floors":[],"is_endless":false,"potions_floor_spawned":[1,4,8,12,13,14,16,18,19,20,21,22,24,25,29,31],"killed_by":"Champ","ascension_level":20}}