{"host":"j0tja808rg8hkg8v","time":1613919256,"event":{"mods":["Aspiration","BaseMod","Colored Powertips","Downfall","Energized Spire","Hermit","Infinite Spire","Ironclad Rager","Magitek Elite","Minty Spire (QoL Compilation)","Relic Stats","Replay The Spire","StSLib","The Bladedancer","The Cursed","The Disciple","The Runesmith"],"gold_per_floor":[117,117,63,63,83,410,410,430,430,441,32,32,32,43,43,141,141,156,156,156,7,19,52,52,52,52,83,101,121,121,137,137,240,240,255,84,54,70,88,119,119,133,184,59,77,77,110,120,120,120,120],"floor_reached":50,"language":"ENG","playtime":5453,"items_purged":["downfall:Bewildered","Delirium","Runesmith:Defend_RS"],"score":750,"play_id":"2c6ea222-1a79-4a66-96a0-99b6942634cc","local_time":"20210221145416","is_ascension_mode":true,"campfire_choices":[{"floor":7.0,"key":"REST"},{"data":"Runesmith:Fortify","floor":12.0,"key":"SMITH"},{"data":"Runesmith:CreatorForm","floor":15.0,"key":"SMITH"},{"floor":25,"key":"REST"},{"data":"Runesmith:Grindstone","floor":25,"key":"SMITH"},{"floor":30,"key":"REST"},{"data":"Runesmith:UnlimitedPower","floor":30,"key":"SMITH"},{"floor":32,"key":"REST"},{"data":"Runesmith:Refine","floor":32,"key":"SMITH"},{"floor":41,"key":"REST"},{"data":"Replay:BasicMightCard","floor":41,"key":"SMITH"},{"floor":46,"key":"REST"},{"data":"Runesmith:Refine","floor":46,"key":"SMITH"},{"floor":49,"key":"REST"},{"data":"Runesmith:Grindstone","floor":49,"key":"SMITH"}],"circlet_count":0,"master_deck":["Runesmith:Strike_RS","Runesmith:Strike_RS","Runesmith:Strike_RS","Runesmith:Strike_RS","Runesmith:Defend_RS","Runesmith:Defend_RS","Runesmith:Defend_RS","Runesmith:CraftFirestone","Runesmith:Fortify+1","Runesmith:LithiumIon","Runesmith:PoweredAnvil+1","Runesmith:Refine+1","Runesmith:CreatorForm+1","Runesmith:ChiselStab","Runesmith:ShiftingStrike","Runesmith:EnergizedChisel","Runesmith:Refine+1","Runesmith:ChiselStab+1","Runesmith:ArcReactor","Runesmith:PerfectChisel+1","Runesmith:Grindstone+1","Runesmith:CraftMagma","Runesmith:HeatedChisel+1","Runesmith:Grindstone+1","Runesmith:UnlimitedPower+1","Runesmith:GrandSlam+1","downfall:Icky","PatternShift","Runesmith:GrandSlam+1","Replay:BasicMightCard+1","infinitespire:FutureSight","Runesmith:HammerThrow+1","Runesmith:CraftIncendium","Runesmith:CraftIndustria","Runesmith:HeatedChisel+1","Pot Of Greed","Pot Of Greed","Pot Of Greed","Runesmith:Electrocute+1","Pot Of Greed"],"relics":["Runesmith:BrokenRuby","Replay:Bottled Snecko","Ring of Peace","Ring of Hypnosis","Old Coin","Iron Hammer","Molten Egg 2","infinitespire:Magic Flask","aspiration:MobileForge","sneckomod:BabySnecko","Pondfish Scales","Centennial Puzzle","infinitespire:Joker Card","ReplayTheSpireMod:SealedPack","infinitespire:Beetle Shell","Tintinnabulum","Grinning Jar"],"acts_visited":["Exordium","TheCity","TheBeyond"],"potions_floor_usage":[27,27,29,33,40,40,50],"damage_taken":[{"damage":1.0,"enemies":"Small Slimes","floor":1.0,"turns":4.0},{"damage":0.0,"enemies":"2 Louse","floor":5.0,"turns":3.0},{"damage":35.0,"enemies":"3 Sentries","floor":6.0,"turns":11.0},{"damage":0.0,"enemies":"Jaw Worm","floor":8.0,"turns":4.0},{"damage":0.0,"enemies":"Lots of Slimes","floor":10.0,"turns":5.0},{"damage":0.0,"enemies":"2 Fungi Beasts","floor":14.0,"turns":5.0},{"damage":0.0,"enemies":"Slime Boss","floor":16.0,"turns":10.0},{"damage":0,"enemies":"Shell Parasite","floor":18,"turns":6},{"damage":10,"enemies":"Spheric Guardian","floor":22,"turns":4},{"damage":12,"enemies":"Replay:Snechameleon","floor":23,"turns":9},{"damage":10,"enemies":"Slavers","floor":27,"turns":3},{"damage":7,"enemies":"Snake Plant","floor":28,"turns":6},{"damage":16,"enemies":"Cultist and Chosen","floor":29,"turns":9},{"damage":16,"enemies":"3 Cultists","floor":31,"turns":4},{"damage":0,"enemies":"Automaton","floor":33,"turns":8},{"damage":0,"enemies":"3 Shapes","floor":35,"turns":6},{"damage":0,"enemies":"Orb Walker","floor":38,"turns":3},{"damage":20,"enemies":"Spire Growth","floor":39,"turns":6},{"damage":31,"enemies":"Reptomancer","floor":40,"turns":6},{"damage":0,"enemies":"Jaw Worm Horde","floor":42,"turns":4},{"damage":6,"enemies":"Writhing Mass","floor":45,"turns":5},{"damage":10,"enemies":"Giant Head","floor":47,"turns":8},{"damage":0,"enemies":"Transient","floor":48,"turns":5},{"damage":120,"enemies":"Donu and Deca","floor":50,"turns":5}],"seed_played":"211851486456351587","potions_obtained":[{"floor":6.0,"key":"Weak Potion"},{"floor":14.0,"key":"Explosive Potion"},{"floor":16.0,"key":"Fire Potion"},{"floor":28,"key":"Toxic Potion"},{"floor":31,"key":"sneckomod:MuddlingPotion"},{"floor":35,"key":"Energy Potion"},{"floor":37,"key":"Strength Potion"},{"floor":37,"key":"Block Potion"},{"floor":39,"key":"Elixir"},{"floor":40,"key":"FairyPotion"},{"floor":45,"key":"Weak Potion"}],"is_trial":false,"path_per_floor":["M","?","$","?","M","E","R","M","T","M","$","R","T","M","R","B",null,"M","$","?","$","M","E","?","R","T","E","M","M","R","M","R","B",null,"M","$","?","M","M","E","R","M","T","$","M","R","E","M","R","B"],"character_chosen":"RUNESMITH_CLASS","items_purchased":["Runesmith:PoweredAnvil+1","Runesmith:ShiftingStrike","Runesmith:EnergizedChisel","Molten Egg 2","Runesmith:Refine","Runesmith:Grindstone","Runesmith:CraftMagma","Runesmith:CraftIncendium"],"campfire_rested":7,"item_purchase_floors":[3,11,11,11,11,21,21,36],"current_hp_per_floor":[76,73,73,73,73,38,61,61,61,61,61,61,61,61,61,61,77,77,77,77,77,67,55,55,77,77,67,60,44,67,51,74,74,77,77,77,77,77,57,26,49,49,49,50,45,69,60,61,77,0,0],"gold":120,"neow_bonus":"TEN_PERCENT_HP_BONUS","is_daily":false,"chose_seed":false,"campfire_upgraded":8,"win_rate":0.0,"timestamp":1613919256,"path_taken":["M","?","$","?","M","E","R","M","T","M","$","R","?","M","R","BOSS","M","?","?","?","M","E","?","R","T","E","M","M","R","M","R","BOSS","M","$","?","M","M","E","R","M","T","$","M","R","E","M","R","BOSS"],"items_purchased_type":["Card","Card","Card","Relic","Card","Card","Card","Card"],"build_version":"2020-12-22","purchased_purges":3,"victory":false,"max_hp_per_floor":[77,77,77,77,77,77,77,77,77,77,77,77,77,77,77,77,77,77,77,77,77,77,77,77,77,77,77,77,77,77,77,77,77,77,77,77,77,77,77,77,77,77,77,77,77,77,77,77,77,77,77],"relic_stats":{"Centennial Puzzle":[27],"counters":[24,139],"obtain_stats":[{"Runesmith:BrokenRuby":0,"Ring of Hypnosis":4,"infinitespire:Joker Card":27,"ReplayTheSpireMod:SealedPack":34,"infinitespire:Beetle Shell":40,"infinitespire:Magic Flask":13,"Old Coin":6,"sneckomod:BabySnecko":20,"Pondfish Scales":23,"Centennial Puzzle":26,"aspiration:MobileForge":17,"Ring of Peace":4,"Tintinnabulum":43,"Molten Egg 2":11,"Iron Hammer":9,"Replay:Bottled Snecko":2,"Grinning Jar":47},{"Runesmith:BrokenRuby":0,"Ring of Hypnosis":1,"infinitespire:Joker Card":11,"ReplayTheSpireMod:SealedPack":15,"infinitespire:Beetle Shell":19,"infinitespire:Magic Flask":5,"Old Coin":3,"sneckomod:BabySnecko":8,"Pondfish Scales":10,"Centennial Puzzle":10,"aspiration:MobileForge":7,"Ring of Peace":1,"Tintinnabulum":20,"Molten Egg 2":5,"Iron Hammer":4,"Replay:Bottled Snecko":1,"Grinning Jar":22},{"Runesmith:BrokenRuby":0,"Ring of Hypnosis":4,"infinitespire:Joker Card":64,"ReplayTheSpireMod:SealedPack":91,"infinitespire:Beetle Shell":112,"infinitespire:Magic Flask":27,"Old Coin":18,"sneckomod:BabySnecko":48,"Pondfish Scales":61,"Centennial Puzzle":61,"aspiration:MobileForge":42,"Ring of Peace":4,"Tintinnabulum":116,"Molten Egg 2":27,"Iron Hammer":22,"Replay:Bottled Snecko":4,"Grinning Jar":129}]},"card_choices":[{"not_picked":["Runesmith:BackupBattery","Runesmith:CraftMagma"],"picked":"Runesmith:LithiumIon","floor":1.0},{"not_picked":["Runesmith:Superposition","Runesmith:StaticCage"],"picked":"Runesmith:Refine","floor":5.0},{"not_picked":["Runesmith:Overpower","Runesmith:Retool"],"picked":"Runesmith:CreatorForm","floor":6.0},{"not_picked":["Runesmith:GoWithTheFlow","Runesmith:Overpower"],"picked":"Runesmith:ChiselStab","floor":8.0},{"not_picked":["Runesmith:Terraform","Runesmith:ChiselStab","Runesmith:NanitesCloud"],"picked":"SKIP","floor":10.0},{"not_picked":["Runesmith:CraftReservo","Runesmith:UnstableHammer+1"],"picked":"Runesmith:ChiselStab+1","floor":14.0},{"not_picked":["Runesmith:CraftPrismatica","Runesmith:DuctTape"],"picked":"Runesmith:ArcReactor","floor":16.0},{"not_picked":["Runesmith:CraftMagma","Runesmith:Permafrost"],"picked":"Runesmith:PerfectChisel+1","floor":18},{"not_picked":["Runesmith:NanitesCloud","Runesmith:Prism+1"],"picked":"Runesmith:HeatedChisel+1","floor":22},{"not_picked":["Runesmith:RunicBlueprint","Runesmith:Superposition+1"],"picked":"Runesmith:Grindstone","floor":23},{"not_picked":["Runesmith:Repurpose","Runesmith:EarthShield","Runesmith:CraftProtectio"],"picked":"SKIP","floor":27},{"not_picked":["Runesmith:FieryHammer+1","Runesmith:GoWithTheFlow+1","Runesmith:ChiselStab+1"],"picked":"SKIP","floor":28},{"not_picked":["Runesmith:Malloc+1","Runesmith:BackupBattery"],"picked":"Runesmith:UnlimitedPower","floor":29},{"not_picked":["Runesmith:EarthShield+1","Runesmith:UnstableHammer+1","Runesmith:ShiftingStrike+1"],"picked":"SKIP","floor":31},{"not_picked":["Runesmith:MetallurgicalResearch","Runesmith:DuctTape"],"picked":"Runesmith:GrandSlam+1","floor":33},{"not_picked":["Guardian:TwinSlam","m_BronzeSurvivor"],"picked":"PatternShift","floor":34},{"not_picked":["Runesmith:LightningRod","Runesmith:LastStand"],"picked":"Runesmith:GrandSlam","floor":34},{"not_picked":["ReplayTheSpireMod:Uncanny Aura","Impatience"],"picked":"Replay:BasicMightCard","floor":34},{"not_picked":["infinitespire:FinalStrike","infinitespire:NeuralNetwork"],"picked":"infinitespire:FutureSight","floor":34},{"not_picked":["Runesmith:RunicBlueprint","Runesmith:Grindstone+1"],"picked":"Runesmith:HammerThrow+1","floor":35},{"not_picked":["Runesmith:CraftIncendium","Runesmith:PerfectChisel+1"],"picked":"Runesmith:CraftIndustria","floor":38},{"not_picked":["Runesmith:ChaoticBlast+1","Runesmith:ChiselStab+1"],"picked":"Runesmith:HeatedChisel+1","floor":39},{"not_picked":["Runesmith:HeatExchange+1","Runesmith:CraftIncendium","Runesmith:Accelerate"],"picked":"SKIP","floor":40},{"not_picked":["Runesmith:Superposition+1","Runesmith:BackupBattery","Runesmith:ShiftingStrike+1"],"picked":"SKIP","floor":42},{"not_picked":["Runesmith:CraftVitae","Runesmith:CraftSpiculum","Runesmith:CraftMagma"],"picked":"SKIP","floor":45},{"not_picked":["Runesmith:Empowerment+1","aspiration:UnbridledHammer+1","Runesmith:Terraform"],"picked":"SKIP","floor":47},{"not_picked":["Runesmith:ShiftingStrike+1","Runesmith:WhiteBalance+1"],"picked":"Runesmith:Electrocute+1","floor":48}],"player_experience":78842,"relics_obtained":[{"floor":4.0,"key":"Ring of Peace"},{"floor":4.0,"key":"Ring of Hypnosis"},{"floor":6.0,"key":"Old Coin"},{"floor":9.0,"key":"Iron Hammer"},{"floor":13.0,"key":"infinitespire:Magic Flask"},{"floor":23,"key":"Pondfish Scales"},{"floor":26,"key":"Centennial Puzzle"},{"floor":27,"key":"infinitespire:Joker Card"},{"floor":40,"key":"infinitespire:Beetle Shell"},{"floor":43,"key":"Tintinnabulum"},{"floor":47,"key":"Grinning Jar"}],"event_choices":[{"damage_healed":0.0,"max_hp_gain":0.0,"max_hp_loss":0.0,"gold_gain":0.0,"event_name":"Scrap Ooze","player_choice":"Success","floor":2.0,"gold_loss":0.0,"damage_taken":3.0,"relics_obtained":["Replay:Bottled Snecko"]},{"damage_healed":0,"gold_gain":0,"player_choice":"Ignored","damage_taken":0,"max_hp_gain":0,"max_hp_loss":0,"event_name":"Transmorgrifier","floor":24,"gold_loss":0},{"damage_healed":0,"gold_gain":0,"player_choice":"Bought 2 Potions","damage_taken":0,"max_hp_gain":0,"max_hp_loss":0,"event_name":"The Woman in Blue","floor":37,"gold_loss":0}],"is_beta":false,"boss_relics":[{"not_picked":["energizedSpire:StickyHand","Coffee Dripper"],"picked":"aspiration:MobileForge"},{"not_picked":["aspiration:PoetsPen_weak","aspiration:FutureDiary"],"picked":"ReplayTheSpireMod:SealedPack"}],"items_purged_floors":[21,36,44],"is_endless":false,"potions_floor_spawned":[6,14,16,28,31,35,39,40,45,48],"killed_by":"Donu and Deca","ascension_level":1}}