{"host":"hszimsrtxxc2k25w","time":1613924120,"event":{"mods":["AchievementEnabler","BaseMod","Colored Map","DeckTracker","Minty Spire (QoL Compilation)","Rare Cards Sparkle","SuperFastMode"],"gold_per_floor":[15,15,39,63,79,79,4,23,77,92,108,108,108,33,33,129,129,154,54,73,73,73,73,73,73],"floor_reached":24,"language":"KOR","playtime":1282,"items_purged":["Strike_R","Defend_R"],"score":376,"play_id":"cd45ee54-5063-4ab5-9ed5-fb6488a11398","local_time":"20210222011520","is_ascension_mode":true,"campfire_choices":[{"data":"Carnage","floor":6.0,"key":"SMITH"},{"data":"Bash","floor":12.0,"key":"SMITH"},{"data":"Evolve","floor":15.0,"key":"SMITH"},{"floor":23,"key":"REST"}],"circlet_count":0,"master_deck":["AscendersBane","Defend_R","Defend_R","Defend_R","Bash+1","Feed","Carnage+1","Evolve+1","Fiend Fire","Shrug It Off+1","Barricade+1","Offering+1"],"relics":["Burning Blood","Golden Idol","Blood Vial","Astrolabe","Enchiridion"],"acts_visited":["Exordium","TheCity"],"potions_floor_usage":[18,24],"damage_taken":[{"damage":15.0,"enemies":"Small Slimes","floor":1.0,"turns":4.0},{"damage":2.0,"enemies":"2 Louse","floor":3.0,"turns":4.0},{"damage":7.0,"enemies":"Jaw Worm","floor":4.0,"turns":3.0},{"damage":16.0,"enemies":"Looter","floor":5.0,"turns":4.0},{"damage":5.0,"enemies":"2 Fungi Beasts","floor":8.0,"turns":3.0},{"damage":0.0,"enemies":"Large Slime","floor":10.0,"turns":4.0},{"damage":12.0,"enemies":"Looter","floor":11.0,"turns":3.0},{"damage":69.0,"enemies":"Hexaghost","floor":16.0,"turns":8.0},{"damage":19,"enemies":"3 Byrds","floor":18,"turns":6},{"damage":39,"enemies":"Spheric Guardian","floor":20,"turns":6},{"damage":20,"enemies":"Shelled Parasite and Fungi","floor":24,"turns":2}],"seed_played":"-503319918942026010","potions_obtained":[{"floor":1.0,"key":"Ancient Potion"},{"floor":4.0,"key":"DuplicationPotion"},{"floor":10.0,"key":"Energy Potion"},{"floor":16.0,"key":"Fruit Juice"},{"floor":20,"key":"Regen Potion"}],"is_trial":false,"path_per_floor":["M","?","M","M","M","R","?","M","T","M","M","R","?","$","R","B",null,"M","$","M","?","?","R","M"],"character_chosen":"IRONCLAD","items_purchased":[],"campfire_rested":1,"item_purchase_floors":[],"current_hp_per_floor":[62,62,69,68,58,58,58,59,59,70,69,69,74,74,74,18,72,64,64,33,12,12,39,26,26],"gold":73,"neow_bonus":"THREE_RARE_CARDS","is_daily":false,"chose_seed":false,"campfire_upgraded":3,"win_rate":0.0,"timestamp":1613924120,"path_taken":["M","?","M","M","M","R","?","M","T","M","M","R","?","?","R","BOSS","M","$","M","?","?","R","M"],"items_purchased_type":[],"build_version":"2020-12-22","purchased_purges":2,"victory":false,"max_hp_per_floor":[78,71,74,74,74,74,74,74,74,77,80,80,85,85,85,90,90,93,93,93,93,93,93,93,93],"card_choices":[{"not_picked":["Offering","Demon Form"],"picked":"Feed","floor":0.0},{"not_picked":["Feel No Pain","Twin Strike"],"picked":"Carnage","floor":1.0},{"not_picked":["Spot Weakness","Sword Boomerang","Rupture"],"picked":"SKIP","floor":3.0},{"not_picked":["Heavy Blade","Headbutt","Entrench"],"picked":"SKIP","floor":4.0},{"not_picked":["Feel No Pain","Rampage","Carnage"],"picked":"SKIP","floor":5.0},{"not_picked":["Warcry","Fiend Fire"],"picked":"Evolve","floor":8.0},{"not_picked":["Entrench","Iron Wave","Searing Blow"],"picked":"SKIP","floor":10.0},{"not_picked":["Clothesline","Entrench","Metallicize"],"picked":"SKIP","floor":11.0},{"not_picked":["Berserk","Feed"],"picked":"Fiend Fire","floor":16.0},{"not_picked":["Iron Wave","Heavy Blade+1","Reckless Charge"],"picked":"SKIP","floor":18},{"not_picked":["Dark Embrace","Blood for Blood","Headbutt"],"picked":"SKIP","floor":20}],"player_experience":685804,"relics_obtained":[{"floor":9.0,"key":"Blood Vial"},{"floor":21,"key":"Enchiridion"}],"event_choices":[{"damage_healed":0.0,"max_hp_gain":0.0,"max_hp_loss":7.0,"gold_gain":0.0,"event_name":"Golden Idol","player_choice":"Lose Max HP","floor":2.0,"gold_loss":0.0,"damage_taken":0.0,"relics_obtained":["Golden Idol"]},{"cards_removed":["Strike_R"],"damage_healed":0.0,"max_hp_gain":0.0,"max_hp_loss":0.0,"gold_gain":0.0,"event_name":"The Cleric","player_choice":"Card Removal","floor":7.0,"gold_loss":75.0,"damage_taken":0.0},{"damage_healed":0.0,"max_hp_gain":5.0,"max_hp_loss":0.0,"gold_gain":0.0,"event_name":"Big Fish","player_choice":"Donut","floor":13.0,"gold_loss":0.0,"damage_taken":0.0},{"damage_healed":0,"gold_gain":0,"player_choice":"Obtained Book","damage_taken":21,"max_hp_gain":0,"max_hp_loss":0,"event_name":"Cursed Tome","floor":21,"gold_loss":0}],"is_beta":false,"boss_relics":[{"not_picked":["Fusion Hammer","Mark of Pain"],"picked":"Astrolabe"}],"items_purged_floors":[14,19],"is_endless":false,"potions_floor_spawned":[1,4,10,11,16,20],"killed_by":"Shelled Parasite and Fungi","ascension_level":20}}