{"host":"5bsc0nab6whpyrbj","time":1613949477,"event":{"mods":["BaseMod","Highlight Path","Minty Spire (QoL Compilation)"],"gold_per_floor":[110,110,110,110,133,133,147,54,105,105,121,121,141,164,164,288,288,307,228,153,0,16,16,16,16,16,16,556,567,598,612,612,612,612],"floor_reached":33,"language":"ENG","playtime":821,"items_purged":[],"score":255,"play_id":"76a56bcf-4a87-4d6f-9cfe-8b8c9eba3790","local_time":"20210221181757","is_ascension_mode":false,"campfire_choices":[{"data":"Storm","floor":10.0,"key":"SMITH"},{"floor":12.0,"key":"REST"},{"floor":15.0,"key":"DIG"},{"floor":23.0,"key":"REST"},{"floor":25.0,"key":"DIG"},{"floor":32.0,"key":"REST"}],"circlet_count":0,"master_deck":["Strike_B","Strike_B","Strike_B","Strike_B","Defend_B","Defend_B","Defend_B+1","Defend_B+1","Zap+1","Dualcast","Storm+1","Redo","Hello World","Self Repair","Ball Lightning","Force Field","Machine Learning","Loop","Ball Lightning","White Noise+1","Biased Cognition"],"relics":["Cracked Core","Bloody Idol","Shovel","Bag of Marbles","DataDisk","Philosopher\u0027s Stone","Bronze Scales","Eternal Feather","Strawberry"],"acts_visited":["Exordium","TheCity"],"potions_floor_usage":[],"damage_taken":[{"damage":7.0,"enemies":"Small Slimes","floor":1.0,"turns":2.0},{"damage":13.0,"enemies":"Jaw Worm","floor":5.0,"turns":3.0},{"damage":3.0,"enemies":"2 Louse","floor":7.0,"turns":2.0},{"damage":6.0,"enemies":"2 Fungi Beasts","floor":11.0,"turns":2.0},{"damage":2.0,"enemies":"Looter","floor":13.0,"turns":3.0},{"damage":13.0,"enemies":"Exordium Wildlife","floor":14.0,"turns":4.0},{"damage":11.0,"enemies":"Slime Boss","floor":16.0,"turns":7.0},{"damage":15.0,"enemies":"3 Byrds","floor":18.0,"turns":3.0},{"damage":36.0,"enemies":"2 Thieves","floor":22.0,"turns":3.0},{"damage":14.0,"enemies":"Cultist and Chosen","floor":29.0,"turns":4.0},{"damage":38.0,"enemies":"Slavers","floor":30.0,"turns":4.0},{"damage":16.0,"enemies":"Snecko","floor":31.0,"turns":3.0},{"damage":69,"enemies":"Collector","floor":33,"turns":7}],"seed_played":"-2799996084853426142","potions_obtained":[{"floor":1.0,"key":"Block Potion"},{"floor":5.0,"key":"FairyPotion"},{"floor":13.0,"key":"PowerPotion"}],"is_trial":false,"path_per_floor":["M","?","?","?","M","?","M","$","T","R","M","R","M","M","R","B",null,"M","$","?","?","M","R","$","R","T","?","?","M","E","M","R","B"],"character_chosen":"DEFECT","items_purchased":["Self Repair","Ball Lightning","Loop"],"campfire_rested":3,"item_purchase_floors":[8,8,19],"current_hp_per_floor":[68,53,75,75,62,55,52,52,52,52,46,68,73,67,67,63,75,67,67,67,67,38,60,60,60,60,60,27,25,28,24,60,0,0],"gold":612,"neow_bonus":"UPGRADE_CARD","is_daily":false,"chose_seed":false,"campfire_upgraded":1,"win_rate":0.0,"timestamp":1613949477,"path_taken":["M","?","?","?","M","?","M","$","T","R","M","R","M","M","R","BOSS","M","$","?","?","M","R","?","R","T","?","?","?","E","M","R","BOSS"],"items_purchased_type":["Card","Card","Card"],"build_version":"2020-12-22","purchased_purges":0,"victory":false,"max_hp_per_floor":[75,75,75,75,75,75,75,75,75,75,75,75,75,75,75,75,75,75,75,75,75,75,75,75,75,75,75,75,75,82,82,82,82,82],"card_choices":[{"not_picked":["Reprogram","Darkness"],"picked":"Storm","floor":1.0},{"not_picked":["Turbo","Conserve Battery"],"picked":"Redo","floor":5.0},{"not_picked":["BootSequence","Reprogram"],"picked":"Hello World","floor":7.0},{"not_picked":["Stack","Recycle"],"picked":"Force Field","floor":11.0},{"not_picked":["Beam Cell","Conserve Battery","Recycle"],"picked":"SKIP","floor":13.0},{"not_picked":["Cold Snap","Blizzard","Coolheaded"],"picked":"SKIP","floor":14.0},{"not_picked":["Multi-Cast","Hyperbeam"],"picked":"Machine Learning","floor":16.0},{"not_picked":["Blizzard","Turbo","Cold Snap+1"],"picked":"SKIP","floor":18.0},{"not_picked":["Turbo","Undo"],"picked":"Ball Lightning","floor":22.0},{"not_picked":["Beam Cell","Redo"],"picked":"White Noise+1","floor":29.0},{"not_picked":["Hologram","Buffer"],"picked":"Biased Cognition","floor":30.0},{"not_picked":["Leap","Cold Snap","Gash+1"],"picked":"SKIP","floor":31.0}],"player_experience":88907,"relics_obtained":[{"floor":9.0,"key":"Bag of Marbles"},{"floor":15.0,"key":"DataDisk"},{"floor":25.0,"key":"Bronze Scales"},{"floor":26.0,"key":"Eternal Feather"},{"floor":30.0,"key":"Strawberry"}],"event_choices":[{"damage_healed":0.0,"max_hp_gain":0.0,"max_hp_loss":0.0,"gold_gain":0.0,"event_name":"Shining Light","player_choice":"Entered Light","floor":2.0,"gold_loss":0.0,"damage_taken":15.0,"cards_upgraded":["Defend_B","Defend_B"]},{"damage_healed":25.0,"max_hp_gain":0.0,"max_hp_loss":0.0,"gold_gain":0.0,"event_name":"Big Fish","player_choice":"Banana","floor":3.0,"gold_loss":0.0,"damage_taken":0.0},{"damage_healed":0.0,"max_hp_gain":0.0,"max_hp_loss":0.0,"gold_gain":0.0,"event_name":"Golden Idol","player_choice":"Take Wound","floor":4.0,"gold_loss":0.0,"damage_taken":0.0,"relics_obtained":["Golden Idol"],"cards_obtained":["Injury"]},{"damage_healed":0.0,"max_hp_gain":0.0,"max_hp_loss":0.0,"gold_gain":0.0,"event_name":"Scrap Ooze","player_choice":"Success","floor":6.0,"gold_loss":0.0,"damage_taken":7.0,"relics_obtained":["Shovel"]},{"cards_removed":["Injury"],"damage_healed":0.0,"max_hp_gain":0.0,"max_hp_loss":0.0,"gold_gain":0.0,"event_name":"Beggar","player_choice":"Gave Gold","floor":20.0,"gold_loss":75.0,"damage_taken":0.0},{"damage_healed":0.0,"max_hp_gain":0.0,"max_hp_loss":0.0,"gold_gain":0.0,"event_name":"Masked Bandits","player_choice":"Paid Fearfully","floor":21.0,"gold_loss":153.0,"damage_taken":0.0},{"damage_healed":0.0,"max_hp_gain":0.0,"max_hp_loss":0.0,"gold_gain":0.0,"event_name":"Forgotten Altar","player_choice":"Gave Idol","floor":27.0,"relics_lost":["Golden Idol"],"gold_loss":0.0,"damage_taken":0.0,"relics_obtained":["Bloody Idol"]},{"damage_healed":0.0,"max_hp_gain":0.0,"max_hp_loss":0.0,"gold_gain":540.0,"event_name":"Knowing Skull","player_choice":"GOLD GOLD GOLD GOLD GOLD GOLD POTION ","floor":28.0,"potions_obtained":["Ancient Potion"],"gold_loss":0.0,"damage_taken":63.0,"cards_obtained":[]}],"is_beta":false,"boss_relics":[{"not_picked":["Velvet Choker","Runic Dome"],"picked":"Philosopher\u0027s Stone"}],"items_purged_floors":[],"is_endless":false,"potions_floor_spawned":[1,5,13,29],"killed_by":"Collector","ascension_level":0}}