{"host":"ymmeoa1x24ihslbm","time":1613924501,"event":{"mods":["AchievementEnabler","BaseMod","CatGirl Mod","Colored Map","Colored Powertips","Defuse TimeMaze Blight","Hermit","Highlight Path","Hyrulean Relics","Magitek Elite","Minty Spire (QoL Compilation)","Permanent Neow","Quick Restart","Rare Cards Sparkle","Relic Sorter","Replay The Spire","Robot Space Explorer","Shapeshifter Mod","Shop Mod","StSLib","The Marked","TheSurvivalist"],"gold_per_floor":[113,79,98,373,390,390,400,400,400,416,435,447,457,467,467,565,565,581,581,581,555,567,567,418,418],"floor_reached":24,"language":"ENG","playtime":4190,"items_purged":[],"score":194,"play_id":"de9ff530-bdfd-4cbd-a4ed-0a774dccb3c8","local_time":"20210221172141","is_ascension_mode":false,"campfire_choices":[{"data":"RobotSpaceExplorer:Counterblock","floor":6.0,"key":"SMITH"},{"data":"RobotSpaceExplorer:BigMissile","floor":8.0,"key":"SMITH"},{"data":"Regret","floor":15,"key":"PURGE"},{"data":"RobotSpaceExplorer:ShovelStrike","floor":23,"key":"SMITH"}],"circlet_count":0,"master_deck":["RobotSpaceExplorer:Strike","RobotSpaceExplorer:Strike","RobotSpaceExplorer:Strike","RobotSpaceExplorer:Strike","RobotSpaceExplorer:Defend","RobotSpaceExplorer:Defend","RobotSpaceExplorer:Defend","RobotSpaceExplorer:Defend","RobotSpaceExplorer:Scan","RobotSpaceExplorer:MiniLasers+1","RobotSpaceExplorer:Counterblock+1","RobotSpaceExplorer:MetalStrike","RobotSpaceExplorer:MetalStrike","RobotSpaceExplorer:Jetpack","RobotSpaceExplorer:Counterblock","RobotSpaceExplorer:BigMissile+1","RobotSpaceExplorer:ScrapMissile","RobotSpaceExplorer:MiniDrones","RobotSpaceExplorer:ShovelStrike+1","RobotSpaceExplorer:Reload","RobotSpaceExplorer:LaserBurst","RobotSpaceExplorer:RigExplosive+1","RobotSpaceExplorer:Pulsar+1","RobotSpaceExplorer:StunGrenade"],"relics":["RobotSpaceExplorer:RoboCore","Chameleon Ring","Coffee Dripper","ReplayTheSpireMod:Ring of Collecting","Ring of Fangs","MerchantsRug"],"acts_visited":["Exordium","TheCity"],"potions_floor_usage":[13,16,21,21,22,22],"damage_taken":[{"damage":0.0,"enemies":"Cultist","floor":1.0,"turns":4.0},{"damage":0.0,"enemies":"Small Slimes","floor":3.0,"turns":4.0},{"damage":0.0,"enemies":"2 Louse","floor":5.0,"turns":2.0},{"damage":3.0,"enemies":"Red Slaver","floor":7.0,"turns":4.0},{"damage":17.0,"enemies":"Exordium Thugs","floor":10.0,"turns":7.0},{"damage":5,"enemies":"2 Fungi Beasts","floor":11,"turns":5},{"damage":6,"enemies":"3 Louse","floor":12,"turns":4},{"damage":2,"enemies":"Exordium Thugs","floor":13,"turns":3},{"damage":16,"enemies":"Gremlin Gang","floor":14,"turns":4},{"damage":32,"enemies":"Fading Forest","floor":16,"turns":11},{"damage":0,"enemies":"3 Byrds","floor":18,"turns":4},{"damage":7,"enemies":"2 Thieves","floor":21,"turns":5},{"damage":8,"enemies":"Snake Plant","floor":22,"turns":4}],"seed_played":"452574065908014417","potions_obtained":[{"floor":1.0,"key":"Flashbang"},{"floor":3.0,"key":"Dexterity Potion"},{"floor":10.0,"key":"SkillPotion"},{"floor":16,"key":"SpeedPotion"},{"floor":21,"key":"ColorlessPotion"}],"is_trial":false,"path_per_floor":["M","$","M","?","M","R","M","R","T","M","M","M","M","M","R_BF","B",null,"M","?","?","M","M","R","$"],"character_chosen":"RobotSpaceExplorer","items_purchased":["RobotSpaceExplorer:MetalStrike","MerchantsRug"],"campfire_rested":0,"item_purchase_floors":[2,24],"current_hp_per_floor":[75,75,75,75,75,75,72,72,72,55,50,44,42,26,26,14,75,75,75,85,78,70,70,70,70],"gold":418,"neow_bonus":"UPGRADE_CARD","is_daily":false,"chose_seed":false,"campfire_upgraded":3,"win_rate":0.0,"timestamp":1613924501,"path_taken":["M","?","M","?","?","R","M","R","T","M","M","M","M","M","R_BF","BOSS","M","?","?","M","M","R","$"],"items_purchased_type":["Card","Relic"],"build_version":"2020-12-22","purchased_purges":0,"victory":false,"max_hp_per_floor":[75,75,75,75,75,75,75,75,75,75,75,75,75,75,75,75,75,75,75,85,85,85,85,85,85],"card_choices":[{"not_picked":["RobotSpaceExplorer:MakeshiftVolley","RobotSpaceExplorer:MiniDrones"],"picked":"RobotSpaceExplorer:Counterblock","floor":1.0},{"not_picked":["RobotSpaceExplorer:Discharger","RobotSpaceExplorer:FranticSearch"],"picked":"RobotSpaceExplorer:Jetpack","floor":3.0},{"not_picked":["RobotSpaceExplorer:Pulsar","RobotSpaceExplorer:MiniDrones"],"picked":"RobotSpaceExplorer:Counterblock","floor":5.0},{"not_picked":["RobotSpaceExplorer:Ammunition","RobotSpaceExplorer:FranticSearch"],"picked":"RobotSpaceExplorer:BigMissile","floor":7.0},{"not_picked":["RobotSpaceExplorer:Accelerator","RobotSpaceExplorer:Ammunition"],"picked":"RobotSpaceExplorer:ScrapMissile","floor":10.0},{"not_picked":["RobotSpaceExplorer:SwiftStep","RobotSpaceExplorer:ScrapShield"],"picked":"RobotSpaceExplorer:MiniDrones","floor":11},{"not_picked":["RobotSpaceExplorer:Pulsar","RobotSpaceExplorer:ToxicBomb"],"picked":"RobotSpaceExplorer:ShovelStrike","floor":12},{"not_picked":["RobotSpaceExplorer:ImprovisedAttack","RobotSpaceExplorer:GlueShot"],"picked":"RobotSpaceExplorer:Reload","floor":13},{"not_picked":["RobotSpaceExplorer:SurgingStrike","RobotSpaceExplorer:Pulsar"],"picked":"RobotSpaceExplorer:LaserBurst","floor":14},{"not_picked":["RobotSpaceExplorer:Multitool","RobotSpaceExplorer:Exploration"],"picked":"RobotSpaceExplorer:Comet","floor":16},{"not_picked":["RobotSpaceExplorer:StunGrenade","RobotSpaceExplorer:Fix"],"picked":"RobotSpaceExplorer:RigExplosive+1","floor":18},{"not_picked":["RobotSpaceExplorer:Jetpack","RobotSpaceExplorer:SwiftStep"],"picked":"RobotSpaceExplorer:Pulsar+1","floor":21},{"not_picked":["RobotSpaceExplorer:MetalStrike","RobotSpaceExplorer:Pulsar"],"picked":"RobotSpaceExplorer:StunGrenade","floor":22}],"player_experience":781423,"relics_obtained":[{"floor":9.0,"key":"Chameleon Ring"},{"floor":19,"key":"ReplayTheSpireMod:Ring of Collecting"},{"floor":19,"key":"Ring of Fangs"}],"event_choices":[{"damage_healed":0.0,"max_hp_gain":0.0,"max_hp_loss":0.0,"gold_gain":275.0,"event_name":"Golden Shrine","player_choice":"Desecrate","floor":4.0,"gold_loss":0.0,"damage_taken":0.0,"cards_obtained":["Regret"]},{"cards_removed":["RobotSpaceExplorer:Comet"],"damage_healed":0,"gold_gain":0,"player_choice":"Offered Rare","damage_taken":0,"max_hp_gain":10,"max_hp_loss":0,"event_name":"Bonfire Elementals","floor":20,"gold_loss":0}],"is_beta":false,"boss_relics":[{"not_picked":["Runic Dome","Cursed Key"],"picked":"Coffee Dripper"}],"items_purged_floors":[],"is_endless":false,"potions_floor_spawned":[1,3,10,16,21],"ascension_level":0}}