{"host":"ipcfr4ajj2jkxvg7","time":1613939509,"event":{"mods":["BaseMod","Colored Powertips","GifTheSpireLib","Marisa（F雨　魔理沙）","Minty Spire (QoL Compilation)","Quick Restart","Remilia（蕾米莉亚）","Replay The Spire","RumiaBox-露米娅的神秘盒子","StSLib"],"gold_per_floor":[115,58,68,80,80,80,91,110,163,23,23,55,55,55,55,132,132,149,149,160,173,189,215,215,241,241,274,274,123,140,88,88,166,166,185,185,195,205,217,217,248,267,267,284,309,146,36,54,54,54],"floor_reached":51,"language":"ZHS","playtime":1467,"items_purged":["Defend_MRS","Defend_MRS"],"score":1940,"play_id":"e449e447-1263-4731-86f0-a238597a5b84","local_time":"20210222043149","is_ascension_mode":true,"campfire_choices":[{"data":"MilkyWay","floor":6.0,"key":"SMITH"},{"data":"PowerUp","floor":11.0,"key":"SMITH"},{"floor":15.0,"key":"REST"},{"data":"DeepEcoloBomb","floor":24,"key":"SMITH"},{"data":"MilkyWay","floor":28,"key":"SMITH"},{"floor":32,"key":"REST"},{"floor":40,"key":"REST"},{"data":"UltimateShortwave","floor":49,"key":"SMITH"}],"circlet_count":0,"master_deck":["AscendersBane","Strike_MRS","Strike_MRS","Strike_MRS+1","Strike_MRS","Defend_MRS","MasterSpark","UpSweep","MilkyWay+1","StarBarrage","StarBarrage","PowerUp+1","EarthLightRay+1","DeepEcoloBomb+1","6A+1","ManaConvection+1","MagicAbsorber","MilkyWay+1","UltimateShortwave+1","Acceleration+1","StarBarrage","ShootTheMoon","FairyDestructionRay","MachineGunSpark","FairyDestructionRay+1","PropBag+1"],"relics":["MiniHakkero","NeowsBlessing","AddBug","SecretRecord","SecretRecord","SecretRecord","SecretRecord","SecretRecord","SecretRecord","SecretRecord"],"acts_visited":["Exordium","TheCity","TheBeyond"],"potions_floor_usage":[23,23,25,25,33,38,48,50],"damage_taken":[{"damage":0.0,"enemies":"Cultist","floor":1.0,"turns":1.0},{"damage":0.0,"enemies":"Jaw Worm","floor":3.0,"turns":1.0},{"damage":0.0,"enemies":"Small Slimes","floor":4.0,"turns":1.0},{"damage":0.0,"enemies":"Exordium Wildlife","floor":7.0,"turns":2.0},{"damage":2.0,"enemies":"2 Fungi Beasts","floor":8.0,"turns":2.0},{"damage":15.0,"enemies":"Lagavulin","floor":12.0,"turns":3.0},{"damage":36.0,"enemies":"Hexaghost","floor":16.0,"turns":6.0},{"damage":6.0,"enemies":"2 Thieves","floor":18.0,"turns":3.0},{"damage":18.0,"enemies":"Chosen","floor":20.0,"turns":4.0},{"damage":9.0,"enemies":"Centurion and Healer","floor":21.0,"turns":4.0},{"damage":18,"enemies":"Snecko","floor":22,"turns":5},{"damage":13,"enemies":"Gremlin Leader","floor":23,"turns":3},{"damage":19,"enemies":"Replay:Snechameleon","floor":25,"turns":3},{"damage":10,"enemies":"Book of Stabbing","floor":27,"turns":3},{"damage":0,"enemies":"Snake Plant","floor":30,"turns":1},{"damage":22,"enemies":"Pondfish","floor":33,"turns":5},{"damage":19,"enemies":"3 Shapes","floor":35,"turns":4},{"damage":15,"enemies":"3 Darklings","floor":37,"turns":5},{"damage":3,"enemies":"Transient","floor":38,"turns":6},{"damage":44,"enemies":"Jaw Worm Horde","floor":39,"turns":4},{"damage":4,"enemies":"Reptomancer","floor":41,"turns":3},{"damage":11,"enemies":"3 Darklings","floor":42,"turns":3},{"damage":31,"enemies":"Sphere and 2 Shapes","floor":44,"turns":4},{"damage":0,"enemies":"Giant Head","floor":45,"turns":4},{"damage":0,"enemies":"Spire Growth","floor":48,"turns":1},{"damage":45,"enemies":"Time Eater","floor":50,"turns":5}],"seed_played":"3354110450795522042","potions_obtained":[{"floor":3.0,"key":"FearPotion"},{"floor":12.0,"key":"GamblersBrew"},{"floor":21.0,"key":"EntropicBrew"},{"floor":23,"key":"LifebloodPotion"},{"floor":25,"key":"PowerPotion"},{"floor":35,"key":"Energy Potion"},{"floor":42,"key":"LiquidMemories"},{"floor":44,"key":"SkillPotion"}],"is_trial":false,"path_per_floor":["M","$","M","M","?","R","M","M","T","$","R","E","$","?","R","B",null,"M","?","M","M","M","E","R","E","T","E","R","$","M","$","R","B",null,"M","?","M","M","M","R","E","M","T","M","E","$","?","M","R","B",null],"character_chosen":"MARISA","items_purchased":["StarBarrage","EarthLightRay+1","DeepEcoloBomb","UltimateShortwave","Acceleration","PropBag+1"],"campfire_rested":3,"item_purchase_floors":[2,10,10,29,31,46],"current_hp_per_floor":[63,63,63,63,63,63,63,61,61,61,61,54,54,33,54,26,59,61,61,51,51,42,39,39,30,30,30,30,30,30,30,51,40,63,55,55,53,63,32,53,49,51,51,33,46,46,46,46,46,16],"gold":54,"neow_bonus":"THREE_ENEMY_KILL","is_daily":false,"chose_seed":false,"campfire_upgraded":5,"win_rate":0.0,"timestamp":1613939509,"path_taken":["M","$","M","M","?","R","M","M","T","$","R","E","?","?","R","BOSS","M","?","M","M","M","E","R","E","T","E","R","$","M","$","R","BOSS","M","?","M","M","M","R","E","M","T","M","E","$","?","?","R","BOSS"],"items_purchased_type":["Card","Card","Card","Card","Card","Card"],"build_version":"2020-12-22","purchased_purges":2,"victory":true,"max_hp_per_floor":[70,70,70,70,70,70,70,70,70,70,70,70,70,70,70,70,70,70,70,70,70,70,70,70,70,70,70,70,70,70,70,70,70,70,70,70,70,70,70,70,70,70,70,70,70,70,70,70,70,70],"card_choices":[{"not_picked":["GravityBeat","GalacticHalo"],"picked":"MilkyWay","floor":1.0},{"not_picked":["GravityBeat","NonDirectionalLaser"],"picked":"PowerUp","floor":3.0},{"not_picked":["IllusionStar","WitchLeyline","DoubleSpark"],"picked":"SKIP","floor":4.0},{"not_picked":["WitchLeyline","WitchOfGreed","SuperPerseids"],"picked":"SKIP","floor":7.0},{"not_picked":["CasketOfStar","GrandCross","DoubleSpark"],"picked":"SKIP","floor":8.0},{"not_picked":["SuperPerseids","SporeBomb"],"picked":"6A","floor":12.0},{"not_picked":["DoubleSpark","SporeBomb","DragonMeteor"],"picked":"SKIP","floor":18.0},{"not_picked":["UnstableBomb+1","NonDirectionalLaser"],"picked":"ManaConvection+1","floor":20.0},{"not_picked":["MagicChant","ShootingEcho","WitchOfGreed"],"picked":"SKIP","floor":21.0},{"not_picked":["DragonMeteor","ShootingEcho"],"picked":"MagicAbsorber","floor":22},{"not_picked":["IllusionStar","NonDirectionalLaser","MagicAbsorber"],"picked":"SKIP","floor":23},{"not_picked":["UnstableBomb","OpenUniverse","OneTimeOff+1"],"picked":"SKIP","floor":25},{"not_picked":["CasketOfStar","MysteriousBeam"],"picked":"MilkyWay","floor":27},{"not_picked":["Orbital","SprinkleStarSeal"],"picked":"MachineGunSpark","floor":30},{"not_picked":["ShootingEcho","DoubleSpark+1"],"picked":"StarBarrage","floor":35},{"not_picked":["ShootTheMoon","NonDirectionalLaser","ShootingEcho"],"picked":"SKIP","floor":37},{"not_picked":["Acceleration+1","GrandCross","IllusionStar"],"picked":"SKIP","floor":38},{"not_picked":["MagicAbsorber+1","OortCloud+1"],"picked":"ShootTheMoon","floor":39},{"not_picked":["FinalSpark","SporeBomb+1","NonDirectionalLaser"],"picked":"SKIP","floor":41},{"not_picked":["WitchOfGreed","LuminesStrike"],"picked":"FairyDestructionRay","floor":42},{"not_picked":["NonDirectionalLaser","LuminesStrike+1"],"picked":"MachineGunSpark","floor":44},{"not_picked":["DragonMeteor","DoubleSpark"],"picked":"FairyDestructionRay+1","floor":45},{"not_picked":["SprinkleStarSeal+1","GalacticHalo","Orbital"],"picked":"SKIP","floor":48}],"player_experience":490686,"relics_obtained":[{"floor":1.0,"key":"AddBug"},{"floor":8.0,"key":"SecretRecord"},{"floor":9.0,"key":"ReplayTheSpireMod:Lightbulb"},{"floor":12.0,"key":"Frozen Egg 2"},{"floor":20.0,"key":"SecretRecord"},{"floor":22,"key":"SecretRecord"},{"floor":23,"key":"Potion Belt"},{"floor":25,"key":"Sundial"},{"floor":26,"key":"Matryoshka"},{"floor":27,"key":"SecretRecord"},{"floor":27,"key":"Bronze Scales"},{"floor":35,"key":"SecretRecord"},{"floor":41,"key":"Simple Rune"},{"floor":43,"key":"Divine Protection"},{"floor":45,"key":"ChaoDraw"},{"floor":48,"key":"SecretRecord"}],"event_choices":[{"damage_healed":0.0,"max_hp_gain":0.0,"max_hp_loss":0.0,"gold_gain":0.0,"event_name":"Scrap Ooze","player_choice":"Fled","floor":5.0,"gold_loss":0.0,"damage_taken":0.0},{"damage_healed":0.0,"max_hp_gain":0.0,"max_hp_loss":0.0,"gold_gain":0.0,"event_name":"Shining Light","player_choice":"Entered Light","floor":14.0,"gold_loss":0.0,"damage_taken":21.0,"cards_upgraded":["6A","Strike_MRS"]},{"cards_removed":["MachineGunSpark"],"damage_healed":0,"gold_gain":0,"player_choice":"Removed Attack","damage_taken":0,"max_hp_gain":0,"max_hp_loss":0,"event_name":"Falling","floor":36,"gold_loss":0},{"cards_removed":["Defend_MRS"],"damage_healed":0,"gold_gain":0,"player_choice":"Upgrade and Remove","damage_taken":0,"max_hp_gain":0,"max_hp_loss":0,"event_name":"Designer","floor":47,"gold_loss":110,"cards_upgraded":["Acceleration"]}],"is_beta":false,"boss_relics":[{"not_picked":["Kintsugi","Philosopher\u0027s Stone"],"picked":"Black Star"},{"not_picked":["ExperimentalFamiliar","Replay:Grab Bag"],"picked":"Fusion Hammer"}],"items_purged_floors":[29,46],"is_endless":false,"potions_floor_spawned":[3,12,21,23,25,35,42,44],"ascension_level":19}}