{"host":"hszimsrtxxc2k25w","time":1613947484,"event":{"mods":["AchievementEnabler","BaseMod","Colored Map","DeckTracker","Minty Spire (QoL Compilation)","Rare Cards Sparkle","SuperFastMode"],"gold_per_floor":[115,40,40,40,55,55,55,86,136,150,165,182,209,227,227,227,227],"floor_reached":16,"language":"KOR","playtime":349,"items_purged":[],"score":274,"play_id":"d271a7f9-16eb-46bc-b866-5dd7f5acc38f","local_time":"20210222074444","is_ascension_mode":true,"campfire_choices":[{"data":"Wild Strike","floor":6.0,"key":"SMITH"},{"floor":15,"key":"REST"}],"circlet_count":0,"master_deck":["AscendersBane","Strike_R","Strike_R","Strike_R","Defend_R","Defend_R","Defend_R","Defend_R","Bash","Wild Strike+1","Feed","Blood for Blood"],"relics":["Burning Blood","NeowsBlessing","Toy Ornithopter","PreservedInsect","Bag of Preparation"],"acts_visited":["Exordium"],"potions_floor_usage":[],"damage_taken":[{"damage":0.0,"enemies":"Jaw Worm","floor":1.0,"turns":1.0},{"damage":0.0,"enemies":"2 Louse","floor":5.0,"turns":2.0},{"damage":0.0,"enemies":"Gremlin Nob","floor":8.0,"turns":1.0},{"damage":6.0,"enemies":"Cultist","floor":10.0,"turns":4.0},{"damage":45.0,"enemies":"Gremlin Gang","floor":11.0,"turns":4.0},{"damage":7.0,"enemies":"Looter","floor":12.0,"turns":3.0},{"damage":35,"enemies":"3 Sentries","floor":13,"turns":10},{"damage":1,"enemies":"2 Fungi Beasts","floor":14,"turns":4},{"damage":0,"enemies":"Slime Boss","floor":16,"turns":3}],"seed_played":"-7454648899148474215","potions_obtained":[{"floor":5.0,"key":"Ancient Potion"},{"floor":10.0,"key":"FearPotion"}],"is_trial":false,"path_per_floor":["M","?","?","$","M","R","$","E","T","M","M","M","E","M","R","B"],"character_chosen":"IRONCLAD","items_purchased":[],"campfire_rested":1,"item_purchase_floors":[],"current_hp_per_floor":[74,74,67,67,73,73,73,75,75,78,42,44,18,26,53,53,53],"gold":227,"neow_bonus":"THREE_ENEMY_KILL","is_daily":false,"chose_seed":false,"campfire_upgraded":1,"win_rate":0.0,"timestamp":1613947484,"path_taken":["M","?","?","$","M","R","?","E","T","M","M","?","E","M","R","BOSS"],"items_purchased_type":[],"build_version":"2020-12-22","purchased_purges":0,"victory":false,"max_hp_per_floor":[75,75,75,75,75,75,75,75,75,78,81,84,87,90,90,90,90],"card_choices":[{"not_picked":["Clash","Havoc","Pummel"],"picked":"SKIP","floor":1.0},{"not_picked":["Headbutt","Spot Weakness"],"picked":"Wild Strike","floor":5.0},{"not_picked":["Intimidate","Battle Trance"],"picked":"Feed","floor":8.0},{"not_picked":["Combust","Clothesline","Metallicize"],"picked":"SKIP","floor":10.0},{"not_picked":["Wild Strike","Headbutt","Twin Strike"],"picked":"SKIP","floor":11.0},{"not_picked":["Body Slam","Power Through","Cleave"],"picked":"SKIP","floor":12},{"not_picked":["Havoc","Twin Strike"],"picked":"Blood for Blood","floor":13},{"not_picked":["Reaper","Clash","Clothesline"],"picked":"SKIP","floor":14}],"player_experience":689394,"relics_obtained":[{"floor":8.0,"key":"Toy Ornithopter"},{"floor":9.0,"key":"PreservedInsect"},{"floor":13,"key":"Bag of Preparation"}],"event_choices":[{"cards_removed":["Strike_R"],"damage_healed":0.0,"max_hp_gain":0.0,"max_hp_loss":0.0,"gold_gain":0.0,"event_name":"The Cleric","player_choice":"Card Removal","floor":2.0,"gold_loss":75.0,"damage_taken":0.0},{"cards_removed":["Strike_R"],"damage_healed":0.0,"max_hp_gain":0.0,"max_hp_loss":0.0,"gold_gain":0.0,"event_name":"Golden Wing","player_choice":"Card Removal","floor":3.0,"gold_loss":0.0,"damage_taken":7.0}],"is_beta":false,"boss_relics":[],"items_purged_floors":[],"is_endless":false,"potions_floor_spawned":[5,10],"killed_by":"Slime Boss","ascension_level":20}}