{"host":"x12v7kw7hhljdyq8","time":1613872622,"event":{"mods":["BaseMod","BetterRewards","Downfall","Minty Spire (QoL Compilation)","Quick Restart","Replay The Spire","Shop Mod","StSLib","The Cursed","The Jungle","The Necromancer"],"gold_per_floor":[99,117,135,149,161,191,191,191,17,52,52,37,37,68,83,186,186,186,206,221,316,316,336,389,404,404,404,458,458,458,458],"floor_reached":29,"language":"ENG","playtime":3344,"items_purged":[],"score":243,"play_id":"a539d183-6b16-4c59-89ab-8d082c12bbbb","local_time":"20210220235702","is_ascension_mode":false,"campfire_choices":[{"floor":8,"key":"REST"},{"data":"champ:SwordThrow","floor":18,"key":"SMITH"},{"data":"Pot Of Greed","floor":26,"key":"SMITH"}],"circlet_count":0,"master_deck":["champ:Strike","champ:Strike","champ:Strike","champ:Defend","champ:Defend","champ:Defend","champ:Execute","champ:Taunt","champ:SwordThrow+1","champ:BerserkersShout","champ:FanOfKnives","champ:HeartStrike","champ:StanceDance","champ:BringItOn","champ:DeathBlow","champ:CrookedStrike","champ:AdrenalArmor","champ:Endure","Pot Of Greed+1","Pot Of Greed","champ:FanOfKnives","champ:DancingMaster","champ:BerserkersShout","champ:SetATrap","champ:Backstep","Pot Of Greed","champ:CalledShot","champ:TripleStrike","champ:CalledShot+1"],"relics":["champ:ChampionCrown","Replay:Bottled Snecko","CaptainsWheel","Replay:Multitool","Grinning Jar","Snack Pack","Coffee Dripper","Simple Rune","Replay:Rubber Ducky","Blue Candle"],"acts_visited":["Exordium","Exordium"],"potions_floor_usage":[4,12,16,29],"damage_taken":[{"damage":30,"enemies":"2 Louse","floor":2,"turns":4},{"damage":15,"enemies":"Cultist","floor":3,"turns":2},{"damage":25,"enemies":"Jaw Worm","floor":4,"turns":4},{"damage":15,"enemies":"Large Slime","floor":5,"turns":5},{"damage":47,"enemies":"Gremlin Nob","floor":6,"turns":4},{"damage":15,"enemies":"downfall:FleeingMerchant","floor":9,"turns":4},{"damage":63,"enemies":"Lagavulin","floor":10,"turns":5},{"damage":55,"enemies":"downfall:FleeingMerchant","floor":12,"turns":4},{"damage":55,"enemies":"3 Sentries","floor":14,"turns":6},{"damage":41,"enemies":"Exordium Wildlife","floor":15,"turns":2},{"damage":110,"enemies":"IC_STATUS_ARCHETYPE","floor":16,"turns":10},{"damage":27,"enemies":"theJungle:GiantWrat","floor":19,"turns":5},{"damage":63,"enemies":"theJungle:5_Spyders","floor":20,"turns":6},{"damage":34,"enemies":"theJungle:2_Snecko_Cultists","floor":23,"turns":4},{"damage":84,"enemies":"theJungle:Lyon","floor":25,"turns":5},{"damage":18,"enemies":"theJungle:2_Flameangoes","floor":29,"turns":2}],"seed_played":"-2849966903104963600","potions_obtained":[{"floor":2,"key":"champ:OpenerPotion"},{"floor":10,"key":"DistilledChaos"},{"floor":14,"key":"DistilledChaos"},{"floor":25,"key":"champ:OpenerPotion"}],"is_trial":false,"path_per_floor":["R","M","M","M","M","E","T","R","$","E","?","$","T","E","M","B",null,"R","M","M","?","?","M","T","M","R","?","R","M"],"character_chosen":"THE_CHAMP","items_purchased":["champ:CrookedStrike","champ:AdrenalArmor","champ:Endure"],"campfire_rested":1,"item_purchase_floors":[9,9,9],"current_hp_per_floor":[90,90,90,80,75,48,48,75,75,62,90,85,85,75,71,42,90,90,85,69,69,59,50,50,20,20,15,15,0,0,0],"gold":458,"neow_bonus":"TRANSFORM_CARD","is_daily":false,"chose_seed":false,"campfire_upgraded":2,"win_rate":0.0,"timestamp":1613872622,"path_taken":["R","M","M","M","M","E","T","R","$","E","?","?","?","E","M","BOSS","R","M","M","?","?","M","T","?","R","?","R","M"],"items_purchased_type":["Card","Card","Card"],"build_version":"2020-12-22","purchased_purges":0,"victory":false,"max_hp_per_floor":[90,90,90,90,90,90,90,90,90,90,90,90,90,90,90,90,90,90,90,90,90,90,90,90,90,90,90,90,90,90,90],"card_choices":[{"not_picked":["champ:EnGarde","champ:EndlessRage"],"picked":"champ:FanOfKnives","floor":2},{"not_picked":["champ:Circumvent","champ:Haymaker"],"picked":"champ:HeartStrike","floor":3},{"not_picked":["champ:FanOfKnives","champ:Shatter"],"picked":"champ:StanceDance","floor":4},{"not_picked":["champ:GladiatorForm","champ:Circumvent"],"picked":"champ:BringItOn","floor":5},{"not_picked":["champ:Parry","champ:Lariat"],"picked":"champ:DeathBlow","floor":6},{"not_picked":["champ:EnGarde","champ:DefensiveShout","champ:ShieldWall"],"picked":"SKIP","floor":9},{"not_picked":["champ:DefensiveShout","champ:ShieldSlam"],"picked":"champ:Encircle","floor":10},{"not_picked":["champ:Haymaker","champ:GutPunch","champ:RapidStrikes"],"picked":"SKIP","floor":12},{"not_picked":["champ:SetATrap","champ:Circumvent","champ:EnGarde"],"picked":"SKIP","floor":14},{"not_picked":["champ:EnGarde","champ:PerfectedStrike"],"picked":"champ:FanOfKnives","floor":15},{"not_picked":["champ:SwordThrow","champ:Improvising"],"picked":"champ:DancingMaster","floor":16},{"not_picked":["champ:Shatter","champ:EnGarde"],"picked":"champ:BerserkersShout","floor":19},{"not_picked":["champ:Circumvent","champ:ShieldWall"],"picked":"champ:SetATrap","floor":20},{"not_picked":["champ:BerserkersShout+1","champ:FanOfKnives+1"],"picked":"champ:Backstep","floor":21},{"not_picked":["champ:Circumvent+1","champ:RisingSlash"],"picked":"champ:CalledShot","floor":21},{"not_picked":["champ:Backstep","champ:BladeFlurry+1"],"picked":"champ:TripleStrike","floor":23},{"not_picked":["champ:EndlessRage","champ:Circumvent"],"picked":"champ:CalledShot+1","floor":25}],"player_experience":289732,"relics_obtained":[{"floor":6,"key":"Replay:Bottled Snecko"},{"floor":7,"key":"CaptainsWheel"},{"floor":10,"key":"Replay:Multitool"},{"floor":13,"key":"Grinning Jar"},{"floor":14,"key":"Snack Pack"},{"floor":21,"key":"Simple Rune"},{"floor":24,"key":"Replay:Rubber Ducky"}],"event_choices":[{"cards_removed":["champ:Encircle"],"damage_healed":28,"gold_gain":0,"player_choice":"Offered Uncommon","damage_taken":0,"max_hp_gain":0,"max_hp_loss":0,"event_name":"Bonfire Elementals","floor":11,"gold_loss":0}],"is_beta":false,"boss_relics":[{"not_picked":["Replay:Drink Me","Calling Bell"],"picked":"Coffee Dripper"}],"items_purged_floors":[],"is_endless":false,"potions_floor_spawned":[2,10,14,25],"killed_by":"theJungle:2_Flameangoes","ascension_level":0}}