{"host":"7kbs9tkabmhxmc03","time":1613914615,"event":{"mods":["A Magickal Journey","Bartender","BaseMod","BetterRewards","CatGirl Mod","Conspire","Friendly Minions","GifTheSpireLib","Hermit","Hubris","Jedi Mod","Koishi","LagranYue(???·?)","Marisa????????","Minty Spire (QoL Compilation)","Prisma Mod","Railgun Mod","Remilia??????","Replay The Spire","Shapeshifter Mod","StSLib","Td1madao Mod","The Animator","The Blackbeard","The Bladedancer","The Bug Knight","The Construct","The Cursed","The Death Knight","The Disciple","The Dragon Tamer","The Druid","The Gatherer","The Hierophant","The Marked","The Mystic","The Necromancer","The Poker Player","The Runesmith","The Senshi","The Servant 0.9.4","The Vixen","TheBandit","TheFirefly","TheSwordswoman","Waifu the Spire","Yuri Mod"],"gold_per_floor":[112,127,144,156,958696,958696,958696,958707,958707,958735,957545,957545,957556,957591,957591,957591,957591],"floor_reached":16,"language":"ENG","playtime":2450,"items_purged":["DTMod:Training"],"score":212,"play_id":"1aaa950d-be9b-4ae0-bb18-cac74b6c2958","local_time":"20210221143655","is_ascension_mode":false,"campfire_choices":[{"data":"PrismaMod:ChloeCheapAttack","floor":6,"key":"SMITH"}],"circlet_count":0,"master_deck":["PrismaMod:ChloeCommonAttack","PrismaMod:ChloeCommonAttack+1","PrismaMod:ChloeCommonAttack","PrismaMod:ChloeCommonAttack+1","PrismaMod:ChloeCommonAttack","PrismaMod:ChloeCommonDefend","PrismaMod:ChloeCommonDefend","PrismaMod:ChloeCommonDefend","PrismaMod:ChloeCommonDefend","PrismaMod:ChloeCommonDefend","PrismaMod:ChloeCheapAttack","PrismaMod:ChloeCheapDefend","hubris:Insight+1","PrismaMod:ChloeMaid","PrismaMod:ChloeCheapDefend","PrismaMod:ChloeGaeBolg","PrismaMod:ChloeCheapAttack+1","PrismaMod:ChloeExhaustTwo","PrismaMod:ChloeExhaustTwo","PrismaMod:ChloeDevil","PrismaMod:ChloeCheapAttack","PrismaMod:ChloeMaid","PrismaMod:ChloeBetterTracePools+1","Thinking Ahead","PokerPlayerMod:SecondChance","PrismaMod:ChloeUncommonAttack","PrismaMod:ChloeCarnivalAttack","PrismaMod:ChloeHalloween","PrismaMod:ChloeMaid","PrismaMod:ChloeBetterTracePools","Deep Breath","PrismaMod:IllyaBlindPoisonToss","AlternateTimeline"],"relics":["PrismaMod:PrismaTraceOn","LagranYue:RandomDrawCardRelic","hubris:Potato","Juzu Bracelet","PrismaticShard","hubris:Reverence","OrangePellets","Lantern","jedi:HeartOfTheCards","Cleaning_Rag"],"acts_visited":["Exordium"],"potions_floor_usage":[10,13,13],"damage_taken":[{"damage":2.0,"enemies":"Small Slimes","floor":1.0,"turns":4.0},{"damage":14,"enemies":"Jaw Worm","floor":2,"turns":3},{"damage":9,"enemies":"Cultist","floor":3,"turns":4},{"damage":3,"enemies":"2 Fungi Beasts","floor":4,"turns":4},{"damage":17,"enemies":"Exordium Thugs","floor":8,"turns":5},{"damage":5,"enemies":"HollowMod:MossKnight","floor":10,"turns":3},{"damage":0,"enemies":"Large Slime","floor":13,"turns":1},{"damage":0,"enemies":"Gremlin Nob","floor":14,"turns":2},{"damage":49,"enemies":"Fading Forest","floor":16,"turns":10}],"seed_played":"3238668135217941025","potions_obtained":[{"floor":3,"key":"FearPotion"},{"floor":8,"key":"Energy Potion"},{"floor":10,"key":"Fire Potion"},{"floor":14,"key":"jedi:wingpotion"}],"is_trial":false,"path_per_floor":["M","M","M","M","$","R","?","M","T","E","$","?","M","E","R","B"],"character_chosen":"CHLOE","items_purchased":["PrismaMod:ChloeExhaustTwo","PrismaMod:ChloeDevil","PrismaMod:ChloeCheapAttack","PrismaMod:ChloeMaid","PrismaMod:ChloeBetterTracePools","hubris:Potato","Juzu Bracelet","PrismaticShard","Thinking Ahead","jedi:holywater","Dexterity Potion","PrismaMod:ChloeUncommonAttack","PrismaMod:ChloeCarnivalAttack","PrismaMod:ChloeHalloween","PrismaMod:ChloeMaid","PrismaMod:ChloeBetterTracePools","OrangePellets","Lantern","jedi:HeartOfTheCards","Deep Breath"],"campfire_rested":0,"item_purchase_floors":[5,5,5,5,5,5,5,5,5,5,5,11,11,11,11,11,11,11,11,11],"current_hp_per_floor":[73,59,50,47,47,47,47,32,32,29,29,14,14,14,36,0,0],"gold":957591,"neow_bonus":"RANDOM_COLORLESS","is_daily":false,"chose_seed":false,"campfire_upgraded":1,"win_rate":0.0,"timestamp":1613914615,"path_taken":["M","M","M","M","$","R","?","M","T","E","$","?","M","E","R","BOSS"],"items_purchased_type":["Card","Card","Card","Card","Card","Relic","Relic","Relic","Card","Potion","Potion","Card","Card","Card","Card","Card","Relic","Relic","Relic","Card"],"build_version":"2020-12-22","purchased_purges":1,"victory":false,"max_hp_per_floor":[75,75,75,75,75,75,75,75,75,75,75,75,75,75,75,75,75],"card_choices":[{"not_picked":["Survey Options","ReplayTheSpireMod:Uncanny Aura"],"picked":"hubris:Insight","floor":0.0},{"not_picked":["PrismaMod:ChloeCommonAOEAttack","PrismaMod:ChloeDiscardRecovery"],"picked":"PrismaMod:ChloeMaid","floor":1.0},{"not_picked":["PrismaMod:ChloeCheapDefendTwo","PrismaMod:ChloeRuleBreaker"],"picked":"PrismaMod:ChloeCheapDefend","floor":2},{"not_picked":["PrismaMod:ChloeCheapDefendTwo","PrismaMod:ChloeCheapAttack"],"picked":"PrismaMod:ChloeGaeBolg","floor":3},{"not_picked":["PrismaMod:ChloeExcalibur","PrismaMod:ChloeCheapDefend"],"picked":"PrismaMod:ChloeCheapAttack","floor":4},{"not_picked":["Runesmith:Superposition","DTMod:QuickFly"],"picked":"DTMod:Training","floor":8},{"not_picked":["theDruid:Starfall","wariomod:WhirlwindBurst"],"picked":"PokerPlayerMod:SecondChance","floor":10},{"not_picked":["theMarked:TwofoldDefense","hierophant:Smite"],"picked":"PrismaMod:IllyaBlindPoisonToss","floor":13},{"not_picked":["blackbeard:ArmorUp","hermit:Grudge"],"picked":"AlternateTimeline","floor":14}],"player_experience":66604,"relics_obtained":[{"floor":10,"key":"hubris:Reverence"},{"floor":14,"key":"Cleaning_Rag"}],"event_choices":[{"damage_healed":0,"gold_gain":0,"player_choice":"Grow","damage_taken":0,"max_hp_gain":0,"max_hp_loss":0,"event_name":"Living Wall","floor":7,"gold_loss":0,"cards_upgraded":["PrismaMod:ChloeBetterTracePools"]},{"damage_healed":0,"gold_gain":0,"player_choice":"Entered Light","damage_taken":15,"max_hp_gain":0,"max_hp_loss":0,"event_name":"Shining Light","floor":12,"gold_loss":0,"cards_upgraded":["PrismaMod:ChloeCommonAttack","PrismaMod:ChloeCommonAttack"]}],"is_beta":false,"boss_relics":[],"items_purged_floors":[11],"is_endless":false,"potions_floor_spawned":[3,8,10,14],"killed_by":"Fading Forest","ascension_level":0}}