{"host":"se54kqb5s2qquozl","time":1613868056,"event":{"mods":["BaseMod","Colored Powertips","Downfall","Hermit","Minty Spire (QoL Compilation)","Replay The Spire","StSLib"],"gold_per_floor":[99,116,134,134,153,153,207,207,218,218,318,349,349,375,392,495,495,495,509,188,188,201,301,326,326,12,27,45,76,76,96,115,215,215,115,131,148,201,41,41,41,41],"floor_reached":40,"language":"ENG","playtime":2624,"items_purged":["downfall:Malfunctioning"],"score":513,"play_id":"1a2daff7-2799-48fd-ac26-9261d0a742a9","local_time":"20210220184056","is_ascension_mode":true,"campfire_choices":[{"data":"hexamod:BurningTouch","floor":1.0,"key":"SMITH"},{"data":"hexamod:PhantomCloak","floor":6.0,"key":"SMITH"},{"data":"hexamod:PowerFromBeyond","floor":10.0,"key":"SMITH"},{"data":"hexamod:NightmareStrike","floor":13.0,"key":"SMITH"},{"data":"hexamod:GhostShield","floor":18.0,"key":"SMITH"},{"data":"hexamod:SuperheatedStrike","floor":25.0,"key":"SMITH"},{"data":"hexamod:TurnItUp","floor":30.0,"key":"SMITH"},{"data":"hexamod:NightmareGuise","floor":35,"key":"SMITH"}],"circlet_count":0,"master_deck":["hexamod:Strike","hexamod:Strike","hexamod:Defend","hexamod:Defend","hexamod:Defend","hexamod:Defend","hexamod:Sear","hexamod:Float+1","hexamod:BurningTouch+1","hexamod:AdvancingGuard+1","hexamod:PowerFromBeyond+1","hexamod:ThermalTransfer+1","hexamod:PhantomCloak+1","hexamod:ExtraCrispy","hexamod:NightmareStrike+1","hexamod:GhostShield+1","hexamod:ApocalypticArmor+1","hexamod:SuperheatedStrike+1","hexamod:NightmareGuise+1","hexamod:FlamesFromBeyond","Pride","hexamod:SpectersWail","hexamod:PowerFromBeyond+1","hexamod:GhostOfSpireFuture+1","hexamod:AdvancingGuard+1","hexamod:RadiantFlame+1","hexamod:TurnItUp+1","hexamod:GhostOfSpireFuture+1","hexamod:BurningTouch+1","hexamod:WildfireWeapon+1","hexamod:Incineration+1","hexamod:RadiantFlame+1","hexamod:TimeWarp","hexamod:SuperheatedStrike"],"relics":["hexamod:SpiritBrand","Bag of Preparation","Frozen Egg 2","Simple Rune","Sozu","Replay:Bottled Eggs","Iron Hammer","Pet Ghost","DollysMirror","WingedGreaves","Cursed Key","downfall:HeartBlessingGreen","ReplayTheSpireMod:Ninjato","Replay:Baseball"],"acts_visited":["Exordium","TheCity","TheBeyond"],"potions_floor_usage":[],"damage_taken":[{"damage":1.0,"enemies":"Cultist","floor":2.0,"turns":4.0},{"damage":2.0,"enemies":"Jaw Worm","floor":3.0,"turns":3.0},{"damage":11.0,"enemies":"2 Louse","floor":5.0,"turns":3.0},{"damage":0.0,"enemies":"2 Fungi Beasts","floor":9.0,"turns":3.0},{"damage":26.0,"enemies":"3 Sentries","floor":12.0,"turns":11.0},{"damage":0.0,"enemies":"Lagavulin","floor":14.0,"turns":6.0},{"damage":4.0,"enemies":"3 Louse","floor":15.0,"turns":3.0},{"damage":18.0,"enemies":"DF_ARCHETYPE_STREAMLINE","floor":16.0,"turns":11.0},{"damage":3.0,"enemies":"downfall:LooterAlt2","floor":19.0,"turns":6.0},{"damage":0.0,"enemies":"downfall:FleeingMerchant","floor":20.0,"turns":4.0},{"damage":0.0,"enemies":"3 Byrds","floor":22.0,"turns":5.0},{"damage":0.0,"enemies":"downfall:FleeingMerchant","floor":26.0,"turns":4.0},{"damage":0.0,"enemies":"Snecko","floor":27.0,"turns":4.0},{"damage":0.0,"enemies":"Centurion and Healer","floor":28.0,"turns":5.0},{"damage":18.0,"enemies":"Gremlin Leader","floor":29.0,"turns":10.0},{"damage":7.0,"enemies":"Snake Plant","floor":31.0,"turns":3.0},{"damage":5,"enemies":"Cultist and Chosen","floor":32,"turns":6},{"damage":16,"enemies":"IC_MUSHROOM_ARCHETYPE","floor":33,"turns":11},{"damage":11,"enemies":"Orb Walker","floor":36,"turns":3},{"damage":5,"enemies":"3 Darklings","floor":37,"turns":5},{"damage":0,"enemies":"downfall:FleeingMerchant","floor":39,"turns":4},{"damage":22,"enemies":"Reptomancer","floor":40,"turns":3}],"seed_played":"-2771086877219901557","potions_obtained":[{"floor":3.0,"key":"Venom Potion"},{"floor":5.0,"key":"Adrenaline Potion"},{"floor":9.0,"key":"FearPotion"},{"floor":16.0,"key":"Fire Potion"}],"is_trial":false,"path_per_floor":["R","M","M","?","M","R","T","?","M","R","?","E","R","E","M","B",null,"R","M","$","?","M","?","T","R","$","M","M","E","R","M","M","B",null,"R","M","M","?","$","E"],"character_chosen":"THE_SPIRIT","items_purchased":["Replay:Bottled Eggs","hexamod:NightmareGuise","DollysMirror","hexamod:GhostOfSpireFuture+1","Replay:Baseball"],"campfire_rested":0,"item_purchase_floors":[20,20,26,26,39],"current_hp_per_floor":[63,62,60,60,49,49,49,49,49,49,49,23,23,23,19,1,63,63,60,60,60,60,60,60,60,60,60,60,42,42,35,30,14,63,63,52,47,22,22,0,0,0],"gold":41,"neow_bonus":"TRANSFORM_TWO_CARDS","is_daily":false,"chose_seed":false,"campfire_upgraded":8,"win_rate":0.0,"timestamp":1613868056,"path_taken":["R","M","M","?","M","R","T","?","?","R","?","E","R","E","M","BOSS","R","M","$","?","M","?","T","R","$","M","M","E","R","M","M","BOSS","R","M","M","?","$","E"],"items_purchased_type":["Relic","Card","Relic","Card","Relic"],"build_version":"2020-12-22","purchased_purges":1,"victory":false,"max_hp_per_floor":[63,63,63,63,63,63,63,63,63,63,63,63,63,63,63,63,63,63,63,63,63,63,63,63,63,63,63,63,63,63,63,63,63,63,63,63,63,63,63,63,63,63],"card_choices":[{"not_picked":["hexamod:ThermalTransfer","hexamod:SuperheatedStrike"],"picked":"hexamod:PowerFromBeyond","floor":2.0},{"not_picked":["hexamod:RainOfEmbers","hexamod:GhostOfSpirePast"],"picked":"hexamod:ThermalTransfer","floor":3.0},{"not_picked":["hexamod:NightmareStrike","hexamod:EtherealExpedition"],"picked":"hexamod:PhantomCloak","floor":5.0},{"not_picked":["hexamod:NightmareStrike","hexamod:RainOfEmbers"],"picked":"hexamod:ExtraCrispy","floor":9.0},{"not_picked":["hexamod:SpectersWail","hexamod:Haunt"],"picked":"hexamod:NightmareStrike","floor":12.0},{"not_picked":["hexamod:GhostOfSpirePast+1","hexamod:SwordOfDarkness"],"picked":"hexamod:GhostShield","floor":14.0},{"not_picked":["hexamod:BacktrackSmack","hexamod:NightmareStrike","hexamod:BurningTouch"],"picked":"SKIP","floor":15.0},{"not_picked":["hexamod:ForkedFlame","hexamod:FifthSeal"],"picked":"hexamod:ApocalypticArmor+1","floor":16.0},{"not_picked":["hexamod:NightmareStrike","hexamod:ThirdSeal","hexamod:BurningTouch"],"picked":"SKIP","floor":19.0},{"not_picked":["hexamod:PhantomFireball","hexamod:FirstSeal"],"picked":"hexamod:SuperheatedStrike","floor":20.0},{"not_picked":["hexamod:BacktrackSmack","hexamod:HeatMetal+1"],"picked":"hexamod:FlamesFromBeyond","floor":22.0},{"not_picked":["hexamod:NightmareGuise","hexamod:BacktrackSmack"],"picked":"hexamod:SpectersWail","floor":26.0},{"not_picked":["hexamod:BacktrackSmack","hexamod:Firestarter"],"picked":"hexamod:AdvancingGuard+1","floor":27.0},{"not_picked":["hexamod:SpectralAdrenaline","hexamod:HeatCrush"],"picked":"hexamod:RadiantFlame+1","floor":28.0},{"not_picked":["hexamod:RetreatToShadows","hexamod:SwordOfDarkness"],"picked":"hexamod:TurnItUp","floor":29.0},{"not_picked":["hexamod:NightmareStrike","hexamod:SpectralSpark"],"picked":"hexamod:GhostOfSpireFuture+1","floor":31.0},{"not_picked":["hexamod:Firestarter","hexamod:AdvancingGuard"],"picked":"hexamod:BurningTouch+1","floor":32},{"not_picked":["hexamod:SearingWound","hexamod:UnleashSpirits"],"picked":"hexamod:WildfireWeapon+1","floor":33},{"not_picked":["hexamod:AdvancingGuard+1","hexamod:Again"],"picked":"hexamod:Incineration+1","floor":36},{"not_picked":["hexamod:GhostShield","hexamod:AdvancingGuard+1"],"picked":"hexamod:RadiantFlame+1","floor":37},{"not_picked":["hexamod:SpectralSpark","hexamod:BurningTouch+1"],"picked":"hexamod:TimeWarp","floor":38},{"not_picked":["hexamod:NightmareStrike","hexamod:Firestarter"],"picked":"hexamod:SuperheatedStrike","floor":39}],"player_experience":79809,"relics_obtained":[{"floor":7.0,"key":"Bag of Preparation"},{"floor":12.0,"key":"Frozen Egg 2"},{"floor":14.0,"key":"Simple Rune"},{"floor":24.0,"key":"Pet Ghost"},{"floor":29.0,"key":"WingedGreaves"},{"floor":38,"key":"ReplayTheSpireMod:Ninjato"}],"event_choices":[],"is_beta":false,"boss_relics":[{"not_picked":["Empty Cage","ChewingGum"],"picked":"Sozu"},{"not_picked":["hexamod:UnbrokenSoul","Tiny House"],"picked":"Cursed Key"}],"items_purged_floors":[26],"is_endless":false,"potions_floor_spawned":[3,5,9,16,27,31,32],"killed_by":"Reptomancer","ascension_level":2}}