{"host":"vxxgntm1odai56nh","time":1613927209,"event":{"mods":["AchievementEnabler","BaseMod","Colored Map","Colored Powertips","Highlight Path","Minty Spire (QoL Compilation)","Permanent Neow","Rare Cards Sparkle","Relic Stats","StSLib"],"gold_per_floor":[113,133,148,158,168,204,279,279,331,331,349,349,376,415,415,523,523,541,511,511],"floor_reached":19,"language":"ENG","playtime":2018,"items_purged":[],"score":226,"play_id":"15de9928-7121-4589-9c59-45a45972c6cd","local_time":"20210221120649","is_ascension_mode":true,"campfire_choices":[{"data":"Cleave","floor":8.0,"key":"SMITH"},{"data":"Dropkick","floor":10.0,"key":"SMITH"},{"data":"Spot Weakness","floor":15,"key":"SMITH"}],"circlet_count":0,"master_deck":["Strike_R","Strike_R","Strike_R","Strike_R","Strike_R","Defend_R","Defend_R","Defend_R","Defend_R","Bash+1","Dropkick+1","Cleave+1","Fire Breathing","Metallicize","Spot Weakness+1","Flex","Shrug It Off","Feed"],"relics":["Burning Blood","CeramicFish","Nunchaku","Eternal Feather","Black Star"],"acts_visited":["Exordium","TheCity"],"potions_floor_usage":[19,19],"damage_taken":[{"damage":1.0,"enemies":"Cultist","floor":1.0,"turns":4.0},{"damage":7.0,"enemies":"Jaw Worm","floor":2.0,"turns":2.0},{"damage":0.0,"enemies":"2 Louse","floor":3.0,"turns":2.0},{"damage":16.0,"enemies":"Blue Slaver","floor":4.0,"turns":3.0},{"damage":36.0,"enemies":"Exordium Thugs","floor":5.0,"turns":4.0},{"damage":34.0,"enemies":"3 Sentries","floor":6.0,"turns":5.0},{"damage":12.0,"enemies":"Large Slime","floor":11.0,"turns":6.0},{"damage":12.0,"enemies":"Exordium Wildlife","floor":13.0,"turns":4.0},{"damage":29.0,"enemies":"Lagavulin","floor":14.0,"turns":6.0},{"damage":49,"enemies":"The Guardian","floor":16,"turns":11},{"damage":64,"enemies":"3 Byrds","floor":18,"turns":7},{"damage":19,"enemies":"2 Thieves","floor":19,"turns":1}],"seed_played":"1708067906327144355","potions_obtained":[{"floor":3.0,"key":"BloodPotion"},{"floor":4.0,"key":"Energy Potion"},{"floor":5.0,"key":"LiquidMemories"},{"floor":13.0,"key":"FearPotion"}],"is_trial":false,"path_per_floor":["M","M","M","M","M","E","?","R","T","R","M","?","M","E","R","B",null,"M","M"],"character_chosen":"IRONCLAD","items_purchased":[],"campfire_rested":0,"item_purchase_floors":[],"current_hp_per_floor":[80,79,80,70,40,28,17,17,17,17,11,90,84,61,70,27,74,19,0,0],"gold":511,"neow_bonus":"UPGRADE_CARD","is_daily":false,"chose_seed":false,"campfire_upgraded":3,"win_rate":0.0,"timestamp":1613927209,"path_taken":["M","M","M","M","M","E","?","R","T","R","M","?","?","E","R","BOSS","M","M"],"items_purchased_type":[],"build_version":"2020-12-22","purchased_purges":0,"victory":false,"max_hp_per_floor":[80,80,80,80,80,80,80,80,80,80,80,90,90,90,90,90,90,93,93,93],"relic_stats":{"Nunchaku":[5],"counters":[12,55],"CeramicFish":36,"Eternal Feather":9,"Black Star":0,"obtain_stats":[{"Nunchaku":9,"CeramicFish":6,"Eternal Feather":14,"Black Star":17,"Burning Blood":0},{"Nunchaku":6,"CeramicFish":6,"Eternal Feather":9,"Black Star":10,"Burning Blood":0},{"Nunchaku":20,"CeramicFish":20,"Eternal Feather":36,"Black Star":47,"Burning Blood":0}],"Burning Blood":56},"card_choices":[{"not_picked":["Armaments","Clothesline"],"picked":"Dropkick","floor":1.0},{"not_picked":["Perfected Strike","Clothesline"],"picked":"Cleave","floor":2.0},{"not_picked":["Wild Strike","Flex"],"picked":"Fire Breathing","floor":3.0},{"not_picked":["Reckless Charge","Twin Strike"],"picked":"Metallicize","floor":4.0},{"not_picked":["Anger","Dark Embrace"],"picked":"Spot Weakness","floor":5.0},{"not_picked":["Clothesline","Heavy Blade"],"picked":"Exhume","floor":6.0},{"not_picked":["Body Slam","Headbutt","Sword Boomerang"],"picked":"SKIP","floor":11.0},{"not_picked":["Feel No Pain","Shrug It Off"],"picked":"Flex","floor":13.0},{"not_picked":["Wild Strike","Armaments"],"picked":"Shrug It Off","floor":14.0},{"not_picked":["Fiend Fire","Reaper"],"picked":"Feed","floor":16},{"not_picked":["Anger","Clothesline","Bloodletting"],"picked":"SKIP","floor":18}],"player_experience":156305,"relics_obtained":[{"floor":6.0,"key":"CeramicFish"},{"floor":9.0,"key":"Nunchaku"},{"floor":14.0,"key":"Eternal Feather"}],"event_choices":[{"damage_healed":0.0,"max_hp_gain":0.0,"max_hp_loss":0.0,"gold_gain":75.0,"event_name":"World of Goop","player_choice":"Gather Gold","floor":7.0,"gold_loss":0.0,"damage_taken":11.0},{"cards_removed":["Exhume"],"damage_healed":69.0,"max_hp_gain":10.0,"max_hp_loss":0.0,"gold_gain":0.0,"event_name":"Bonfire Elementals","player_choice":"Offered Rare","floor":12.0,"gold_loss":0.0,"damage_taken":0.0}],"is_beta":false,"boss_relics":[{"not_picked":["Ectoplasm","Calling Bell"],"picked":"Black Star"}],"items_purged_floors":[],"is_endless":false,"potions_floor_spawned":[3,4,5,13],"killed_by":"2 Thieves","ascension_level":5}}