{"host":"w9457b8yvvshrcoh","time":1613926208,"event":{"mods":["AchievementEnabler","BaseMod","Colored Map","Colored Powertips","Minty Spire (QoL Compilation)","Uncapped"],"gold_per_floor":[118,135,135,155,170,170,170,60,87,103,135,135,149,149,149,247,247,264,264,295,350,366,366,366],"floor_reached":23,"language":"ENG","playtime":1322,"items_purged":[],"score":191,"play_id":"245b2616-c3d1-4257-a620-3c32b5a26a77","local_time":"20210221105008","is_ascension_mode":false,"campfire_choices":[{"data":"Hello World","floor":7,"key":"SMITH"},{"floor":15,"key":"REST"}],"circlet_count":0,"master_deck":["Strike_B","Strike_B","Strike_B","Defend_B+1","Defend_B","Defend_B","Defend_B","Zap","Dualcast","Cold Snap","Gash+1","Hello World+1","Darkness","Self Repair","FTL","Redo","Buffer","Beam Cell+1","Echo Form","Gash+1","Writhe","Leap","Beam Cell+1"],"relics":["Cracked Core","Nunchaku","Bag of Preparation","Juzu Bracelet","Molten Egg 2","Lantern","Meat on the Bone","Red Mask","Toy Ornithopter"],"acts_visited":["Exordium","TheCity"],"potions_floor_usage":[11,11,20],"damage_taken":[{"damage":0,"enemies":"2 Louse","floor":1,"turns":3},{"damage":1,"enemies":"Jaw Worm","floor":2,"turns":3},{"damage":0,"enemies":"Cultist","floor":4,"turns":3},{"damage":4,"enemies":"2 Fungi Beasts","floor":5,"turns":4},{"damage":13,"enemies":"3 Louse","floor":10,"turns":4},{"damage":8,"enemies":"3 Sentries","floor":11,"turns":3},{"damage":9,"enemies":"Blue Slaver","floor":13,"turns":4},{"damage":34,"enemies":"Hexaghost","floor":16,"turns":9},{"damage":21,"enemies":"Shell Parasite","floor":18,"turns":6},{"damage":36,"enemies":"Masked Bandits","floor":20,"turns":6},{"damage":17,"enemies":"Spheric Guardian","floor":22,"turns":5},{"damage":56,"enemies":"Book of Stabbing","floor":23,"turns":5}],"seed_played":"2184387281068457152","potions_obtained":[{"floor":4,"key":"PotionOfCapacity"},{"floor":5,"key":"ColorlessPotion"},{"floor":13,"key":"Energy Potion"}],"is_trial":false,"path_per_floor":["M","M","?","M","M","?","R","$","T","M","E","T","M","?","R","B",null,"M","?","?","T","M","E"],"character_chosen":"DEFECT","items_purchased":["Self Repair","FTL"],"campfire_rested":1,"item_purchase_floors":[8,8],"current_hp_per_floor":[75,74,62,62,58,51,51,51,51,45,44,44,42,27,49,22,75,61,61,44,44,53,0,0],"gold":366,"neow_bonus":"RANDOM_COMMON_RELIC","is_daily":false,"chose_seed":false,"campfire_upgraded":1,"win_rate":0.0,"timestamp":1613926208,"path_taken":["M","M","?","M","M","?","R","?","T","M","E","?","M","?","R","BOSS","M","?","?","?","M","E"],"items_purchased_type":["Card","Card"],"build_version":"2020-12-22","purchased_purges":0,"victory":false,"max_hp_per_floor":[75,75,75,75,75,75,75,75,75,75,75,75,75,75,75,75,75,75,75,75,75,75,75,75],"card_choices":[{"not_picked":["Skim","Beam Cell"],"picked":"Cold Snap","floor":1},{"not_picked":["Force Field","Leap"],"picked":"Gash","floor":2},{"not_picked":["Rebound","Turbo"],"picked":"Hello World","floor":4},{"not_picked":["White Noise","Gash"],"picked":"Darkness","floor":5},{"not_picked":["Streamline","Hologram"],"picked":"Redo","floor":10},{"not_picked":["Streamline+1","Genetic Algorithm"],"picked":"Buffer","floor":11},{"not_picked":["Hologram","Coolheaded"],"picked":"Beam Cell+1","floor":13},{"not_picked":["Thunder Strike+1","Fission"],"picked":"Echo Form","floor":16},{"not_picked":["Ball Lightning+1","Steam"],"picked":"Gash+1","floor":18},{"not_picked":["Steam Power+1","Streamline+1"],"picked":"Leap","floor":20},{"not_picked":["Reboot","Barrage+1"],"picked":"Beam Cell+1","floor":22}],"player_experience":32010,"relics_obtained":[{"floor":9,"key":"Juzu Bracelet"},{"floor":11,"key":"Molten Egg 2"},{"floor":12,"key":"Lantern"},{"floor":20,"key":"Red Mask"},{"floor":21,"key":"Toy Ornithopter"}],"event_choices":[{"damage_healed":0,"gold_gain":0,"player_choice":"Success","damage_taken":12,"relics_obtained":["Bag of Preparation"],"max_hp_gain":0,"max_hp_loss":0,"event_name":"Scrap Ooze","floor":3,"gold_loss":0},{"cards_removed":["Strike_B"],"damage_healed":0,"gold_gain":0,"player_choice":"Card Removal","damage_taken":7,"max_hp_gain":0,"max_hp_loss":0,"event_name":"Golden Wing","floor":6,"gold_loss":0},{"damage_healed":0,"gold_gain":0,"player_choice":"Entered Light","damage_taken":15,"max_hp_gain":0,"max_hp_loss":0,"event_name":"Shining Light","floor":14,"gold_loss":0,"cards_upgraded":["Defend_B","Gash"]},{"damage_healed":0,"gold_gain":0,"player_choice":"Opened","damage_taken":0,"relics_obtained":["Meat on the Bone"],"max_hp_gain":0,"max_hp_loss":0,"event_name":"The Mausoleum","floor":19,"gold_loss":0,"cards_obtained":["Writhe"]},{"damage_healed":0,"gold_gain":0,"player_choice":"Fought Bandits","damage_taken":0,"max_hp_gain":0,"max_hp_loss":0,"event_name":"Masked Bandits","floor":20,"gold_loss":0}],"is_beta":false,"boss_relics":[{"not_picked":["Velvet Choker","Sozu","Coffee Dripper"]}],"items_purged_floors":[],"is_endless":false,"potions_floor_spawned":[4,5,13],"killed_by":"Book of Stabbing","ascension_level":0}}