{"host":"c1h8o8aodufyrxir","time":1613899134,"event":{"mods":["AchievementEnabler","BaseMod","Block Reminder","Downfall","Minty Spire (QoL Compilation)","Rare Cards Sparkle","Relic Stats","StSLib"],"gold_per_floor":[99,113,98,108,108,108,131,159,179,192,292,319,319,337,357,357,357,357],"floor_reached":16,"language":"ENG","playtime":1066,"items_purged":[],"score":102,"play_id":"1b486b75-64f5-4611-86cf-9d7cbe48bd86","local_time":"20210221021854","is_ascension_mode":false,"campfire_choices":[{"data":"hexamod:ForkedFlame","floor":1,"key":"SMITH"},{"data":"hexamod:GhostflameInferno","floor":6,"key":"SMITH"},{"data":"hexamod:TimeOfNeed","floor":13,"key":"SMITH"}],"circlet_count":0,"master_deck":["hexamod:Strike","hexamod:Strike","hexamod:Strike","hexamod:Strike","hexamod:Defend","hexamod:Defend","hexamod:Defend","hexamod:Defend","hexamod:Sear","hexamod:Float","hexamod:ForkedFlame+1","hexamod:ThirdSeal","hexamod:ThermalTransfer","hexamod:InspiringFlames","hexamod:GhostflameInferno+1","hexamod:ShieldOfDarkness","hexamod:ThermalTransfer","hexamod:WildfireWeapon","hexamod:Rewind","hexamod:HauntingEcho","hexamod:TimeOfNeed+1","hexamod:HeatMetal","hexamod:GhostLash","hexamod:BurningTouch","hexamod:FirstSeal","hexamod:HauntingEcho"],"relics":["hexamod:SpiritBrand","Bottled Flame","hexamod:MatchstickCase","Bag of Preparation","Odd Mushroom"],"acts_visited":["Exordium"],"potions_floor_usage":[],"damage_taken":[{"damage":1,"enemies":"Cultist","floor":2,"turns":3},{"damage":0,"enemies":"downfall:FleeingMerchant","floor":3,"turns":4},{"damage":1,"enemies":"Jaw Worm","floor":4,"turns":3},{"damage":8,"enemies":"Gremlin Nob","floor":8,"turns":3},{"damage":0,"enemies":"Small Slimes","floor":9,"turns":2},{"damage":0,"enemies":"downfall:LooterAlt","floor":10,"turns":3},{"damage":9,"enemies":"The Mushroom Lair","floor":12,"turns":5},{"damage":0,"enemies":"Exordium Wildlife","floor":14,"turns":2},{"damage":6,"enemies":"Exordium Thugs","floor":15,"turns":4},{"damage":51,"enemies":"WA_ARCHETYPE_RETAIN","floor":16,"turns":7}],"seed_played":"-8397348243016583772","potions_obtained":[{"floor":4,"key":"PowerPotion"},{"floor":10,"key":"DuplicationPotion"},{"floor":12,"key":"hexamod:SoulburnPotion"}],"is_trial":false,"path_per_floor":["R","M","$","M","T","R","T","E","M","M","?","?","R","M","M","B"],"character_chosen":"THE_SPIRIT","items_purchased":[],"campfire_rested":0,"item_purchase_floors":[],"current_hp_per_floor":[70,69,69,68,68,68,68,60,60,60,60,51,51,51,45,0,0,0],"gold":357,"neow_bonus":"ONE_RANDOM_RARE_CARD","is_daily":false,"chose_seed":false,"campfire_upgraded":3,"win_rate":0.0,"timestamp":1613899134,"path_taken":["R","M","?","M","?","R","T","E","M","M","?","?","R","?","M","BOSS"],"items_purchased_type":[],"build_version":"2020-12-22","purchased_purges":0,"victory":false,"max_hp_per_floor":[70,70,70,70,70,70,70,70,70,70,70,70,70,70,70,70,70,70],"relic_stats":{"counters":[10,36],"Bag of Preparation":[12],"obtain_stats":[{"Bottled Flame":5,"Bag of Preparation":8,"Odd Mushroom":12,"hexamod:SpiritBrand":0,"hexamod:MatchstickCase":7},{"Bottled Flame":3,"Bag of Preparation":4,"Odd Mushroom":7,"hexamod:SpiritBrand":0,"hexamod:MatchstickCase":3},{"Bottled Flame":10,"Bag of Preparation":13,"Odd Mushroom":23,"hexamod:SpiritBrand":0,"hexamod:MatchstickCase":10}]},"card_choices":[{"not_picked":["hexamod:FastForward","hexamod:FlamesFromBeyond"],"picked":"hexamod:ThirdSeal","floor":2},{"not_picked":["hexamod:BacktrackSmack","hexamod:SwordOfDarkness"],"picked":"hexamod:ThermalTransfer","floor":3},{"not_picked":["hexamod:Firestarter","hexamod:RetreatToShadows"],"picked":"hexamod:InspiringFlames","floor":3},{"not_picked":["hexamod:FastForward","hexamod:AdvancingGuard"],"picked":"hexamod:GhostflameInferno","floor":4},{"not_picked":["hexamod:BacktrackSmack","hexamod:NightmareGuise"],"picked":"hexamod:ShieldOfDarkness","floor":4},{"not_picked":["hexamod:GhostLash","hexamod:BacktrackSmack"],"picked":"hexamod:ThermalTransfer","floor":8},{"not_picked":["hexamod:RainOfEmbers","hexamod:InspiringFlames"],"picked":"hexamod:WildfireWeapon","floor":8},{"not_picked":["hexamod:AdvancingGuard","hexamod:RecurringNightmare"],"picked":"hexamod:Rewind","floor":9},{"not_picked":["hexamod:HeatMetal","hexamod:SpectralAdrenaline"],"picked":"hexamod:HauntingEcho","floor":9},{"not_picked":["hexamod:Hexaguard","hexamod:FastForward"],"picked":"hexamod:TimeOfNeed","floor":10},{"not_picked":["hexamod:BacktrackSmack","hexamod:NightmareStrike"],"picked":"hexamod:HeatMetal","floor":10},{"not_picked":["hexamod:RecurringNightmare","hexamod:SwordOfDarkness"],"picked":"hexamod:GhostLash","floor":12},{"not_picked":["hexamod:HeatMetal","hexamod:GhostShield"],"picked":"hexamod:BurningTouch","floor":14},{"not_picked":["hexamod:BacktrackSmack","hexamod:UnleashSpirits"],"picked":"hexamod:FirstSeal","floor":15},{"not_picked":["hexamod:SwordOfDarkness","hexamod:Hexaguard"],"picked":"hexamod:HauntingEcho","floor":15}],"player_experience":183221,"relics_obtained":[{"floor":5,"key":"Bottled Flame"},{"floor":7,"key":"hexamod:MatchstickCase"},{"floor":8,"key":"Bag of Preparation"},{"floor":12,"key":"Odd Mushroom"}],"event_choices":[{"damage_healed":0,"gold_gain":0,"player_choice":"Fought Mushrooms","damage_taken":0,"max_hp_gain":0,"max_hp_loss":0,"event_name":"Mushrooms","floor":12,"gold_loss":0}],"is_beta":false,"boss_relics":[],"items_purged_floors":[],"is_endless":false,"potions_floor_spawned":[4,10,12],"killed_by":"WA_ARCHETYPE_RETAIN","ascension_level":0}}