{"host":"l3qq6dhgi17n1wbp","time":1613945443,"event":{"mods":["BaseMod","Colored Map","Minty Spire (QoL Compilation)","SuperFastMode"],"gold_per_floor":[115,290,290,290,304,329,329,354,377,377,407,427,427,354,354,451,451,468,66,82,93,44,44,79,79,156,182,182,198,213,240,240,342,342,358,358,372,392,392,392,392],"floor_reached":40,"language":"KOR","playtime":962,"items_purged":[],"score":562,"play_id":"33e4291a-e86b-4988-b10f-b6430160c581","local_time":"20210222071043","is_ascension_mode":true,"campfire_choices":[{"data":"Eruption","floor":10,"key":"SMITH"},{"data":"FollowUp","floor":15,"key":"SMITH"},{"data":"EmptyFist","floor":23,"key":"SMITH"},{"data":"Devotion","floor":25,"key":"SMITH"},{"floor":28,"key":"REST"},{"floor":32,"key":"REST"}],"circlet_count":0,"master_deck":["Strike_P","Strike_P","Strike_P","Strike_P","Defend_P","Defend_P","Defend_P","Defend_P","Eruption+1","Vigilance","JustLucky","Doubt","FollowUp+1","Brilliance","FlurryOfBlows+1","Devotion","Consecrate","Tantrum","EmptyFist+1","Devotion+1","BattleHymn","MentalFortress","Brilliance","Consecrate+1","CarveReality"],"relics":["PureWater","NeowsBlessing","InkBottle","Mercury Hourglass","Regal Pillow","Pen Nib","Vajra","Cursed Key","Shuriken","Bag of Preparation","Art of War","Pantograph","HornCleat","Darkstone Periapt","Philosopher\u0027s Stone","Spirit Poop"],"acts_visited":["Exordium","TheCity","TheBeyond"],"potions_floor_usage":[8,11,11,11,16,16,33,33,35,40],"damage_taken":[{"damage":0,"enemies":"Small Slimes","floor":1,"turns":1},{"damage":0,"enemies":"Jaw Worm","floor":5,"turns":1},{"damage":0,"enemies":"Lagavulin","floor":6,"turns":1},{"damage":0,"enemies":"Gremlin Nob","floor":8,"turns":2},{"damage":3,"enemies":"Lagavulin","floor":11,"turns":3},{"damage":0,"enemies":"Cultist","floor":12,"turns":2},{"damage":62,"enemies":"The Guardian","floor":16,"turns":8},{"damage":0,"enemies":"Spheric Guardian","floor":18,"turns":1},{"damage":6,"enemies":"Shell Parasite","floor":20,"turns":3},{"damage":7,"enemies":"Snake Plant","floor":21,"turns":2},{"damage":19,"enemies":"Gremlin Leader","floor":24,"turns":3},{"damage":18,"enemies":"Book of Stabbing","floor":27,"turns":3},{"damage":0,"enemies":"Chosen and Byrds","floor":29,"turns":2},{"damage":0,"enemies":"Snecko","floor":30,"turns":3},{"damage":21,"enemies":"Slavers","floor":31,"turns":3},{"damage":40,"enemies":"Automaton","floor":33,"turns":5},{"damage":8,"enemies":"3 Shapes","floor":35,"turns":3},{"damage":17,"enemies":"3 Darklings","floor":37,"turns":3},{"damage":21,"enemies":"Sphere and 2 Shapes","floor":38,"turns":4},{"damage":44,"enemies":"Giant Head","floor":40,"turns":5}],"seed_played":"-7054132950983546510","potions_obtained":[{"floor":1,"key":"SpeedPotion"},{"floor":7,"key":"GamblersBrew"},{"floor":7,"key":"Fire Potion"},{"floor":7,"key":"Weak Potion"},{"floor":8,"key":"BlessingOfTheForge"},{"floor":11,"key":"SteroidPotion"},{"floor":12,"key":"Energy Potion"},{"floor":27,"key":"Ancient Potion"},{"floor":29,"key":"PowerPotion"},{"floor":30,"key":"Fire Potion"},{"floor":38,"key":"AttackPotion"}],"is_trial":false,"path_per_floor":["M","?","?","T","M","E","?","E","T","R","E","M","?","$","R","B",null,"M","$","M","M","$","R","E","R","T","E","R","M","M","E","R","B",null,"M","?","M","M","?","E"],"character_chosen":"WATCHER","items_purchased":["DuplicationPotion","Shuriken","Bag of Preparation","EmptyFist"],"campfire_rested":2,"item_purchase_floors":[14,19,19,22],"current_hp_per_floor":[72,72,77,77,77,77,77,77,77,77,74,74,74,74,74,12,77,77,77,71,64,64,64,45,45,45,27,65,65,65,44,77,37,77,69,69,52,31,31,0,0],"gold":392,"neow_bonus":"THREE_ENEMY_KILL","is_daily":false,"chose_seed":false,"campfire_upgraded":4,"win_rate":0.0,"timestamp":1613945443,"path_taken":["M","?","?","?","?","E","?","E","T","R","E","?","?","$","R","BOSS","M","$","M","M","$","R","E","R","T","E","R","M","M","E","R","BOSS","M","?","?","M","?","E"],"items_purchased_type":["Potion","Relic","Relic","Card"],"build_version":"2020-12-22","purchased_purges":0,"victory":false,"max_hp_per_floor":[72,72,77,77,77,77,77,77,77,77,77,77,77,77,77,77,77,77,77,77,77,77,77,77,77,77,77,77,77,77,77,77,77,77,77,77,77,77,77,77,77],"card_choices":[{"not_picked":["Vengeance","CrushJoints"],"picked":"JustLucky","floor":1},{"not_picked":["Fasting2","JustLucky"],"picked":"FollowUp","floor":5},{"not_picked":["Prostrate","EmptyBody"],"picked":"Brilliance","floor":6},{"not_picked":["Evaluate","Halt"],"picked":"FlurryOfBlows","floor":8},{"not_picked":["Conclude","Vengeance","JustLucky"],"picked":"SKIP","floor":11},{"not_picked":["Halt","ReachHeaven","FlyingSleeves"],"picked":"SKIP","floor":12},{"not_picked":["Establishment","Alpha"],"picked":"Devotion","floor":16},{"not_picked":["InnerPeace","ForeignInfluence"],"picked":"Consecrate","floor":18},{"not_picked":["BowlingBash","Crescendo"],"picked":"Tantrum","floor":20},{"not_picked":["Sanctity+1","CrushJoints","ThirdEye"],"picked":"SKIP","floor":21},{"not_picked":["Halt","Crescendo"],"picked":"Devotion","floor":24},{"not_picked":["Vengeance","FlyingSleeves","Worship"],"picked":"SKIP","floor":27},{"not_picked":["SignatureMove","Wallop"],"picked":"BattleHymn","floor":29},{"not_picked":["Halt","FlyingSleeves+1","Sanctity"],"picked":"SKIP","floor":30},{"not_picked":["Omniscience","EmptyBody+1"],"picked":"MentalFortress","floor":31},{"not_picked":["DevaForm","Devotion"],"picked":"Brilliance","floor":33},{"not_picked":["PathToVictory","CrushJoints"],"picked":"Consecrate+1","floor":35},{"not_picked":["WaveOfTheHand+1","SashWhip","Prostrate+1"],"picked":"SKIP","floor":37},{"not_picked":["BowlingBash","CutThroughFate+1"],"picked":"CarveReality","floor":38}],"player_experience":239028,"relics_obtained":[{"floor":4,"key":"InkBottle"},{"floor":6,"key":"Mercury Hourglass"},{"floor":8,"key":"Regal Pillow"},{"floor":9,"key":"Pen Nib"},{"floor":11,"key":"Vajra"},{"floor":24,"key":"Art of War"},{"floor":26,"key":"Pantograph"},{"floor":27,"key":"HornCleat"},{"floor":31,"key":"Darkstone Periapt"}],"event_choices":[{"damage_healed":0,"gold_gain":175,"player_choice":"AGREE","damage_taken":0,"max_hp_gain":0,"max_hp_loss":0,"event_name":"Liars Game","floor":2,"gold_loss":0,"cards_obtained":["Doubt"]},{"damage_healed":0,"gold_gain":0,"player_choice":"Donut","damage_taken":0,"max_hp_gain":5,"max_hp_loss":0,"event_name":"Big Fish","floor":3,"gold_loss":0},{"damage_healed":0,"gold_gain":0,"player_choice":"Got Potions","damage_taken":0,"max_hp_gain":0,"max_hp_loss":0,"event_name":"Lab","floor":7,"gold_loss":0},{"damage_healed":0,"gold_gain":0,"player_choice":"Grow","damage_taken":0,"max_hp_gain":0,"max_hp_loss":0,"event_name":"Living Wall","floor":13,"gold_loss":0,"cards_upgraded":["FlurryOfBlows"]},{"damage_healed":0,"gold_gain":0,"player_choice":"0 cards matched","damage_taken":0,"max_hp_gain":0,"max_hp_loss":0,"event_name":"Match and Keep!","floor":36,"gold_loss":0,"cards_obtained":[]},{"cards_removed":["Normality"],"damage_healed":0,"gold_gain":0,"player_choice":"Offered Curse","damage_taken":0,"relics_obtained":["Spirit Poop"],"max_hp_gain":0,"max_hp_loss":0,"event_name":"Bonfire Elementals","floor":39,"gold_loss":0}],"is_beta":false,"boss_relics":[{"not_picked":["SacredBark","Tiny House"],"picked":"Cursed Key"},{"not_picked":["Calling Bell","Astrolabe"],"picked":"Philosopher\u0027s Stone"}],"items_purged_floors":[],"is_endless":false,"potions_floor_spawned":[1,8,11,12,27,29,30,38],"killed_by":"Giant Head","ascension_level":2}}