{"host":"30jsp143e4v19aze","time":1613943176,"event":{"mods":["BaseMod","Colored Map","Colored Powertips","Curses Come First","DeckTracker","Highlight Path","Minty Spire (QoL Compilation)","Quick Restart","Relic Stats","StSLib","everything is the same but u backflip on backflip","slay the spire mod where everything is the same but ironclad has a cowboy hat"],"gold_per_floor":[118,98,8,8,27,57,73,102,102,102,23,36,53,53,53,53,53],"floor_reached":16,"language":"ENG","playtime":430,"items_purged":[],"score":270,"play_id":"5e2e6c6a-12d3-40b3-b7a7-239c0d7059b3","local_time":"20210221223256","is_ascension_mode":true,"campfire_choices":[{"data":"Feed","floor":10,"key":"SMITH"},{"data":"Combust","floor":15,"key":"SMITH"}],"circlet_count":0,"master_deck":["AscendersBane","Strike_R","Strike_R","Strike_R+1","Strike_R","Strike_R","Defend_R","Defend_R","Defend_R","Defend_R","Bash","Wild Strike+1","Metallicize+1","Disarm","Feed+1","Combust+1","Shockwave","Burning Pact"],"relics":["Burning Blood","NeowsBlessing","Meat on the Bone","Magic Flower","Question Card"],"acts_visited":["Exordium"],"potions_floor_usage":[12,16],"damage_taken":[{"damage":0,"enemies":"Small Slimes","floor":1,"turns":1},{"damage":0,"enemies":"Cultist","floor":5,"turns":1},{"damage":0,"enemies":"Gremlin Nob","floor":6,"turns":1},{"damage":4,"enemies":"2 Louse","floor":7,"turns":3},{"damage":47,"enemies":"3 Sentries","floor":8,"turns":14},{"damage":32,"enemies":"Exordium Thugs","floor":12,"turns":5},{"damage":8,"enemies":"2 Fungi Beasts","floor":13,"turns":4},{"damage":37,"enemies":"Slime Boss","floor":16,"turns":8}],"seed_played":"-1090753180649224412","potions_obtained":[{"floor":1,"key":"Energy Potion"},{"floor":2,"key":"SpeedPotion"}],"is_trial":false,"path_per_floor":["M","?","$","?","M","E","M","E","T","R","$","M","M","?","R","B"],"character_chosen":"IRONCLAD","items_purchased":["Metallicize","Combust"],"campfire_rested":0,"item_purchase_floors":[3,11],"current_hp_per_floor":[74,74,74,74,75,75,78,52,52,52,52,53,60,33,33,0,0],"gold":53,"neow_bonus":"THREE_ENEMY_KILL","is_daily":false,"chose_seed":false,"campfire_upgraded":2,"win_rate":0.0,"timestamp":1613943176,"path_taken":["M","?","?","?","M","E","M","E","T","R","$","M","?","?","R","BOSS"],"items_purchased_type":["Card","Card"],"build_version":"2020-12-22","purchased_purges":0,"victory":false,"max_hp_per_floor":[75,75,75,75,75,75,78,81,81,81,81,85,89,89,89,89,89],"relic_stats":{"counters":[8,37],"Magic Flower":[16],"Question Card":2,"obtain_stats":[{"NeowsBlessing":0,"Magic Flower":8,"Question Card":9,"Burning Blood":0,"Meat on the Bone":6},{"NeowsBlessing":0,"Magic Flower":5,"Question Card":5,"Burning Blood":0,"Meat on the Bone":3},{"NeowsBlessing":0,"Magic Flower":20,"Question Card":20,"Burning Blood":0,"Meat on the Bone":3}],"Burning Blood":35,"Meat on the Bone":30},"card_choices":[{"not_picked":["Reckless Charge","Headbutt"],"picked":"Wild Strike","floor":1},{"not_picked":["Armaments","Thunderclap"],"picked":"Disarm","floor":5},{"not_picked":["Body Slam","Wild Strike"],"picked":"Feed","floor":6},{"not_picked":["Thunderclap","Havoc","Warcry"],"picked":"SKIP","floor":7},{"not_picked":["Thunderclap","Headbutt","Havoc"],"picked":"SKIP","floor":8},{"not_picked":["Carnage","Heavy Blade","Seeing Red"],"picked":"Shockwave","floor":12},{"not_picked":["Sword Boomerang","Iron Wave","True Grit"],"picked":"Burning Pact","floor":13}],"player_experience":3294854,"relics_obtained":[{"floor":6,"key":"Meat on the Bone"},{"floor":8,"key":"Magic Flower"},{"floor":9,"key":"Question Card"}],"event_choices":[{"damage_healed":0,"gold_gain":0,"player_choice":"Bought 1 Potion","damage_taken":0,"max_hp_gain":0,"max_hp_loss":0,"event_name":"The Woman in Blue","floor":2,"gold_loss":0},{"damage_healed":0,"gold_gain":0,"player_choice":"Upgraded","damage_taken":0,"max_hp_gain":0,"max_hp_loss":0,"event_name":"Upgrade Shrine","floor":4,"gold_loss":0,"cards_upgraded":["Wild Strike"]},{"damage_healed":0,"gold_gain":0,"player_choice":"Entered Light","damage_taken":27,"max_hp_gain":0,"max_hp_loss":0,"event_name":"Shining Light","floor":14,"gold_loss":0,"cards_upgraded":["Strike_R","Metallicize"]}],"is_beta":false,"boss_relics":[],"items_purged_floors":[],"is_endless":false,"potions_floor_spawned":[1,5],"killed_by":"Slime Boss","ascension_level":20}}