{"host":"j6f6v8ly7ajbjvlz","time":1613922152,"event":{"mods":["ATMod(阿瑾Mod)","Act Like it!","Arknights","BaseMod","Colored Powertips","Friendly Minions","Gensokyo","HumanHunterMod(怪物杀人mod)","KinomotoSakuraMod(木之本樱)","Kiyohime（清姬）","Minty Spire (QoL Compilation)","Relic Stats","RumiaBox-露米娅的神秘盒子","Spicy Shops","StSLib","The Administrix","Yakumo Yukari mod","noobMod","【功能Mod】混沌之环修复补丁","【遗物卡牌】REMEMod","残留之物","篝火指南"],"gold_per_floor":[115,115,134,52,64,95,95,111,111,124,153,215,272,311,311,434,434,479,517,517,517,517,672,672,797,797,857,857,917,141,231,231,382,382,472,472,472,472,565,621,621,621,621,659,761,799,799,855,257,307,307,307,98,174,299],"floor_reached":56,"language":"ZHS","playtime":3011,"items_purged":[],"score":1671,"play_id":"bda9e752-5e9d-45ce-b454-b01de1b00b1e","local_time":"20210221234232","is_ascension_mode":true,"campfire_choices":[{"data":"ClowCardTheArrow","floor":7,"key":"SMITH"},{"floor":15,"key":"REST"},{"data":"ClowCardTheBig","floor":32,"key":"SMITH"},{"floor":42,"key":"RECALL"},{"data":"ClowCardTheLight","floor":52,"key":"SMITH"}],"circlet_count":0,"master_deck":["SpellCardTurn","ClowCardTheSweet","SakuraCardTheBig+","SakuraCardTheShadow+","ClowCardTheSword","ClowCardTheSword","ClowCardTheSword","ClowCardTheSword","ClowCardTheShield","ClowCardTheShield","ClowCardTheShield","ClowCardTheShield","SpellCardSeal","SpellCardRelease","ClowCardTheArrow+1","ClowCardTheBig+1","ClowCardTheSand","ClowCardTheIllusion","ClowCardTheDream","ClowCardTheStorm+1","ClowCardTheSweet","ClowCardTheRain","ClowCardTheFight+1","ClowCardTheDark","ClowCardTheDream+1","ClowCardTheSweet+1","ClowCardTheWave","Gensokyo:TekeTeke+1","ClowCardTheSand+1","ClowCardTheLittle+1","ClowCardTheFloat+1","ClowCardTheWindy+1","ClowCardTheReturn","ClowCardTheShot+1","ClowCardTheDream+1","ClowCardTheLight+1","ClowCardTheFly+1","ClowCardTheDash+1"],"relics":["KSMOD_SealedBook","KSMOD_StarWand","AT_ATBox","REME_ComplimentaryCards","ice","NeowsBlessing","Gensokyo:CelestialsFlawlessClothing","KSMOD_YukitosBentoBox","Molten Egg 2","AT_MibuBalloonWealth","Bottled Tornado","KSMOD_DarknessWand","Question Card","KSMOD_Cerberus","Calipers","Peace Pipe","MagicDraw2","GodSword1","GodSword6","PlaceholderMod:DaolothFragment","KSMOD_Compass","Gensokyo:DualWield","GodSword5","KSMOD_RollerSkates","Gensokyo:EmptyGrave","SSSystem","KSMOD_Yue","Chemical X","AT_SunfireAegis","Ice Cream","AT_SilvercatRing","Lantern"],"acts_visited":["Gensokyo:Gensokyo","Gensokyo:Gensokyoer","Gensokyo:Gensokyoest","TheEnding"],"potions_floor_usage":[11,12,16,16,16,25,45,55],"damage_taken":[{"damage":0,"enemies":"Gensokyo:3_Fairies","floor":1,"turns":3},{"damage":0,"enemies":"Gensokyo:2_Kodama","floor":3,"turns":2},{"damage":0,"enemies":"Gensokyo:Gryphon","floor":5,"turns":1},{"damage":34,"enemies":"Gensokyo:Cirno","floor":6,"turns":6},{"damage":13,"enemies":"Gensokyo:Kitsune","floor":8,"turns":6},{"damage":4,"enemies":"Gensokyo:5_Fairies","floor":10,"turns":5},{"damage":0,"enemies":"Gensokyo:Mamizou","floor":11,"turns":7},{"damage":3,"enemies":"Gensokyo:Python_and_Kodama","floor":12,"turns":5},{"damage":0,"enemies":"Gensokyo:Aya","floor":13,"turns":2},{"damage":0,"enemies":"Gensokyo:LivingMonolith","floor":14,"turns":2},{"damage":32,"enemies":"Gensokyo:Reimu","floor":16,"turns":8},{"damage":9,"enemies":"Gensokyo:Chomper","floor":18,"turns":3},{"damage":11,"enemies":"Gensokyo:CosmicMonolith","floor":19,"turns":2},{"damage":8,"enemies":"Gensokyo:Reisen","floor":23,"turns":5},{"damage":3,"enemies":"Gensokyo:Reisen","floor":25,"turns":7},{"damage":2,"enemies":"Gensokyo:Slime_Group","floor":27,"turns":4},{"damage":18,"enemies":"Gensokyo:Koishi","floor":29,"turns":4},{"damage":0,"enemies":"Gensokyo:3_Gloops","floor":31,"turns":2},{"damage":40,"enemies":"Gensokyo:Eternal_Rivals","floor":33,"turns":8},{"damage":17,"enemies":"Gensokyo:3_Boulders","floor":35,"turns":3},{"damage":0,"enemies":"Gensokyo:3_Bats","floor":39,"turns":1},{"damage":23,"enemies":"Gensokyo:Marisa","floor":40,"turns":3},{"damage":20,"enemies":"Gensokyo:Sharpion","floor":44,"turns":4},{"damage":0,"enemies":"Gensokyo:Kasen","floor":45,"turns":4},{"damage":0,"enemies":"Gensokyo:SeedOfUnknown","floor":46,"turns":2},{"damage":0,"enemies":"Gensokyo:Doremy","floor":48,"turns":3},{"damage":0,"enemies":"Gensokyo:Shinki","floor":50,"turns":3},{"damage":0,"enemies":"Shield and Spear","floor":54,"turns":4},{"damage":342,"enemies":"The Heart","floor":55,"turns":7}],"seed_played":"6150860914739440369","potions_obtained":[{"floor":3,"key":"PowerPotion"},{"floor":10,"key":"Dexterity Potion"},{"floor":11,"key":"KSMOD_MagickBottle"},{"floor":12,"key":"Fruit Juice"},{"floor":14,"key":"PowerPotion"},{"floor":16,"key":"LiquidBronze"},{"floor":27,"key":"PlaceholderMod:PlaceholderPotion"},{"floor":31,"key":"KSMOD_MagickBottle"},{"floor":44,"key":"FearPotion"},{"floor":46,"key":"DuplicationPotion"},{"floor":48,"key":"PanachePotion"}],"is_trial":false,"path_per_floor":["M","?","M","$","M","E","R","M","T","M","E","M","E","M","R","B",null,"M","M","?","?","?","E","?","?","T","M","?","E","$","M","R","B",null,"M","?","?","?","M","E","?","R","T","M","E","M","?","E","R","B",null,"R","$","E","B",null],"character_chosen":"KINOMOTOSAKURA","items_purchased":["ClowCardTheBig","ClowCardTheCreate","GodSword1","GodSword6","PlaceholderMod:DaolothFragment","KSMOD_Yue","Chemical X","AT_SunfireAegis","Ice Cream","AT_SilvercatRing"],"campfire_rested":1,"item_purchase_floors":[4,30,30,30,30,49,49,49,53,53],"current_hp_per_floor":[70,53,53,53,53,19,19,6,6,2,2,9,9,14,36,9,75,66,60,60,60,60,57,57,59,59,62,62,49,49,49,49,63,65,48,48,48,48,48,30,30,30,30,24,81,81,76,76,76,79,79,79,79,80,232],"gold":299,"neow_bonus":"THREE_ENEMY_KILL","is_daily":false,"chose_seed":false,"campfire_upgraded":3,"win_rate":0.0,"timestamp":1613922152,"path_taken":["M","?","M","$","M","E","R","M","T","?","E","M","E","M","R","BOSS","M","M","?","?","?","E","?","?","T","M","?","E","?","M","R","BOSS","M","?","?","?","?","E","?","R","T","M","E","M","?","E","R","BOSS","R","$","E","BOSS"],"items_purchased_type":["Card","Card","Relic","Relic","Relic","Relic","Relic","Relic","Relic","Relic"],"build_version":"2020-12-22","purchased_purges":0,"victory":true,"max_hp_per_floor":[70,70,70,70,70,70,70,70,70,70,70,75,75,75,75,75,75,75,75,75,75,68,68,63,63,63,63,63,63,63,63,63,65,65,69,69,69,69,69,75,75,75,75,79,82,82,76,79,79,79,79,79,79,81,247],"relic_stats":{"Peace Pipe":1,"counters":[29,116],"Chemical X":[1],"Question Card":14,"obtain_stats":[{"Ice Cream":53,"Lantern":54,"AT_ATBox":0,"Calipers":25,"PlaceholderMod:DaolothFragment":30,"AT_MibuBalloonWealth":11,"SSSystem":48,"KSMOD_YukitosBentoBox":6,"ice":0,"Bottled Tornado":13,"MagicDraw2":29,"Gensokyo:DualWield":41,"Frozen Eye":29,"KSMOD_DarknessWand":17,"KSMOD_SealedWand":0,"Chemical X":49,"KSMOD_Cerberus":24,"KSMOD_StarWand":34,"KSMOD_Compass":33,"KSMOD_RollerSkates":45,"KSMOD_Yue":49,"NeowsBlessing":0,"KSMOD_SealedBook":0,"Gensokyo:CelestialsFlawlessClothing":2,"AT_SilvercatRing":53,"Question Card":23,"Peace Pipe":25,"Gensokyo:EmptyGrave":47,"Molten Egg 2":9,"GodSword6":30,"GodSword5":43,"AT_SunfireAegis":49,"REME_ComplimentaryCards":0,"GodSword1":30},{"Ice Cream":27,"Lantern":28,"AT_ATBox":0,"Calipers":15,"PlaceholderMod:DaolothFragment":17,"AT_MibuBalloonWealth":7,"SSSystem":26,"KSMOD_YukitosBentoBox":4,"ice":0,"Bottled Tornado":9,"MagicDraw2":17,"Gensokyo:DualWield":22,"Frozen Eye":16,"KSMOD_DarknessWand":11,"KSMOD_SealedWand":0,"Chemical X":26,"KSMOD_Cerberus":14,"KSMOD_StarWand":19,"KSMOD_Compass":19,"KSMOD_RollerSkates":24,"KSMOD_Yue":26,"NeowsBlessing":0,"KSMOD_SealedBook":0,"Gensokyo:CelestialsFlawlessClothing":1,"AT_SilvercatRing":27,"Question Card":14,"Peace Pipe":15,"Gensokyo:EmptyGrave":25,"Molten Egg 2":5,"GodSword6":17,"GodSword5":22,"AT_SunfireAegis":26,"REME_ComplimentaryCards":0,"GodSword1":17},{"Ice Cream":105,"Lantern":109,"AT_ATBox":0,"Calipers":64,"PlaceholderMod:DaolothFragment":72,"AT_MibuBalloonWealth":30,"SSSystem":102,"KSMOD_YukitosBentoBox":12,"ice":0,"Bottled Tornado":37,"MagicDraw2":72,"Gensokyo:DualWield":89,"Frozen Eye":68,"KSMOD_DarknessWand":47,"KSMOD_SealedWand":0,"Chemical X":102,"KSMOD_Cerberus":57,"KSMOD_StarWand":82,"KSMOD_Compass":82,"KSMOD_RollerSkates":97,"KSMOD_Yue":102,"NeowsBlessing":0,"KSMOD_SealedBook":0,"Gensokyo:CelestialsFlawlessClothing":3,"AT_SilvercatRing":105,"Question Card":57,"Peace Pipe":64,"Gensokyo:EmptyGrave":99,"Molten Egg 2":18,"GodSword6":72,"GodSword5":89,"AT_SunfireAegis":102,"REME_ComplimentaryCards":0,"GodSword1":72}]},"card_choices":[{"not_picked":["ClowCardTheSand","ClowCardTheSilent"],"picked":"ClowCardTheShadow","floor":1},{"not_picked":["ClowCardTheMirror","ClowCardTheSweet"],"picked":"ClowCardTheArrow","floor":3},{"not_picked":["ClowCardTheJump","ClowCardTheArrow"],"picked":"ClowCardTheSand","floor":5},{"not_picked":["ClowCardTheFirey","ClowCardTheFlower"],"picked":"ClowCardTheIllusion","floor":6},{"not_picked":["ClowCardTheWindy","ClowCardTheFly"],"picked":"ClowCardTheFirey","floor":8},{"not_picked":["ClowCardTheMist","ClowCardTheCloud"],"picked":"ClowCardTheDream","floor":10},{"not_picked":["ClowCardTheMirror","ClowCardThePower+1"],"picked":"ClowCardTheStorm+1","floor":11},{"not_picked":["ClowCardTheMaze","ClowCardTheWood"],"picked":"ClowCardTheSweet","floor":12},{"not_picked":["ClowCardTheErase+1","ClowCardTheShot+1"],"picked":"ClowCardTheRain","floor":13},{"not_picked":["ClowCardTheCloud","ClowCardTheIllusion","ClowCardTheLock"],"picked":"SKIP","floor":14},{"not_picked":["ClowCardTheDark","ClowCardTheTwin"],"picked":"ClowCardTheFight+1","floor":16},{"not_picked":["ClowCardTheGlow","ClowCardTheMaze+1"],"picked":"ClowCardTheDream+1","floor":18},{"not_picked":["ClowCardTheErase+1","ClowCardTheSand+1"],"picked":"ClowCardTheSweet+1","floor":19},{"not_picked":["Gensokyo:Apocalypse+1","Gensokyo:ManorOfTheDishes"],"picked":"Gensokyo:TekeTeke+1","floor":22},{"not_picked":["ClowCardTheLoop+1","ClowCardTheWave+1"],"picked":"ClowCardTheBig+1","floor":23},{"not_picked":["ClowCardTheArrow+1","ClowCardTheLock","ClowCardTheLibra"],"picked":"ClowCardTheSand+1","floor":25},{"not_picked":["ClowCardTheWatery","ClowCardTheErase+1","ClowCardTheSilent"],"picked":"ClowCardTheLittle+1","floor":27},{"not_picked":["ClowCardTheGlow","ClowCardTheMist","ClowCardTheDream","ClowCardTheLibra"],"picked":"SKIP","floor":29},{"not_picked":["ClowCardTheStorm+1","ClowCardTheJump","ClowCardTheSilent+1"],"picked":"ClowCardTheFloat+1","floor":31},{"not_picked":["ClowCardTheThrough+1","ClowCardTheFight+1","ClowCardTheLight"],"picked":"ClowCardTheTwin","floor":33},{"not_picked":["ClowCardTheArrow+1","ClowCardTheMirror","ClowCardTheWave"],"picked":"ClowCardTheWindy+1","floor":35},{"not_picked":["ClowCardTheMist+1","ClowCardTheWood+1","ClowCardTheJump"],"picked":"ClowCardTheShot+1","floor":39},{"not_picked":["ClowCardTheFly+1","ClowCardTheLittle","ClowCardThePower+1"],"picked":"ClowCardTheDream+1","floor":40},{"not_picked":["ClowCardTheShadow","ClowCardTheLock","ClowCardTheGlow+1"],"picked":"ClowCardTheLight","floor":44},{"not_picked":["ClowCardTheFight+1","ClowCardTheIllusion","ClowCardTheShot+1","ClowCardTheWatery+1"],"picked":"SKIP","floor":45},{"not_picked":["ClowCardTheSilent+1","ClowCardTheErase+1","ClowCardTheSand+1","ClowCardTheShot+1"],"picked":"SKIP","floor":46},{"not_picked":["ClowCardTheIllusion","ClowCardTheShadow+1","ClowCardTheSleep"],"picked":"ClowCardTheFly+1","floor":48},{"not_picked":["ClowCardTheDark","ClowCardTheWave+1","ClowCardTheVoice"],"picked":"ClowCardTheDash","floor":54}],"player_experience":88983,"relics_obtained":[{"floor":6,"key":"KSMOD_YukitosBentoBox"},{"floor":9,"key":"Molten Egg 2"},{"floor":11,"key":"AT_MibuBalloonWealth"},{"floor":13,"key":"Bottled Tornado"},{"floor":23,"key":"Question Card"},{"floor":25,"key":"Calipers"},{"floor":25,"key":"Peace Pipe"},{"floor":29,"key":"MagicDraw2"},{"floor":33,"key":"KSMOD_Compass"},{"floor":43,"key":"GodSword5"},{"floor":45,"key":"KSMOD_RollerSkates"},{"floor":48,"key":"SSSystem"},{"floor":54,"key":"Lantern"}],"event_choices":[],"is_beta":false,"boss_relics":[{"not_picked":["REME_ChargedStone","Calling Bell"],"picked":"KSMOD_DarknessWand"},{"not_picked":["SoulBox","Cursed Key"],"picked":"KSMOD_StarWand"}],"items_purged_floors":[],"is_endless":false,"potions_floor_spawned":[3,10,11,12,14,16,27,31,44,46,48,54],"ascension_level":1}}