{"host":"y8lj6eu4rxnc2qvr","time":1613879998,"event":{"mods":["BaseMod","Minty Spire (QoL Compilation)","StSLib"],"gold_per_floor":[169,185,195,208,220,248,248,278,278,278,278,123,135,153,153,153,153],"floor_reached":16,"language":"ENG","playtime":560,"items_purged":["Strike_G"],"score":120,"play_id":"1055a80d-6b46-4a99-87a8-e8bce62a2666","local_time":"20210220225958","is_ascension_mode":true,"campfire_choices":[{"data":"Cloak And Dagger","floor":7,"key":"SMITH"},{"data":"Quick Slash","floor":11,"key":"SMITH"},{"data":"Accuracy","floor":15,"key":"SMITH"}],"circlet_count":0,"master_deck":["Strike_G","Strike_G","Strike_G","Strike_G","Defend_G","Defend_G+1","Defend_G","Defend_G","Defend_G","Survivor","Neutralize","Dagger Throw","Quick Slash+1","Cloak And Dagger+1","Dagger Spray","PiercingWail","Poisoned Stab","Corpse Explosion","Accuracy+1","Poisoned Stab"],"relics":["Tiny House","FossilizedHelix","Bottled Flame","Singing Bowl"],"acts_visited":["Exordium"],"potions_floor_usage":[4,16,16,16],"damage_taken":[{"damage":0,"enemies":"Cultist","floor":1,"turns":6},{"damage":0,"enemies":"2 Louse","floor":2,"turns":3},{"damage":2,"enemies":"Small Slimes","floor":3,"turns":4},{"damage":0,"enemies":"2 Fungi Beasts","floor":4,"turns":2},{"damage":2,"enemies":"Blue Slaver","floor":5,"turns":4},{"damage":22,"enemies":"3 Sentries","floor":6,"turns":9},{"damage":16,"enemies":"Gremlin Nob","floor":8,"turns":5},{"damage":0,"enemies":"Exordium Wildlife","floor":13,"turns":4},{"damage":12,"enemies":"Gremlin Gang","floor":14,"turns":3},{"damage":24,"enemies":"The Guardian","floor":16,"turns":7}],"seed_played":"4524143666191596308","potions_obtained":[{"floor":0,"key":"Poison Potion"},{"floor":1,"key":"Poison Potion"},{"floor":2,"key":"PowerPotion"},{"floor":4,"key":"LiquidBronze"},{"floor":10,"key":"CunningPotion"},{"floor":10,"key":"GamblersBrew"},{"floor":14,"key":"Block Potion"}],"is_trial":false,"path_per_floor":["M","M","M","M","M","E","R","E","T","?","R","$","M","M","R","B"],"character_chosen":"THE_SILENT","items_purchased":["Accuracy"],"campfire_rested":0,"item_purchase_floors":[12],"current_hp_per_floor":[75,75,73,73,71,49,49,33,33,33,33,33,35,23,23,0,0],"gold":153,"neow_bonus":"BOSS_RELIC","is_daily":false,"chose_seed":false,"campfire_upgraded":3,"win_rate":0.0,"timestamp":1613879998,"path_taken":["M","M","M","M","?","E","R","E","T","?","R","$","?","M","R","BOSS"],"items_purchased_type":["Card"],"build_version":"2020-12-22","purchased_purges":1,"victory":false,"max_hp_per_floor":[75,75,75,75,75,75,75,75,75,75,75,75,77,77,77,77,77],"card_choices":[{"not_picked":["Heel Hook","Concentrate"],"picked":"Dagger Throw","floor":0},{"not_picked":["Outmaneuver","Heel Hook"],"picked":"Quick Slash","floor":1},{"not_picked":["Dagger Spray","Expertise"],"picked":"Cloak And Dagger","floor":2},{"not_picked":["All Out Attack","Concentrate"],"picked":"Dagger Spray","floor":3},{"not_picked":["Deadly Poison","Cloak And Dagger"],"picked":"PiercingWail","floor":4},{"not_picked":["Acrobatics","Quick Slash","All Out Attack"],"picked":"SKIP","floor":5},{"not_picked":["Quick Slash","Predator"],"picked":"Poisoned Stab","floor":6},{"not_picked":["Accuracy","Dagger Throw"],"picked":"Corpse Explosion","floor":8},{"not_picked":["Heel Hook","Dagger Spray","Acrobatics"],"picked":"Singing Bowl","floor":13},{"not_picked":["Leg Sweep","Calculated Gamble"],"picked":"Poisoned Stab","floor":14}],"player_experience":58622,"relics_obtained":[{"floor":6,"key":"FossilizedHelix"},{"floor":8,"key":"Bottled Flame"},{"floor":9,"key":"Singing Bowl"}],"event_choices":[{"damage_healed":0,"gold_gain":0,"player_choice":"Got Potions","damage_taken":0,"max_hp_gain":0,"max_hp_loss":0,"event_name":"Lab","floor":10,"gold_loss":0}],"is_beta":false,"boss_relics":[],"items_purged_floors":[12],"is_endless":false,"potions_floor_spawned":[1,2,4,5,14],"killed_by":"The Guardian","ascension_level":1}}