{"host":"1lxw72ckkilnkgp7","time":1613910776,"event":{"mods":["ATMod(阿瑾Mod)","BaseMod","BetterRewards","Custom Start","Downfall","Marisa（F雨　魔理沙）","Minty Spire (QoL Compilation)","Quick Restart","Replay The Spire","Shop Mod","StSLib","The Servant 0.9.4","[IsaacMod]以撒尖塔","[功能]功能增强和修复MOD","【功能Mod】聪明的最终Boss"],"gold_per_floor":[151,161,161,236,25,50,50,16,44,70,70,101,121,152,171,741,741,541,554,554,554,604,651,732,757,553,583,483,517,569,572,587,1109,1109,1109,1140,1140,1174,1174,1001,1071,1100,1135,1160,1214,1053,1053,891,907,907,907,961,743,743,743,743],"floor_reached":55,"language":"ZHS","playtime":4013,"items_purged":["Strike_S","Strike_S","Defend_S","Defend_S","Rearm","Defend_S","Strike_S","Defend_S","KidneyShot+1","Rearm","HandOfGreedExtend"],"score":3801,"play_id":"8ec72df7-df4e-4cce-9249-9c925f21a91d","local_time":"20210221203256","daily_mods":["Heirloom","Time Dilation","Flight","DeadlyEvents","Elite Swarm"],"is_ascension_mode":true,"campfire_choices":[{"floor":11.0,"key":"REST"},{"floor":18.0,"key":"RECALL"},{"data":"Embodiment","floor":28.0,"key":"SMITH"},{"data":"Duplication","floor":47.0,"key":"SMITH"},{"data":"AT_FamilyPortrait","floor":54.0,"key":"SMITH"}],"circlet_count":0,"master_deck":["AscendersBane","Exchange","EpicFetus","AT_FamilyPortrait+1","Dilation","Solidify","Gouge+1","FlawlessForm","SurpressingFire","Hightail","Embodiment+1","KillingDoll","InstantArmor","Sunlight+1","GearUp","Duplication+1","Duplication","TheWorld","FloweringNight","SoulSculpture","SoulSculpture","LightFlow","SilverBlades","Solidify","Rearm+1","ShiftingGears","ForgedInTime","Solidify","Embodiment","MurderousAura","SoulSculpture+1","expansioncontent:QuickStudy+1","Barrier+1","Desolation+1"],"relics":["Uniform","AT_ATBox","HushsDoor","UnicornStump","champ:DuelingGlove","AT_ForceNature","AT_SeraphEmbrace","Centennial Puzzle","AT_GuinsooRageblade","DoctorsRemote","Garlic","Guardian:PocketSentry","D4","Runic Pyramid","downfall:HeartBlessingBlue","downfall:HeartBlessingGreen","EdensBlessing","Void","ReplayTheSpireMod:Ninjato","Snack Pack","Strawberry","Orrery","Potion Belt","downfall:HeartBlessingRed","OldScarf","Replay:Rubber Ducky","ClockworkSouvenir","Guardian:GemstoneGun","Blue Candle","Happy Flower","Philosopher\u0027s Stone","BookofShadows","Membership Card","AT_RedTearstoneRing","Whetstone","Replay:Ringing Soul","Molten Egg 2","Lantern","FossilizedHelix","Ice Cream","Sling","Akabeko","Toxic Egg 2","OrangePellets","sneckomod:BlankCard","Replay:Accelerometer","GuppysPaw","Guardian:BottledAnomaly"],"acts_visited":["Exordium","TheCity","TheBeyond","TheEnding"],"potions_floor_usage":[],"damage_taken":[{"damage":0.0,"enemies":"Jaw Worm","floor":2.0,"turns":4.0},{"damage":0.0,"enemies":"downfall:FleeingMerchant","floor":5.0,"turns":4.0},{"damage":13.0,"enemies":"3 Sentries","floor":6.0,"turns":4.0},{"damage":0.0,"enemies":"downfall:FleeingMerchant","floor":8.0,"turns":4.0},{"damage":0.0,"enemies":"Lagavulin","floor":9.0,"turns":7.0},{"damage":13.0,"enemies":"3 Sentries","floor":10.0,"turns":13.0},{"damage":0.0,"enemies":"Gremlin Nob","floor":12.0,"turns":5.0},{"damage":9.0,"enemies":"Small Slimes","floor":13.0,"turns":7.0},{"damage":0.0,"enemies":"Lagavulin","floor":14.0,"turns":7.0},{"damage":0.0,"enemies":"2 Louse","floor":15.0,"turns":3.0},{"damage":22.0,"enemies":"IC_STATUS_ARCHETYPE","floor":16.0,"turns":13.0},{"damage":0.0,"enemies":"3 Byrds","floor":19.0,"turns":6.0},{"damage":0.0,"enemies":"Replay:Snechameleon","floor":22.0,"turns":8.0},{"damage":0.0,"enemies":"Gremlin Leader","floor":23.0,"turns":5.0},{"damage":0.0,"enemies":"Replay:Snechameleon","floor":25.0,"turns":6.0},{"damage":0.0,"enemies":"downfall:FleeingMerchant","floor":26.0,"turns":4.0},{"damage":0.0,"enemies":"Slavers","floor":27.0,"turns":2.0},{"damage":0.0,"enemies":"Chosen","floor":29.0,"turns":3.0},{"damage":0.0,"enemies":"Book of Stabbing","floor":30.0,"turns":3.0},{"damage":0.0,"enemies":"downfall:FleeingMerchant","floor":31.0,"turns":2.0},{"damage":0.0,"enemies":"Snecko","floor":32.0,"turns":2.0},{"damage":0.0,"enemies":"SI_MIRROR_ARCHETYPE","floor":33.0,"turns":6.0},{"damage":0.0,"enemies":"3 Shapes","floor":36.0,"turns":4.0},{"damage":0.0,"enemies":"Giant Head","floor":38.0,"turns":5.0},{"damage":0.0,"enemies":"R_Hoarder","floor":42.0,"turns":5.0},{"damage":0.0,"enemies":"Orb Walker","floor":43.0,"turns":3.0},{"damage":0.0,"enemies":"Reptomancer","floor":44.0,"turns":2.0},{"damage":0.0,"enemies":"Nemesis","floor":45.0,"turns":3.0},{"damage":0.0,"enemies":"Spire Growth","floor":49.0,"turns":2.0},{"damage":0.0,"enemies":"WA_ARCHETYPE_DIVINITY","floor":50.0,"turns":7.0},{"damage":0.0,"enemies":"downfall:CharBossMerchant","floor":52.0,"turns":6.0},{"damage":0,"enemies":"downfall:NeowBoss","floor":55,"turns":1}],"seed_played":"-4784522020097159883","potions_obtained":[{"floor":2.0,"key":"Fire Potion"},{"floor":2.0,"key":"EntropicBrew"},{"floor":10.0,"key":"Regen Potion"},{"floor":13.0,"key":"Fire Potion"},{"floor":14.0,"key":"Swift Potion"},{"floor":19.0,"key":"GamblersBrew"},{"floor":29.0,"key":"Milkshake"},{"floor":30.0,"key":"PowerPotion"},{"floor":32.0,"key":"Swift Potion"}],"is_trial":true,"path_per_floor":["R","M","?","?","$","E","T","$","E","E","R","E","M","E","M","B",null,"R","M","?","?","E","E","T","E","$","E","R","M","E","$","M","B",null,"R","M","?","E","T","$","T","E","M","E","E","$","R","$","M","B",null,"E","$","R","B"],"character_chosen":"THE_SERVANT","items_purchased":["Gouge","AT_ForceNature","Hightail","HandOfGreedExtend","Strawberry","Orrery","Replay:Rubber Ducky","ClockworkSouvenir","Guardian:GemstoneGun","Membership Card","AT_RedTearstoneRing","Whetstone","Ice Cream","Sling","Akabeko","Toxic Egg 2","OrangePellets","expansioncontent:QuickStudy+1","Replay:Accelerometer","GuppysPaw","Desolation+1","Guardian:BottledAnomaly"],"campfire_rested":1,"item_purchase_floors":[5,5,8,17,26,26,31,31,31,40,40,40,46,46,46,48,48,48,53,53,53,53],"current_hp_per_floor":[54,54,54,43,43,30,30,30,30,22,40,55,46,46,46,24,50,60,60,60,60,60,60,60,60,67,67,67,67,67,67,67,71,74,75,75,75,75,75,75,75,75,75,78,78,78,78,81,84,84,84,84,87,87,87,87],"gold":743,"neow_bonus":"","is_daily":false,"chose_seed":false,"campfire_upgraded":3,"win_rate":0.0,"timestamp":1613910776,"path_taken":["R","M","?","?","?","E","T","$","E","E","R","E","M","?","M","BOSS","R","?","?","?","?","E","T","E","$","E","R","?","E","$","M","BOSS","R","M","?","?","?","$","T","E","?","E","E","$","R","$","M","BOSS","E","$","R","BOSS"],"items_purchased_type":["Card","Relic","Card","Card","Relic","Relic","Relic","Relic","Relic","Relic","Relic","Relic","Relic","Relic","Relic","Relic","Relic","Card","Relic","Relic","Card","Relic"],"build_version":"2020-12-22","purchased_purges":11,"victory":false,"max_hp_per_floor":[60,60,60,60,60,60,60,60,60,60,60,60,60,60,60,60,58,68,68,68,68,68,68,68,68,75,75,75,75,75,75,75,75,75,75,75,75,75,75,75,75,75,75,78,78,78,78,81,84,84,84,84,87,87,87,87],"card_choices":[{"not_picked":[],"picked":"EpicFetus","floor":0.0},{"not_picked":["Comet","Alleviate"],"picked":"Rearm","floor":2.0},{"not_picked":["Ricochet","Unruled"],"picked":"Dilation","floor":2.0},{"not_picked":["Barrier","TimeTheft","Unruled"],"picked":"SKIP","floor":2.0},{"not_picked":["Barrier","Spin"],"picked":"Solidify","floor":5.0},{"not_picked":["Solidify","Duplication"],"picked":"FlawlessForm","floor":6.0},{"not_picked":["Spin","Starlight"],"picked":"SurpressingFire","floor":8.0},{"not_picked":["PendulumOfEternity","SilverMatrix"],"picked":"Embodiment","floor":9.0},{"not_picked":["Deny","Embodiment"],"picked":"KillingDoll","floor":10.0},{"not_picked":["FlawlessForm","Initiator","TrueSight"],"picked":"SKIP","floor":12.0},{"not_picked":["Starlight","DoubleEdge"],"picked":"InstantArmor","floor":13.0},{"not_picked":["Spin","ShatteredReality","Unruled"],"picked":"SKIP","floor":13.0},{"not_picked":["Spin","Revamp","DoubleEdge"],"picked":"SKIP","floor":13.0},{"not_picked":["TrueSight","KillingDoll"],"picked":"Sunlight","floor":14.0},{"not_picked":["Alleviate","FastForward"],"picked":"GearUp","floor":15.0},{"not_picked":["Alleviate","BestPractice","Replace"],"picked":"SKIP","floor":15.0},{"not_picked":["Starlight","ReturningBlade","FastForward"],"picked":"SKIP","floor":15.0},{"not_picked":["TrueSight","Solidify"],"picked":"Duplication","floor":16.0},{"not_picked":["PendulumOfEternity","Dilation"],"picked":"Duplication","floor":16.0},{"not_picked":["ForgedInTime","Duplication"],"picked":"TheWorld","floor":16.0},{"not_picked":["LightFlow","Dilation"],"picked":"FloweringNight","floor":16.0},{"not_picked":["Duplication","SilverMatrix"],"picked":"SoulSculpture","floor":16.0},{"not_picked":["Alleviate","Advance"],"picked":"Rearm","floor":19.0},{"not_picked":["ShatteredReality","Alleviate","Luminosity"],"picked":"SKIP","floor":19.0},{"not_picked":["Ricochet","FastForward","Potential"],"picked":"SKIP","floor":19.0},{"not_picked":["KillingDoll","FlawlessForm"],"picked":"SoulSculpture","floor":22.0},{"not_picked":["PendulumOfEternity","KillingDoll"],"picked":"LightFlow","floor":23.0},{"not_picked":["Sunlight","FloweringNight","PendulumOfEternity"],"picked":"SKIP","floor":25.0},{"not_picked":["Defy","Rearm"],"picked":"SilverBlades","floor":26.0},{"not_picked":["DancingSilver","DoubleEdge+1"],"picked":"Solidify","floor":26.0},{"not_picked":["Alleviate","Moonlight"],"picked":"Rearm+1","floor":26.0},{"not_picked":["Rearm","Spin+1"],"picked":"ShiftingGears","floor":26.0},{"not_picked":["FlawlessForm","LightFlow"],"picked":"ForgedInTime","floor":27.0},{"not_picked":["Contraction","WasteNot","DoubleEdge"],"picked":"SKIP","floor":29.0},{"not_picked":["Gouge","BestPractice","Potential"],"picked":"SKIP","floor":29.0},{"not_picked":["TimeTheft","Snipe","DoubleEdge"],"picked":"SKIP","floor":29.0},{"not_picked":["PendulumOfEternity","SilverMatrix","Embodiment"],"picked":"SKIP","floor":30.0},{"not_picked":["TimeWarp","MoonPhase","FastForward"],"picked":"SKIP","floor":31.0},{"not_picked":["Reset","Advance","Manipulate"],"picked":"SKIP","floor":32.0},{"not_picked":["Contraction","Snipe","TimeWarp"],"picked":"SKIP","floor":32.0},{"not_picked":["Reset","ShatteredReality","DoubleEdge"],"picked":"SKIP","floor":32.0},{"not_picked":["Initiator","ForgedInTime"],"picked":"Solidify","floor":33.0},{"not_picked":["Solidify","ForgedInTime"],"picked":"Embodiment","floor":33.0},{"not_picked":["Solidify","Sunlight"],"picked":"MurderousAura","floor":33.0},{"not_picked":["Unruled+1","MoonPhase","DoubleEdge"],"picked":"SKIP","floor":36.0},{"not_picked":["MoonPhase","DoubleEdge","Starlight"],"picked":"SKIP","floor":36.0},{"not_picked":["Alleviate","Moonlight","Hightail"],"picked":"SKIP","floor":36.0},{"not_picked":["Embodiment","FlawlessForm","PendulumOfEternity"],"picked":"SKIP","floor":38.0},{"not_picked":["Initiator+1","FlawlessForm","Deny"],"picked":"SKIP","floor":42.0},{"not_picked":["Shuttle","Spin+1","TimeWarp+1"],"picked":"SKIP","floor":43.0},{"not_picked":["Alleviate","WasteNot","ShatteredReality+1"],"picked":"SKIP","floor":43.0},{"not_picked":["TimeWarp+1","DancingSilver","Shuttle+1"],"picked":"SKIP","floor":43.0},{"not_picked":["Initiator+1","Solidify"],"picked":"SoulSculpture+1","floor":44.0},{"not_picked":["PendulumOfEternity+1","Sunlight+1","FlawlessForm"],"picked":"SKIP","floor":45.0},{"not_picked":["Snipe+1","Rewind+1"],"picked":"Barrier+1","floor":49.0},{"not_picked":["TimeTheft+1","Replace+1","DoubleEdge+1"],"picked":"SKIP","floor":49.0},{"not_picked":["Read+1","MoonPhase+1","Deadline+1"],"picked":"SKIP","floor":49.0},{"not_picked":["Dilation+1","LightFlow+1","Solidify+1"],"picked":"SKIP","floor":52.0}],"player_experience":151325,"relics_obtained":[{"floor":6.0,"key":"AT_ArchangelStaff"},{"floor":9.0,"key":"Centennial Puzzle"},{"floor":10.0,"key":"AT_GuinsooRageblade"},{"floor":12.0,"key":"DoctorsRemote"},{"floor":14.0,"key":"Garlic"},{"floor":16.0,"key":"Guardian:PocketSentry"},{"floor":16.0,"key":"D4"},{"floor":22.0,"key":"EdensBlessing"},{"floor":23.0,"key":"Void"},{"floor":24.0,"key":"ReplayTheSpireMod:Ninjato"},{"floor":25.0,"key":"Snack Pack"},{"floor":27.0,"key":"Potion Belt"},{"floor":30.0,"key":"OldScarf"},{"floor":33.0,"key":"Blue Candle"},{"floor":33.0,"key":"Happy Flower"},{"floor":39.0,"key":"BookofShadows"},{"floor":41.0,"key":"Replay:Ringing Soul"},{"floor":42.0,"key":"Molten Egg 2"},{"floor":44.0,"key":"Lantern"},{"floor":45.0,"key":"FossilizedHelix"},{"floor":52.0,"key":"sneckomod:BlankCard"}],"event_choices":[{"damage_healed":0.0,"max_hp_gain":0.0,"max_hp_loss":0.0,"gold_gain":0.0,"event_name":"Scrap Ooze","player_choice":"Fled","floor":3.0,"gold_loss":0.0,"damage_taken":0.0},{"damage_healed":0.0,"max_hp_gain":0.0,"max_hp_loss":0.0,"gold_gain":75.0,"event_name":"World of Goop","player_choice":"Gather Gold","floor":4.0,"gold_loss":0.0,"damage_taken":11.0},{"cards_removed":["Strike_S"],"damage_healed":0.0,"max_hp_gain":0.0,"max_hp_loss":0.0,"gold_gain":0.0,"event_name":"Wheel of Change","player_choice":"Card Removal","floor":20.0,"gold_loss":0.0,"damage_taken":0.0},{"damage_healed":0.0,"max_hp_gain":0.0,"max_hp_loss":0.0,"gold_gain":0.0,"event_name":"Vampires","player_choice":"Ignored","floor":21.0,"gold_loss":0.0,"damage_taken":0.0}],"is_beta":false,"boss_relics":[{"not_picked":["Snecko Heart","EctoplasmExtend"],"picked":"Runic Pyramid"},{"not_picked":[]},{"not_picked":["bronze:MakeshiftBattery","SlaversCollar"],"picked":"Philosopher\u0027s Stone"},{"not_picked":[]}],"items_purged_floors":[5,5,5,5,26,26,26,31,40,40,53],"is_endless":false,"potions_floor_spawned":[2,2,6,9,9,10,10,10,13,13,14,14,15,19,22,23,23,25,29,30,32,32,32,33,36,38,38,43,44,44,49],"killed_by":"downfall:NeowBoss","ascension_level":20}}