{"host":"ilhhjx796p2x2wmd","time":1613895629,"event":{"mods":["AchievementEnabler","BaseMod","BetterRewards","Colored Map","Colored Powertips","DeckTracker","Highlight Path","Minty Spire (QoL Compilation)","Permanent Neow","Rare Cards Sparkle","Shop Mod"],"gold_per_floor":[112,124,144,47,61,95,95,95,95,105,116,128,128,128,128],"floor_reached":14,"language":"KOR","playtime":332,"items_purged":["Strike_R"],"score":132,"play_id":"f8c34621-44ec-41b8-bed3-4f8ad5e84f0a","local_time":"20210221172029","is_ascension_mode":true,"campfire_choices":[{"data":"Armaments","floor":7,"key":"SMITH"}],"circlet_count":0,"master_deck":["Strike_R","Strike_R","Strike_R","Strike_R","Defend_R","Defend_R","Defend_R","Bash","Cleave","Armaments+1","Ghostly Armor+1","Immolate+1","Pommel Strike+1","Burning Pact"],"relics":["Burning Blood","The Courier","Molten Egg 2","InkBottle"],"acts_visited":["Exordium"],"potions_floor_usage":[6,6,14],"damage_taken":[{"damage":5.0,"enemies":"2 Louse","floor":1.0,"turns":4.0},{"damage":0.0,"enemies":"Small Slimes","floor":2.0,"turns":3.0},{"damage":1.0,"enemies":"Cultist","floor":3.0,"turns":3.0},{"damage":16.0,"enemies":"Blue Slaver","floor":5.0,"turns":3.0},{"damage":47,"enemies":"Lagavulin","floor":6,"turns":7},{"damage":9,"enemies":"Red Slaver","floor":10,"turns":4},{"damage":1,"enemies":"3 Louse","floor":11,"turns":2},{"damage":0,"enemies":"Looter","floor":12,"turns":3},{"damage":56,"enemies":"Gremlin Nob","floor":14,"turns":4}],"seed_played":"-8806789788855923765","potions_obtained":[{"floor":2.0,"key":"ColorlessPotion"},{"floor":3.0,"key":"FearPotion"},{"floor":6,"key":"SpeedPotion"},{"floor":10,"key":"BloodPotion"}],"is_trial":false,"path_per_floor":["M","M","M","$","M","E","R","?","T","M","M","M","?","E"],"character_chosen":"IRONCLAD","items_purchased":["Armaments"],"campfire_rested":0,"item_purchase_floors":[4],"current_hp_per_floor":[73,79,80,80,70,29,29,13,13,10,15,21,18,0,0],"gold":128,"neow_bonus":"REMOVE_CARD","is_daily":false,"chose_seed":false,"campfire_upgraded":1,"win_rate":0.0,"timestamp":1613895629,"path_taken":["M","M","M","$","M","E","R","?","T","M","M","M","?","E"],"items_purchased_type":["Card"],"build_version":"2020-12-22","purchased_purges":1,"victory":false,"max_hp_per_floor":[80,80,80,80,80,80,80,80,80,80,80,80,80,80,80],"card_choices":[{"not_picked":["Havoc","Flame Barrier","Power Through"],"picked":"SKIP","floor":1.0},{"not_picked":["Headbutt","Dual Wield"],"picked":"Cleave","floor":2.0},{"not_picked":["Body Slam","Rampage","Sentinel"],"picked":"SKIP","floor":3.0},{"not_picked":["Intimidate","Combust"],"picked":"Ghostly Armor","floor":5.0},{"not_picked":["Evolve","Feed"],"picked":"Immolate","floor":6},{"not_picked":["Battle Trance","Dark Embrace"],"picked":"Pommel Strike+1","floor":10},{"not_picked":["Dual Wield","Cleave+1","Heavy Blade+1"],"picked":"SKIP","floor":11},{"not_picked":["Sword Boomerang+1","Havoc"],"picked":"Burning Pact","floor":12}],"player_experience":347263,"relics_obtained":[{"floor":6,"key":"The Courier"},{"floor":9,"key":"Molten Egg 2"}],"event_choices":[{"damage_healed":0,"gold_gain":0,"player_choice":"Entered Light","damage_taken":16,"max_hp_gain":0,"max_hp_loss":0,"event_name":"Shining Light","floor":8,"gold_loss":0,"cards_upgraded":["Immolate","Ghostly Armor"]},{"damage_healed":0,"gold_gain":0,"player_choice":"Success","damage_taken":3,"relics_obtained":["InkBottle"],"max_hp_gain":0,"max_hp_loss":0,"event_name":"Scrap Ooze","floor":13,"gold_loss":0}],"is_beta":false,"boss_relics":[],"items_purged_floors":[4],"is_endless":false,"potions_floor_spawned":[2,3,6,10],"killed_by":"Gremlin Nob","ascension_level":8}}