{"host":"hqxy2g3i5ker09hc","time":1613870180,"event":{"mods":["2.2 Compatiblity","AlwaysNeverKeys","Aspiration","BaseMod","Beaked The Cultist","Better Match","Better Note","Better Sensory Stone","Better Silent Start","Better Third Choice","Better-Laid Plans","CCEM2","CatGirl Mod","Chen","Conspire","Downfall","GifTheSpireLib","Glutton Mod","Gold Saver","Hubris","Ironclad Rager","Jorbs\u0027s Wanderer Trilogy","Minty Spire (QoL Compilation)","MostiFishMod","Permanent Neow","Quarter Circle Forward PUNCH!","Quick Restart","Replay The Spire","Shop Mod","Small Relic Pack","Spikes Relics","StSLib","Stuff the Spire","The Animator","The Bug Knight","The Forsaken","The Wild Card"],"gold_per_floor":[109,109,109,129,1,1,32,43,43,43,43,70,46,61,61,163,163,173,173,186,43,110,110,200,252,275,352,352,360,367,373,373,499,499,509,559,4,4,28,28,108,123,123],"floor_reached":42,"language":"ENG","playtime":3265,"items_purged":["Brutality"],"score":653,"play_id":"2561f4d9-9406-4447-b701-49c1307dcd58","local_time":"20210221021620","is_ascension_mode":false,"campfire_choices":[{"data":"Glutton:Bite","floor":6.0,"key":"SMITH"},{"data":"hubris:Counter","floor":11.0,"key":"SMITH"},{"floor":15.0,"key":"DIG"},{"data":"Glutton:Megrim","floor":23.0,"key":"SMITH"},{"floor":28.0,"key":"REST"},{"data":"Glutton:Bite","floor":32,"key":"SMITH"},{"data":"Glutton:Masochism","floor":40,"key":"SMITH"}],"circlet_count":0,"master_deck":["Glutton:Strike","Glutton:Strike","Glutton:Strike","Glutton:Defend","Glutton:Defend","Glutton:Defend","Glutton:Flail","Glutton:Bite+1","StuffTheSpire:BrimstoneBlast","Underhanded Strike","hubris:Counter+1","Glutton:Inversion","Glutton:Bite+1","Glutton:Megrim+1","Glutton:DecrepitStrike","Glutton:Thrombosis+1","Glutton:Treasure","Glutton:Bite+1","Glutton:Tumor","Glutton:Hoard","Glutton:StarvationMode","Glutton:Profligacy","Glutton:Feed","Glutton:Bite","Glutton:Rest+1","Glutton:Revivification+1","Glutton:Treat","Glutton:GuardStance+1","MostiFishMod:Galeforce+1","Glutton:Masochism+1","Glutton:Brace+1","Glutton:Treat"],"relics":["DaveBox","aspiration:Nostalgia","HollowMod:VesselMask","SynthV:TestCard","m_IronSupplements","aspiration:VileToxins","CCEMRelics:BundleOfChain","StuffTheSpire:Tea","Replay:Baseball","Black Star","Red Mask","CCEMRelics:PorcelainBowl","Toy Ornithopter","Omamori","SpikesRelics:ToyHorsey","Technique","Glutton:MuscleShirt"],"acts_visited":["Exordium","TheCity","TheBeyond"],"potions_floor_usage":[29,42],"damage_taken":[{"damage":8.0,"enemies":"Small Slimes","floor":1.0,"turns":4.0},{"damage":5.0,"enemies":"conspire:RoseBush","floor":4.0,"turns":3.0},{"damage":36.0,"enemies":"Gremlin Nob","floor":7.0,"turns":4.0},{"damage":0.0,"enemies":"Cultist","floor":8.0,"turns":3.0},{"damage":40.0,"enemies":"3 Sentries","floor":12.0,"turns":8.0},{"damage":8.0,"enemies":"conspire:2 RoseBushes","floor":14.0,"turns":4.0},{"damage":18.0,"enemies":"Slime Boss","floor":16.0,"turns":4.0},{"damage":35.0,"enemies":"Spheric Guardian","floor":18.0,"turns":4.0},{"damage":29.0,"enemies":"Shell Parasite","floor":20.0,"turns":4.0},{"damage":18.0,"enemies":"Masked Bandits","floor":22.0,"turns":3.0},{"damage":44.0,"enemies":"Shelled Parasite and Fungi","floor":24.0,"turns":5.0},{"damage":50.0,"enemies":"Slavers","floor":25.0,"turns":6.0},{"damage":28.0,"enemies":"conspire:HollyBat","floor":27.0,"turns":8.0},{"damage":41,"enemies":"Centurion and Healer","floor":29,"turns":5},{"damage":34,"enemies":"Snecko","floor":30,"turns":5},{"damage":24,"enemies":"3 Cultists","floor":31,"turns":5},{"damage":131,"enemies":"Pondfish","floor":33,"turns":10},{"damage":0,"enemies":"3 Shapes","floor":35,"turns":5},{"damage":49,"enemies":"3 Darklings","floor":36,"turns":6},{"damage":63,"enemies":"4 Shapes","floor":41,"turns":9},{"damage":152,"enemies":"beaked:SuperParasite","floor":42,"turns":10}],"seed_played":"8487394666436204839","potions_obtained":[{"floor":4.0,"key":"Reflective Coating"},{"floor":8.0,"key":"AttackPotion"},{"floor":12.0,"key":"Death Potion"},{"floor":22.0,"key":"Death Potion"},{"floor":24.0,"key":"FearPotion"},{"floor":31,"key":"Ancient Potion"},{"floor":33,"key":"Reflective Coating"}],"is_trial":false,"path_per_floor":["M","?","?","M","$","R","E","M","T","?","R","E","$","M","R","B",null,"M","?","M","$","?","R","M","E","T","M","R","M","M","M","R","B",null,"M","M","$","?","?","R","M","E"],"character_chosen":"GLUTTON","items_purchased":["Glutton:Bite","Glutton:Thrombosis","Glutton:Tumor","Glutton:Hoard","MostiFishMod:Galeforce","SpikesRelics:ToyHorsey","Technique"],"campfire_rested":1,"item_purchase_floors":[5,13,21,21,37,37,37],"current_hp_per_floor":[112,112,112,115,115,115,90,101,101,101,101,82,82,95,95,104,120,106,106,100,100,102,102,80,61,61,64,100,86,81,87,87,40,123,123,126,126,126,126,126,85,0,0],"gold":123,"neow_bonus":"NOSTALGIA","is_daily":false,"chose_seed":false,"campfire_upgraded":5,"win_rate":0.0,"timestamp":1613870180,"path_taken":["M","?","?","?","$","R","E","M","T","?","R","E","?","M","R","BOSS","M","?","M","$","?","R","?","E","T","M","R","M","M","M","R","BOSS","M","M","$","?","?","R","M","E"],"items_purchased_type":["Card","Card","Card","Card","Card","Relic","Relic"],"build_version":"2020-12-22","purchased_purges":1,"victory":false,"max_hp_per_floor":[120,120,120,120,120,120,120,120,120,120,120,120,120,120,120,120,120,120,120,120,120,120,120,120,120,120,120,120,123,123,123,123,123,123,123,126,126,126,126,126,129,129,129],"card_choices":[{"not_picked":["Glutton:LashOut","Glutton:Scab"],"picked":"Glutton:Bite","floor":1.0},{"not_picked":["Glutton:Yearn","Defy Death","Glutton:Borborygmi","Glutton:Scab"],"picked":"Glutton:Inversion","floor":4.0},{"not_picked":["Glutton:Salivate","Glutton:ShedFat","Burning Pact","True Grit"],"picked":"Glutton:Megrim","floor":7.0},{"not_picked":["Abandon","Glutton:PainMeditation","Glutton:ToxicResidue","Glutton:Slam","Glutton:Rest"],"picked":"SKIP","floor":8.0},{"not_picked":["Glutton:Salivate","Glutton:Scab","Glutton:Overreach","Abandon"],"picked":"Glutton:DecrepitStrike","floor":12.0},{"not_picked":["Glutton:ShareWeakness","Glutton:LashOut","Glutton:Devour","Glutton:PainMeditation","Glutton:Demolish"],"picked":"SKIP","floor":14.0},{"not_picked":["Fiend Fire","Corruption","Glutton:EatAlive","Glutton:Megrim"],"picked":"Glutton:Treasure","floor":16.0},{"not_picked":["Glutton:Demolish","Glutton:Scab+1","Glutton:SelfFlagellate","Glutton:GnawingHunger"],"picked":"Glutton:Bite","floor":18.0},{"not_picked":["Glutton:Salivate","Glutton:Rest+1","Glutton:DecrepitStrike+1","Glutton:Regurgitate","Glutton:Tantrum"],"picked":"SKIP","floor":20.0},{"not_picked":["Glutton:Scab","Glutton:Devour+1","Glutton:Yearn","Glutton:GnawingHunger"],"picked":"Glutton:StarvationMode","floor":22.0},{"not_picked":["Glutton:Yearn","Glutton:Misery+1","Glutton:Borborygmi","Glutton:Dispepsia"],"picked":"Glutton:Profligacy","floor":24.0},{"not_picked":["Glutton:Nostalgia","Glutton:BloodyKnuckle+1","Glutton:Scab","Glutton:Brace"],"picked":"Glutton:Feed","floor":25.0},{"not_picked":["Glutton:Chomp","Glutton:Demolish","Glutton:Tantrum+1","Glutton:KneeJerk"],"picked":"Glutton:Bite","floor":27.0},{"not_picked":["Glutton:LashOut+1","True Grit","Glutton:Hoard","Glutton:Demolish+1"],"picked":"Glutton:Rest+1","floor":29},{"not_picked":["Glutton:ShedFat","Glutton:Bite","Glutton:Devour","Glutton:DecrepitStrike+1"],"picked":"Glutton:Revivification+1","floor":30},{"not_picked":["Glutton:Mug+1","Glutton:Migraine","Glutton:PainMeditation","Glutton:Yearn"],"picked":"Glutton:Treat","floor":31},{"not_picked":["Glutton:Treat","Glutton:BellySlam+1","Glutton:Bite","Glutton:SelfFlagellate+1"],"picked":"Glutton:GuardStance+1","floor":35},{"not_picked":["Glutton:Rapacity","Glutton:KneeJerk","Glutton:Demolish+1","Glutton:Devour+1","Glutton:Mug"],"picked":"SKIP","floor":36},{"not_picked":["Glutton:Bite+1","Glutton:DistilledAgony+1","Glutton:SelfFlagellate+1","Glutton:Slam+1"],"picked":"Glutton:Brace+1","floor":39},{"not_picked":["Glutton:Brace","Glutton:Mug","Glutton:Tantrum+1","Glutton:Thrombosis+1"],"picked":"Glutton:Treat","floor":41}],"player_experience":731513,"relics_obtained":[{"floor":1.0,"key":"SynthV:TestCard"},{"floor":7.0,"key":"aspiration:VileToxins"},{"floor":9.0,"key":"CCEMRelics:BundleOfChain"},{"floor":12.0,"key":"StuffTheSpire:Tea"},{"floor":15.0,"key":"Replay:Baseball"},{"floor":22.0,"key":"Red Mask"},{"floor":25.0,"key":"CCEMRelics:PorcelainBowl"},{"floor":25.0,"key":"Toy Ornithopter"},{"floor":26.0,"key":"Omamori"},{"floor":39,"key":"Glutton:MuscleShirt"}],"event_choices":[{"damage_healed":0.0,"max_hp_gain":0.0,"max_hp_loss":0.0,"gold_gain":0.0,"event_name":"Upgrade Shrine","player_choice":"Upgraded","floor":10.0,"gold_loss":0.0,"damage_taken":0.0,"cards_upgraded":["Glutton:Bite"]},{"damage_healed":0.0,"max_hp_gain":0.0,"max_hp_loss":0.0,"gold_gain":0.0,"event_name":"betterNote:BetterNote","player_choice":"Ignored","floor":19.0,"gold_loss":0.0,"damage_taken":0.0,"cards_obtained":["Defend_G"]},{"damage_healed":0.0,"max_hp_gain":0.0,"max_hp_loss":0.0,"gold_gain":0.0,"event_name":"Masked Bandits","player_choice":"Fought Bandits","floor":22.0,"gold_loss":0.0,"damage_taken":0.0}],"is_beta":false,"boss_relics":[{"not_picked":["Honey Jar","StuffTheSpire:Kangaroo"],"picked":"Black Star"},{"not_picked":["CCEMRelics:ExpiredCReal","CCEMRelics:DefectiveTurbocharger","qcfpunch:Dark_Gi"]}],"items_purged_floors":[5],"is_endless":false,"potions_floor_spawned":[4,8,12,22,24,31,33],"killed_by":"beaked:SuperParasite","ascension_level":0}}