{"host":"c6m2gd7h1328eiwi","time":1613918187,"event":{"mods":["Act Like it!","Aspiration","BaseMod","Better Skull","BetterRewards","Challenge The Spire","Colored Map","Conspire","Downfall","Elementarium","Energized Spire","GifTheSpireLib","Halation","Hubris","Infinite Spire","Mimic Mod","Minty Spire (QoL Compilation)","Potionbrewer","Quick Restart","Reliquary","Replay The Spire","Ruina","Spikes Relics","Spires And Sneckos","StSLib","The Jungle","Wandering Minibosses"],"gold_per_floor":[109,124,137,154,184,216,216,231,231,231,242,256,256,256,256,375,375,398,462,468,468],"floor_reached":20,"language":"ENG","playtime":1444,"items_purged":[],"score":178,"play_id":"1a34dbdd-212b-4df5-a8ea-76f17aa21362","local_time":"20210221073627","is_ascension_mode":false,"campfire_choices":[{"data":"Invigoration","floor":7,"key":"SMITH"},{"data":"SpiresAndSneckos:Offense","floor":13,"key":"SMITH"},{"data":"Run Through","floor":15,"key":"SMITH"}],"circlet_count":0,"master_deck":["Strike_R","Strike_R","Strike_R","Strike_R","Strike_R","Defend_R","Defend_R","Defend_R","Defend_R","Bash","SpiresAndSneckos:Offense+1","Run Through+1","Twin Strike","Invigoration+1","Flex","Run Through","Burning Pact","Replay:Undeath\u0027s Touch","Fire Breathing","Pommel Strike","Hemogenesis","Thunderclap","Twin Strike+1"],"relics":["Burning Blood","reliquary:WeakTea","Orichalcum","infinitespire:Midas Blood","HornCleat","Philosopher\u0027s Stone"],"acts_visited":["Exordium","TheCity"],"potions_floor_usage":[5,16,16,20,20],"damage_taken":[{"damage":9,"enemies":"Cultist","floor":1,"turns":4},{"damage":0,"enemies":"Small Slimes","floor":2,"turns":3},{"damage":12,"enemies":"2 Louse","floor":3,"turns":2},{"damage":9,"enemies":"Exordium Wildlife","floor":4,"turns":4},{"damage":9,"enemies":"conspire:MimicChest","floor":5,"turns":5},{"damage":30,"enemies":"3 Sentries","floor":6,"turns":8},{"damage":7,"enemies":"Red Slaver","floor":8,"turns":2},{"damage":0,"enemies":"2 Fungi Beasts","floor":11,"turns":3},{"damage":1,"enemies":"Gremlin Gang","floor":12,"turns":5},{"damage":53,"enemies":"The Guardian","floor":16,"turns":10},{"damage":9,"enemies":"Shell Parasite","floor":18,"turns":3},{"damage":61,"enemies":"3 Byrds","floor":19,"turns":5},{"damage":26,"enemies":"Centurion and Healer","floor":20,"turns":4}],"seed_played":"8121299578392331688","potions_obtained":[{"floor":3,"key":"Elixir"},{"floor":4,"key":"Block Potion"},{"floor":5,"key":"EssenceOfSteel"},{"floor":6,"key":"potionbrewer:ToxicPotion"},{"floor":19,"key":"potionbrewer:BarricadePotion"}],"is_trial":false,"path_per_floor":["M","M","M","M","?","E","R","M","T","T","M","M","R","?","R","B",null,"M","M","M"],"character_chosen":"IRONCLAD","items_purchased":[],"campfire_rested":0,"item_purchase_floors":[],"current_hp_per_floor":[77,80,74,71,68,44,44,43,43,43,49,54,54,54,54,7,80,77,22,0,0],"gold":468,"neow_bonus":"ADVENTURE","is_daily":false,"chose_seed":false,"campfire_upgraded":3,"win_rate":0.0,"timestamp":1613918187,"path_taken":["M","M","?","M","?","E","R","M","T","?","?","M","R","?","R","BOSS","M","?","M"],"items_purchased_type":[],"build_version":"2020-12-22","purchased_purges":0,"victory":false,"max_hp_per_floor":[80,80,80,80,80,80,80,80,80,80,80,80,80,80,80,80,80,80,80,80,80],"card_choices":[{"not_picked":["Shrug It Off","Clothesline"],"picked":"Run Through","floor":1},{"not_picked":["Pommel Strike","infinitespire:OneForAll"],"picked":"Twin Strike","floor":2},{"not_picked":["Shrug It Off","Flame Barrier"],"picked":"Invigoration","floor":3},{"not_picked":["Armaments","Headbutt"],"picked":"Flex","floor":4},{"not_picked":["Headbutt","Warcry"],"picked":"Run Through","floor":5},{"not_picked":["Life Link","Sword Boomerang"],"picked":"Burning Pact","floor":6},{"not_picked":["Second Wind","conspire:ExplosiveBarrier"],"picked":"Replay:Undeath\u0027s Touch","floor":8},{"not_picked":["hubris:ReadiedAction","Corruption"],"picked":"Fire Breathing","floor":11},{"not_picked":["Armaments","infinitespire:OneForAll"],"picked":"Pommel Strike","floor":12},{"not_picked":["conspire:Purge","Bludgeon"],"picked":"Hemogenesis","floor":16},{"not_picked":["Body Slam","ReplayTheSpireMod:Strike From Hell"],"picked":"Thunderclap","floor":18},{"not_picked":["Iron Wave","Body Slam"],"picked":"Twin Strike+1","floor":19}],"player_experience":0,"relics_obtained":[{"floor":5,"key":"reliquary:WeakTea"},{"floor":6,"key":"Orichalcum"},{"floor":9,"key":"infinitespire:Midas Blood"},{"floor":10,"key":"HornCleat"}],"event_choices":[{"cards_removed":["SpiresAndSneckos:Defense"],"damage_healed":0,"gold_gain":0,"player_choice":"Offered Basic","damage_taken":0,"max_hp_gain":0,"max_hp_loss":0,"event_name":"Bonfire Elementals","floor":14,"gold_loss":0}],"is_beta":false,"boss_relics":[{"not_picked":["Painkiller Herb","energizedSpire:HugeHouse"],"picked":"Philosopher\u0027s Stone"}],"items_purged_floors":[],"is_endless":false,"potions_floor_spawned":[3,4,5,6,12,19],"killed_by":"Centurion and Healer","ascension_level":0}}