{"host":"2se5dq1do2gp0x9k","time":1613895260,"event":{"mods":["AchievementEnabler","BaseMod","Block Reminder","Colored Map","Colored Powertips","Minty Spire (QoL Compilation)","Relic Stats","StSLib","SuperFastMode"],"gold_per_floor":[115,215,229,242,167,202,202,202,202,202,202,220,261,286,286,375,375,390,143,143,9,9,9,42,37,337,381,381,381],"floor_reached":28,"language":"ENG","playtime":909,"items_purged":["Strike_G"],"score":578,"play_id":"667fbc2b-b12c-408e-be5d-b4c459f8b4fe","local_time":"20210221001420","is_ascension_mode":true,"campfire_choices":[{"data":"Neutralize","floor":8.0,"key":"SMITH"},{"data":"Crippling Poison","floor":10.0,"key":"SMITH"},{"floor":15.0,"key":"REST"},{"data":"Footwork","floor":23.0,"key":"SMITH"}],"circlet_count":0,"master_deck":["AscendersBane","Strike_G","Strike_G","Strike_G","Strike_G","Defend_G","Defend_G","Defend_G","Defend_G","Defend_G","Survivor","Neutralize+1","Crippling Poison+1","Poisoned Stab","Heel Hook","Heel Hook","Dodge and Roll","Sucker Punch","Night Terror","Dodge and Roll","Footwork","Footwork+1","Deadly Poison+1","Leg Sweep","Heel Hook","Blade Dance"],"relics":["Ring of the Snake","NeowsBlessing","FossilizedHelix","Golden Idol","Bottled Lightning","Ancient Tea Set","Philosopher\u0027s Stone","OrangePellets","Matryoshka","Potion Belt","Old Coin","Ornamental Fan"],"acts_visited":["Exordium","TheCity"],"potions_floor_usage":[24,24,27],"damage_taken":[{"damage":0.0,"enemies":"Jaw Worm","floor":1.0,"turns":1.0},{"damage":0.0,"enemies":"Cultist","floor":3.0,"turns":1.0},{"damage":0.0,"enemies":"Small Slimes","floor":4.0,"turns":1.0},{"damage":35.0,"enemies":"3 Sentries","floor":6.0,"turns":12.0},{"damage":0.0,"enemies":"Looter","floor":12.0,"turns":3.0},{"damage":0.0,"enemies":"Gremlin Nob","floor":13.0,"turns":3.0},{"damage":5.0,"enemies":"Exordium Thugs","floor":14.0,"turns":5.0},{"damage":18.0,"enemies":"The Guardian","floor":16.0,"turns":11.0},{"damage":39.0,"enemies":"Spheric Guardian","floor":18.0,"turns":8.0},{"damage":5,"enemies":"Book of Stabbing","floor":24,"turns":5},{"damage":9,"enemies":"2 Thieves","floor":25,"turns":4},{"damage":18,"enemies":"Slavers","floor":27,"turns":4},{"damage":17,"enemies":"Snecko","floor":28,"turns":9}],"seed_played":"6950354326315953076","potions_obtained":[{"floor":6.0,"key":"Block Potion"},{"floor":11.0,"key":"Fruit Juice"},{"floor":11.0,"key":"LiquidBronze"},{"floor":14.0,"key":"Regen Potion"},{"floor":16.0,"key":"Strength Potion"},{"floor":25,"key":"DuplicationPotion"}],"is_trial":false,"path_per_floor":["M","?","M","M","$","E","?","R","T","R","?","M","E","M","R","B",null,"M","$","?","$","?","R","E","M","T","E","M"],"character_chosen":"THE_SILENT","items_purchased":["Footwork","OrangePellets","Footwork","Deadly Poison"],"campfire_rested":1,"item_purchase_floors":[19,19,21,21],"current_hp_per_floor":[59,59,59,59,59,24,24,24,24,24,29,29,29,24,43,25,55,16,16,29,29,29,29,39,30,30,12,0,0],"gold":381,"neow_bonus":"THREE_ENEMY_KILL","is_daily":false,"chose_seed":false,"campfire_upgraded":3,"win_rate":0.0,"timestamp":1613895260,"path_taken":["M","?","M","?","$","E","?","R","T","R","?","M","E","M","R","BOSS","M","$","?","$","?","R","E","M","T","E","?"],"items_purchased_type":["Card","Relic","Card","Card"],"build_version":"2020-12-22","purchased_purges":1,"victory":false,"max_hp_per_floor":[66,66,66,66,66,66,60,60,60,60,65,65,65,65,65,65,65,65,65,65,65,65,65,65,65,65,65,65,65],"relic_stats":{"OrangePellets":[0],"counters":[13,67],"Golden Idol":57,"Ornamental Fan":[8],"obtain_stats":[{"Potion Belt":26,"OrangePellets":19,"Matryoshka":24,"NeowsBlessing":0,"Golden Idol":7,"Ornamental Fan":27,"Philosopher\u0027s Stone":17,"Bottled Lightning":9,"Ancient Tea Set":13,"FossilizedHelix":6,"Ring of the Snake":0,"Old Coin":26},{"Potion Belt":11,"OrangePellets":9,"Matryoshka":10,"NeowsBlessing":0,"Golden Idol":4,"Ornamental Fan":12,"Philosopher\u0027s Stone":8,"Bottled Lightning":4,"Ancient Tea Set":6,"FossilizedHelix":4,"Ring of the Snake":0,"Old Coin":11},{"Potion Belt":54,"OrangePellets":45,"Matryoshka":50,"NeowsBlessing":0,"Golden Idol":15,"Ornamental Fan":58,"Philosopher\u0027s Stone":37,"Bottled Lightning":15,"Ancient Tea Set":21,"FossilizedHelix":15,"Ring of the Snake":0,"Old Coin":54}],"Ring of the Snake":[26]},"card_choices":[{"not_picked":["Deflect","Dodge and Roll"],"picked":"Crippling Poison","floor":1.0},{"not_picked":["Backflip","Blade Dance"],"picked":"Poisoned Stab","floor":3.0},{"not_picked":["Reflex","Flying Knee"],"picked":"Heel Hook","floor":4.0},{"not_picked":["Doppelganger","Setup"],"picked":"Heel Hook","floor":6.0},{"not_picked":["Outmaneuver","Quick Slash","Riddle With Holes"],"picked":"SKIP","floor":12.0},{"not_picked":["Outmaneuver","Terror"],"picked":"Dodge and Roll","floor":13.0},{"not_picked":["Flechettes","Doppelganger"],"picked":"Sucker Punch","floor":14.0},{"not_picked":["Die Die Die","Burst"],"picked":"Night Terror","floor":16.0},{"not_picked":["Calculated Gamble","Deflect"],"picked":"Dodge and Roll","floor":18.0},{"not_picked":["Reflex","Blade Dance"],"picked":"Leg Sweep","floor":24},{"not_picked":["Caltrops","Setup"],"picked":"Heel Hook","floor":25},{"not_picked":["Calculated Gamble","Dagger Spray"],"picked":"Blade Dance","floor":27}],"player_experience":4096235,"relics_obtained":[{"floor":6.0,"key":"FossilizedHelix"},{"floor":9.0,"key":"Bottled Lightning"},{"floor":13.0,"key":"Ancient Tea Set"},{"floor":24,"key":"Matryoshka"},{"floor":26,"key":"Potion Belt"},{"floor":26,"key":"Old Coin"},{"floor":27,"key":"Ornamental Fan"}],"event_choices":[{"damage_healed":0.0,"max_hp_gain":0.0,"max_hp_loss":0.0,"gold_gain":100.0,"event_name":"Wheel of Change","player_choice":"Gold","floor":2.0,"gold_loss":0.0,"damage_taken":0.0},{"damage_healed":0.0,"max_hp_gain":0.0,"max_hp_loss":6.0,"gold_gain":0.0,"event_name":"Golden Idol","player_choice":"Lose Max HP","floor":7.0,"gold_loss":0.0,"damage_taken":0.0,"relics_obtained":["Golden Idol"]},{"damage_healed":0.0,"max_hp_gain":0.0,"max_hp_loss":0.0,"gold_gain":0.0,"event_name":"Lab","player_choice":"Got Potions","floor":11.0,"gold_loss":0.0,"damage_taken":0.0},{"damage_healed":13.0,"max_hp_gain":0.0,"max_hp_loss":0.0,"gold_gain":0.0,"event_name":"The Library","player_choice":"Heal","floor":20.0,"gold_loss":0.0,"damage_taken":0.0},{"damage_healed":0.0,"max_hp_gain":0.0,"max_hp_loss":0.0,"gold_gain":0.0,"event_name":"Upgrade Shrine","player_choice":"Upgraded","floor":22.0,"gold_loss":0.0,"damage_taken":0.0,"cards_upgraded":["Deadly Poison"]}],"is_beta":false,"boss_relics":[{"not_picked":["Pandora\u0027s Box","Ring of the Serpent"],"picked":"Philosopher\u0027s Stone"}],"items_purged_floors":[5],"is_endless":false,"potions_floor_spawned":[6,12,13,14,16,25],"killed_by":"Snecko","ascension_level":20}}