{"host":"f9ntswufr8mq3t4y","time":1613934135,"event":{"mods":["AchievementEnabler","BaseMod","Best Route Mod","Block Reminder","Colored Map","Colored Powertips","Curses Come First","DeckTracker","Displayed Cursed Tome","Highlight Path","Minty Spire (QoL Compilation)","Permanent Neow","Quick Restart","Slay-I","StSLib"],"gold_per_floor":[110,110,122,138,151,151,162,190,190,190,204,220,246,68,68,163,163,181,106,106,25,35,35,49,49,49,79,79,98,127,145,145,240,240,255,265,285,295,295,295,625,625,672,672,682,6,6,6],"floor_reached":47,"language":"ENG","playtime":3120,"items_purged":["Pain"],"score":668,"play_id":"be3dc947-6a0e-4adf-85bd-139ee468f9d1","local_time":"20210221220215","is_ascension_mode":true,"campfire_choices":[{"data":"Vigilance","floor":6.0,"key":"SMITH"},{"data":"ClearTheMind","floor":10.0,"key":"SMITH"},{"floor":15.0,"key":"REST"},{"floor":23,"key":"REST"},{"floor":25,"key":"REST"},{"floor":32,"key":"REST"},{"floor":40,"key":"REST"},{"floor":44,"key":"REST"}],"circlet_count":0,"master_deck":["Strike_P","Strike_P","Eruption+1","Vigilance+1","MentalFortress","EmptyBody","CarveReality","ClearTheMind+1","WindmillStrike","Prostrate+1","EmptyBody+1","Conclude","Apotheosis+1","EmptyFist","Ragnarok","Halt+1","Ragnarok","Consecrate","Vengeance+1","WreathOfFlame+1","FearNoEvil","Vengeance+1","MentalFortress","DeusExMachina+1","ClearTheMind+1","Scrawl+1","Conclude+1","FearNoEvil+1","Good Instincts+1","Meditate+1"],"relics":["PureWater","Meat on the Bone","Toxic Egg 2","Dream Catcher","Empty Cage","StrikeDummy","Incense Burner","Yang","SacredBark","Old Coin","WarpedTongs","Oddly Smooth Stone","Bottled Lightning","StoneCalendar"],"acts_visited":["Exordium","TheCity","TheBeyond"],"potions_floor_usage":[27,30,33,33,33,33],"damage_taken":[{"damage":1.0,"enemies":"2 Louse","floor":1.0,"turns":3.0},{"damage":0.0,"enemies":"Cultist","floor":3.0,"turns":2.0},{"damage":1.0,"enemies":"Jaw Worm","floor":4.0,"turns":4.0},{"damage":1.0,"enemies":"Blue Slaver","floor":5.0,"turns":2.0},{"damage":0.0,"enemies":"Large Slime","floor":7.0,"turns":2.0},{"damage":14.0,"enemies":"Lagavulin","floor":8.0,"turns":6.0},{"damage":0.0,"enemies":"Exordium Thugs","floor":11.0,"turns":3.0},{"damage":1.0,"enemies":"Blue Slaver","floor":12.0,"turns":5.0},{"damage":8.0,"enemies":"3 Sentries","floor":13.0,"turns":12.0},{"damage":22.0,"enemies":"Hexaghost","floor":16.0,"turns":10.0},{"damage":14,"enemies":"Shell Parasite","floor":18,"turns":6},{"damage":18,"enemies":"3 Byrds","floor":22,"turns":5},{"damage":40,"enemies":"Snake Plant","floor":24,"turns":4},{"damage":0,"enemies":"Gremlin Leader","floor":27,"turns":3},{"damage":6,"enemies":"3 Cultists","floor":29,"turns":4},{"damage":23,"enemies":"Slavers","floor":30,"turns":3},{"damage":23,"enemies":"Shelled Parasite and Fungi","floor":31,"turns":4},{"damage":51,"enemies":"Collector","floor":33,"turns":6},{"damage":16,"enemies":"Orb Walker","floor":35,"turns":4},{"damage":17,"enemies":"3 Shapes","floor":36,"turns":3},{"damage":31,"enemies":"Jaw Worm Horde","floor":37,"turns":4},{"damage":1,"enemies":"3 Darklings","floor":38,"turns":3},{"damage":26,"enemies":"Reptomancer","floor":41,"turns":4},{"damage":29,"enemies":"Transient","floor":45,"turns":5},{"damage":52,"enemies":"Nemesis","floor":47,"turns":5}],"seed_played":"7112976928545129217","potions_obtained":[{"floor":5.0,"key":"Block Potion"},{"floor":7.0,"key":"Fruit Juice"},{"floor":11.0,"key":"SneckoOil"},{"floor":13.0,"key":"Energy Potion"},{"floor":27,"key":"EntropicBrew"},{"floor":30,"key":"SteroidPotion"},{"floor":31,"key":"Energy Potion"},{"floor":35,"key":"Energy Potion"}],"is_trial":false,"path_per_floor":["M","?","M","M","M","R","M","E","T","R","M","M","E","$","R","B",null,"M","?","?","$","M","R","M","R","T","E","?","M","E","M","R","B",null,"M","M","M","M","?","R","E","?","T","R","M","$","E"],"character_chosen":"WATCHER","items_purchased":["Apotheosis+1","Vengeance+1","Bottled Lightning","PowerPotion","StoneCalendar"],"campfire_rested":6,"item_purchase_floors":[14,21,46,46,46],"current_hp_per_floor":[71,71,71,70,69,69,69,55,55,55,55,54,51,51,74,52,71,57,57,57,57,39,62,34,57,57,57,57,51,40,29,52,13,61,45,40,21,32,32,55,41,41,41,64,47,47,0,0],"gold":6,"neow_bonus":"TRANSFORM_TWO_CARDS","is_daily":false,"chose_seed":false,"campfire_upgraded":2,"win_rate":0.0,"timestamp":1613934135,"path_taken":["M","?","M","M","M","R","M","E","T","R","M","?","E","$","R","BOSS","M","?","?","$","M","R","M","R","T","E","?","M","E","?","R","BOSS","M","M","M","M","?","R","E","?","T","R","M","$","E"],"items_purchased_type":["Card","Card","Relic","Potion","Relic"],"build_version":"2020-12-22","purchased_purges":1,"victory":false,"max_hp_per_floor":[72,72,72,72,72,72,72,72,72,72,72,72,77,77,77,77,77,77,77,77,77,77,77,77,77,77,77,77,77,77,77,77,77,77,77,77,77,77,77,77,77,77,77,77,77,77,77,77],"card_choices":[{"not_picked":["Crescendo","SashWhip"],"picked":"CarveReality","floor":1.0},{"not_picked":["SignatureMove","ClearTheMind","Prostrate"],"picked":"SKIP","floor":3.0},{"not_picked":["ThirdEye","SashWhip","PathToVictory"],"picked":"SKIP","floor":4.0},{"not_picked":["Prostrate","Study"],"picked":"ClearTheMind","floor":5.0},{"not_picked":["JustLucky","Prostrate","Crescendo"],"picked":"SKIP","floor":7.0},{"not_picked":["Fasting2","Halt"],"picked":"WindmillStrike","floor":8.0},{"not_picked":["Judgement+1","ReachHeaven"],"picked":"Prostrate+1","floor":11.0},{"not_picked":["CrushJoints","FlurryOfBlows"],"picked":"EmptyBody+1","floor":12.0},{"not_picked":["BowlingBash","ThirdEye+1"],"picked":"Conclude","floor":13.0},{"not_picked":["BattleHymn","Consecrate"],"picked":"EmptyFist","floor":15.0},{"not_picked":["MasterReality","Brilliance"],"picked":"Ragnarok","floor":16.0},{"not_picked":["JustLucky","ForeignInfluence+1"],"picked":"Halt+1","floor":18},{"not_picked":["CutThroughFate+1","Indignation+1"],"picked":"WreathOfFlame+1","floor":22},{"not_picked":["Wireheading","Halt+1"],"picked":"FearNoEvil","floor":23},{"not_picked":["Consecrate+1","CrushJoints+1","FlurryOfBlows"],"picked":"SKIP","floor":24},{"not_picked":["Tantrum","Halt+1"],"picked":"Vengeance+1","floor":25},{"not_picked":["Devotion","ThirdEye+1"],"picked":"MentalFortress","floor":27},{"not_picked":["EmptyFist","ReachHeaven","LikeWater"],"picked":"SKIP","floor":29},{"not_picked":["SpiritShield+1","Meditate+1"],"picked":"DeusExMachina+1","floor":30},{"not_picked":["Halt+1","ReachHeaven","Tantrum"],"picked":"SKIP","floor":31},{"not_picked":["CutThroughFate","JustLucky+1"],"picked":"ClearTheMind+1","floor":32},{"not_picked":["DevaForm","Judgement+1"],"picked":"Scrawl+1","floor":33},{"not_picked":["ThirdEye+1","Consecrate+1","Indignation+1"],"picked":"SKIP","floor":35},{"not_picked":["Fasting2","ForeignInfluence+1"],"picked":"Conclude+1","floor":36},{"not_picked":["MentalFortress+1","CutThroughFate"],"picked":"FearNoEvil+1","floor":37},{"not_picked":["PathToVictory+1","EmptyBody+1","CarveReality"],"picked":"SKIP","floor":38},{"not_picked":["Enlightenment+1","HandOfGreed"],"picked":"Good Instincts+1","floor":39},{"not_picked":["Vengeance+1","Prostrate+1","ClearTheMind+1"],"picked":"SKIP","floor":41},{"not_picked":["SashWhip","Vengeance+1"],"picked":"Meditate+1","floor":44},{"not_picked":["ClearTheMind+1","Crescendo+1","Prostrate+1"],"picked":"SKIP","floor":45}],"player_experience":459035,"relics_obtained":[{"floor":8.0,"key":"Meat on the Bone"},{"floor":9.0,"key":"Toxic Egg 2"},{"floor":13.0,"key":"Dream Catcher"},{"floor":26,"key":"StrikeDummy"},{"floor":27,"key":"Incense Burner"},{"floor":30,"key":"Yang"},{"floor":41,"key":"Old Coin"},{"floor":43,"key":"Oddly Smooth Stone"}],"event_choices":[{"damage_healed":0.0,"max_hp_gain":0.0,"max_hp_loss":0.0,"gold_gain":0.0,"event_name":"Upgrade Shrine","player_choice":"Upgraded","floor":2.0,"gold_loss":0.0,"damage_taken":0.0,"cards_upgraded":["Eruption"]},{"cards_removed":["Defend_P"],"damage_healed":0,"gold_gain":0,"player_choice":"Gave Gold","damage_taken":0,"max_hp_gain":0,"max_hp_loss":0,"event_name":"Beggar","floor":19,"gold_loss":75},{"damage_healed":0,"gold_gain":0,"cards_transformed":["Strike_P","Defend_P"],"player_choice":"Became Test Subject","damage_taken":0,"max_hp_gain":0,"max_hp_loss":0,"event_name":"Drug Dealer","floor":20,"gold_loss":0,"cards_obtained":["Ragnarok","Consecrate"]},{"damage_healed":0,"gold_gain":0,"player_choice":"Ignored","damage_taken":0,"max_hp_gain":0,"max_hp_loss":0,"event_name":"Vampires","floor":28,"gold_loss":0},{"damage_healed":0,"gold_gain":0,"player_choice":"Memory 1","damage_taken":0,"max_hp_gain":0,"max_hp_loss":0,"event_name":"SensoryStone","floor":39,"gold_loss":0},{"damage_healed":0,"gold_gain":0,"player_choice":"Rummage","damage_taken":0,"relics_obtained":["WarpedTongs"],"max_hp_gain":0,"max_hp_loss":0,"event_name":"Accursed Blacksmith","floor":42,"gold_loss":0,"cards_obtained":["Pain"]}],"is_beta":false,"boss_relics":[{"not_picked":["Cursed Key","Snecko Eye"],"picked":"Empty Cage"},{"not_picked":["Runic Pyramid","Coffee Dripper"],"picked":"SacredBark"}],"items_purged_floors":[46],"is_endless":false,"potions_floor_spawned":[5,7,11,13,18,27,30,31,35,41,45],"killed_by":"Nemesis","ascension_level":5}}