{"host":"tf5skwcwe0vlu2md","time":1613908988,"event":{"mods":["BaseMod","Downfall","Highlight Path","Minty Spire (QoL Compilation)","Quick Restart","StSLib","The Hierophant"],"gold_per_floor":[117,42,42,42,56,56,87,87,138,167,180,195,195,195],"floor_reached":13,"playtime":292,"items_purged":["Defend_B"],"score":107,"play_id":"a0709286-0867-4c87-a0c4-4f01cdc218c6","local_time":"20210221230308","is_ascension_mode":true,"campfire_choices":[{"data":"Leap","floor":6,"key":"SMITH"},{"data":"Rainbow","floor":8,"key":"SMITH"}],"circlet_count":0,"master_deck":["Strike_B","Strike_B","Strike_B","Strike_B","Defend_B","Defend_B","Zap","Dualcast","Ball Lightning","Sweeping Beam","Leap+1","Rainbow+1","Ball Lightning","Defragment","Chaos"],"relics":["Cracked Core","Dream Catcher","Smiling Mask","Oddly Smooth Stone"],"acts_visited":["Exordium"],"potions_floor_usage":[],"damage_taken":[{"damage":1,"enemies":"Cultist","floor":1,"turns":3},{"damage":7,"enemies":"Jaw Worm","floor":5,"turns":2},{"damage":30,"enemies":"3 Sentries","floor":7,"turns":6},{"damage":29,"enemies":"Gremlin Nob","floor":10,"turns":4},{"damage":0,"enemies":"2 Louse","floor":11,"turns":2},{"damage":9,"enemies":"Looter","floor":12,"turns":3},{"damage":7,"enemies":"3 Sentries","floor":13,"turns":2}],"seed_played":"-3309185167177437820","potions_obtained":[{"floor":12,"key":"FearPotion"}],"is_trial":false,"path_per_floor":["M","$","$","?","M","R","E","R","T","E","M","M","E"],"character_chosen":"DEFECT","items_purchased":[],"campfire_rested":0,"item_purchase_floors":[],"current_hp_per_floor":[81,81,81,81,74,74,44,44,44,15,15,6,0,0],"gold":195,"neow_bonus":"TEN_PERCENT_HP_BONUS","is_daily":false,"chose_seed":false,"campfire_upgraded":2,"win_rate":0.0,"timestamp":1613908988,"path_taken":["M","?","$","?","M","R","E","R","T","E","M","?","E"],"items_purchased_type":[],"build_version":"2020-12-13","purchased_purges":1,"victory":false,"max_hp_per_floor":[82,82,82,82,82,82,82,82,82,82,82,82,82,82],"card_choices":[{"not_picked":["Hologram","Reinforced Body"],"picked":"Ball Lightning","floor":1},{"not_picked":["Turbo","Gash"],"picked":"Leap","floor":5},{"not_picked":["Steam Power","Turbo"],"picked":"Rainbow","floor":7},{"not_picked":["Tempest","Compile Driver"],"picked":"Ball Lightning","floor":10},{"not_picked":["Fusion","Stack"],"picked":"Defragment","floor":11},{"not_picked":["Force Field","Cold Snap"],"picked":"Chaos","floor":12}],"player_experience":307055,"relics_obtained":[{"floor":7,"key":"Dream Catcher"},{"floor":9,"key":"Smiling Mask"},{"floor":10,"key":"Oddly Smooth Stone"}],"event_choices":[{"damage_healed":0,"gold_gain":0,"cards_transformed":["Defend_B"],"player_choice":"Transformed","damage_taken":0,"max_hp_gain":0,"max_hp_loss":0,"event_name":"Transmorgrifier","floor":4,"gold_loss":0,"cards_obtained":["Sweeping Beam"]}],"is_beta":false,"boss_relics":[],"items_purged_floors":[2],"is_endless":false,"potions_floor_spawned":[12],"killed_by":"3 Sentries","ascension_level":3}}