{"host":"40jzjik7hyc9heun","time":1613923767,"event":{"mods":["BaseMod","Colored Powertips","Downfall","Minty Spire (QoL Compilation)","StSLib"],"gold_per_floor":[99,112,129,149,249,58,112,112,112,125,125,18,18,53,80,191,191,191,217,245,353,353,364,387,398,398,83,124,140,140,163,180,284,284,284,298,318,186,186,206,206,206,225,225,443,443,458,458,486,486,486,486],"floor_reached":50,"language":"ENG","playtime":4634,"items_purged":["hexamod:Strike","hexamod:Strike","hexamod:Defend","hexamod:Defend"],"score":491,"play_id":"5b8a0d04-fd8a-4b0f-99a8-b412402f8523","local_time":"20210221110927","is_ascension_mode":false,"campfire_choices":[{"data":"hexamod:Float","floor":1.0,"key":"SMITH"},{"data":"hexamod:EtherealExpedition","floor":8.0,"key":"SMITH"},{"data":"hexamod:CatchUp","floor":13.0,"key":"SMITH"},{"data":"hexamod:ForkedFlame","floor":18,"key":"SMITH"},{"floor":26,"key":"REST"},{"floor":30,"key":"REST"},{"floor":35,"key":"DIG"},{"floor":42,"key":"REST"},{"floor":44,"key":"DIG"}],"circlet_count":0,"master_deck":["hexamod:Strike+1","hexamod:Strike+1","hexamod:Defend+1","hexamod:Defend+1","hexamod:Sear+1","hexamod:Float+1","hexamod:CatchUp+1","hexamod:EtherealExpedition+1","hexamod:ThirdSeal","hexamod:SearingWound+1","hexamod:BurningTouch","hexamod:SecondSeal","hexamod:ThermalTransfer+1","hexamod:FastForward+1","hexamod:ForkedFlame+1","hexamod:FirstSeal","hexamod:ThermalTransfer+1","hexamod:SixthSeal","hexamod:FastForward","hexamod:SearingWound+1","hexamod:GhostShield+1","hexamod:GhostShield+1","hexamod:ChargedBarrage+1","hexamod:SpectersWail+1","hexamod:HexaLevel","hexamod:SoulSteal","hexamod:GhostOfSpirePresent+1","hexamod:SpectralAdrenaline+1","hexamod:VolcanoVisage+1","hexamod:FourthSeal","hexamod:EmpoweredFlame","hexamod:HeatShield+1","hexamod:ExtraCrispy+1"],"relics":["hexamod:SpiritBrand","Ancient Tea Set","hexamod:MatchstickCase","Blue Candle","Tiny Chest","Black Star","Shovel","Sundial","MealTicket","Nunchaku","Medical Kit","Vajra","Art of War","PreservedInsect","Sozu","Centennial Puzzle","Bottled Flame","Darkstone Periapt","Shuriken"],"acts_visited":["TheCity","TheBeyond"],"potions_floor_usage":[25,25,25,32,32],"damage_taken":[{"damage":0.0,"enemies":"Small Slimes","floor":2.0,"turns":3.0},{"damage":0.0,"enemies":"Cultist","floor":3.0,"turns":3.0},{"damage":0.0,"enemies":"Jaw Worm","floor":4.0,"turns":4.0},{"damage":5.0,"enemies":"downfall:FleeingMerchant","floor":6.0,"turns":4.0},{"damage":5.0,"enemies":"Exordium Thugs","floor":10.0,"turns":4.0},{"damage":5.0,"enemies":"downfall:FleeingMerchant","floor":12.0,"turns":4.0},{"damage":14.0,"enemies":"Gremlin Nob","floor":14.0,"turns":4.0},{"damage":6.0,"enemies":"3 Louse","floor":15.0,"turns":3.0},{"damage":14.0,"enemies":"SI_SHIV_ARCHETYPE","floor":16.0,"turns":6.0},{"damage":13,"enemies":"Chosen","floor":19,"turns":6},{"damage":36,"enemies":"downfall:LooterAlt2","floor":20,"turns":6},{"damage":28,"enemies":"DF_ARCHETYPE_STREAMLINE","floor":21,"turns":8},{"damage":10,"enemies":"Cultist and Chosen","floor":23,"turns":5},{"damage":11,"enemies":"Snake Plant","floor":25,"turns":3},{"damage":0,"enemies":"downfall:FleeingMerchant","floor":27,"turns":4},{"damage":21,"enemies":"Gremlin Leader","floor":28,"turns":8},{"damage":21,"enemies":"3 Cultists","floor":29,"turns":5},{"damage":4,"enemies":"Centurion and Healer","floor":31,"turns":3},{"damage":6,"enemies":"Snecko","floor":32,"turns":6},{"damage":35,"enemies":"WA_ARCHETYPE_CALM","floor":33,"turns":8},{"damage":20,"enemies":"3 Darklings","floor":36,"turns":3},{"damage":0,"enemies":"3 Shapes","floor":37,"turns":4},{"damage":0,"enemies":"downfall:FleeingMerchant","floor":38,"turns":4},{"damage":50,"enemies":"Transient","floor":40,"turns":5},{"damage":6,"enemies":"Sphere and 2 Shapes","floor":43,"turns":5},{"damage":0,"enemies":"downfall:FleeingMerchant","floor":45,"turns":3},{"damage":1,"enemies":"Writhing Mass","floor":47,"turns":4},{"damage":33,"enemies":"Transient","floor":49,"turns":5},{"damage":41,"enemies":"DF_ARCHETYPE_ORBS","floor":50,"turns":2}],"seed_played":"-5718693710059679883","potions_obtained":[{"floor":3.0,"key":"BlessingOfTheForge"},{"floor":4.0,"key":"PowerPotion"},{"floor":15.0,"key":"sneckomod:MuddlingPotion"},{"floor":21,"key":"DuplicationPotion"},{"floor":23,"key":"Fire Potion"},{"floor":25,"key":"EssenceOfSteel"},{"floor":31,"key":"DuplicationPotion"},{"floor":32,"key":"Weak Potion"},{"floor":33,"key":"SpeedPotion"}],"is_trial":false,"path_per_floor":["R","M","M","M","?","$","T","R","?","M","?","$","R","E","M","B",null,"R","M","M","?","?","M","T","M","R","$","E","M","R","M","M","B",null,"R","M","M","$","?","M","T","R","M","R","$","T","M","?","M","B"],"character_chosen":"THE_SPIRIT","items_purchased":["FairyPotion","Medical Kit","Vajra"],"campfire_rested":3,"item_purchase_floors":[6,27,27],"current_hp_per_floor":[70,70,70,70,70,65,65,65,65,60,55,50,50,36,37,30,70,70,64,28,21,21,18,18,14,35,57,36,22,43,46,47,12,70,70,57,64,70,70,20,20,41,42,42,57,57,63,63,37,0,0,0],"gold":486,"neow_bonus":"RANDOM_COMMON_RELIC","is_daily":false,"chose_seed":false,"campfire_upgraded":4,"win_rate":0.0,"timestamp":1613923767,"path_taken":["R","M","M","M","?","?","T","R","?","?","?","$","R","E","M","BOSS","BOSS","R","M","M","?","?","M","T","M","R","$","E","M","R","M","M","BOSS","R","M","M","$","?","M","T","R","M","R","$","?","M","?","M","BOSS"],"items_purchased_type":["Potion","Relic","Relic"],"build_version":"2020-12-22","purchased_purges":4,"victory":false,"max_hp_per_floor":[70,70,70,70,70,70,70,70,70,70,70,70,70,70,70,70,70,70,70,70,70,70,70,70,70,70,70,70,70,70,70,70,70,70,70,70,70,70,70,70,70,70,70,70,70,70,70,70,70,70,70,70],"card_choices":[{"not_picked":["hexamod:NightmareGuise","hexamod:GhostLash"],"picked":"hexamod:CatchUp","floor":2.0},{"not_picked":["hexamod:RetreatToShadows","hexamod:AdvancingGuard"],"picked":"hexamod:EtherealExpedition","floor":3.0},{"not_picked":["hexamod:HeatMetal","hexamod:AdvancingGuard"],"picked":"hexamod:ThirdSeal","floor":4.0},{"not_picked":["hexamod:HauntingEcho","hexamod:HeatCrush"],"picked":"hexamod:SearingWound","floor":6.0},{"not_picked":["hexamod:AdvancingGuard","hexamod:HauntingEcho"],"picked":"hexamod:BurningTouch","floor":6.0},{"not_picked":["hexamod:GhostLash","hexamod:SkipABeat"],"picked":"hexamod:SecondSeal","floor":10.0},{"not_picked":["hexamod:AdvancingGuard","hexamod:SecondSeal"],"picked":"hexamod:ThermalTransfer","floor":10.0},{"not_picked":["hexamod:RetreatToShadows","hexamod:AdvancingGuard"],"picked":"hexamod:FastForward","floor":12.0},{"not_picked":["hexamod:AdvancingGuard","hexamod:HeatCrush","hexamod:GhostShield"],"picked":"SKIP","floor":12.0},{"not_picked":["hexamod:NightmareGuise","hexamod:ExtraCrispy"],"picked":"hexamod:ForkedFlame","floor":14.0},{"not_picked":["hexamod:NightmareStrike","hexamod:SoulSteal"],"picked":"hexamod:FirstSeal","floor":14.0},{"not_picked":["hexamod:SpectralAdrenaline","hexamod:GhostShield"],"picked":"hexamod:ThermalTransfer","floor":15.0},{"not_picked":["hexamod:Again","hexamod:AdvancingGuard","hexamod:Hexaguard"],"picked":"SKIP","floor":15.0},{"not_picked":["hexamod:TurnItUp","hexamod:UnleashSpirits"],"picked":"hexamod:SixthSeal","floor":16},{"not_picked":["hexamod:SwordOfDarkness","hexamod:Rewind","hexamod:GhostLash"],"picked":"SKIP","floor":19},{"not_picked":["hexamod:RetreatToShadows","hexamod:AdvancingGuard","hexamod:BacktrackSmack"],"picked":"SKIP","floor":19},{"not_picked":["hexamod:BurningTouch","hexamod:CatchUp"],"picked":"hexamod:FastForward","floor":20},{"not_picked":["hexamod:ThermalTransfer","hexamod:HeatMetal","hexamod:HauntingEcho"],"picked":"SKIP","floor":20},{"not_picked":["hexamod:NightmareGuise","hexamod:BacktrackSmack"],"picked":"hexamod:Hexaguard","floor":21},{"not_picked":["hexamod:SkipABeat","hexamod:Firestarter"],"picked":"hexamod:SearingWound","floor":23},{"not_picked":["hexamod:BurningTouch","hexamod:NightmareStrike"],"picked":"hexamod:GhostShield+1","floor":23},{"not_picked":["hexamod:ThirdSeal","hexamod:ShieldOfDarkness"],"picked":"hexamod:GhostShield+1","floor":25},{"not_picked":["hexamod:NightmareStrike","hexamod:Incineration","hexamod:HeatMetal+1"],"picked":"SKIP","floor":25},{"not_picked":["hexamod:UnlimitedPower","hexamod:Haunt+1"],"picked":"hexamod:ChargedBarrage","floor":27},{"not_picked":["hexamod:GhostShield","hexamod:NightmareGuise"],"picked":"hexamod:SpectersWail+1","floor":27},{"not_picked":["hexamod:SixthSeal","hexamod:AdvancingGuard"],"picked":"hexamod:HexaLevel","floor":28},{"not_picked":["hexamod:Firestarter","hexamod:InspiringFlames","hexamod:Hexaguard"],"picked":"SKIP","floor":28},{"not_picked":["hexamod:GhostShield","hexamod:FastForward","hexamod:BurningTouch"],"picked":"SKIP","floor":29},{"not_picked":["hexamod:InspiringFlames","hexamod:Firestarter","hexamod:NightmareStrike"],"picked":"SKIP","floor":29},{"not_picked":["hexamod:CatchUp","hexamod:PhantomCloak","hexamod:GhostLash"],"picked":"SKIP","floor":31},{"not_picked":["hexamod:BacktrackSmack","hexamod:NecessarySacrifice+1"],"picked":"hexamod:SoulSteal","floor":32},{"not_picked":["hexamod:Hexaguard","hexamod:HeatMetal","hexamod:ThermalTransfer"],"picked":"SKIP","floor":32},{"not_picked":["hexamod:UnleashSpirits","hexamod:TimeWarp"],"picked":"hexamod:GhostOfSpirePresent","floor":33},{"not_picked":["hexamod:Rewind+1","hexamod:GhostShield"],"picked":"hexamod:SpectralAdrenaline+1","floor":36},{"not_picked":["hexamod:GhostflameBarrier","hexamod:BurningTouch+1","hexamod:GhostLash+1"],"picked":"SKIP","floor":36},{"not_picked":["hexamod:GhostflameBarrier+1","hexamod:HauntingEcho","hexamod:GhostShield"],"picked":"SKIP","floor":37},{"not_picked":["hexamod:EtherealExpedition+1","hexamod:Hexaguard+1"],"picked":"hexamod:VolcanoVisage","floor":38},{"not_picked":["hexamod:ThermalTransfer+1","hexamod:SpectersWail","hexamod:InspiringFlames"],"picked":"SKIP","floor":38},{"not_picked":["hexamod:GhostShield","hexamod:InspiringFlames+1"],"picked":"hexamod:FourthSeal","floor":40},{"not_picked":["hexamod:Haunt","hexamod:BacktrackSmack+1"],"picked":"hexamod:EmpoweredFlame","floor":40},{"not_picked":["hexamod:BurningTouch+1","hexamod:FirstSeal"],"picked":"hexamod:HeatShield+1","floor":43},{"not_picked":["hexamod:NightmareGuise+1","hexamod:Firestarter+1","hexamod:SwordOfDarkness"],"picked":"SKIP","floor":43},{"not_picked":["hexamod:SpectersWail+1","hexamod:SwordOfDarkness","hexamod:ShieldOfDarkness+1"],"picked":"SKIP","floor":45},{"not_picked":["hexamod:FourthSeal","hexamod:SpectersWail+1","hexamod:EmpoweredFlame+1"],"picked":"SKIP","floor":45},{"not_picked":["hexamod:RadiantFlame","hexamod:ThermalTransfer"],"picked":"hexamod:ExtraCrispy+1","floor":47},{"not_picked":["hexamod:StepThrough","hexamod:GhostflameBarrier","hexamod:NecessarySacrifice+1"],"picked":"SKIP","floor":47},{"not_picked":["hexamod:SpectersWail","hexamod:DynamicBlow+1","hexamod:SkipABeat+1"],"picked":"SKIP","floor":49},{"not_picked":["hexamod:GhostflameInferno","hexamod:Hexaguard","hexamod:FastForward+1"],"picked":"SKIP","floor":49}],"player_experience":132591,"relics_obtained":[{"floor":7.0,"key":"hexamod:MatchstickCase"},{"floor":14.0,"key":"Tiny Chest"},{"floor":21,"key":"Shovel"},{"floor":21,"key":"Sundial"},{"floor":22,"key":"MealTicket"},{"floor":24,"key":"Nunchaku"},{"floor":28,"key":"Art of War"},{"floor":28,"key":"PreservedInsect"},{"floor":35,"key":"Centennial Puzzle"},{"floor":41,"key":"Bottled Flame"},{"floor":44,"key":"Darkstone Periapt"},{"floor":46,"key":"Shuriken"}],"event_choices":[{"damage_healed":0,"gold_gain":0,"player_choice":"Relic","damage_taken":0,"max_hp_gain":0,"max_hp_loss":0,"event_name":"Wheel of Change","floor":22,"gold_loss":0},{"damage_healed":0,"gold_gain":0,"player_choice":"Ignored","damage_taken":0,"max_hp_gain":0,"max_hp_loss":0,"event_name":"NoteForYourself","floor":39,"gold_loss":0}],"is_beta":false,"boss_relics":[{"not_picked":["Tiny House","Cursed Key"],"picked":"Black Star"},{"not_picked":["Coffee Dripper","Astrolabe"],"picked":"Sozu"}],"items_purged_floors":[6,12,38,45],"is_endless":false,"potions_floor_spawned":[3,4,15,21,23,25,31,32,33,37,40,47],"killed_by":"DF_ARCHETYPE_ORBS","ascension_level":0}}