{"host":"956g3854xvs16zht","time":1613873193,"event":{"mods":["2.2 Compatiblity","AlwaysNeverKeys","Aspiration","BaseMod","BetterRewards","Card Forge","Colored Map","Colored Powertips","Custom Start","DeckTracker","Displayed Cursed Tome","Energized Spire","Evolution","Friendly Minions","Infinite Spire","Minty Spire (QoL Compilation)","Permanent Neow","Relic Filter","Relic Sorter","Shop Mod","Spicy Shops","StSLib","TheHero"],"gold_per_floor":[119,135,135,135,152,186,107,134,134,165,182,214,311,271,271,375,375,391,41,56,72,29,29,60,60,60,60,60,60],"floor_reached":28,"language":"ENG","playtime":1666,"items_purged":["Injury","animeID:Muscular"],"score":330,"play_id":"9ea50b1a-60f4-47bb-bab4-c4ca396aaeb1","local_time":"20210220210633","is_ascension_mode":true,"campfire_choices":[{"floor":15,"key":"REST"},{"data":"animeID:Momo","floor":15,"key":"SMITH"},{"data":"animeID:Deku","floor":23,"key":"SMITH"},{"floor":25,"key":"REST"}],"circlet_count":0,"master_deck":["animeID:Deku+1","animeID:Bakugo+1","animeID:Mezo+1","animeID:Smash+1","animeID:Smash+1","animeID:Smash+1","animeID:DefendMH+1","animeID:DefendMH+1","animeID:DefendMH+1","animeID:DefendMH+1","animeID:DetroitDelaware+1","infinitespire:UltimateForm+1","animeID:FullCowl+1","animeID:DetroitSmash+1","animeID:DelawareSmash+1","animeID:Endeavor","animeID:Momo+1","animeID:Mezo+1","animeID:Mina+1","animeID:AllMight","animeID:DelawareSmash+1","animeID:Bakugo+1","animeID:DetroitSmash+1","animeID:Momo","animeID:Deku+1","animeID:Uraraka"],"relics":["animeID:HeroCostume","Anvil of the Gods","Hammer of Thor","Seething Fire","EVO:Axolotl","Smiling Mask","Molten Egg 2","MerchantsRug","Thread and Needle","aspiration:PoetsPen","infinitespire:Golems Mask","Lee\u0027s Waffle","aspiration:HiddenCompartment","Eternal Feather"],"acts_visited":["Exordium","TheCity"],"potions_floor_usage":[],"damage_taken":[{"damage":0,"enemies":"Jaw Worm","floor":1,"turns":1},{"damage":0,"enemies":"Small Slimes","floor":2,"turns":3},{"damage":0,"enemies":"Cultist","floor":5,"turns":3},{"damage":10,"enemies":"Lagavulin","floor":6,"turns":5},{"damage":27,"enemies":"3 Sentries","floor":8,"turns":5},{"damage":0,"enemies":"Lagavulin","floor":10,"turns":5},{"damage":0,"enemies":"3 Louse","floor":11,"turns":1},{"damage":0,"enemies":"Gremlin Nob","floor":12,"turns":3},{"damage":4,"enemies":"Slime Boss","floor":16,"turns":6},{"damage":32,"enemies":"2 Thieves","floor":18,"turns":3},{"damage":0,"enemies":"Spheric Guardian","floor":20,"turns":2},{"damage":43,"enemies":"Snake Plant","floor":21,"turns":3},{"damage":85,"enemies":"Book of Stabbing","floor":24,"turns":5},{"damage":22,"enemies":"Nightmare","floor":28,"turns":3}],"seed_played":"1162109314538517964","potions_obtained":[{"floor":1,"key":"Dexterity Potion"},{"floor":6,"key":"infinitespire:BlackPotion"},{"floor":10,"key":"Swift Potion"},{"floor":11,"key":"EssenceOfSteel"},{"floor":12,"key":"Block Potion"},{"floor":14,"key":"DuplicationPotion"},{"floor":14,"key":"SpeedPotion"},{"floor":14,"key":"DuplicationPotion"},{"floor":21,"key":"DuplicationPotion"}],"is_trial":false,"path_per_floor":["M","M","?","?","M","E","$","E","T","E","M","E","$","?","R","B",null,"M","$","M","M","$","R","E","R","T","?","NM"],"character_chosen":"THE_HERO","items_purchased":["MerchantsRug","animeID:Mina+1","infinitespire:Golems Mask","animeID:Bakugo+1","animeID:DetroitSmash+1","animeID:Momo","Lee\u0027s Waffle"],"campfire_rested":2,"item_purchase_floors":[7,13,19,19,19,19,22],"current_hp_per_floor":[75,75,75,60,60,54,54,29,29,31,33,35,35,35,57,55,75,43,43,45,6,82,82,1,25,25,16,0,0],"gold":60,"neow_bonus":"RANDOM_COMMON_RELIC","is_daily":false,"chose_seed":false,"campfire_upgraded":2,"win_rate":0.0,"timestamp":1613873193,"path_taken":["M","M","?","?","M","E","?","E","T","E","M","E","$","?","R","BOSS","M","?","M","M","$","R","E","R","T","?","NM"],"items_purchased_type":["Relic","Card","Relic","Card","Card","Card","Relic"],"build_version":"2020-12-22","purchased_purges":2,"victory":false,"max_hp_per_floor":[75,75,75,75,75,75,75,75,75,75,75,75,75,75,75,75,75,75,75,75,75,82,82,82,82,82,82,82,82],"card_choices":[{"not_picked":["animeID:GentleCriminal","animeID:Mezo"],"picked":"animeID:DetroitDelaware","floor":1},{"not_picked":["animeID:Tomura","animeID:Iida"],"picked":"animeID:FullCowl","floor":2},{"not_picked":["animeID:Tsuyu","animeID:Dabi"],"picked":"animeID:Muscular","floor":5},{"not_picked":["animeID:Tsuyu","animeID:Iida"],"picked":"animeID:DetroitSmash+1","floor":6},{"not_picked":["animeID:Bakugo+1","animeID:Mineta"],"picked":"animeID:DelawareSmash+1","floor":8},{"not_picked":["animeID:DetroitDelaware+1","animeID:Mineta"],"picked":"animeID:Endeavor","floor":10},{"not_picked":["animeID:Crystallize","animeID:ToruHagakure"],"picked":"animeID:Momo","floor":11},{"not_picked":["animeID:Himiko","animeID:GentleCriminal"],"picked":"animeID:Mezo+1","floor":12},{"not_picked":["animeID:USA_Smash+1","animeID:Hawks"],"picked":"animeID:AllMight","floor":16},{"not_picked":["animeID:Tamaki","animeID:Ojiro+1"],"picked":"animeID:DelawareSmash+1","floor":18},{"not_picked":["animeID:Himiko","animeID:Tomura+1"],"picked":"animeID:Deku","floor":20},{"not_picked":["animeID:Tsuyu","animeID:Kaminari","animeID:Tomura+1"],"picked":"SKIP","floor":21},{"not_picked":["animeID:Aoyama+1","animeID:Kaminari"],"picked":"animeID:Uraraka","floor":24}],"player_experience":46630,"relics_obtained":[{"floor":6,"key":"Bottled Flame"},{"floor":8,"key":"infinitespire:Magic Flask"},{"floor":9,"key":"Thread and Needle"},{"floor":10,"key":"Sundial"},{"floor":12,"key":"aspiration:FrozenJewel"},{"floor":24,"key":"aspiration:HiddenCompartment"},{"floor":26,"key":"Eternal Feather"}],"event_choices":[{"damage_healed":0,"gold_gain":0,"player_choice":"Entered Light","damage_taken":15,"max_hp_gain":0,"max_hp_loss":0,"event_name":"Shining Light","floor":4,"gold_loss":0,"cards_upgraded":["animeID:FullCowl"]},{"damage_healed":0,"gold_gain":0,"player_choice":"Bought 3 Potions","damage_taken":0,"max_hp_gain":0,"max_hp_loss":0,"event_name":"The Woman in Blue","floor":14,"gold_loss":0},{"damage_healed":0,"gold_gain":0,"player_choice":"Stopped","damage_taken":9,"max_hp_gain":0,"max_hp_loss":0,"event_name":"Cursed Tome","floor":27,"gold_loss":0}],"is_beta":false,"boss_relics":[{"not_picked":["energizedSpire:SpiderWeb","Runic Pyramid"],"picked":"aspiration:PoetsPen"}],"items_purged_floors":[7,22],"is_endless":false,"potions_floor_spawned":[1,6,10,11,12,21],"killed_by":"Nightmare","ascension_level":1}}