{"host":"mo4d2vii2wc3uyp7","time":1613899308,"event":{"mods":["AchievementEnabler","BaseMod","Colored Map","Highlight Path","Keyboard Shortcuts","Minty Spire (QoL Compilation)","Permanent Neow","Quick Restart","Shop Mod","StSLib","SuperFastMode","everything is the same but u backflip on backflip"],"gold_per_floor":[112,125,125,141,153,153,169,180,180,180,210,210,225,253,253,348,348,364,289,301,0,34,68,68,97,151,165,190,210,220,76,76,180,180,192,414,414,432,450,470,470,20,47,79,124,136,165,194,206,218],"floor_reached":51,"language":"KOR","playtime":2413,"items_purged":["Defend_B"],"score":1003,"play_id":"f447f954-be2e-4816-907d-7c0c19238c48","local_time":"20210221182148","is_ascension_mode":true,"campfire_choices":[{"data":"Dualcast","floor":6.0,"key":"SMITH"},{"data":"Zap","floor":10.0,"key":"SMITH"},{"data":"Defragment","floor":12.0,"key":"SMITH"},{"floor":15.0,"key":"REST"},{"data":"Self Repair","floor":24.0,"key":"SMITH"},{"floor":32,"key":"REST"},{"data":"Echo Form","floor":41,"key":"SMITH"},{"floor":46,"key":"REST"},{"floor":49,"key":"REST"}],"circlet_count":0,"master_deck":["Strike_B","Strike_B","Strike_B","Defend_B","Defend_B","Defend_B","Zap+1","Dualcast+1","Chill","Go for the Eyes","Compile Driver","Defragment+1","Sweeping Beam","Auto Shields","Static Discharge","Rebound","Self Repair+1","Double Energy","Conserve Battery","Doom and Gloom+1","Cold Snap+1","Fusion","Stack","Redo+1","Coolheaded","Echo Form+1","Barrage+1","Skim+1","Ball Lightning","Capacitor","Loop+1","Force Field","Rainbow"],"relics":["Cracked Core","Strawberry","Ancient Tea Set","Peace Pipe","Emotion Chip","Symbiotic Virus","Nuclear Battery","Vajra","Bronze Scales","Red Mask","Bag of Marbles","Cables","Centennial Puzzle","Toy Ornithopter","Orichalcum","Mercury Hourglass","MawBank","Pen Nib"],"acts_visited":["Exordium","TheCity","TheBeyond"],"potions_floor_usage":[27,33,33,40,44,45,45,50],"damage_taken":[{"damage":0.0,"enemies":"Small Slimes","floor":1.0,"turns":2.0},{"damage":0.0,"enemies":"Jaw Worm","floor":2.0,"turns":4.0},{"damage":0.0,"enemies":"Cultist","floor":4.0,"turns":3.0},{"damage":5.0,"enemies":"Exordium Wildlife","floor":5.0,"turns":4.0},{"damage":10.0,"enemies":"Exordium Thugs","floor":7.0,"turns":3.0},{"damage":10.0,"enemies":"Red Slaver","floor":8.0,"turns":3.0},{"damage":22.0,"enemies":"Gremlin Nob","floor":11.0,"turns":5.0},{"damage":2.0,"enemies":"3 Louse","floor":13.0,"turns":2.0},{"damage":8.0,"enemies":"3 Sentries","floor":14.0,"turns":5.0},{"damage":14.0,"enemies":"Slime Boss","floor":16.0,"turns":8.0},{"damage":6.0,"enemies":"Spheric Guardian","floor":18.0,"turns":3.0},{"damage":17.0,"enemies":"2 Thieves","floor":20.0,"turns":3.0},{"damage":26.0,"enemies":"Masked Bandits","floor":22.0,"turns":3.0},{"damage":11.0,"enemies":"Book of Stabbing","floor":23.0,"turns":4.0},{"damage":20.0,"enemies":"Gremlin Leader","floor":25.0,"turns":5.0},{"damage":5,"enemies":"Snake Plant","floor":27,"turns":2},{"damage":0,"enemies":"Book of Stabbing","floor":28,"turns":5},{"damage":8,"enemies":"Shelled Parasite and Fungi","floor":29,"turns":2},{"damage":11,"enemies":"Snecko","floor":30,"turns":4},{"damage":50,"enemies":"Automaton","floor":33,"turns":7},{"damage":30,"enemies":"3 Darklings","floor":35,"turns":3},{"damage":3,"enemies":"Orb Walker","floor":38,"turns":3},{"damage":29,"enemies":"4 Shapes","floor":39,"turns":11},{"damage":16,"enemies":"Writhing Mass","floor":40,"turns":3},{"damage":36,"enemies":"Spire Growth","floor":44,"turns":3},{"damage":26,"enemies":"Nemesis","floor":45,"turns":5},{"damage":6,"enemies":"3 Darklings","floor":47,"turns":4},{"damage":0,"enemies":"4 Shapes","floor":48,"turns":7},{"damage":6,"enemies":"Donu and Deca","floor":50,"turns":7}],"seed_played":"-764600914919200295","potions_obtained":[{"floor":1.0,"key":"Explosive Potion"},{"floor":2.0,"key":"SmokeBomb"},{"floor":4.0,"key":"Ancient Potion"},{"floor":5.0,"key":"Regen Potion"},{"floor":11.0,"key":"Weak Potion"},{"floor":20.0,"key":"BlessingOfTheForge"},{"floor":23.0,"key":"BlessingOfTheForge"},{"floor":25.0,"key":"SneckoOil"},{"floor":28,"key":"PowerPotion"},{"floor":29,"key":"SkillPotion"},{"floor":35,"key":"FocusPotion"},{"floor":40,"key":"BlessingOfTheForge"},{"floor":44,"key":"EssenceOfSteel"},{"floor":48,"key":"SpeedPotion"}],"is_trial":false,"path_per_floor":["M","M","?","M","M","R","M","M","T","R","E","R","M","E","R","B",null,"M","?","M","$","?","E","R","E","T","M","E","M","M","$","R","B",null,"M","?","?","M","M","M","R","$","T","M","E","R","M","M","R","B",null],"character_chosen":"DEFECT","items_purchased":["Vajra","Bronze Scales","Orichalcum","Mercury Hourglass","Capacitor","ColorlessPotion"],"campfire_rested":4,"item_purchase_floors":[21,21,31,42,42,42],"current_hp_per_floor":[82,82,64,64,59,59,49,39,39,39,31,31,29,21,45,38,82,82,82,65,65,46,42,42,32,32,27,37,39,38,38,62,32,82,52,52,52,59,40,49,49,49,49,18,2,26,20,20,44,53],"gold":230,"neow_bonus":"RANDOM_COMMON_RELIC","is_daily":false,"chose_seed":false,"campfire_upgraded":5,"win_rate":0.0,"timestamp":1613899308,"path_taken":["M","M","?","M","M","R","M","M","T","R","E","R","M","E","R","BOSS","M","?","M","$","?","E","R","E","T","?","E","M","M","?","R","BOSS","M","?","?","M","M","M","R","$","T","M","E","R","M","M","R","BOSS"],"items_purchased_type":["Relic","Relic","Relic","Relic","Card","Potion"],"build_version":"2020-12-22","purchased_purges":1,"victory":true,"max_hp_per_floor":[82,82,82,82,82,82,82,82,82,82,82,82,82,82,82,82,82,82,82,82,82,82,82,82,82,82,82,82,82,82,82,82,82,82,82,82,82,82,82,82,82,82,82,82,82,82,82,82,82,82],"card_choices":[{"not_picked":["Force Field","Go for the Eyes"],"picked":"Chill","floor":1.0},{"not_picked":["Sunder","Recycle"],"picked":"Go for the Eyes","floor":2.0},{"not_picked":["Rip and Tear","Chaos"],"picked":"Compile Driver","floor":4.0},{"not_picked":["Conserve Battery","Capacitor"],"picked":"Defragment","floor":5.0},{"not_picked":["Storm","Hologram"],"picked":"Sweeping Beam","floor":7.0},{"not_picked":["Barrage","Coolheaded"],"picked":"Auto Shields","floor":8.0},{"not_picked":["Hologram","FTL"],"picked":"Static Discharge","floor":11.0},{"not_picked":["Defragment","Turbo"],"picked":"Rebound","floor":13.0},{"not_picked":["Turbo","Chill"],"picked":"Self Repair","floor":14.0},{"not_picked":["Skim","Streamline"],"picked":"Double Energy","floor":18.0},{"not_picked":["Sweeping Beam","Streamline"],"picked":"Conserve Battery","floor":20.0},{"not_picked":["Steam+1","Buffer"],"picked":"Doom and Gloom+1","floor":22.0},{"not_picked":["Heatsinks+1","Skim"],"picked":"Cold Snap+1","floor":23.0},{"not_picked":["Ball Lightning+1","Hello World"],"picked":"Fusion","floor":25.0},{"not_picked":["Leap+1","All For One"],"picked":"Stack","floor":27},{"not_picked":["Double Energy","Hologram","Cold Snap"],"picked":"SKIP","floor":28},{"not_picked":["Conserve Battery","Cold Snap"],"picked":"Redo+1","floor":29},{"not_picked":["Hologram+1","Aggregate+1"],"picked":"Coolheaded","floor":30},{"not_picked":["Meteor Strike","Amplify"],"picked":"Echo Form","floor":33},{"not_picked":["Recycle","Go for the Eyes"],"picked":"Barrage+1","floor":35},{"not_picked":["Go for the Eyes+1","Ball Lightning"],"picked":"Skim+1","floor":38},{"not_picked":["Streamline+1","Tempest","Barrage"],"picked":"SKIP","floor":39},{"not_picked":["Beam Cell+1","Recycle+1"],"picked":"Ball Lightning","floor":40},{"not_picked":["Steam+1","Cold Snap+1"],"picked":"Loop+1","floor":44},{"not_picked":["Sweeping Beam+1","Static Discharge"],"picked":"Force Field","floor":45},{"not_picked":["BootSequence","Recycle","Coolheaded+1"],"picked":"SKIP","floor":47},{"not_picked":["Aggregate+1","Hologram"],"picked":"Rainbow","floor":48}],"player_experience":640298,"relics_obtained":[{"floor":9.0,"key":"Peace Pipe"},{"floor":11.0,"key":"Emotion Chip"},{"floor":14.0,"key":"Symbiotic Virus"},{"floor":22.0,"key":"Red Mask"},{"floor":23.0,"key":"Bag of Marbles"},{"floor":25.0,"key":"Cables"},{"floor":26.0,"key":"Centennial Puzzle"},{"floor":28,"key":"Toy Ornithopter"},{"floor":43,"key":"MawBank"},{"floor":45,"key":"Pen Nib"}],"event_choices":[{"damage_healed":0.0,"max_hp_gain":0.0,"max_hp_loss":0.0,"gold_gain":0.0,"event_name":"Scrap Ooze","player_choice":"Success","floor":3.0,"gold_loss":0.0,"damage_taken":18.0,"relics_obtained":["Ancient Tea Set"]},{"cards_removed":["Strike_B"],"damage_healed":0.0,"max_hp_gain":0.0,"max_hp_loss":0.0,"gold_gain":0.0,"event_name":"Beggar","player_choice":"Gave Gold","floor":19.0,"gold_loss":75.0,"damage_taken":0.0},{"damage_healed":0.0,"max_hp_gain":0.0,"max_hp_loss":0.0,"gold_gain":0.0,"event_name":"Masked Bandits","player_choice":"Fought Bandits","floor":22.0,"gold_loss":0.0,"damage_taken":0.0},{"damage_healed":0,"gold_gain":222,"player_choice":"Wore Mask","damage_taken":0,"max_hp_gain":0,"max_hp_loss":0,"event_name":"Tomb of Lord Red Mask","floor":36,"gold_loss":0},{"damage_healed":0,"gold_gain":0,"player_choice":"Ignored","damage_taken":0,"max_hp_gain":0,"max_hp_loss":0,"event_name":"Mysterious Sphere","floor":37,"gold_loss":0}],"is_beta":false,"boss_relics":[{"not_picked":["Pandora\u0027s Box","Sozu"],"picked":"Nuclear Battery"},{"not_picked":["Coffee Dripper","Philosopher\u0027s Stone","Velvet Choker"]}],"items_purged_floors":[42],"is_endless":false,"potions_floor_spawned":[1,2,4,5,11,20,23,25,28,29,35,40,44,48],"ascension_level":2}}