{"host":"jt67skv49snb75sm","time":1613948191,"event":{"mods":["BaseMod","Bestiary","Minty Spire (QoL Compilation)","Relic Stats"],"gold_per_floor":[111,125,125,125,139,139,139,139],"floor_reached":7,"language":"ENG","playtime":196,"items_purged":[],"score":82,"play_id":"2306305d-806d-45a9-89dd-d2a1830a6ec3","local_time":"20210221235631","is_ascension_mode":true,"campfire_choices":[{"data":"Sucker Punch","floor":6,"key":"SMITH"}],"circlet_count":0,"master_deck":["AscendersBane","Strike_G","Strike_G","Strike_G","Strike_G","Strike_G","Defend_G","Defend_G","Defend_G","Defend_G+1","Defend_G","Survivor","Neutralize","Sucker Punch+1","Skewer+1","Bouncing Flask"],"relics":["Ring of the Snake","NeowsBlessing","Bag of Preparation"],"acts_visited":["Exordium"],"potions_floor_usage":[7],"damage_taken":[{"damage":0,"enemies":"Jaw Worm","floor":1,"turns":1},{"damage":0,"enemies":"Cultist","floor":2,"turns":1},{"damage":0,"enemies":"2 Louse","floor":5,"turns":1},{"damage":38,"enemies":"3 Sentries","floor":7,"turns":9}],"seed_played":"-7245883217985279037","potions_obtained":[{"floor":1,"key":"LiquidMemories"},{"floor":2,"key":"Poison Potion"}],"is_trial":false,"path_per_floor":["M","M","?","?","M","R","E"],"character_chosen":"THE_SILENT","items_purchased":[],"campfire_rested":0,"item_purchase_floors":[],"current_hp_per_floor":[59,59,39,39,39,39,1,1],"gold":139,"neow_bonus":"THREE_ENEMY_KILL","is_daily":false,"chose_seed":false,"campfire_upgraded":1,"win_rate":0.0,"timestamp":1613948191,"path_taken":["M","M","?","?","?","R","E"],"items_purchased_type":[],"build_version":"2020-12-22","purchased_purges":0,"victory":false,"max_hp_per_floor":[66,66,66,66,66,66,66,66],"relic_stats":{"counters":[4,12],"Bag of Preparation":[4],"obtain_stats":[{"NeowsBlessing":0,"Bag of Preparation":4,"Ring of the Snake":0},{"NeowsBlessing":0,"Bag of Preparation":2,"Ring of the Snake":0},{"NeowsBlessing":0,"Bag of Preparation":2,"Ring of the Snake":0}],"Ring of the Snake":[8]},"card_choices":[{"not_picked":["Flying Knee","Acrobatics"],"picked":"Sucker Punch","floor":1},{"not_picked":["Deadly Poison","Backflip"],"picked":"Skewer","floor":2},{"not_picked":["Backflip","Dagger Throw"],"picked":"Bouncing Flask","floor":5}],"player_experience":868954,"relics_obtained":[],"event_choices":[{"damage_healed":0,"gold_gain":0,"player_choice":"Entered Light","damage_taken":20,"max_hp_gain":0,"max_hp_loss":0,"event_name":"Shining Light","floor":3,"gold_loss":0,"cards_upgraded":["Skewer","Defend_G"]},{"damage_healed":0,"gold_gain":0,"player_choice":"Gave Potion","damage_taken":0,"relics_obtained":["Bag of Preparation"],"max_hp_gain":0,"max_hp_loss":0,"event_name":"WeMeetAgain","floor":4,"gold_loss":0}],"is_beta":false,"boss_relics":[],"items_purged_floors":[],"is_endless":false,"potions_floor_spawned":[1,2],"killed_by":"3 Sentries","ascension_level":20}}