{"host":"s0nrlal5fls38heo","time":1613916290,"event":{"mods":["AchievementEnabler","BaseMod","Colored Powertips","Dark Map","Displayed Cursed Tome","Downfall","Faster Ascension Climbing","GifTheSpireLib","Minty Spire (QoL Compilation)","Permanent Neow","Rare Cards Sparkle","Relic Filter Mod","StSLib"],"gold_per_floor":[300,310,328,347,797,797,797,972,1004,1004,1004],"floor_reached":9,"language":"ENG","playtime":386,"items_purged":[],"score":217,"play_id":"20d7f086-ef8f-42d4-9801-765cda34f6f5","local_time":"20210221150450","is_ascension_mode":true,"campfire_choices":[{"data":"bronze:Goto","floor":1,"key":"SMITH"}],"circlet_count":0,"master_deck":["AscendersBane","bronze:Strike","bronze:Strike","bronze:Strike","bronze:Strike","bronze:Defend","bronze:Defend","bronze:Defend","bronze:Defend","bronze:Replicate","bronze:Goto+1","bronze:CutThrough","bronze:Assembly","downfall:Icky","downfall:Icky","downfall:Icky","Doubt"],"relics":["bronze:BronzeCore","Old Coin","bronze:BottledCode","InkBottle","MealTicket"],"acts_visited":["Exordium"],"potions_floor_usage":[9,9,9],"damage_taken":[{"damage":1,"enemies":"2 Louse","floor":2,"turns":4},{"damage":2,"enemies":"Jaw Worm","floor":3,"turns":5},{"damage":7,"enemies":"Small Slimes","floor":4,"turns":5},{"damage":43,"enemies":"Lagavulin","floor":9,"turns":10}],"seed_played":"3323090680821341286","potions_obtained":[{"floor":2,"key":"EntropicBrew"},{"floor":9,"key":"bronze:BuildAFunctionPotion"}],"is_trial":false,"path_per_floor":["R","M","M","M","?","?","T","?","E"],"character_chosen":"THE_AUTOMATON","items_purchased":[],"campfire_rested":0,"item_purchase_floors":[],"current_hp_per_floor":[63,62,60,53,53,53,53,53,10,10,10],"gold":1004,"neow_bonus":"ONE_RARE_RELIC","is_daily":false,"chose_seed":false,"campfire_upgraded":1,"win_rate":0.0,"timestamp":1613916290,"path_taken":["R","M","M","M","?","?","T","?","E"],"items_purchased_type":[],"build_version":"2020-12-22","purchased_purges":0,"victory":false,"max_hp_per_floor":[70,70,70,70,70,60,60,60,60,60,60],"card_choices":[{"not_picked":["bronze:Flail","bronze:Allocate","bronze:OilSpill"],"picked":"SKIP","floor":2},{"not_picked":["bronze:Shield","bronze:BugBarrage"],"picked":"bronze:CutThrough","floor":3},{"not_picked":["bronze:DelayedSlice","bronze:CutThrough"],"picked":"bronze:Assembly","floor":4}],"player_experience":59010,"relics_obtained":[{"floor":7,"key":"InkBottle"},{"floor":9,"key":"MealTicket"}],"event_choices":[],"is_beta":false,"boss_relics":[],"items_purged_floors":[],"is_endless":false,"potions_floor_spawned":[2,9],"killed_by":"Lagavulin","ascension_level":10}}