{"host":"Sean","time":1613932360,"event":{"mods":["BaseMod","Block Reminder","Colored Map","Colored Powertips","Highlight Path","Minty Spire (QoL Compilation)","Permanent Neow","Relic Stats"],"gold_per_floor":[10,10,10,28,46,79,79,104,127,127,127,161,13,0,0,96,96,113,132,132,148,162,162,196,196,222,222,251,251,166,182,182,282,282,301,301,314,314,331,385,385,435,435,435,464,464,480,500,500,500,500],"floor_reached":50,"language":"ENG","playtime":1800,"items_purged":[],"score":1138,"play_id":"7a65d095-4339-4987-8f15-80aba460e1c9","local_time":"20210221183240","is_ascension_mode":true,"campfire_choices":[{"data":"Heavy Blade","floor":7.0,"key":"SMITH"},{"data":"Sword Boomerang","floor":10.0,"key":"SMITH"},{"data":"Limit Break","floor":15.0,"key":"SMITH"},{"data":"Disarm","floor":23.0,"key":"SMITH"},{"floor":25.0,"key":"REST"},{"floor":27.0,"key":"REST"},{"data":"Spot Weakness","floor":29.0,"key":"SMITH"},{"data":"Pummel","floor":32.0,"key":"SMITH"},{"floor":41.0,"key":"REST"},{"floor":49.0,"key":"RECALL"}],"circlet_count":0,"master_deck":["AscendersBane","Strike_R","Strike_R","Strike_R","Defend_R","Defend_R","Defend_R","Bash","Inflame+1","Cleave","Sword Boomerang+1","Heavy Blade+1","Power Through+1","Battle Trance","Limit Break+1","Immolate","CurseOfTheBell","Battle Trance","Disarm+1","Pummel+1","Spot Weakness+1","Flex+1","True Grit+1","Juggernaut","Metallicize","HandOfGreed","Enlightenment","Dark Shackles","Feel No Pain+1","Doubt","Twin Strike+1","Flame Barrier"],"relics":["Burning Blood","Blood Vial","Oddly Smooth Stone","Bag of Marbles","Kunai","Regal Pillow","Calling Bell","Pen Nib","Pantograph","FossilizedHelix","Calipers","White Beast Statue","Vajra","StrikeDummy","PreservedInsect","Cursed Key","Meat on the Bone","Turnip","Prayer Wheel"],"acts_visited":["Exordium","TheCity","TheBeyond"],"potions_floor_usage":[50,50,50,50],"damage_taken":[{"damage":12.0,"enemies":"Small Slimes","floor":1.0,"turns":4.0},{"damage":4.0,"enemies":"2 Louse","floor":4.0,"turns":3.0},{"damage":12.0,"enemies":"Jaw Worm","floor":5.0,"turns":2.0},{"damage":16.0,"enemies":"Gremlin Nob","floor":6.0,"turns":3.0},{"damage":25.0,"enemies":"3 Sentries","floor":8.0,"turns":5.0},{"damage":0.0,"enemies":"Gremlin Nob","floor":12.0,"turns":2.0},{"damage":11.0,"enemies":"The Guardian","floor":16.0,"turns":10.0},{"damage":23.0,"enemies":"3 Byrds","floor":18.0,"turns":3.0},{"damage":17.0,"enemies":"Shell Parasite","floor":19.0,"turns":5.0},{"damage":16.0,"enemies":"Snake Plant","floor":21.0,"turns":2.0},{"damage":0.0,"enemies":"Centurion and Healer","floor":22.0,"turns":3.0},{"damage":51.0,"enemies":"Slavers","floor":24.0,"turns":6.0},{"damage":0.0,"enemies":"Gremlin Leader","floor":28.0,"turns":4.0},{"damage":0.0,"enemies":"Shelled Parasite and Fungi","floor":31.0,"turns":2.0},{"damage":68.0,"enemies":"Automaton","floor":33.0,"turns":7.0},{"damage":0.0,"enemies":"3 Shapes","floor":35.0,"turns":1.0},{"damage":0.0,"enemies":"Orb Walker","floor":37.0,"turns":3.0},{"damage":19.0,"enemies":"3 Darklings","floor":39.0,"turns":3.0},{"damage":50.0,"enemies":"Giant Head","floor":40.0,"turns":7.0},{"damage":0.0,"enemies":"Nemesis","floor":42.0,"turns":3.0},{"damage":0.0,"enemies":"Giant Head","floor":45.0,"turns":4.0},{"damage":24.0,"enemies":"Writhing Mass","floor":47.0,"turns":6.0},{"damage":0.0,"enemies":"Transient","floor":48.0,"turns":5.0},{"damage":92,"enemies":"Awakened One","floor":50,"turns":8}],"seed_played":"7384795162371247006","potions_obtained":[{"floor":5.0,"key":"SneckoOil"},{"floor":6.0,"key":"Fire Potion"},{"floor":28.0,"key":"Energy Potion"},{"floor":31.0,"key":"Regen Potion"},{"floor":33.0,"key":"Explosive Potion"},{"floor":35.0,"key":"DistilledChaos"},{"floor":39.0,"key":"Fire Potion"},{"floor":40.0,"key":"Swift Potion"},{"floor":42.0,"key":"EntropicBrew"},{"floor":48.0,"key":"Swift Potion"}],"is_trial":false,"path_per_floor":["M","?","?","M","M","E","R","E","T","R","T","E","$","?","R","B",null,"M","M","?","M","M","R","E","R","T","R","E","R","?","M","R","B",null,"M","?","M","?","M","E","R","E","T","?","E","?","M","M","R","B"],"character_chosen":"IRONCLAD","items_purchased":["Limit Break"],"campfire_rested":3,"item_purchase_floors":[13],"current_hp_per_floor":[66,66,71,73,67,57,57,40,40,40,40,48,48,48,48,45,75,60,51,51,43,51,51,8,48,48,85,85,85,85,85,85,23,70,78,78,85,75,64,37,77,85,85,85,85,85,67,75,75,0,0],"gold":500,"neow_bonus":"REMOVE_TWO","is_daily":false,"chose_seed":false,"campfire_upgraded":6,"win_rate":0.0,"timestamp":1613932360,"path_taken":["M","?","?","M","M","E","R","E","T","R","?","E","$","?","R","BOSS","M","M","?","M","M","R","E","R","T","R","E","R","?","M","R","BOSS","M","?","?","?","M","E","R","E","T","?","E","?","M","M","R","BOSS"],"items_purchased_type":["Card"],"build_version":"2020-12-18","purchased_purges":0,"victory":false,"max_hp_per_floor":[80,80,85,85,85,85,85,85,85,85,85,85,85,85,85,85,85,85,85,85,85,85,85,85,85,85,85,85,85,85,85,85,85,85,85,85,85,85,85,85,85,85,85,85,85,85,85,85,85,85,85],"relic_stats":{"Regal Pillow":42,"counters":[24,101],"Pen Nib":[10],"PreservedInsect":310,"Cursed Key":1,"Burning Blood":119,"Blood Vial":28,"Pantograph":10,"Prayer Wheel":2,"Turnip":[0],"Kunai":[7],"obtain_stats":[{"Regal Pillow":12,"Calipers":20,"Oddly Smooth Stone":8,"Vajra":26,"Pen Nib":17,"PreservedInsect":30,"Cursed Key":34,"Burning Blood":0,"White Beast Statue":24,"Blood Vial":6,"Calling Bell":17,"Pantograph":17,"Prayer Wheel":45,"Turnip":42,"Bag of Marbles":9,"Kunai":11,"StrikeDummy":28,"FossilizedHelix":17,"Meat on the Bone":40},{"Regal Pillow":6,"Calipers":9,"Oddly Smooth Stone":5,"Vajra":12,"Pen Nib":7,"PreservedInsect":13,"Cursed Key":15,"Burning Blood":0,"White Beast Statue":12,"Blood Vial":4,"Calling Bell":7,"Pantograph":7,"Prayer Wheel":21,"Turnip":20,"Bag of Marbles":5,"Kunai":5,"StrikeDummy":13,"FossilizedHelix":7,"Meat on the Bone":19},{"Regal Pillow":19,"Calipers":37,"Oddly Smooth Stone":17,"Vajra":48,"Pen Nib":29,"PreservedInsect":52,"Cursed Key":61,"Burning Blood":0,"White Beast Statue":48,"Blood Vial":12,"Calling Bell":29,"Pantograph":29,"Prayer Wheel":82,"Turnip":78,"Bag of Marbles":17,"Kunai":17,"StrikeDummy":52,"FossilizedHelix":29,"Meat on the Bone":75}],"Meat on the Bone":0},"card_choices":[{"not_picked":["Shrug It Off","Evolve"],"picked":"Inflame","floor":1.0},{"not_picked":["Power Through","Headbutt"],"picked":"Cleave","floor":4.0},{"not_picked":["Uppercut","Fire Breathing"],"picked":"Sword Boomerang","floor":5.0},{"not_picked":["Perfected Strike","Headbutt"],"picked":"Heavy Blade","floor":6.0},{"not_picked":["Entrench","Heavy Blade"],"picked":"Power Through","floor":8.0},{"not_picked":["Pommel Strike","Sword Boomerang"],"picked":"Battle Trance","floor":12.0},{"not_picked":["Brutality","Exhume"],"picked":"Immolate","floor":16.0},{"not_picked":["Thunderclap","Dark Embrace"],"picked":"Battle Trance","floor":18.0},{"not_picked":["Cleave","Twin Strike","Sword Boomerang"],"picked":"SKIP","floor":19.0},{"not_picked":["Rampage","Uppercut+1"],"picked":"Disarm","floor":21.0},{"not_picked":["Wild Strike","Headbutt"],"picked":"Pummel","floor":22.0},{"not_picked":["Clothesline","Headbutt"],"picked":"Spot Weakness","floor":24.0},{"not_picked":["Rupture","Carnage"],"picked":"Flex+1","floor":28.0},{"not_picked":["Disarm","Cleave+1"],"picked":"True Grit+1","floor":31.0},{"not_picked":["Bludgeon","Feed"],"picked":"Juggernaut","floor":33.0},{"not_picked":["Anger","Warcry","Havoc"],"picked":"SKIP","floor":35.0},{"not_picked":["Anger","Headbutt"],"picked":"Metallicize","floor":37.0},{"not_picked":["Metamorphosis","Thinking Ahead"],"picked":"HandOfGreed","floor":38.0},{"not_picked":["Madness","Thinking Ahead"],"picked":"Enlightenment","floor":38.0},{"not_picked":["Mind Blast","Dramatic Entrance"],"picked":"Dark Shackles","floor":38.0},{"not_picked":["Thunderclap","Hemokinesis","Sentinel+1"],"picked":"SKIP","floor":39.0},{"not_picked":["Flex","Headbutt"],"picked":"Feel No Pain+1","floor":40.0},{"not_picked":["Heavy Blade","Pummel","Body Slam"],"picked":"SKIP","floor":42.0},{"not_picked":["Bludgeon","Ghostly Armor","Rupture"],"picked":"SKIP","floor":45.0},{"not_picked":["Hemokinesis","Battle Trance","Wild Strike"],"picked":"SKIP","floor":47.0},{"not_picked":["Warcry","Heavy Blade","True Grit"],"picked":"SKIP","floor":47.0},{"not_picked":["Havoc","True Grit"],"picked":"Twin Strike+1","floor":48.0},{"not_picked":["Ghostly Armor","Combust+1"],"picked":"Flame Barrier","floor":48.0}],"player_experience":583952,"relics_obtained":[{"floor":6.0,"key":"Blood Vial"},{"floor":8.0,"key":"Oddly Smooth Stone"},{"floor":9.0,"key":"Bag of Marbles"},{"floor":11.0,"key":"Kunai"},{"floor":12.0,"key":"Regal Pillow"},{"floor":17.0,"key":"Pen Nib"},{"floor":17.0,"key":"Pantograph"},{"floor":17.0,"key":"FossilizedHelix"},{"floor":24.0,"key":"White Beast Statue"},{"floor":26.0,"key":"Vajra"},{"floor":28.0,"key":"StrikeDummy"},{"floor":40.0,"key":"Meat on the Bone"},{"floor":42.0,"key":"Turnip"},{"floor":45.0,"key":"Prayer Wheel"}],"event_choices":[{"damage_healed":0.0,"max_hp_gain":0.0,"max_hp_loss":0.0,"gold_gain":0.0,"event_name":"Living Wall","player_choice":"Grow","floor":2.0,"gold_loss":0.0,"damage_taken":0.0,"cards_upgraded":["Inflame"]},{"damage_healed":0.0,"max_hp_gain":5.0,"max_hp_loss":0.0,"gold_gain":0.0,"event_name":"Big Fish","player_choice":"Donut","floor":3.0,"gold_loss":0.0,"damage_taken":0.0},{"damage_healed":0.0,"max_hp_gain":0.0,"max_hp_loss":0.0,"gold_gain":0.0,"event_name":"World of Goop","player_choice":"Left Gold","floor":14.0,"gold_loss":13.0,"damage_taken":0.0},{"damage_healed":0.0,"max_hp_gain":0.0,"max_hp_loss":0.0,"gold_gain":0.0,"event_name":"The Mausoleum","player_choice":"Opened","floor":20.0,"gold_loss":0.0,"damage_taken":0.0,"relics_obtained":["Calipers"]},{"damage_healed":0.0,"max_hp_gain":0.0,"max_hp_loss":0.0,"gold_gain":0.0,"event_name":"Addict","player_choice":"Obtained Relic","floor":30.0,"gold_loss":85.0,"damage_taken":0.0,"relics_obtained":["PreservedInsect"]},{"damage_healed":0.0,"max_hp_gain":0.0,"max_hp_loss":0.0,"gold_gain":0.0,"event_name":"Upgrade Shrine","player_choice":"Upgraded","floor":36.0,"gold_loss":0.0,"damage_taken":0.0,"cards_upgraded":["Power Through"]},{"damage_healed":0.0,"max_hp_gain":0.0,"max_hp_loss":0.0,"gold_gain":0.0,"event_name":"SensoryStone","player_choice":"Memory 3","floor":38.0,"gold_loss":0.0,"damage_taken":10.0},{"cards_removed":["Strike_R"],"damage_healed":0.0,"max_hp_gain":0.0,"max_hp_loss":0.0,"gold_gain":0.0,"event_name":"Falling","player_choice":"Removed Attack","floor":44.0,"gold_loss":0.0,"damage_taken":0.0},{"damage_healed":0.0,"max_hp_gain":0.0,"max_hp_loss":0.0,"gold_gain":0.0,"event_name":"Tomb of Lord Red Mask","player_choice":"Ignored","floor":46.0,"gold_loss":0.0,"damage_taken":0.0}],"is_beta":true,"boss_relics":[{"not_picked":["Ectoplasm","Empty Cage"],"picked":"Calling Bell"},{"not_picked":["Tiny House","Busted Crown"],"picked":"Cursed Key"}],"items_purged_floors":[],"is_endless":false,"potions_floor_spawned":[5,6,28,31,33,35,37,39,40,42,45,47,48],"killed_by":"Awakened One","ascension_level":12}}