{"host":"yajbwjoofeeg2olc","time":1613904501,"event":{"mods":["A Magickal Journey","AchievementEnabler","Aspiration","Bard","BaseMod","Beaked The Cultist","Better Altar","Better Match","Better Note","Better Sensory Stone","Better Skull","Better Third Choice","BetterRewards","CCEM2","Clockwork Mod","Colored Map","Colored Powertips","Conspire","GifTheSpireLib","Gremlin Mod","GungeonMod","Halation","Hermit","Highlight Path","Hubris","Hunter ??","Jedi Mod","Jorbs\u0027s Wanderer Trilogy","Mad Scientist","Magitek Elite","Marisa????????","Mimic Mod","Minty Spire (QoL Compilation)","Permanent Neow","Replay The Spire","Robot Space Explorer","Shade Mod","Shapeshifter Mod","Shop Mod","Spicy Shops","StSLib","Stuff the Spire","The Administrix","The Alterego","The Animator","The Blackbeard","The Bug Knight","The Construct","The Cursed","The Death Knight","The Disciple","The Exalted","The Forsaken","The Marked","The Mystic","The Necromancer","The Problem Sleuth","The Runesmith","The Servant 0.9.4","The Spell Scribe","The Witch","TheHero"],"gold_per_floor":[111,111,11,25,25,50,68,68,94,94,106,116,143,160,160,256,256,245,40,51,61,79,79,79],"floor_reached":23,"language":"ENG","playtime":2194,"items_purged":["Clumsy","Injury","alterego_mod:Strike"],"score":305,"play_id":"ba90f4d2-0415-45c3-8afe-048a6b9a8593","local_time":"20210221104821","is_ascension_mode":false,"campfire_choices":[{"data":"alterego_mod:BrynhildrsRune","floor":8,"key":"SMITH"},{"floor":10,"key":"REST"},{"data":"alterego_mod:Rake","floor":15,"key":"SMITH"}],"circlet_count":0,"master_deck":["alterego_mod:Strike","alterego_mod:Strike","alterego_mod:Strike","alterego_mod:Defend","alterego_mod:Defend","alterego_mod:Defend","alterego_mod:Defend","alterego_mod:Impale","alterego_mod:BigMeatyClaws","alterego_mod:BrynhildrsRune+1","alterego_mod:Rake+1","alterego_mod:GoddessCore","alterego_mod:Lift","alterego_mod:Complex","alterego_mod:ChallengeComplete","alterego_mod:Clones+1","alterego_mod:Maid","alterego_mod:Crossover+1","alterego_mod:BrynhildrRomantia","alterego_mod:TrashNCrash+1","alterego_mod:Exercise","alterego_mod:AlterEgo","alterego_mod:1TonWallop","alterego_mod:HighServant+1"],"relics":["StuffTheSpire:OccultApparatus","DemoMod:GnawedKey","Toxic Egg 2","halation:Trompette","CCEMRelics:JestersCrown","Boot","SlaversCollar","DemoMod:GlassGuonStoneRelic"],"acts_visited":["Exordium","TheCity"],"potions_floor_usage":[7,11,16,23,23],"damage_taken":[{"damage":9,"enemies":"2 Louse","floor":1,"turns":3},{"damage":5,"enemies":"Jaw Worm","floor":4,"turns":4},{"damage":44,"enemies":"Lagavulin","floor":6,"turns":7},{"damage":0,"enemies":"Cultist","floor":7,"turns":3},{"damage":27,"enemies":"Looter","floor":11,"turns":4},{"damage":7,"enemies":"Large Slime","floor":12,"turns":11},{"damage":6,"enemies":"HollowMod:MossKnight","floor":13,"turns":16},{"damage":1,"enemies":"Exordium Wildlife","floor":14,"turns":4},{"damage":11,"enemies":"Hexaghost","floor":16,"turns":12},{"damage":29,"enemies":"2 Thieves","floor":18,"turns":4},{"damage":14,"enemies":"Spheric Guardian","floor":20,"turns":6},{"damage":17,"enemies":"Cultist and Chosen","floor":21,"turns":6},{"damage":19,"enemies":"Snecko","floor":22,"turns":6},{"damage":20,"enemies":"Book of Stabbing","floor":23,"turns":1}],"seed_played":"-2902225282499358884","potions_obtained":[{"floor":6,"key":"jedi:StrikingPotion"},{"floor":7,"key":"SkillPotion"},{"floor":12,"key":"DemoMod:LeadSkinPotion"},{"floor":13,"key":"LiquidMemories"},{"floor":20,"key":"jedi:tentaclejuice"}],"is_trial":false,"path_per_floor":["M","?","$","M","?","E","M","R","T","R","M","M","E","M","R","B",null,"M","$","M","M","M","E"],"character_chosen":"The_Alterego","items_purchased":["alterego_mod:Rake","DemoMod:GnawedKey","alterego_mod:Exercise"],"campfire_rested":1,"item_purchase_floors":[0,0,19],"current_hp_per_floor":[62,62,62,58,58,14,14,14,14,35,8,22,44,57,57,53,72,53,53,39,29,17,0,0],"gold":79,"neow_bonus":"","is_daily":false,"chose_seed":false,"campfire_upgraded":2,"win_rate":0.0,"timestamp":1613904501,"path_taken":["M","?","$","M","?","E","M","R","T","R","M","?","E","M","R","BOSS","M","?","M","M","M","E"],"items_purchased_type":["Card","Relic","Card"],"build_version":"2020-12-22","purchased_purges":3,"victory":false,"max_hp_per_floor":[71,71,71,72,72,72,72,72,72,72,72,72,72,72,72,72,72,75,75,75,75,75,75,75],"card_choices":[{"not_picked":["alterego_mod:TrashNCrash","alterego_mod:DestructionOfProperty"],"picked":"alterego_mod:GoddessCore","floor":1},{"not_picked":["alterego_mod:TrashNCrash+1","alterego_mod:DiscoLights"],"picked":"alterego_mod:Lift","floor":4},{"not_picked":["alterego_mod:BoobPocket+1","alterego_mod:Antipathy+1","alterego_mod:PerceptionDisorder"],"picked":"SKIP","floor":6},{"not_picked":["alterego_mod:Clap+1","alterego_mod:PerceptionDisorder"],"picked":"alterego_mod:Complex","floor":7},{"not_picked":["alterego_mod:1TonWallop","alterego_mod:PurpleHair+1"],"picked":"alterego_mod:ChallengeComplete","floor":11},{"not_picked":["alterego_mod:GachaTicket","alterego_mod:Jiggle+1"],"picked":"alterego_mod:Clones+1","floor":12},{"not_picked":["alterego_mod:BustOut","alterego_mod:SakuraLabyrinth+1"],"picked":"alterego_mod:Maid","floor":13},{"not_picked":["alterego_mod:Valentines+1","alterego_mod:DeftHands"],"picked":"alterego_mod:Crossover+1","floor":14},{"not_picked":["alterego_mod:Palingenesis","alterego_mod:SideboobHour"],"picked":"alterego_mod:BrynhildrRomantia","floor":16},{"not_picked":["alterego_mod:Swimsuit","alterego_mod:Cycle+1"],"picked":"alterego_mod:TrashNCrash+1","floor":18},{"not_picked":["alterego_mod:TrashNCrash+1","alterego_mod:RocketPunch"],"picked":"alterego_mod:AlterEgo","floor":20},{"not_picked":["alterego_mod:Swimsuit+1","alterego_mod:DeftHands+1"],"picked":"alterego_mod:1TonWallop","floor":21},{"not_picked":["alterego_mod:BiFurious+1","alterego_mod:Punishment"],"picked":"alterego_mod:HighServant+1","floor":22}],"player_experience":291952,"relics_obtained":[{"floor":6,"key":"halation:Trompette"},{"floor":9,"key":"CCEMRelics:JestersCrown"},{"floor":13,"key":"Boot"}],"event_choices":[],"is_beta":false,"boss_relics":[{"not_picked":["Honey Jar","conspire:SlowCooker"],"picked":"SlaversCollar"}],"items_purged_floors":[0,3,19],"is_endless":false,"potions_floor_spawned":[6,7,12,13,20],"killed_by":"Book of Stabbing","ascension_level":0}}