{"host":"yy1cu9q9bsxhflzi","time":1613935983,"event":{"mods":["BaseMod","DeckTracker","Minty Spire (QoL Compilation)","Quick Restart","StSLib","SuperFastMode","everything is the same but u backflip on backflip"],"gold_per_floor":[118,268,268,27,37,65,65,95,95,20,47,8,27,40,40,117,117,136,146,161,171,171,197,210,241,241,108,133,133,133,168,168,246,246,264,264,283,358,274,305,319,350,420,454,464,464,464,464,464],"floor_reached":0,"language":"KOR","playtime":0,"items_purged":["Dualcast","Shame"],"score":25,"play_id":"911d89dd-f36d-43ad-a6f1-0df4bf9c615c","local_time":"20210222043303","is_ascension_mode":true,"campfire_choices":[{"data":"Fusion","floor":7,"key":"SMITH"},{"data":"Defragment","floor":15,"key":"SMITH"},{"data":"Amplify","floor":29,"key":"SMITH"},{"data":"Loop","floor":32,"key":"SMITH"}],"circlet_count":0,"master_deck":["AscendersBane","Coolheaded","Coolheaded","Coolheaded","Glacier","Glacier","Glacier","Glacier","Juggernaut","Defragment+1","Fusion+1","Genetic Algorithm","Turbo","Capacitor","Amplify+1","Redo+1","Undo+1","Loop+1","Chill","Master of Strategy","Panacea","Loop","Aggregate+1","Skim+1","Capacitor+1","White Noise"],"relics":["Cracked Core","Bag of Preparation","Mummified Hand","Art of War","Mercury Hourglass","Vajra","Coffee Dripper","Smiling Mask","Toy Ornithopter","Happy Flower","Prayer Wheel","Whetstone","PreservedInsect","Philosopher\u0027s Stone","StrikeDummy","Unceasing Top","Oddly Smooth Stone","Pantograph","Juzu Bracelet"],"acts_visited":["Exordium","TheCity","TheBeyond"],"potions_floor_usage":[16],"damage_taken":[{"damage":10,"enemies":"Jaw Worm","floor":1,"turns":3},{"damage":0,"enemies":"Small Slimes","floor":5,"turns":3},{"damage":11,"enemies":"3 Sentries","floor":6,"turns":6},{"damage":0,"enemies":"Lagavulin","floor":8,"turns":4},{"damage":0,"enemies":"Gremlin Nob","floor":11,"turns":3},{"damage":0,"enemies":"Cultist","floor":13,"turns":2},{"damage":7,"enemies":"Looter","floor":14,"turns":2},{"damage":1,"enemies":"Slime Boss","floor":16,"turns":5},{"damage":0,"enemies":"Shell Parasite","floor":18,"turns":3},{"damage":0,"enemies":"Chosen","floor":19,"turns":3},{"damage":0,"enemies":"Snake Plant","floor":20,"turns":3},{"damage":0,"enemies":"Snecko","floor":21,"turns":3},{"damage":0,"enemies":"Book of Stabbing","floor":23,"turns":5},{"damage":0,"enemies":"Centurion and Healer","floor":24,"turns":5},{"damage":0,"enemies":"Slavers","floor":25,"turns":4},{"damage":0,"enemies":"Book of Stabbing","floor":28,"turns":5},{"damage":0,"enemies":"Slavers","floor":31,"turns":3},{"damage":0,"enemies":"Automaton","floor":33,"turns":7},{"damage":0,"enemies":"Orb Walker","floor":35,"turns":4},{"damage":0,"enemies":"3 Darklings","floor":37,"turns":4},{"damage":1,"enemies":"Giant Head","floor":40,"turns":7},{"damage":0,"enemies":"4 Shapes","floor":41,"turns":4},{"damage":0,"enemies":"Reptomancer","floor":42,"turns":5},{"damage":0,"enemies":"Giant Head","floor":44,"turns":5},{"damage":0,"enemies":"Sphere and 2 Shapes","floor":45,"turns":3},{"damage":0,"enemies":"Jaw Worm Horde","floor":48,"turns":1}],"seed_played":"4074544164988667028","potions_obtained":[{"floor":5,"key":"Fruit Juice"},{"floor":8,"key":"Swift Potion"},{"floor":16,"key":"Block Potion"},{"floor":20,"key":"DuplicationPotion"}],"is_trial":true,"path_per_floor":["M","?","?","$","M","E","R","E","T","$","E","$","M","M","R","B",null,"M","M","M","M","?","E","M","E","T","$","E","R","?","E","R","B",null,"M","?","M","T","$","E","M","E","T","E","M","?","?","M"],"character_chosen":"DEFECT","items_purchased":["Defragment","Bag of Preparation","Capacitor","Loop","Loop"],"campfire_rested":0,"item_purchase_floors":[4,4,12,27,39],"current_hp_per_floor":[54,54,54,54,54,43,43,43,43,43,43,43,43,36,36,40,67,67,67,67,67,67,67,67,67,67,67,67,67,67,67,67,67,74,74,64,64,64,64,63,63,63,63,63,63,63,63,63,63],"gold":464,"neow_bonus":"","is_daily":false,"chose_seed":false,"campfire_upgraded":4,"win_rate":0.0,"timestamp":1613935983,"path_taken":["M","?","?","$","M","E","R","E","T","$","E","?","M","?","R","BOSS","M","M","?","M","?","E","M","E","T","$","E","R","?","E","R","BOSS","M","?","M","?","$","E","M","E","T","E","M","?","?","M"],"items_purchased_type":["Card","Relic","Card","Card","Card"],"build_version":"2020-12-22","purchased_purges":2,"victory":false,"max_hp_per_floor":[71,71,71,71,71,71,71,71,71,71,71,71,71,71,71,76,76,76,76,76,76,76,76,76,76,76,76,76,76,76,76,76,76,76,76,76,76,76,76,76,76,76,76,76,76,76,76,76,76],"card_choices":[{"not_picked":["Beam Cell","Sweeping Beam","Leap"],"picked":"SKIP","floor":1},{"not_picked":["Cold Snap","Melter"],"picked":"Fusion","floor":5},{"not_picked":["Storm","Cold Snap","Hyperbeam"],"picked":"SKIP","floor":6},{"not_picked":["White Noise","Compile Driver"],"picked":"Genetic Algorithm","floor":8},{"not_picked":["Coolheaded","Go for the Eyes"],"picked":"Turbo","floor":11},{"not_picked":["Cold Snap","Genetic Algorithm","Conserve Battery"],"picked":"SKIP","floor":13},{"not_picked":["Leap","Static Discharge","Stack"],"picked":"SKIP","floor":14},{"not_picked":["Buffer","Reboot"],"picked":"Amplify","floor":16},{"not_picked":["Coolheaded","Barrage"],"picked":"Redo+1","floor":18},{"not_picked":["Steam+1","Gash+1","Undo+1"],"picked":"SKIP","floor":19},{"not_picked":["Steam+1","Gash+1"],"picked":"Undo+1","floor":19},{"not_picked":["Steam","Conserve Battery","Auto Shields"],"picked":"SKIP","floor":20},{"not_picked":["Glacier","Sweeping Beam","Rip and Tear"],"picked":"SKIP","floor":21},{"not_picked":["Turbo","Chaos","Sunder"],"picked":"SKIP","floor":23},{"not_picked":["Turbo","Gash"],"picked":"Reboot","floor":24},{"not_picked":["Static Discharge","Redo","Turbo"],"picked":"SKIP","floor":25},{"not_picked":["Stack","Compile Driver","Sweeping Beam"],"picked":"SKIP","floor":28},{"not_picked":["Stack","Steam+1"],"picked":"Chill","floor":31},{"not_picked":["Rebound+1","Turbo","Scrape"],"picked":"SKIP","floor":35},{"not_picked":["Lockon","Leap","Coolheaded"],"picked":"SKIP","floor":35},{"not_picked":["Mayhem","Impatience"],"picked":"Master of Strategy","floor":36},{"not_picked":["Swift Strike","Secret Technique"],"picked":"Panacea","floor":36},{"not_picked":["Stack","Steam","Consume"],"picked":"SKIP","floor":37},{"not_picked":["Cold Snap","Hello World","Redo"],"picked":"SKIP","floor":37},{"not_picked":["Coolheaded+1","Electrodynamics"],"picked":"Aggregate+1","floor":40},{"not_picked":["Stack","Beam Cell"],"picked":"Skim+1","floor":41},{"not_picked":["Darkness","Stack+1"],"picked":"Capacitor+1","floor":41},{"not_picked":["Streamline","Sweeping Beam+1","Reprogram"],"picked":"SKIP","floor":42},{"not_picked":["Chaos+1","Leap+1","Darkness"],"picked":"SKIP","floor":44},{"not_picked":["Meteor Strike","Ball Lightning+1"],"picked":"White Noise","floor":45},{"not_picked":["Sweeping Beam+1","Turbo","Leap"],"picked":"SKIP","floor":45}],"player_experience":3925648,"relics_obtained":[{"floor":6,"key":"Mummified Hand"},{"floor":8,"key":"Art of War"},{"floor":9,"key":"Mercury Hourglass"},{"floor":11,"key":"Vajra"},{"floor":23,"key":"Toy Ornithopter"},{"floor":25,"key":"Happy Flower"},{"floor":26,"key":"Prayer Wheel"},{"floor":28,"key":"Whetstone"},{"floor":31,"key":"PreservedInsect"},{"floor":38,"key":"StrikeDummy"},{"floor":40,"key":"Unceasing Top"},{"floor":42,"key":"Oddly Smooth Stone"},{"floor":43,"key":"Pantograph"},{"floor":44,"key":"Juzu Bracelet"}],"event_choices":[{"damage_healed":0,"gold_gain":150,"player_choice":"AGREE","damage_taken":0,"max_hp_gain":0,"max_hp_loss":0,"event_name":"Liars Game","floor":2,"gold_loss":0,"cards_obtained":["Doubt"]},{"cards_removed":["Doubt"],"damage_healed":0,"gold_gain":0,"player_choice":"Forget","damage_taken":0,"max_hp_gain":0,"max_hp_loss":0,"event_name":"Living Wall","floor":3,"gold_loss":0},{"damage_healed":0,"gold_gain":0,"player_choice":"Stole Relic","damage_taken":0,"relics_obtained":["Smiling Mask"],"max_hp_gain":0,"max_hp_loss":0,"event_name":"Addict","floor":22,"gold_loss":0,"cards_obtained":["Shame"]},{"damage_healed":0,"gold_gain":0,"player_choice":"Ignored","damage_taken":0,"max_hp_gain":0,"max_hp_loss":0,"event_name":"Beggar","floor":30,"gold_loss":0},{"damage_healed":0,"gold_gain":0,"player_choice":"Memory 3","damage_taken":10,"max_hp_gain":0,"max_hp_loss":0,"event_name":"SensoryStone","floor":36,"gold_loss":0},{"cards_removed":["Coolheaded"],"damage_healed":0,"gold_gain":0,"player_choice":"Purged","damage_taken":0,"max_hp_gain":0,"max_hp_loss":0,"event_name":"Purifier","floor":46,"gold_loss":0},{"cards_removed":["Reboot"],"damage_healed":0,"gold_gain":0,"player_choice":"Removed Skill","damage_taken":0,"max_hp_gain":0,"max_hp_loss":0,"event_name":"Falling","floor":47,"gold_loss":0}],"is_beta":false,"boss_relics":[{"not_picked":["Calling Bell","Tiny House"],"picked":"Coffee Dripper"},{"not_picked":["Busted Crown","Cursed Key"],"picked":"Philosopher\u0027s Stone"}],"items_purged_floors":[10,27],"is_endless":false,"potions_floor_spawned":[5,8,13,16,20,25,28,37,41,42],"killed_by":"Jaw Worm Horde","ascension_level":20}}