{"host":"dz37y7s0f4dytpbs","time":1613922268,"event":{"mods":["AchievementEnabler","BaseMod","BetterRewards","Colored Map","Keyboard Shortcuts","Minty Spire (QoL Compilation)","Permanent Neow","StSLib","SuperFastMode","everything is the same but u backflip on backflip"],"gold_per_floor":[119,45,64,82,82,82,82,82,82,101,127,145,0,0,0,97,97,114,204,221,234,234,234],"floor_reached":22,"language":"KOR","playtime":1112,"items_purged":[],"score":242,"play_id":"292919ec-070e-43c6-9669-8ec734aec476","local_time":"20210222004428","is_ascension_mode":true,"campfire_choices":[{"data":"Defragment","floor":6.0,"key":"SMITH"},{"data":"Zap","floor":8.0,"key":"SMITH"},{"data":"White Noise","floor":15.0,"key":"SMITH"}],"circlet_count":0,"master_deck":["Strike_B","Strike_B","Strike_B","Defend_B","Defend_B","Defend_B","Defend_B","Zap+1","Dualcast","Go for the Eyes","Defragment+1","Rebound","Sunder","Auto Shields","Biased Cognition","White Noise+1","Creative AI","Conserve Battery","Forethought","Bandage Up","Stack+1","Coolheaded"],"relics":["Cracked Core","Oddly Smooth Stone","Eternal Feather","Regal Pillow","Ancient Tea Set","Cursed Key"],"acts_visited":["Exordium","TheCity"],"potions_floor_usage":[18,20,21,22],"damage_taken":[{"damage":4.0,"enemies":"2 Louse","floor":1.0,"turns":2.0},{"damage":5.0,"enemies":"Small Slimes","floor":3.0,"turns":3.0},{"damage":0.0,"enemies":"Cultist","floor":4.0,"turns":3.0},{"damage":0.0,"enemies":"Looter","floor":10.0,"turns":3.0},{"damage":30.0,"enemies":"3 Sentries","floor":11.0,"turns":8.0},{"damage":1.0,"enemies":"Blue Slaver","floor":12.0,"turns":2.0},{"damage":27.0,"enemies":"Slime Boss","floor":16.0,"turns":8.0},{"damage":25,"enemies":"Shell Parasite","floor":18,"turns":6},{"damage":16,"enemies":"Spheric Guardian","floor":20,"turns":6},{"damage":14,"enemies":"Shelled Parasite and Fungi","floor":21,"turns":8},{"damage":12,"enemies":"Chosen and Byrds","floor":22,"turns":6}],"seed_played":"-1305068609988181203","potions_obtained":[{"floor":11.0,"key":"EssenceOfSteel"},{"floor":12.0,"key":"CultistPotion"},{"floor":16.0,"key":"Regen Potion"},{"floor":20,"key":"Block Potion"},{"floor":21,"key":"Block Potion"}],"is_trial":false,"path_per_floor":["M","$","M","M","?","R","?","R","T","M","E","M","$","?","R","B",null,"M","?","M","M","M"],"character_chosen":"DEFECT","items_purchased":["Defragment","Ancient Tea Set"],"campfire_rested":0,"item_purchase_floors":[2,13],"current_hp_per_floor":[64,64,59,59,59,59,59,59,59,59,29,28,28,53,62,35,65,54,29,17,7,0,0],"gold":234,"neow_bonus":"RANDOM_COMMON_RELIC","is_daily":false,"chose_seed":false,"campfire_upgraded":3,"win_rate":0.0,"timestamp":1613922268,"path_taken":["M","$","M","M","?","R","?","R","T","M","E","?","$","?","R","BOSS","M","?","M","?","M"],"items_purchased_type":["Card","Relic"],"build_version":"2020-12-22","purchased_purges":0,"victory":false,"max_hp_per_floor":[75,75,75,75,75,75,75,75,75,75,75,75,75,75,75,75,75,75,75,75,75,75,75],"card_choices":[{"not_picked":["Stack","Ball Lightning"],"picked":"Go for the Eyes","floor":1.0},{"not_picked":["Beam Cell","Go for the Eyes"],"picked":"Rebound","floor":3.0},{"not_picked":["Barrage","Ball Lightning"],"picked":"Sunder","floor":4.0},{"not_picked":["Gash","Static Discharge"],"picked":"Auto Shields","floor":10.0},{"not_picked":["Blizzard","Consume"],"picked":"Biased Cognition","floor":11.0},{"not_picked":["Skim","Ball Lightning"],"picked":"White Noise","floor":12.0},{"not_picked":["Fission","All For One"],"picked":"Creative AI","floor":16.0},{"not_picked":["Cold Snap","Coolheaded"],"picked":"Conserve Battery","floor":18},{"not_picked":["Sweeping Beam","Compile Driver+1"],"picked":"Stack+1","floor":20},{"not_picked":["Barrage+1","Cold Snap"],"picked":"Coolheaded","floor":21}],"player_experience":328177,"relics_obtained":[{"floor":9.0,"key":"Eternal Feather"},{"floor":11.0,"key":"Regal Pillow"}],"event_choices":[{"damage_healed":0.0,"max_hp_gain":0.0,"max_hp_loss":0.0,"gold_gain":0.0,"event_name":"Liars Game","player_choice":"Ignored","floor":5.0,"gold_loss":0.0,"damage_taken":0.0},{"cards_removed":["Strike_B"],"damage_healed":0.0,"max_hp_gain":0.0,"max_hp_loss":0.0,"gold_gain":0.0,"event_name":"Bonfire Elementals","player_choice":"Offered Basic","floor":7.0,"gold_loss":0.0,"damage_taken":0.0},{"damage_healed":25.0,"max_hp_gain":0.0,"max_hp_loss":0.0,"gold_gain":0.0,"event_name":"Big Fish","player_choice":"Banana","floor":14.0,"gold_loss":0.0,"damage_taken":0.0},{"damage_healed":0,"gold_gain":90,"player_choice":"CARD CARD GOLD ","damage_taken":25,"max_hp_gain":0,"max_hp_loss":0,"event_name":"Knowing Skull","floor":19,"potions_obtained":[],"gold_loss":0,"cards_obtained":["Forethought","Bandage Up"]}],"is_beta":false,"boss_relics":[{"not_picked":["SacredBark","Snecko Eye"],"picked":"Cursed Key"}],"items_purged_floors":[],"is_endless":false,"potions_floor_spawned":[11,12,16,20,21],"killed_by":"Chosen and Byrds","ascension_level":6}}