{"host":"9ggpvbru8k8uxs3p","time":1613938753,"event":{"mods":["BaseMod","Challenge The Spire","Colored Map","Colored Powertips","Downfall","Highlight Path","Minty Spire (QoL Compilation)","Rare Cards Sparkle","StSLib","The Jungle"],"gold_per_floor":[99,115,115,115,128,145,145,173,189,145,145,145,145,145],"floor_reached":13,"language":"ENG","playtime":868,"items_purged":[],"score":83,"play_id":"2f5a0f95-c4fe-48b7-908b-8e8d3d26e7de","local_time":"20210221141913","is_ascension_mode":false,"campfire_choices":[{"data":"Neutralize","floor":1,"key":"SMITH"}],"circlet_count":0,"master_deck":["Strike_G","Strike_G","Strike_G","Strike_G","Strike_G","Defend_G","Defend_G","Defend_G","Defend_G","Defend_G","Survivor","Neutralize+1","Regret","Deadly Poison","Sucker Punch","Outmaneuver","Burst+1","Dagger Spray","Parasite"],"relics":["Ring of the Snake","Torii","Blue Candle","Pocketwatch"],"acts_visited":["Exordium"],"potions_floor_usage":[9],"damage_taken":[{"damage":5,"enemies":"Jaw Worm","floor":2,"turns":4},{"damage":0,"enemies":"Small Slimes","floor":5,"turns":3},{"damage":3,"enemies":"Cultist","floor":6,"turns":3},{"damage":48,"enemies":"Gremlin Nob","floor":8,"turns":5},{"damage":10,"enemies":"Large Slime","floor":9,"turns":5},{"damage":24,"enemies":"3 Sentries","floor":13,"turns":8}],"seed_played":"8500268009582456797","potions_obtained":[{"floor":5,"key":"SneckoOil"}],"is_trial":false,"path_per_floor":["R","M","?","T","M","M","T","E","M","?","?","?","E"],"character_chosen":"THE_SILENT","items_purchased":[],"campfire_rested":0,"item_purchase_floors":[],"current_hp_per_floor":[70,65,65,65,65,62,62,14,4,4,21,21,0,0],"gold":145,"neow_bonus":"ONE_RARE_RELIC","is_daily":false,"chose_seed":false,"campfire_upgraded":1,"win_rate":0.0,"timestamp":1613938753,"path_taken":["R","M","?","?","M","M","T","E","M","?","?","?","E"],"items_purchased_type":[],"build_version":"2020-12-22","purchased_purges":0,"victory":false,"max_hp_per_floor":[70,70,70,70,70,70,70,70,70,70,70,70,70,70],"card_choices":[{"not_picked":["Flechettes","Sucker Punch"],"picked":"Deadly Poison","floor":2},{"not_picked":["Dodge and Roll","Leg Sweep"],"picked":"Sucker Punch","floor":5},{"not_picked":["Heel Hook","Catalyst"],"picked":"Outmaneuver","floor":6},{"not_picked":["Backstab","Footwork"],"picked":"Burst","floor":8},{"not_picked":["Blade Dance","Dagger Throw"],"picked":"Dagger Spray","floor":9}],"player_experience":64691,"relics_obtained":[{"floor":7,"key":"Blue Candle"},{"floor":8,"key":"Pocketwatch"}],"event_choices":[{"damage_healed":0,"gold_gain":0,"player_choice":"Ignored","damage_taken":0,"max_hp_gain":0,"max_hp_loss":0,"event_name":"Golden Wing","floor":3,"gold_loss":0},{"damage_healed":0,"gold_gain":0,"player_choice":"Left Gold","damage_taken":0,"max_hp_gain":0,"max_hp_loss":0,"event_name":"World of Goop","floor":10,"gold_loss":44},{"damage_healed":17,"gold_gain":0,"player_choice":"Healed and dodged fight","damage_taken":0,"max_hp_gain":0,"max_hp_loss":0,"event_name":"Mushrooms","floor":11,"gold_loss":0,"cards_obtained":["Parasite"]},{"damage_healed":0,"gold_gain":0,"player_choice":"Grow","damage_taken":0,"max_hp_gain":0,"max_hp_loss":0,"event_name":"Living Wall","floor":12,"gold_loss":0,"cards_upgraded":["Burst"]}],"is_beta":false,"boss_relics":[],"items_purged_floors":[],"is_endless":false,"potions_floor_spawned":[5],"killed_by":"3 Sentries","ascension_level":0}}