{"host":"4amcrcg6ktw8dbzk","time":1613902112,"event":{"mods":["ATMod(°¢èªMod)","Act Like it!","BaseMod","Dota2Spire","Minty Spire (QoL Compilation)","MostiFishMod","Ruina","Spicy Shops","StSLib","Waifu the Spire","¡¾ÒÅÎï¿¨ÅÆ¡¿REMEMod"],"gold_per_floor":[119,44,55,78,78,78,109,109,109,140,170,21,35,68,68,147,147,164,164,176,189,215,241,35,66,91,91,91,109,143,161,161,234,234,248,263,279,294,309,344,369,369,369,369,369,386,416,436,436,436,436,436,436,97,129,129],"floor_reached":57,"language":"ZHS","playtime":2148,"items_purged":["Strike_P","Decay"],"score":3574,"play_id":"8d530774-5383-4595-b6ad-02e3ff9cfe1d","local_time":"20210221180832","is_ascension_mode":true,"campfire_choices":[{"data":"Eruption","floor":6.0,"key":"SMITH"},{"floor":8.0,"key":"RECALL"},{"data":"TalkToTheHand","floor":15.0,"key":"SMITH"},{"floor":28.0,"key":"REST"},{"data":"MostiFishMod:FlowState","floor":32.0,"key":"SMITH"},{"data":"AT_ChampionStep","floor":42.0,"key":"SMITH"},{"data":"AT_KingSlayer","floor":44.0,"key":"SMITH"},{"data":"InnerPeace","floor":49.0,"key":"SMITH"},{"data":"Pray","floor":53.0,"key":"SMITH"}],"circlet_count":0,"master_deck":["AscendersBane","Strike_P+1","Strike_P","Strike_P+1","Defend_P+1","Eruption+1","Vigilance+1","REME_Flogging+1","AT_KingSlayer+1","Crescendo","TalkToTheHand+1","ClearTheMind+1","AT_ChampionStep+1","Adaptation+1","LessonLearned+1","Tantrum+1","Pray+1","FearNoEvil+1","InnerPeace+1","FlurryOfBlows+1","MostiFishMod:FlowState+1","Vault+1","Adaptation+1","Vault+1","MostiFishMod:Speedup+1","TalkToTheHand+1","DeceiveReality"],"relics":["PureWater","DaveBox","REME_ComplimentaryCards","AT_ATBox","BirthdayGift-Tetrahedron","NeowsBlessing","SynthV:TestCard","Tiny Chest","Dota2Spire:MonkeyKingBar","MawBank","Membership Card","Du-Vu Doll","Empty Cage","Dota2Spire:EchoSabre","Dream Catcher","Bottled Tornado","Gambling Chip","Bag of Marbles","AT_ChloranthyRing","Dota2Spire:DivineRapier","GreenFoldingFan","Blood Vial","ArrowTower","Dota2Spire:Dagon","Dota2Spire:MantaStyle","Medical Kit","Nunchaku","AT_BellowingDragoncrestRing","DollysMirror"],"acts_visited":["Exordium","Exordium","TheBeyond","TheEnding"],"potions_floor_usage":[56,56],"damage_taken":[{"damage":0.0,"enemies":"Cultist","floor":1.0,"turns":1.0},{"damage":0.0,"enemies":"2 Louse","floor":3.0,"turns":1.0},{"damage":2.0,"enemies":"Lagavulin","floor":7.0,"turns":2.0},{"damage":2.0,"enemies":"Gremlin Nob","floor":10.0,"turns":2.0},{"damage":4.0,"enemies":"Jaw Worm","floor":11.0,"turns":2.0},{"damage":13.0,"enemies":"Exordium Thugs","floor":13.0,"turns":2.0},{"damage":2.0,"enemies":"Lagavulin","floor":14.0,"turns":2.0},{"damage":0.0,"enemies":"The Guardian","floor":16.0,"turns":1.0},{"damage":0.0,"enemies":"ruina:BadWolf","floor":18.0,"turns":1.0},{"damage":3.0,"enemies":"ruina:3_Bats","floor":20.0,"turns":2.0},{"damage":2.0,"enemies":"ruina:KnightOfDespair","floor":21.0,"turns":2.0},{"damage":4.0,"enemies":"ruina:Mountain","floor":23.0,"turns":3.0},{"damage":21.0,"enemies":"ruina:RoadHome","floor":25.0,"turns":2.0},{"damage":0.0,"enemies":"ruina:3_Scarecrows","floor":29.0,"turns":1.0},{"damage":11.0,"enemies":"ruina:ServantOfWrath","floor":30.0,"turns":2.0},{"damage":0.0,"enemies":"ruina:Woodsman","floor":31.0,"turns":1.0},{"damage":0.0,"enemies":"ruina:Red_and_Wolf","floor":33.0,"turns":1.0},{"damage":6.0,"enemies":"3 Darklings","floor":35.0,"turns":2.0},{"damage":6.0,"enemies":"Orb Walker","floor":36.0,"turns":2.0},{"damage":2.0,"enemies":"Writhing Mass","floor":37.0,"turns":1.0},{"damage":2.0,"enemies":"Spire Growth","floor":38.0,"turns":1.0},{"damage":2.0,"enemies":"3 Darklings","floor":39.0,"turns":1.0},{"damage":6.0,"enemies":"Giant Head","floor":40.0,"turns":2.0},{"damage":10.0,"enemies":"Mind Bloom Boss Battle","floor":41.0,"turns":3.0},{"damage":2.0,"enemies":"Maw","floor":46.0,"turns":1.0},{"damage":6.0,"enemies":"Reptomancer","floor":47.0,"turns":2.0},{"damage":27.0,"enemies":"Sphere and 2 Shapes","floor":48.0,"turns":2.0},{"damage":6.0,"enemies":"Time Eater","floor":50.0,"turns":2.0},{"damage":14.0,"enemies":"Awakened One","floor":51.0,"turns":4.0},{"damage":2.0,"enemies":"Shield and Spear","floor":55.0,"turns":1.0},{"damage":29,"enemies":"The Heart","floor":56,"turns":6}],"seed_played":"6848460392326683021","potions_obtained":[{"floor":3.0,"key":"SteroidPotion"},{"floor":7.0,"key":"Energy Potion"},{"floor":21.0,"key":"DuplicationPotion"},{"floor":35.0,"key":"REME_GoldPotion"},{"floor":38.0,"key":"Dota2Spire:HealingSalve"}],"is_trial":false,"path_per_floor":["M","$","M","T","?","R","E","R","T","E","M","$","M","E","R","B",null,"M","?","M","M","T","E","$","E","T","T","R","M","E","M","R","B",null,"M","M","M","M","M","E","?","R","T","R","?","M","E","M","R","B","B",null,"R","$","E","B",null],"character_chosen":"WATCHER","items_purchased":["Membership Card","Bottled Tornado","FearNoEvil","Medical Kit","Nunchaku","AT_BellowingDragoncrestRing","DollysMirror"],"campfire_rested":1,"item_purchase_floors":[12,24,24,54,54,54,54],"current_hp_per_floor":[61,61,61,61,54,54,52,52,52,50,46,46,33,31,31,31,59,59,59,56,54,54,50,50,29,29,29,49,49,38,38,38,38,61,65,68,68,68,68,68,68,68,68,68,68,68,68,51,51,57,55,65,65,65,68,61],"gold":129,"neow_bonus":"THREE_ENEMY_KILL","is_daily":false,"chose_seed":false,"campfire_upgraded":7,"win_rate":0.0,"timestamp":1613902112,"path_taken":["M","$","M","?","?","R","E","R","T","E","M","?","M","E","R","BOSS","M","?","M","?","?","E","$","E","T","?","R","M","E","M","R","BOSS","M","M","M","M","M","E","?","R","T","R","?","M","E","M","R","BOSS","BOSS","R","$","E","BOSS"],"items_purchased_type":["Relic","Relic","Card","Relic","Relic","Relic","Relic"],"build_version":"2020-12-22","purchased_purges":2,"victory":true,"max_hp_per_floor":[68,68,68,68,68,68,68,68,68,68,68,68,68,68,68,68,68,68,68,68,68,68,68,68,68,68,68,68,68,68,68,68,68,68,68,68,68,68,68,68,68,68,68,68,68,68,68,68,68,68,68,68,68,68,68,68],"card_choices":[{"not_picked":["ThirdEye","Halt"],"picked":"Crescendo","floor":1.0},{"not_picked":["Nirvana","BowlingBash","Prostrate","SashWhip","CutThroughFate"],"picked":"SKIP","floor":3.0},{"not_picked":["Crescendo","EmptyFist","ReachHeaven","Protect","PathToVictory"],"picked":"SKIP","floor":7.0},{"not_picked":["REME_MusicOfDeath","MostiFishMod:Pointsdynamics","CutThroughFate","CrushJoints"],"picked":"TalkToTheHand","floor":10.0},{"not_picked":["SignatureMove","CarveReality","EmptyBody","WaveOfTheHand"],"picked":"ClearTheMind","floor":11.0},{"not_picked":["FollowUp","EmptyFist","Collect","FlyingSleeves"],"picked":"AT_ChampionStep","floor":13.0},{"not_picked":["Collect","Indignation","FlyingSleeves","REME_Repentance"],"picked":"Adaptation","floor":14.0},{"not_picked":["MostiFishMod:Moonprays","DeusExMachina","MostiFishMod:Unraveling","Wish"],"picked":"LessonLearned","floor":16.0},{"not_picked":["CutThroughFate","MostiFishMod:Nomercy","FearNoEvil","Meditate"],"picked":"Tantrum","floor":18.0},{"not_picked":["REME_Repentance","FollowUp","EmptyMind","Evaluate","CutThroughFate"],"picked":"SKIP","floor":20.0},{"not_picked":["ClearTheMind","EmptyFist","MostiFishMod:Nomercy","LikeWater+1"],"picked":"Pray","floor":21.0},{"not_picked":["PathToVictory+1","SashWhip","Fasting2+1","Tantrum","Protect"],"picked":"SKIP","floor":23.0},{"not_picked":["ClearTheMind","DevaForm","PathToVictory","AT_ChampionStep+1"],"picked":"InnerPeace","floor":25.0},{"not_picked":["SashWhip","ClearTheMind","FlyingSleeves+1","BowlingBash"],"picked":"FlurryOfBlows+1","floor":29.0},{"not_picked":["ClearTheMind","LikeWater","Weave","DeceiveReality","AT_ChampionStep"],"picked":"SKIP","floor":30.0},{"not_picked":["Halt","REME_Repentance","CrushJoints","REME_WorshipGod"],"picked":"MostiFishMod:FlowState","floor":31.0},{"not_picked":["MostiFishMod:Unraveling","AT_IrregularMenstruation","LessonLearned","Brilliance"],"picked":"Vault","floor":33.0},{"not_picked":["FollowUp","EmptyBody","Prostrate+1","REME_Repentance+1","WaveOfTheHand"],"picked":"SKIP","floor":35.0},{"not_picked":["Evaluate","Prostrate","SashWhip","EmptyBody"],"picked":"Adaptation","floor":36.0},{"not_picked":["Prostrate+1","Evaluate","CutThroughFate","Adaptation+1","SashWhip"],"picked":"SKIP","floor":37.0},{"not_picked":["ReachHeaven","ThirdEye","Wireheading+1","LessonLearned","Consecrate"],"picked":"SKIP","floor":38.0},{"not_picked":["JustLucky","Worship","PathToVictory+1","FollowUp","Prostrate"],"picked":"SKIP","floor":39.0},{"not_picked":["Meditate","JustLucky","CrushJoints","AT_DivineConfetti","AT_SoftenMuscles"],"picked":"SKIP","floor":40.0},{"not_picked":["DeceiveReality","CrushJoints","Worship","PathToVictory+1"],"picked":"Vault","floor":41.0},{"not_picked":["Halt+1","JustLucky","ThirdEye","BattleHymn+1","BowlingBash+1"],"picked":"SKIP","floor":46.0},{"not_picked":["AT_RealFormLess","Prostrate","CutThroughFate","Halt"],"picked":"MostiFishMod:Speedup+1","floor":47.0},{"not_picked":["SashWhip","MostiFishMod:Minus","EmptyFist","Prostrate+1","Wireheading+1"],"picked":"SKIP","floor":48.0},{"not_picked":["ClearTheMind","MostiFishMod:Nomercy+1","CrushJoints","SashWhip"],"picked":"DeceiveReality","floor":55.0}],"player_experience":405961,"relics_obtained":[{"floor":1.0,"key":"SynthV:TestCard"},{"floor":7.0,"key":"Tiny Chest"},{"floor":9.0,"key":"Dota2Spire:MonkeyKingBar"},{"floor":10.0,"key":"MawBank"},{"floor":14.0,"key":"Du-Vu Doll"},{"floor":22.0,"key":"Dota2Spire:EchoSabre"},{"floor":23.0,"key":"Dream Catcher"},{"floor":25.0,"key":"Gambling Chip"},{"floor":26.0,"key":"Bag of Marbles"},{"floor":27.0,"key":"AT_ChloranthyRing"},{"floor":30.0,"key":"Dota2Spire:DivineRapier"},{"floor":40.0,"key":"Blood Vial"},{"floor":41.0,"key":"ArrowTower"},{"floor":43.0,"key":"Dota2Spire:Dagon"},{"floor":47.0,"key":"Dota2Spire:MantaStyle"}],"event_choices":[{"cards_removed":["Defend_P"],"damage_healed":0.0,"max_hp_gain":0.0,"max_hp_loss":0.0,"gold_gain":0.0,"event_name":"Golden Wing","player_choice":"Card Removal","floor":5.0,"gold_loss":0.0,"damage_taken":7.0},{"damage_healed":0.0,"max_hp_gain":0.0,"max_hp_loss":0.0,"gold_gain":0.0,"event_name":"MindBloom","player_choice":"Fight","floor":41.0,"gold_loss":0.0,"damage_taken":0.0},{"damage_healed":0.0,"max_hp_gain":0.0,"max_hp_loss":0.0,"gold_gain":0.0,"event_name":"Match and Keep!","player_choice":"0 cards matched","floor":45.0,"gold_loss":0.0,"damage_taken":0.0,"cards_obtained":[]}],"is_beta":false,"boss_relics":[{"not_picked":["Philosopher\u0027s Stone","PatriotShield"],"picked":"Empty Cage"},{"not_picked":["JellyFishMachine","REME_ChargedStone"],"picked":"GreenFoldingFan"}],"items_purged_floors":[2,54],"is_endless":false,"potions_floor_spawned":[3,7,10,11,20,21,25,30,35,38,41,55],"ascension_level":20}}