{"host":"g3js2eermvvpeiqn","time":1613906286,"event":{"mods":["BaseMod","DeckTracker","Downfall","Minty Spire (QoL Compilation)","Quick Restart","StSLib"],"gold_per_floor":[111,111,54,73,53,53,81,95,118,136,152,22,22,53,53,53,53],"floor_reached":16,"language":"ENG","playtime":491,"items_purged":["Strike_P"],"score":245,"play_id":"5b6bbbd0-397b-41c3-8913-2ee7df681c99","local_time":"20210221051806","is_ascension_mode":true,"campfire_choices":[{"data":"EmptyFist","floor":6.0,"key":"SMITH"},{"data":"PathToVictory","floor":13.0,"key":"SMITH"},{"data":"Meditate","floor":15.0,"key":"SMITH"}],"circlet_count":0,"master_deck":["AscendersBane","Strike_P","Strike_P","Strike_P","Defend_P","Defend_P","Defend_P","Eruption","Vigilance","Meditate+1","EmptyFist+1","CarveReality","PathToVictory+1","Protect"],"relics":["PureWater","Bag of Preparation","Strawberry","Anchor"],"acts_visited":["Exordium"],"potions_floor_usage":[16,16],"damage_taken":[{"damage":0.0,"enemies":"Jaw Worm","floor":1.0,"turns":2.0},{"damage":2.0,"enemies":"Cultist","floor":4.0,"turns":3.0},{"damage":36.0,"enemies":"Gremlin Nob","floor":7.0,"turns":4.0},{"damage":1.0,"enemies":"2 Louse","floor":8.0,"turns":2.0},{"damage":1.0,"enemies":"Exordium Thugs","floor":10.0,"turns":2.0},{"damage":1.0,"enemies":"Red Slaver","floor":11.0,"turns":2.0},{"damage":3.0,"enemies":"Lagavulin","floor":14.0,"turns":5.0},{"damage":19,"enemies":"Hexaghost","floor":16,"turns":9}],"seed_played":"6277431135134493065","potions_obtained":[{"floor":4.0,"key":"FearPotion"},{"floor":8.0,"key":"SpeedPotion"},{"floor":10.0,"key":"FearPotion"},{"floor":14.0,"key":"Weak Potion"}],"is_trial":false,"path_per_floor":["M","?","$","M","?","R","E","M","T","M","M","$","R","E","R","B"],"character_chosen":"WATCHER","items_purchased":["Fire Potion","Protect"],"campfire_rested":0,"item_purchase_floors":[3,12],"current_hp_per_floor":[55,55,55,53,53,53,17,16,23,22,21,21,21,18,18,0,0],"gold":53,"neow_bonus":"TWENTY_PERCENT_HP_BONUS","is_daily":false,"chose_seed":false,"campfire_upgraded":3,"win_rate":0.0,"timestamp":1613906286,"path_taken":["M","?","?","M","?","R","E","M","T","?","M","?","R","E","R","BOSS"],"items_purchased_type":["Potion","Card"],"build_version":"2020-12-22","purchased_purges":1,"victory":false,"max_hp_per_floor":[80,80,80,80,80,80,80,80,87,87,87,87,87,87,87,87,87],"card_choices":[{"not_picked":["SashWhip","ClearTheMind"],"picked":"Meditate","floor":1.0},{"not_picked":["JustLucky","Wireheading"],"picked":"EmptyFist","floor":4.0},{"not_picked":["Halt","Vengeance","JustLucky"],"picked":"SKIP","floor":7.0},{"not_picked":["Evaluate","Study"],"picked":"CarveReality","floor":8.0},{"not_picked":["Consecrate","Halt"],"picked":"PathToVictory","floor":10.0},{"not_picked":["Adaptation","Prostrate","BowlingBash"],"picked":"SKIP","floor":11.0},{"not_picked":["ForeignInfluence","Crescendo","Nirvana"],"picked":"SKIP","floor":14.0}],"player_experience":1545804,"relics_obtained":[{"floor":7.0,"key":"Bag of Preparation"},{"floor":9.0,"key":"Strawberry"},{"floor":14.0,"key":"Anchor"}],"event_choices":[{"cards_removed":["Defend_P"],"damage_healed":0.0,"max_hp_gain":0.0,"max_hp_loss":0.0,"gold_gain":0.0,"event_name":"Bonfire Elementals","player_choice":"Offered Basic","floor":2.0,"gold_loss":0.0,"damage_taken":0.0},{"damage_healed":0.0,"max_hp_gain":0.0,"max_hp_loss":0.0,"gold_gain":0.0,"event_name":"The Woman in Blue","player_choice":"Bought 1 Potion","floor":5.0,"gold_loss":0.0,"damage_taken":0.0}],"is_beta":false,"boss_relics":[],"items_purged_floors":[12],"is_endless":false,"potions_floor_spawned":[4,8,10,14],"killed_by":"Hexaghost","ascension_level":20}}