{"host":"1xo5g347e5o4auts","time":1613898850,"event":{"mods":["BaseMod","Minty Spire (QoL Compilation)","Permanent Neow","StSLib"],"gold_per_floor":[112,124,174,185,195,195,228,241,310,310,157,170,170,199,199,272,272,290,290,304,324,339,364,364,398,398,398,467,467,493,505,505,505,505],"floor_reached":33,"language":"ENG","playtime":850,"items_purged":["Strike_R"],"score":659,"play_id":"3a1006cc-812e-41ea-8a9b-5bd632dac9a7","local_time":"20210221111410","is_ascension_mode":true,"campfire_choices":[{"data":"Anger","floor":6.0,"key":"SMITH"},{"data":"Twin Strike","floor":10.0,"key":"SMITH"},{"data":"Bash","floor":15.0,"key":"SMITH"},{"data":"Power Through","floor":24.0,"key":"SMITH"},{"data":"Shrug It Off","floor":29.0,"key":"SMITH"},{"data":"Spot Weakness","floor":32.0,"key":"SMITH"}],"circlet_count":0,"master_deck":["AscendersBane","Defend_R","Defend_R","Defend_R","Defend_R","Bash+1","Power Through+1","Anger+1","Twin Strike+1","Shrug It Off+1","Carnage+1","Immolate+1","Feed+1","Reckless Charge+1","Bite+1","Bite+1","Bite+1","Bite+1","Bite+1","Headbutt+1","Writhe","Corruption+1","Spot Weakness+1"],"relics":["Burning Blood","Gambling Chip","Blue Candle","Molten Egg 2","Ginger","SlaversCollar","Strawberry","Ice Cream","Self Forming Clay","The Courier","Frozen Egg 2","MealTicket"],"acts_visited":["Exordium","TheCity"],"potions_floor_usage":[],"damage_taken":[{"damage":8.0,"enemies":"Jaw Worm","floor":1.0,"turns":6.0},{"damage":6.0,"enemies":"Cultist","floor":2.0,"turns":3.0},{"damage":7.0,"enemies":"Small Slimes","floor":4.0,"turns":3.0},{"damage":11.0,"enemies":"Red Slaver","floor":5.0,"turns":4.0},{"damage":30.0,"enemies":"Lagavulin","floor":7.0,"turns":5.0},{"damage":11.0,"enemies":"2 Fungi Beasts","floor":8.0,"turns":4.0},{"damage":8.0,"enemies":"Blue Slaver","floor":12.0,"turns":4.0},{"damage":25.0,"enemies":"3 Sentries","floor":14.0,"turns":7.0},{"damage":8.0,"enemies":"Slime Boss","floor":16.0,"turns":7.0},{"damage":39.0,"enemies":"Shell Parasite","floor":18.0,"turns":4.0},{"damage":0.0,"enemies":"Chosen","floor":20.0,"turns":3.0},{"damage":27.0,"enemies":"Snecko","floor":21.0,"turns":6.0},{"damage":25.0,"enemies":"Snake Plant","floor":22.0,"turns":4.0},{"damage":33.0,"enemies":"Gremlin Leader","floor":23.0,"turns":5.0},{"damage":30.0,"enemies":"Slavers","floor":25.0,"turns":5.0},{"damage":54.0,"enemies":"Book of Stabbing","floor":30.0,"turns":5.0},{"damage":24.0,"enemies":"Sentry and Sphere","floor":31.0,"turns":6.0},{"damage":91,"enemies":"Champ","floor":33,"turns":10}],"seed_played":"-7014005025181069784","potions_obtained":[{"floor":2.0,"key":"FearPotion"},{"floor":8.0,"key":"FairyPotion"},{"floor":12.0,"key":"ColorlessPotion"},{"floor":13.0,"key":"Fruit Juice"},{"floor":13.0,"key":"GamblersBrew"},{"floor":22.0,"key":"FairyPotion"},{"floor":31.0,"key":"Ancient Potion"}],"is_trial":false,"path_per_floor":["M","M","?","M","M","R","E","M","T","R","$","M","?","E","R","B",null,"M","?","M","M","M","E","R","E","T","?","T","R","E","M","R","B"],"character_chosen":"IRONCLAD","items_purchased":["Carnage+1"],"campfire_rested":0,"item_purchase_floors":[11],"current_hp_per_floor":[66,66,60,59,54,54,30,25,25,25,25,23,28,9,9,7,57,28,28,46,41,25,27,27,16,16,16,16,16,15,16,16,0,0],"gold":505,"neow_bonus":"ONE_RARE_RELIC","is_daily":false,"chose_seed":false,"campfire_upgraded":6,"win_rate":0.0,"timestamp":1613898850,"path_taken":["M","M","?","M","M","R","E","M","T","R","$","?","?","E","R","BOSS","M","?","M","M","M","E","R","E","T","?","?","R","E","M","R","BOSS"],"items_purchased_type":["Card"],"build_version":"2020-12-22","purchased_purges":1,"victory":false,"max_hp_per_floor":[68,68,68,68,68,68,68,68,68,68,68,68,73,73,73,73,73,77,53,53,53,53,64,64,68,68,68,68,68,68,72,72,72,72],"card_choices":[{"not_picked":["Body Slam","Headbutt"],"picked":"Power Through","floor":1.0},{"not_picked":["Blood for Blood","Twin Strike"],"picked":"Anger","floor":2.0},{"not_picked":["Clash","Dual Wield"],"picked":"Twin Strike","floor":4.0},{"not_picked":["Flex","Iron Wave","Dark Embrace"],"picked":"SKIP","floor":5.0},{"not_picked":["Iron Wave","Anger"],"picked":"Shrug It Off","floor":7.0},{"not_picked":["Sword Boomerang","Ghostly Armor","Dual Wield"],"picked":"SKIP","floor":8.0},{"not_picked":["Ghostly Armor","Fire Breathing","Combust"],"picked":"SKIP","floor":12.0},{"not_picked":["Heavy Blade+1","Pommel Strike+1"],"picked":"Immolate+1","floor":14.0},{"not_picked":["Bludgeon+1","Barricade"],"picked":"Feed+1","floor":16.0},{"not_picked":["Twin Strike+1","Warcry"],"picked":"Reckless Charge+1","floor":18.0},{"not_picked":["Cleave+1","Anger+1","Shrug It Off"],"picked":"SKIP","floor":20.0},{"not_picked":["Thunderclap+1","Bloodletting","Hemokinesis+1"],"picked":"SKIP","floor":21.0},{"not_picked":["Searing Blow+1","Clash+1","Brutality"],"picked":"SKIP","floor":22.0},{"not_picked":["Headbutt+1","Power Through","Iron Wave+1"],"picked":"SKIP","floor":23.0},{"not_picked":["Power Through","Iron Wave+1"],"picked":"Headbutt+1","floor":23.0},{"not_picked":["Seeing Red","Intimidate","Havoc"],"picked":"SKIP","floor":25.0},{"not_picked":["Headbutt+1","Warcry"],"picked":"Corruption+1","floor":30.0},{"not_picked":["True Grit","Warcry"],"picked":"Spot Weakness","floor":31.0}],"player_experience":1502727,"relics_obtained":[{"floor":7.0,"key":"Blue Candle"},{"floor":9.0,"key":"Molten Egg 2"},{"floor":14.0,"key":"Ginger"},{"floor":23.0,"key":"Strawberry"},{"floor":25.0,"key":"Ice Cream"},{"floor":26.0,"key":"Self Forming Clay"},{"floor":28.0,"key":"Frozen Egg 2"},{"floor":30.0,"key":"MealTicket"}],"event_choices":[{"damage_healed":0.0,"max_hp_gain":0.0,"max_hp_loss":0.0,"gold_gain":50.0,"event_name":"FaceTrader","player_choice":"Touch","floor":3.0,"gold_loss":0.0,"damage_taken":6.0},{"damage_healed":0.0,"max_hp_gain":0.0,"max_hp_loss":0.0,"gold_gain":0.0,"event_name":"Lab","player_choice":"Got Potions","floor":13.0,"gold_loss":0.0,"damage_taken":0.0},{"damage_healed":0.0,"max_hp_gain":0.0,"max_hp_loss":24.0,"gold_gain":0.0,"event_name":"Vampires","player_choice":"Became a vampire","floor":19.0,"gold_loss":0.0,"damage_taken":0.0,"cards_obtained":["Bite","Bite","Bite","Bite","Bite"]},{"damage_healed":0.0,"max_hp_gain":0.0,"max_hp_loss":0.0,"gold_gain":0.0,"event_name":"The Mausoleum","player_choice":"Opened","floor":27.0,"gold_loss":0.0,"damage_taken":0.0,"relics_obtained":["The Courier"],"cards_obtained":["Writhe"]}],"is_beta":false,"boss_relics":[{"not_picked":["Runic Dome","Calling Bell"],"picked":"SlaversCollar"}],"items_purged_floors":[11],"is_endless":false,"potions_floor_spawned":[2,8,12,14,21,22,25,31],"killed_by":"Champ","ascension_level":20}}