{"host":"8vqkh0x3c7vpgzzm","time":1613903961,"event":{"mods":["AchievementEnabler","BaseMod","Colored Map","Colored Powertips","Curses Come First","DeckTracker","Highlight Path","Minty Spire (QoL Compilation)","Permanent Neow","Quick Restart","Random Character Mod","Rare Cards Sparkle","Relic Sorter","Relic Stats","StSLib","SuperFastMode","Unceasing Turn Reminder","egg","everything is the same but u backflip on backflip"],"gold_per_floor":[20,33,52,52,26,26,45,45,69,88,117,117,129,139,139,216,216,236,236,161,176,73,73,102,102,102,102,102,4,24,43,43,114,114,128,173,187,26,26,26,43,43,43,43,43,56,12,43,43,43],"floor_reached":51,"language":"ENG","playtime":2243,"items_purged":["Strike_G"],"score":1430,"play_id":"55e30b67-065c-4060-8a93-ced34adb054c","local_time":"20210221113921","is_ascension_mode":true,"campfire_choices":[{"data":"Neutralize","floor":6,"key":"SMITH"},{"data":"Accuracy","floor":8,"key":"SMITH"},{"data":"Blade Dance","floor":12,"key":"SMITH"},{"floor":15,"key":"REST"},{"data":"Adrenaline","floor":23,"key":"SMITH"},{"data":"Tools of the Trade","floor":25,"key":"SMITH"},{"floor":27,"key":"REST"},{"data":"Cloak And Dagger","floor":32,"key":"SMITH"},{"data":"Wraith Form v2","floor":40,"key":"SMITH"},{"data":"Fusion","floor":42,"key":"SMITH"},{"data":"Calculated Gamble","floor":44,"key":"SMITH"},{"data":"Dash","floor":49,"key":"SMITH"}],"circlet_count":0,"master_deck":["AscendersBane","Defend_G","Defend_G","Defend_G","Survivor","Neutralize+1","All Out Attack","Blade Dance","Blade Dance","Dagger Spray","Accuracy+1","Blade Dance+1","Dash+1","Noxious Fumes","Tools of the Trade+1","Adrenaline+1","Storm of Steel+1","Distraction+1","Catalyst+1","Outmaneuver","Calculated Gamble+1","Backflip","Backstab","Noxious Fumes","Cloak And Dagger+1","Blade Dance","Wraith Form v2+1","Blade Dance+1","Prepared+1","Fusion+1","CrushJoints+1","Crippling Poison","SashWhip+1"],"relics":["Ring of the Snake","MealTicket","Orichalcum","Astrolabe","Dead Branch","Shuriken","Runic Dome","Bird Faced Urn","PrismaticShard","Meat on the Bone","Bag of Marbles"],"acts_visited":["Exordium","TheCity","TheBeyond"],"potions_floor_usage":[10,33,50,50],"damage_taken":[{"damage":7,"enemies":"Jaw Worm","floor":1,"turns":7},{"damage":0,"enemies":"Cultist","floor":2,"turns":3},{"damage":7,"enemies":"2 Louse","floor":3,"turns":2},{"damage":3,"enemies":"Looter","floor":7,"turns":3},{"damage":4,"enemies":"Exordium Wildlife","floor":10,"turns":3},{"damage":2,"enemies":"Lagavulin","floor":11,"turns":5},{"damage":3,"enemies":"Blue Slaver","floor":13,"turns":4},{"damage":6,"enemies":"Exordium Thugs","floor":14,"turns":4},{"damage":33,"enemies":"Slime Boss","floor":16,"turns":6},{"damage":12,"enemies":"2 Thieves","floor":18,"turns":2},{"damage":15,"enemies":"Shell Parasite","floor":21,"turns":3},{"damage":17,"enemies":"Slavers","floor":24,"turns":4},{"damage":0,"enemies":"3 Cultists","floor":30,"turns":2},{"damage":4,"enemies":"Centurion and Healer","floor":31,"turns":2},{"damage":25,"enemies":"Automaton","floor":33,"turns":6},{"damage":0,"enemies":"Orb Walker","floor":35,"turns":1},{"damage":0,"enemies":"2 Orb Walkers","floor":36,"turns":1},{"damage":0,"enemies":"3 Shapes","floor":37,"turns":3},{"damage":0,"enemies":"3 Darklings","floor":41,"turns":1},{"damage":0,"enemies":"Transient","floor":46,"turns":5},{"damage":0,"enemies":"Reptomancer","floor":48,"turns":4},{"damage":71,"enemies":"Time Eater","floor":50,"turns":8}],"seed_played":"9173011193191835963","potions_obtained":[{"floor":3,"key":"Energy Potion"},{"floor":4,"key":"SkillPotion"},{"floor":11,"key":"Ancient Potion"},{"floor":21,"key":"BlessingOfTheForge"},{"floor":30,"key":"AttackPotion"},{"floor":35,"key":"GamblersBrew"},{"floor":37,"key":"Dexterity Potion"}],"is_trial":false,"path_per_floor":["M","M","M","?","$","R","M","R","T","M","E","R","M","M","R","B",null,"M","?","?","M","$","R","E","R","T","R","?","$","M","M","R","B",null,"M","?","M","$","?","R","M","R","T","R","$","M","$","E","R","B",null],"character_chosen":"THE_SILENT","items_purchased":["Dagger Spray","Backflip","Noxious Fumes","Cloak And Dagger","PrismaticShard","Crippling Poison"],"campfire_rested":2,"item_purchase_floors":[5,22,29,29,38,47],"current_hp_per_floor":[52,52,45,45,45,45,42,42,42,38,36,36,33,27,46,13,53,41,41,41,26,41,41,24,24,24,43,56,66,66,62,62,37,59,59,59,65,66,63,63,63,63,63,63,63,63,63,63,63,14],"gold":43,"neow_bonus":"REMOVE_TWO","is_daily":false,"chose_seed":false,"campfire_upgraded":10,"win_rate":0.0,"timestamp":1613903961,"path_taken":["M","M","M","?","$","R","M","R","T","M","E","R","?","M","R","BOSS","M","?","?","?","$","R","E","R","T","R","?","?","M","?","R","BOSS","M","?","M","$","?","R","M","R","T","R","$","M","$","E","R","BOSS"],"items_purchased_type":["Card","Card","Card","Card","Relic","Card"],"build_version":"2020-12-22","purchased_purges":1,"victory":true,"max_hp_per_floor":[66,66,66,66,66,66,66,66,66,66,66,66,66,66,66,66,66,66,66,66,66,66,66,66,66,66,66,66,66,66,66,66,66,66,66,66,66,66,63,63,63,63,63,63,63,63,63,63,63,63],"relic_stats":{"counters":[22,79],"Shuriken":[60],"Astrolabe":["Storm of Steel","Distraction","Catalyst"],"Dead Branch":[201],"Bird Faced Urn":[16],"MealTicket":26,"Orichalcum":[66],"obtain_stats":[{"Runic Dome":34,"Shuriken":26,"Astrolabe":17,"Dead Branch":24,"Bird Faced Urn":36,"MealTicket":9,"Bag of Marbles":48,"Orichalcum":11,"PrismaticShard":38,"Ring of the Snake":0,"Meat on the Bone":43},{"Runic Dome":15,"Shuriken":12,"Astrolabe":9,"Dead Branch":12,"Bird Faced Urn":17,"MealTicket":4,"Bag of Marbles":21,"Orichalcum":6,"PrismaticShard":18,"Ring of the Snake":0,"Meat on the Bone":19},{"Runic Dome":56,"Shuriken":46,"Astrolabe":37,"Dead Branch":46,"Bird Faced Urn":58,"MealTicket":15,"Bag of Marbles":71,"Orichalcum":23,"PrismaticShard":61,"Ring of the Snake":0,"Meat on the Bone":62}],"Ring of the Snake":[44],"Meat on the Bone":12},"card_choices":[{"not_picked":["Underhanded Strike","Escape Plan"],"picked":"All Out Attack","floor":1},{"not_picked":["PiercingWail","Dodge and Roll"],"picked":"Blade Dance","floor":2},{"not_picked":["Quick Slash","Dagger Spray"],"picked":"Blade Dance","floor":3},{"not_picked":["Leg Sweep","Backflip"],"picked":"Accuracy","floor":7},{"not_picked":["PiercingWail","Flechettes"],"picked":"Blade Dance","floor":10},{"not_picked":["Flying Knee","Deadly Poison"],"picked":"Dash","floor":11},{"not_picked":["Endless Agony","Dash"],"picked":"Noxious Fumes","floor":13},{"not_picked":["Quick Slash","Bane"],"picked":"Tools of the Trade","floor":14},{"not_picked":["Night Terror","Bullet Time"],"picked":"Adrenaline","floor":16},{"not_picked":["Flying Knee","Deadly Poison"],"picked":"Outmaneuver","floor":18},{"not_picked":["Quick Slash+1","Skewer"],"picked":"Calculated Gamble","floor":21},{"not_picked":["Cloak And Dagger","Skewer"],"picked":"Backstab","floor":24},{"not_picked":["Cloak And Dagger","Flechettes"],"picked":"Blade Dance","floor":30},{"not_picked":["Flying Knee","Grand Finale","Dagger Throw"],"picked":"SKIP","floor":31},{"not_picked":["Storm of Steel","Grand Finale"],"picked":"Wraith Form v2","floor":33},{"not_picked":["Slice","Flying Knee","Cloak And Dagger"],"picked":"SKIP","floor":35},{"not_picked":["Choke","Flying Knee"],"picked":"Blade Dance+1","floor":36},{"not_picked":["Dagger Spray","Bouncing Flask+1"],"picked":"Prepared+1","floor":37},{"not_picked":["Phantasmal Killer","FlyingSleeves+1"],"picked":"Fusion","floor":41},{"not_picked":["Metallicize","Gash"],"picked":"CrushJoints+1","floor":46},{"not_picked":["Perfected Strike","Deadly Poison"],"picked":"SashWhip+1","floor":48}],"player_experience":593750,"relics_obtained":[{"floor":9,"key":"MealTicket"},{"floor":11,"key":"Orichalcum"},{"floor":24,"key":"Dead Branch"},{"floor":26,"key":"Shuriken"},{"floor":36,"key":"Bird Faced Urn"},{"floor":43,"key":"Meat on the Bone"},{"floor":48,"key":"Bag of Marbles"}],"event_choices":[{"damage_healed":0,"gold_gain":0,"player_choice":"Got Potions","damage_taken":0,"max_hp_gain":0,"max_hp_loss":0,"event_name":"Lab","floor":4,"gold_loss":0},{"damage_healed":0,"gold_gain":0,"player_choice":"Ignored","damage_taken":0,"max_hp_gain":0,"max_hp_loss":0,"event_name":"Vampires","floor":19,"gold_loss":0},{"cards_removed":["Strike_G"],"damage_healed":0,"gold_gain":0,"player_choice":"Gave Gold","damage_taken":0,"max_hp_gain":0,"max_hp_loss":0,"event_name":"Beggar","floor":20,"gold_loss":75},{"damage_healed":13,"gold_gain":0,"player_choice":"Heal","damage_taken":0,"max_hp_gain":0,"max_hp_loss":0,"event_name":"The Library","floor":28,"gold_loss":0},{"damage_healed":0,"gold_gain":0,"player_choice":"Fight","damage_taken":0,"max_hp_gain":0,"max_hp_loss":0,"event_name":"Mysterious Sphere","floor":36,"gold_loss":0},{"damage_healed":0,"gold_gain":0,"player_choice":"Max HP","damage_taken":0,"max_hp_gain":0,"max_hp_loss":3,"event_name":"Winding Halls","floor":39,"gold_loss":0}],"is_beta":false,"boss_relics":[{"not_picked":["Tiny House","SlaversCollar"],"picked":"Astrolabe"},{"not_picked":["Ring of the Serpent","Calling Bell"],"picked":"Runic Dome"}],"items_purged_floors":[22],"is_endless":false,"potions_floor_spawned":[3,7,11,21,30,31,35,37,48],"ascension_level":19}}