{"host":"iawk615p0198zs2h","time":1613939400,"event":{"mods":["BaseMod","Better Third Choice","BetterRewards","Downfall","Gold Saver","Infinite Spire","Minty Spire (QoL Compilation)","Quick Restart","Rare Cards Sparkle","Spicy Shops","StSLib","The Necromancer"],"gold_per_floor":[118,118,118,131,2,2,43,61,84,84,119,143,168,243,243,373,373,393,409,508,528,552,552,552],"floor_reached":23,"language":"ENG","playtime":1484,"items_purged":["Strike_R","Strike_R"],"score":251,"play_id":"2961de85-09c6-491c-9c49-6e1648e6725d","local_time":"20210221213000","is_ascension_mode":true,"campfire_choices":[{"data":"Armaments","floor":6,"key":"SMITH"},{"data":"infinitespire:OneForAll","floor":10,"key":"SMITH"},{"floor":15,"key":"RECALL"}],"circlet_count":0,"master_deck":["Strike_R","Strike_R","Strike_R","Defend_R","Defend_R","Defend_R","Defend_R","Ghostly Armor","Armaments+1","Rampage","infinitespire:OneForAll+1","Shrug It Off","Offering","Spot Weakness+1","Shrug It Off"],"relics":["Burning Blood","Membership Card","Golden Idol","infinitespire:BottledMercury","Juzu Bracelet","MealTicket","Turnip","Cursed Key"],"acts_visited":["Exordium","TheCity"],"potions_floor_usage":[11,16,16,23],"damage_taken":[{"damage":0,"enemies":"Small Slimes","floor":1,"turns":3},{"damage":3,"enemies":"2 Louse","floor":4,"turns":3},{"damage":0,"enemies":"Lagavulin","floor":7,"turns":14},{"damage":1,"enemies":"Cultist","floor":8,"turns":3},{"damage":25,"enemies":"Gremlin Nob","floor":11,"turns":5},{"damage":1,"enemies":"Blue Slaver","floor":12,"turns":5},{"damage":8,"enemies":"Exordium Wildlife","floor":13,"turns":6},{"damage":17,"enemies":"Slime Boss","floor":16,"turns":22},{"damage":9,"enemies":"3 Byrds","floor":18,"turns":9},{"damage":10,"enemies":"Shell Parasite","floor":19,"turns":5},{"damage":7,"enemies":"Centurion and Healer","floor":21,"turns":9},{"damage":13,"enemies":"Shelled Parasite and Fungi","floor":22,"turns":7},{"damage":67,"enemies":"Gremlin Leader","floor":23,"turns":6}],"seed_played":"-8819358234312730081","potions_obtained":[{"floor":4,"key":"PowerPotion"},{"floor":7,"key":"SkillPotion"},{"floor":12,"key":"Explosive Potion"},{"floor":13,"key":"FearPotion"},{"floor":21,"key":"Swift Potion"},{"floor":22,"key":"Guardian:BlockOnCardUsePotion"}],"is_trial":false,"path_per_floor":["M","?","?","M","$","R","E","M","T","R","E","M","M","?","R","B",null,"M","M","?","M","M","E"],"character_chosen":"IRONCLAD","items_purchased":["Membership Card","infinitespire:BottledMercury"],"campfire_rested":0,"item_purchase_floors":[0,5],"current_hp_per_floor":[78,58,58,61,61,61,67,72,72,72,53,58,56,45,45,34,80,77,73,73,72,65,0,0],"gold":552,"neow_bonus":"","is_daily":false,"chose_seed":false,"campfire_upgraded":2,"win_rate":0.0,"timestamp":1613939400,"path_taken":["M","?","?","M","$","R","E","M","T","R","E","M","M","?","R","BOSS","M","M","?","M","M","E"],"items_purchased_type":["Relic","Relic"],"build_version":"2020-12-22","purchased_purges":2,"victory":false,"max_hp_per_floor":[80,80,80,80,80,80,80,80,80,80,80,80,80,80,80,80,80,80,80,80,80,80,80,80],"card_choices":[{"not_picked":["Headbutt","Sword Boomerang"],"picked":"Ghostly Armor","floor":1},{"not_picked":["Fire Breathing","Wild Strike"],"picked":"Armaments","floor":4},{"not_picked":["Iron Wave","Wild Strike"],"picked":"Rampage","floor":7},{"not_picked":["True Grit","Pommel Strike"],"picked":"infinitespire:OneForAll","floor":8},{"not_picked":["Pommel Strike","Wild Strike","Iron Wave"],"picked":"SKIP","floor":11},{"not_picked":["Double Tap","True Grit","Heavy Blade"],"picked":"SKIP","floor":12},{"not_picked":["Clash","Thunderclap"],"picked":"Shrug It Off","floor":13},{"not_picked":["Impervious","Limit Break"],"picked":"Offering","floor":16},{"not_picked":["Pummel","Flex"],"picked":"Spot Weakness+1","floor":18},{"not_picked":["Havoc+1","Wild Strike"],"picked":"Shrug It Off","floor":19},{"not_picked":["Body Slam","Perfected Strike","Whirlwind+1"],"picked":"SKIP","floor":21},{"not_picked":["Uppercut","Iron Wave","Perfected Strike"],"picked":"SKIP","floor":22}],"player_experience":219440,"relics_obtained":[{"floor":7,"key":"Juzu Bracelet"},{"floor":9,"key":"MealTicket"},{"floor":11,"key":"Turnip"}],"event_choices":[{"damage_healed":0,"gold_gain":0,"player_choice":"Take Damage","damage_taken":20,"relics_obtained":["Golden Idol"],"max_hp_gain":0,"max_hp_loss":0,"event_name":"Golden Idol","floor":2,"gold_loss":0},{"cards_removed":["Bash"],"damage_healed":0,"gold_gain":0,"player_choice":"Offered Basic","damage_taken":0,"max_hp_gain":0,"max_hp_loss":0,"event_name":"Bonfire Elementals","floor":3,"gold_loss":0},{"damage_healed":0,"gold_gain":75,"player_choice":"Gold","damage_taken":11,"max_hp_gain":0,"max_hp_loss":0,"event_name":"betterThird:BetterGoop","floor":14,"gold_loss":0},{"damage_healed":0,"gold_gain":99,"player_choice":"Steal","damage_taken":0,"max_hp_gain":0,"max_hp_loss":0,"event_name":"betterThird:BetterNest","floor":20,"gold_loss":0}],"is_beta":false,"boss_relics":[{"not_picked":["Velvet Choker","Coffee Dripper"],"picked":"Cursed Key"}],"items_purged_floors":[0,0],"is_endless":false,"potions_floor_spawned":[4,7,12,13,21,22],"killed_by":"Gremlin Leader","ascension_level":2}}