{"host":"npubv26u89aif4fa","time":1613879970,"event":{"mods":["100% Spire Juice","Astrologer","BaseMod","Better Vampires","Better-Laid Plans","CapriCore","Colored Powertips","GifTheSpireLib","GungeonMod","HornydragonMod","Hubris","Jedi Mod","Minty Spire (QoL Compilation)","Potionbrewer","Quick Restart","Remilia（蕾米莉亚）","Replay The Spire","StSLib","The Administrix","The Alterego","The Blackbeard","The Bug Knight","The Cursed","The Immortal","The Marked","The Runesmith","The Showman","Yuri Mod","残留之物"],"gold_per_floor":[117,137,87,87,102,102,102],"floor_reached":6,"language":"ZHS","playtime":338,"items_purged":[],"score":36,"play_id":"cf5ad665-8d7e-4206-95e2-b73cf9624637","local_time":"20210221115930","is_ascension_mode":false,"campfire_choices":[],"circlet_count":0,"master_deck":["theShowman:VanishingStrike","theShowman:BasicStrike","theShowman:BasicDefend","theShowman:BasicDefend","theShowman:VanishingDefend","theShowman:VanishingDefend","theShowman:CardPickup52","theShowman:StageHook","theShowman:ThreeCardMonty"],"relics":["theShowman:ThirdTimeCharm","NeowsBlessing"],"acts_visited":["Exordium"],"potions_floor_usage":[6],"damage_taken":[{"damage":0.0,"enemies":"Small Slimes","floor":1.0,"turns":1.0},{"damage":0.0,"enemies":"2 Louse","floor":2.0,"turns":1.0},{"damage":0.0,"enemies":"Cultist","floor":5.0,"turns":1.0},{"damage":77,"enemies":"Gremlin Nob","floor":6,"turns":5}],"seed_played":"-3019779175986381373","potions_obtained":[{"floor":1.0,"key":"SkillPotion"}],"is_trial":false,"path_per_floor":["M","M","?","?","M","E"],"character_chosen":"THE_SHOWMAN","items_purchased":[],"campfire_rested":0,"item_purchase_floors":[],"current_hp_per_floor":[75,75,75,75,75,0,0],"gold":102,"neow_bonus":"THREE_ENEMY_KILL","is_daily":false,"chose_seed":false,"campfire_upgraded":0,"win_rate":0.0,"timestamp":1613879970,"path_taken":["M","M","?","?","?","E"],"items_purchased_type":[],"build_version":"2020-12-22","purchased_purges":0,"victory":false,"max_hp_per_floor":[75,75,75,75,75,75,75],"card_choices":[{"not_picked":["theShowman:OpenTheCurtain","theShowman:KnockThePile","theShowman:SleeveStash"],"picked":"SKIP","floor":1.0},{"not_picked":["theShowman:GotYourNose","theShowman:PocketSand"],"picked":"theShowman:ThreeCardMonty","floor":2.0},{"not_picked":["theShowman:Prestidigitation","theShowman:OpenTheCurtain","theShowman:NowYouDont"],"picked":"SKIP","floor":5.0}],"player_experience":371794,"relics_obtained":[],"event_choices":[{"cards_removed":["theShowman:VanishingStrike"],"damage_healed":0.0,"max_hp_gain":0.0,"max_hp_loss":0.0,"gold_gain":0.0,"event_name":"The Cleric","player_choice":"Card Removal","floor":3.0,"gold_loss":50.0,"damage_taken":0.0},{"cards_removed":["theShowman:BasicStrike"],"damage_healed":0.0,"max_hp_gain":0.0,"max_hp_loss":0.0,"gold_gain":0.0,"event_name":"Purifier","player_choice":"Purged","floor":4.0,"gold_loss":0.0,"damage_taken":0.0}],"is_beta":false,"boss_relics":[],"items_purged_floors":[],"is_endless":false,"potions_floor_spawned":[1],"killed_by":"Gremlin Nob","ascension_level":0}}