{"host":"x205naxbihvu3p76","time":1613921232,"event":{"mods":["AchievementEnabler","BaseMod","Minty Spire (QoL Compilation)","StSLib","SuperFastMode"],"gold_per_floor":[114,129,144,159,159,189,204,234,234,249,174,204,204,234,246,358,370,397,424,451,478,90,120,120,150,225,255,105,135,150,165,165,265,265,280,280,295,63,78,108,123,153,153,183,213,228,258,288,288,288],"floor_reached":51,"language":"KOR","playtime":1167,"items_purged":["Shrug It Off","Pommel Strike","Shrug It Off"],"score":1339,"play_id":"bf640a30-4a53-488a-aa67-ca9b441b3bec","local_time":"20210222002712","daily_mods":["SealedDeck","Flight","Elite Swarm"],"is_ascension_mode":false,"campfire_choices":[{"data":"1","floor":13,"key":"LIFT"},{"data":"2","floor":15,"key":"LIFT"},{"data":"3","floor":24,"key":"LIFT"},{"data":"Dual Wield","floor":32,"key":"SMITH"},{"data":"Limit Break","floor":49,"key":"SMITH"}],"circlet_count":0,"master_deck":["Shrug It Off","Anger","Intimidate","Anger","Anger","Anger","Anger","Shockwave","Flex","Limit Break","Offering","Demon Form","Limit Break+1","Offering","Master of Strategy","Warcry+1"],"relics":["Burning Blood","FossilizedHelix","Bronze Scales","White Beast Statue","Girya","MawBank","Coffee Dripper","Paper Frog","MealTicket","Letter Opener","Mercury Hourglass","Orichalcum","Membership Card","Pantograph","SlaversCollar","Medical Kit","Bottled Lightning","HornCleat","Eternal Feather","Juzu Bracelet","Bag of Preparation","Meat on the Bone","Sundial"],"acts_visited":["Exordium","TheCity","TheBeyond"],"potions_floor_usage":[21,33,50,50],"damage_taken":[{"damage":0,"enemies":"Small Slimes","floor":1,"turns":3},{"damage":0,"enemies":"2 Louse","floor":2,"turns":2},{"damage":0,"enemies":"Cultist","floor":3,"turns":2},{"damage":0,"enemies":"3 Louse","floor":4,"turns":2},{"damage":0,"enemies":"Gremlin Nob","floor":6,"turns":3},{"damage":0,"enemies":"Gremlin Gang","floor":7,"turns":4},{"damage":0,"enemies":"Lagavulin","floor":8,"turns":4},{"damage":0,"enemies":"Looter","floor":10,"turns":2},{"damage":0,"enemies":"Gremlin Nob","floor":12,"turns":3},{"damage":0,"enemies":"Lagavulin","floor":14,"turns":3},{"damage":23,"enemies":"The Guardian","floor":16,"turns":4},{"damage":0,"enemies":"Chosen","floor":18,"turns":3},{"damage":0,"enemies":"2 Thieves","floor":19,"turns":2},{"damage":9,"enemies":"Cultist and Chosen","floor":20,"turns":3},{"damage":10,"enemies":"Snake Plant","floor":21,"turns":2},{"damage":6,"enemies":"Book of Stabbing","floor":23,"turns":3},{"damage":2,"enemies":"Slavers","floor":25,"turns":2},{"damage":12,"enemies":"Gremlin Leader","floor":27,"turns":2},{"damage":26,"enemies":"Slavers","floor":29,"turns":2},{"damage":6,"enemies":"Sentry and Sphere","floor":30,"turns":1},{"damage":6,"enemies":"Chosen and Byrds","floor":31,"turns":2},{"damage":14,"enemies":"Collector","floor":33,"turns":3},{"damage":0,"enemies":"3 Darklings","floor":35,"turns":2},{"damage":6,"enemies":"3 Shapes","floor":37,"turns":1},{"damage":0,"enemies":"Transient","floor":39,"turns":5},{"damage":6,"enemies":"Reptomancer","floor":40,"turns":2},{"damage":0,"enemies":"Maw","floor":41,"turns":3},{"damage":6,"enemies":"Giant Head","floor":42,"turns":1},{"damage":0,"enemies":"Nemesis","floor":44,"turns":1},{"damage":6,"enemies":"Reptomancer","floor":45,"turns":2},{"damage":6,"enemies":"Sphere and 2 Shapes","floor":46,"turns":1},{"damage":0,"enemies":"Nemesis","floor":47,"turns":1},{"damage":6,"enemies":"Giant Head","floor":48,"turns":1},{"damage":6,"enemies":"Donu and Deca","floor":50,"turns":1}],"seed_played":"-7397021786818157212","potions_obtained":[{"floor":4,"key":"Swift Potion"},{"floor":6,"key":"EssenceOfSteel"},{"floor":7,"key":"LiquidMemories"},{"floor":12,"key":"PowerPotion"},{"floor":21,"key":"Fruit Juice"},{"floor":33,"key":"FearPotion"},{"floor":35,"key":"Strength Potion"}],"is_trial":false,"path_per_floor":["M","M","M","M","?","E","M","E","T","M","$","E","R","E","R","B",null,"M","M","M","M","$","E","R","E","T","E","$","E","M","M","R","B",null,"M","?","M","$","M","E","M","E","T","E","E","M","E","E","R","B",null],"character_chosen":"IRONCLAD","items_purchased":["Paper Frog","FearPotion","Membership Card","Medical Kit","Master of Strategy"],"campfire_rested":0,"item_purchase_floors":[22,22,28,38,38],"current_hp_per_floor":[80,80,80,80,80,80,80,80,80,80,80,80,80,80,80,63,80,80,80,77,78,78,78,78,82,82,76,85,65,65,65,65,77,85,85,85,85,85,85,85,85,85,85,85,85,85,85,85,85,85],"gold":288,"neow_bonus":"","is_daily":true,"chose_seed":false,"campfire_upgraded":2,"win_rate":0.0,"timestamp":1613921232,"path_taken":["M","M","M","M","?","E","M","E","T","M","$","E","R","E","R","BOSS","M","M","M","M","$","E","R","E","T","E","$","E","M","M","R","BOSS","M","?","M","$","M","E","M","E","T","E","E","M","E","E","R","BOSS"],"items_purchased_type":["Relic","Potion","Relic","Relic","Card"],"build_version":"2020-12-22","purchased_purges":3,"victory":true,"max_hp_per_floor":[80,80,80,80,80,80,80,80,80,80,80,80,80,80,80,80,80,80,80,80,85,85,85,85,85,85,85,85,85,85,85,85,85,85,85,85,85,85,85,85,85,85,85,85,85,85,85,85,85,85],"card_choices":[{"not_picked":["Rampage","True Grit"],"picked":"Anger","floor":1},{"not_picked":["Infernal Blade","Iron Wave","Cleave"],"picked":"SKIP","floor":2},{"not_picked":["Headbutt","Reckless Charge","Armaments"],"picked":"SKIP","floor":3},{"not_picked":["True Grit","Clash"],"picked":"Shockwave","floor":4},{"not_picked":["Barricade","Reaper","Fiend Fire"],"picked":"SKIP","floor":6},{"not_picked":["Rupture","Havoc","Pommel Strike"],"picked":"SKIP","floor":7},{"not_picked":["Double Tap","Juggernaut","Berserk"],"picked":"SKIP","floor":8},{"not_picked":["Ghostly Armor","Combust","Flex"],"picked":"SKIP","floor":10},{"not_picked":["Ghostly Armor","Combust"],"picked":"Flex","floor":10},{"not_picked":["Immolate","Demon Form"],"picked":"Limit Break","floor":12},{"not_picked":["Reaper","Bludgeon"],"picked":"Offering","floor":14},{"not_picked":["Offering","Corruption"],"picked":"Demon Form","floor":16},{"not_picked":["Flex+1","Searing Blow+1","Reckless Charge+1"],"picked":"SKIP","floor":18},{"not_picked":["Twin Strike","Headbutt","Metallicize"],"picked":"SKIP","floor":19},{"not_picked":["Clash+1","Blood for Blood","Perfected Strike"],"picked":"SKIP","floor":20},{"not_picked":["Blood for Blood","Fiend Fire","Combust"],"picked":"SKIP","floor":21},{"not_picked":["Exhume","Feed","Impervious"],"picked":"SKIP","floor":23},{"not_picked":["Immolate","Feed"],"picked":"Limit Break","floor":25},{"not_picked":["Immolate","Juggernaut"],"picked":"Offering","floor":27},{"not_picked":["Juggernaut","Exhume","Demon Form"],"picked":"SKIP","floor":29},{"not_picked":["Clothesline","Carnage+1","Fire Breathing+1"],"picked":"SKIP","floor":30},{"not_picked":["Thunderclap","Wild Strike","Dark Embrace"],"picked":"SKIP","floor":31},{"not_picked":["Twin Strike+1","Shockwave+1","Whirlwind"],"picked":"SKIP","floor":35},{"not_picked":["Perfected Strike","Whirlwind","True Grit+1"],"picked":"SKIP","floor":37},{"not_picked":["Flex","Seeing Red","True Grit"],"picked":"SKIP","floor":39},{"not_picked":["Immolate","Demon Form","Reaper"],"picked":"SKIP","floor":40},{"not_picked":["Heavy Blade+1","Perfected Strike","Warcry+1"],"picked":"SKIP","floor":41},{"not_picked":["Heavy Blade+1","Perfected Strike"],"picked":"Warcry+1","floor":41},{"not_picked":["Offering","Feed","Immolate"],"picked":"SKIP","floor":42},{"not_picked":["Exhume","Juggernaut","Bludgeon"],"picked":"SKIP","floor":44},{"not_picked":["Barricade","Brutality","Reaper"],"picked":"SKIP","floor":45},{"not_picked":["Cleave+1","Body Slam","Wild Strike"],"picked":"SKIP","floor":46},{"not_picked":["Exhume","Offering","Reaper"],"picked":"SKIP","floor":47},{"not_picked":["Berserk","Fiend Fire","Juggernaut"],"picked":"SKIP","floor":48}],"player_experience":1038257,"relics_obtained":[{"floor":6,"key":"FossilizedHelix"},{"floor":8,"key":"Bronze Scales"},{"floor":9,"key":"White Beast Statue"},{"floor":12,"key":"Girya"},{"floor":14,"key":"MawBank"},{"floor":23,"key":"MealTicket"},{"floor":25,"key":"Letter Opener"},{"floor":26,"key":"Mercury Hourglass"},{"floor":27,"key":"Orichalcum"},{"floor":29,"key":"Pantograph"},{"floor":40,"key":"Bottled Lightning"},{"floor":42,"key":"HornCleat"},{"floor":43,"key":"Eternal Feather"},{"floor":44,"key":"Juzu Bracelet"},{"floor":45,"key":"Bag of Preparation"},{"floor":47,"key":"Meat on the Bone"},{"floor":48,"key":"Sundial"}],"event_choices":[{"damage_healed":0,"gold_gain":0,"player_choice":"Ignored","damage_taken":0,"max_hp_gain":0,"max_hp_loss":0,"event_name":"Liars Game","floor":5,"gold_loss":0},{"cards_removed":["Dual Wield"],"damage_healed":0,"gold_gain":0,"player_choice":"Removed Skill","damage_taken":0,"max_hp_gain":0,"max_hp_loss":0,"event_name":"Falling","floor":36,"gold_loss":0}],"is_beta":false,"boss_relics":[{"not_picked":["Velvet Choker","Calling Bell"],"picked":"Coffee Dripper"},{"not_picked":["Philosopher\u0027s Stone","Tiny House"],"picked":"SlaversCollar"}],"items_purged_floors":[11,22,38],"is_endless":false,"potions_floor_spawned":[4,6,7,8,10,12,14,16,18,19,20,21,23,25,27,29,30,31,33,35,37,39,40,41,42,44,45,46,47,48],"ascension_level":0}}