{"host":"117k4jqr844m944g","time":1613890859,"event":{"mods":["BaseMod","Downfall","Minty Spire (QoL Compilation)","StSLib","UnlockEverythingMod"],"gold_per_floor":[99,99,99,99,99,99,99,99,111,130,37,52,52,67,87,87,87,87],"floor_reached":16,"language":"ZHS","playtime":539,"items_purged":[],"score":113,"play_id":"5387b279-9806-439d-9414-d02c8a976bca","local_time":"20210221150059","is_ascension_mode":true,"campfire_choices":[{"floor":1,"key":"RECALL"},{"data":"Guardian:PrismaticBeam","floor":13,"key":"SMITH"}],"circlet_count":0,"master_deck":["Guardian:Strike_Guardian","Guardian:Strike_Guardian","Guardian:Strike_Guardian","Guardian:Defend_Guardian","Guardian:Defend_Guardian","Guardian:Defend_Guardian","Guardian:Defend_Guardian","Guardian:CurlUp","Guardian:TwinSlam","Guardian:Planning","Guardian:TimeCapacitor","Guardian:PrismaticBeam+1","Guardian:ChargeCore","Guardian:PrimingBeam","Guardian:GemFinder","Guardian:Gem_Cyan","Guardian:Gem_Green","Guardian:Recover+1"],"relics":["Guardian:ModeShifter","downfall:HeartsMalice","Toxic Egg 2","Shuriken","Kunai"],"acts_visited":["Exordium"],"potions_floor_usage":[16,16],"damage_taken":[{"damage":0,"enemies":"2 Louse","floor":2,"turns":1},{"damage":0,"enemies":"Jaw Worm","floor":3,"turns":1},{"damage":0,"enemies":"Small Slimes","floor":6,"turns":1},{"damage":3,"enemies":"downfall:LooterAlt","floor":9,"turns":7},{"damage":11,"enemies":"Blue Slaver","floor":10,"turns":5},{"damage":0,"enemies":"downfall:FleeingMerchant","floor":11,"turns":4},{"damage":23,"enemies":"Red Slaver","floor":12,"turns":5},{"damage":16,"enemies":"2 Fungi Beasts","floor":14,"turns":3},{"damage":9,"enemies":"Large Slime","floor":15,"turns":8},{"damage":16,"enemies":"DF_ARCHETYPE_STREAMLINE","floor":16,"turns":4}],"seed_played":"-2207405052603975875","potions_obtained":[{"floor":9,"key":"Block Potion"},{"floor":10,"key":"bronze:BurnAndBuffPotion"},{"floor":12,"key":"GamblersBrew"},{"floor":14,"key":"Fire Potion"}],"is_trial":false,"path_per_floor":["R","M","M","?","T","M","T","?","M","M","$","M","R","M","M","B"],"character_chosen":"GUARDIAN","items_purchased":["Guardian:Gem_Orange"],"campfire_rested":0,"item_purchase_floors":[11],"current_hp_per_floor":[80,80,80,73,73,73,73,73,70,59,59,36,36,20,11,0,0,0],"gold":87,"neow_bonus":"THREE_ENEMY_KILL","is_daily":false,"chose_seed":false,"campfire_upgraded":1,"win_rate":0.0,"timestamp":1613890859,"path_taken":["R","M","M","?","?","M","T","?","M","M","?","M","R","M","M","BOSS"],"items_purchased_type":["Card"],"build_version":"2020-12-22","purchased_purges":0,"victory":false,"max_hp_per_floor":[80,80,80,80,80,80,80,80,80,80,80,80,80,80,80,80,80,80],"card_choices":[{"not_picked":["Guardian:Gem_Lightblue","Guardian:TemporalStrike"],"picked":"Guardian:Planning","floor":2},{"not_picked":["Guardian:ShieldCharger","Guardian:Gem_Lightblue"],"picked":"Guardian:TimeCapacitor","floor":3},{"not_picked":["Guardian:WalkerClaw","Guardian:GuardianWhirl","Guardian:VentSteam+1"],"picked":"SKIP","floor":6},{"not_picked":["Guardian:Gem_Cyan","Guardian:ShieldSpikes+1"],"picked":"Guardian:PrismaticBeam","floor":9},{"not_picked":["Guardian:SpikerProtocol","Guardian:EvasiveProtocol"],"picked":"Guardian:ChargeCore","floor":10},{"not_picked":["Guardian:Gem_Lightblue","Guardian:Gem_Purple"],"picked":"Guardian:PrimingBeam","floor":11},{"not_picked":["Guardian:ShieldCharger+1","Guardian:Gem_Red"],"picked":"Guardian:GemFinder","floor":12},{"not_picked":["Guardian:Gem_Red","Guardian:Gem_Green"],"picked":"Guardian:Gem_Cyan","floor":14},{"not_picked":["Guardian:Reroute","Guardian:Gem_Lightblue","Guardian:Gem_Red"],"picked":"SKIP","floor":14},{"not_picked":["Guardian:Gem_Lightblue","Guardian:Gem_Red"],"picked":"Guardian:Gem_Green","floor":15},{"not_picked":["Guardian:Gem_Lightblue","Guardian:PrismaticBarrier+1"],"picked":"Guardian:Recover+1","floor":15}],"player_experience":100393,"relics_obtained":[{"floor":5,"key":"Shuriken"},{"floor":7,"key":"Kunai"}],"event_choices":[{"damage_healed":0,"gold_gain":0,"player_choice":"Success","damage_taken":7,"relics_obtained":["Toxic Egg 2"],"max_hp_gain":0,"max_hp_loss":0,"event_name":"Scrap Ooze","floor":4,"gold_loss":0}],"is_beta":false,"boss_relics":[],"items_purged_floors":[],"is_endless":false,"potions_floor_spawned":[9,10,12,14],"killed_by":"DF_ARCHETYPE_STREAMLINE","ascension_level":5}}