{"host":"4i5my69dv6e41930","time":1613882166,"event":{"mods":["AchievementEnabler","BaseMod","Minty Spire (QoL Compilation)","Relic Stats"],"gold_per_floor":[109,122,122,136,154,154,185,185,208,208,220,254,274,274,274,351,351,367,367,367,383,396,396,427,11,11,11,46,64,24,36,36,36,36],"floor_reached":33,"language":"ENG","playtime":2524,"items_purged":["Strike_G"],"score":644,"play_id":"17c3aff9-f6cc-4308-b7a6-5ffae2dc31d6","local_time":"20210220233606","is_ascension_mode":true,"campfire_choices":[{"data":"Deadly Poison","floor":6.0,"key":"SMITH"},{"data":"Blade Dance","floor":8.0,"key":"SMITH"},{"data":"Neutralize","floor":10.0,"key":"SMITH"},{"data":"Blade Dance","floor":15.0,"key":"SMITH"},{"data":"Crippling Poison","floor":23.0,"key":"SMITH"},{"data":"Leg Sweep","floor":27.0,"key":"SMITH"},{"data":"Backflip","floor":32.0,"key":"SMITH"}],"circlet_count":0,"master_deck":["AscendersBane","Strike_G","Strike_G","Strike_G","Strike_G","Defend_G","Defend_G","Defend_G","Defend_G","Defend_G","Survivor","Neutralize+1","Deadly Poison+1","Cloak And Dagger","Blade Dance+1","Flying Knee","Crippling Poison+1","Blade Dance+1","Calculated Gamble","Leg Sweep+1","Ghostly","Ghostly","Ghostly","Dagger Spray+1","Acrobatics","Backflip+1","After Image"],"relics":["Ring of the Snake","Lantern","Toy Ornithopter","Bronze Scales","Boot","Cursed Key","Matryoshka","Oddly Smooth Stone","ClockworkSouvenir","Smiling Mask"],"acts_visited":["Exordium","TheCity"],"potions_floor_usage":[33,33],"damage_taken":[{"damage":0.0,"enemies":"2 Louse","floor":1.0,"turns":3.0},{"damage":1.0,"enemies":"Cultist","floor":2.0,"turns":5.0},{"damage":4.0,"enemies":"Small Slimes","floor":4.0,"turns":3.0},{"damage":0.0,"enemies":"Gremlin Gang","floor":5.0,"turns":5.0},{"damage":34.0,"enemies":"Lagavulin","floor":7.0,"turns":10.0},{"damage":2.0,"enemies":"Exordium Thugs","floor":11.0,"turns":6.0},{"damage":10.0,"enemies":"3 Sentries","floor":12.0,"turns":7.0},{"damage":0.0,"enemies":"3 Louse","floor":13.0,"turns":2.0},{"damage":8.0,"enemies":"Hexaghost","floor":16.0,"turns":9.0},{"damage":0.0,"enemies":"Chosen","floor":18.0,"turns":4.0},{"damage":0.0,"enemies":"Spheric Guardian","floor":21.0,"turns":4.0},{"damage":0.0,"enemies":"Snake Plant","floor":22.0,"turns":3.0},{"damage":0.0,"enemies":"Gremlin Leader","floor":24.0,"turns":6.0},{"damage":10.0,"enemies":"Book of Stabbing","floor":28.0,"turns":5.0},{"damage":0.0,"enemies":"Cultist and Chosen","floor":29.0,"turns":5.0},{"damage":2.0,"enemies":"Shelled Parasite and Fungi","floor":31.0,"turns":4.0},{"damage":43,"enemies":"Champ","floor":33,"turns":15}],"seed_played":"-1656222029896160583","potions_obtained":[{"floor":3.0,"key":"ColorlessPotion"},{"floor":3.0,"key":"Regen Potion"},{"floor":5.0,"key":"SkillPotion"},{"floor":7.0,"key":"Block Potion"},{"floor":12.0,"key":"PowerPotion"},{"floor":13.0,"key":"GhostInAJar"},{"floor":22.0,"key":"Weak Potion"},{"floor":29.0,"key":"Strength Potion"},{"floor":30.0,"key":"Poison Potion"},{"floor":30.0,"key":"GhostInAJar"}],"is_trial":false,"path_per_floor":["M","M","?","M","M","R","E","R","T","R","M","E","M","?","R","B",null,"M","?","?","M","M","R","E","$","T","R","E","M","?","M","R","B"],"character_chosen":"THE_SILENT","items_purchased":["Oddly Smooth Stone","ClockworkSouvenir"],"campfire_rested":0,"item_purchase_floors":[25,25],"current_hp_per_floor":[59,58,58,54,54,54,20,20,20,20,35,30,30,30,30,22,55,60,60,33,33,33,33,33,33,33,33,23,23,23,21,21,0,0],"gold":36,"neow_bonus":"RANDOM_COMMON_RELIC","is_daily":false,"chose_seed":false,"campfire_upgraded":7,"win_rate":0.0,"timestamp":1613882166,"path_taken":["M","M","?","M","M","R","E","R","T","R","M","E","?","?","R","BOSS","M","?","?","M","M","R","E","$","T","R","E","M","?","M","R","BOSS"],"items_purchased_type":["Relic","Relic"],"build_version":"2020-12-22","purchased_purges":1,"victory":false,"max_hp_per_floor":[66,66,66,66,66,66,66,66,66,66,66,66,66,66,66,66,66,66,66,33,33,33,33,33,33,33,33,33,33,33,33,33,33,33],"relic_stats":{"counters":[17,96],"Bronze Scales":[184],"Boot":[154],"Cursed Key":0,"Smiling Mask":0,"obtain_stats":[{"Lantern":0,"Matryoshka":24,"Bronze Scales":9,"Oddly Smooth Stone":25,"Boot":12,"Cursed Key":17,"Smiling Mask":28,"Toy Ornithopter":7,"Ring of the Snake":0,"ClockworkSouvenir":25},{"Lantern":0,"Matryoshka":13,"Bronze Scales":5,"Oddly Smooth Stone":13,"Boot":7,"Cursed Key":9,"Smiling Mask":14,"Toy Ornithopter":5,"Ring of the Snake":0,"ClockworkSouvenir":13},{"Lantern":0,"Matryoshka":67,"Bronze Scales":26,"Oddly Smooth Stone":67,"Boot":39,"Cursed Key":50,"Smiling Mask":72,"Toy Ornithopter":26,"Ring of the Snake":0,"ClockworkSouvenir":67}],"Toy Ornithopter":25,"Ring of the Snake":[34]},"card_choices":[{"not_picked":["Flying Knee","Backflip"],"picked":"Deadly Poison","floor":1.0},{"not_picked":["Underhanded Strike","Caltrops"],"picked":"Cloak And Dagger","floor":2.0},{"not_picked":["Dodge and Roll","Flying Knee"],"picked":"Blade Dance","floor":4.0},{"not_picked":["Dodge and Roll","Deflect","Reflex"],"picked":"SKIP","floor":5.0},{"not_picked":["Deflect","Eviscerate"],"picked":"Flying Knee","floor":7.0},{"not_picked":["Flechettes","Backflip"],"picked":"Crippling Poison","floor":11.0},{"not_picked":["Dagger Spray","Infinite Blades"],"picked":"Blade Dance","floor":12.0},{"not_picked":["Infinite Blades","Deflect"],"picked":"Calculated Gamble","floor":13.0},{"not_picked":["Dodge and Roll","Slice","Blade Dance"],"picked":"SKIP","floor":18.0},{"not_picked":["Quick Slash+1","Prepared","Outmaneuver"],"picked":"SKIP","floor":21.0},{"not_picked":["Deadly Poison","Bane"],"picked":"Dagger Spray+1","floor":22.0},{"not_picked":["Finisher","Eviscerate+1"],"picked":"Acrobatics","floor":24.0},{"not_picked":["Choke","Finisher+1","Reflex"],"picked":"SKIP","floor":28.0},{"not_picked":["Caltrops","Outmaneuver"],"picked":"Backflip","floor":29.0},{"not_picked":["Reflex","Outmaneuver"],"picked":"After Image","floor":31.0}],"player_experience":85835,"relics_obtained":[{"floor":7.0,"key":"Toy Ornithopter"},{"floor":9.0,"key":"Bronze Scales"},{"floor":12.0,"key":"Boot"},{"floor":24.0,"key":"Matryoshka"},{"floor":28.0,"key":"Smiling Mask"}],"event_choices":[{"damage_healed":0.0,"max_hp_gain":0.0,"max_hp_loss":0.0,"gold_gain":0.0,"event_name":"Lab","player_choice":"Got Potions","floor":3.0,"gold_loss":0.0,"damage_taken":0.0},{"damage_healed":0.0,"max_hp_gain":0.0,"max_hp_loss":0.0,"gold_gain":0.0,"event_name":"Liars Game","player_choice":"Ignored","floor":14.0,"gold_loss":0.0,"damage_taken":0.0},{"damage_healed":0.0,"max_hp_gain":0.0,"max_hp_loss":0.0,"gold_gain":0.0,"event_name":"The Library","player_choice":"Read","floor":19.0,"gold_loss":0.0,"damage_taken":0.0,"cards_obtained":["Leg Sweep"]},{"damage_healed":0.0,"max_hp_gain":0.0,"max_hp_loss":33.0,"gold_gain":0.0,"event_name":"Ghosts","player_choice":"Became a Ghost","floor":20.0,"gold_loss":0.0,"damage_taken":0.0,"cards_obtained":["Ghostly","Ghostly","Ghostly"]},{"damage_healed":0.0,"max_hp_gain":0.0,"max_hp_loss":0.0,"gold_gain":0.0,"event_name":"The Woman in Blue","player_choice":"Bought 3 Potions","floor":30.0,"gold_loss":0.0,"damage_taken":0.0}],"is_beta":false,"boss_relics":[{"not_picked":["SacredBark","Busted Crown"],"picked":"Cursed Key"}],"items_purged_floors":[25],"is_endless":false,"potions_floor_spawned":[5,7,12,13,22,29,31],"killed_by":"Champ","ascension_level":20}}