{"host":"8dpalrttb7ksmhgg","time":1613950386,"event":{"mods":["Act Like it!","Aspiration","Astrologer","BaseMod","Beaked The Cultist","Better Skull","BetterRewards","Conspire","Downfall","Energized Spire","Friendly Minions","GifTheSpireLib","Halation","HornydragonMod","Hubris","Hyrulean Relics","Infinite Spire","Mimic Mod","Minty Spire (QoL Compilation)","Pale of the Ancients","Replay The Spire","Retaliation","Shop Mod","Somnambulant","StSLib","Stuff the Spire","The Blackbeard","The Bug Knight","The Construct","The Disciple","The Gatherer","The Hierophant","The Jungle","The Mystic","The Necromancer","The Poker Player","The Sage","Wandering Minibosses","[IsaacMod]????"],"gold_per_floor":[117,36,36,55,70,70,99,99,146,167,187,187,226,241,241,359,309,341,385,410,436,478,478],"floor_reached":22,"language":"ENG","playtime":2153,"items_purged":[],"score":200,"play_id":"c8fe4cfe-3bac-4fbf-8137-01c215bb9665","local_time":"20210221183306","is_ascension_mode":false,"campfire_choices":[{"data":"somnambulantmod: PrimingPunch","floor":6,"key":"SMITH"},{"floor":8,"key":"REST"},{"data":"somnambulantmod: Hush","floor":12,"key":"SMITH"},{"floor":15,"key":"REST"}],"circlet_count":0,"master_deck":["somnambulantmod: SomnambulantStrike","somnambulantmod: SomnambulantStrike","somnambulantmod: SomnambulantStrike","somnambulantmod: SomnambulantStrike+1","somnambulantmod: SomnambulantStrike","somnambulantmod: Defend_Somnambulant","somnambulantmod: Defend_Somnambulant","somnambulantmod: Defend_Somnambulant","somnambulantmod: Defend_Somnambulant","somnambulantmod: Defend_Somnambulant","somnambulantmod: QuickNap","somnambulantmod: PrimingPunch+1","EpicFetus","somnambulantmod: Hush+1","somnambulantmod: SickeningSwathe+1","somnambulantmod: DarkeningMind","somnambulantmod: DeeperSleep","somnambulantmod: Stumble","somnambulantmod: MindWave","somnambulantmod: Unmake","somnambulantmod: SickeningSwathe","somnambulantmod: Mindlessness","somnambulantmod: SomnambulantStrike","somnambulantmod: OpeningUp","somnambulantmod: SleepingBody+1","somnambulantmod: Unknow","somnambulantmod: RuthlessStudy","somnambulantmod: LeechFears"],"relics":["somnambulantmod: DreamJournal","HushsDoor","Leech","hubris:Towel","Bronze Scales","SalivaCoin","Vajra","energizedSpire:HugeHouse"],"acts_visited":["Exordium","TheCity"],"potions_floor_usage":[21],"damage_taken":[{"damage":10,"enemies":"Small Slimes","floor":1,"turns":4},{"damage":0,"enemies":"Cultist","floor":4,"turns":3},{"damage":4,"enemies":"conspire:RoseBush","floor":5,"turns":2},{"damage":45,"enemies":"3 Sentries","floor":7,"turns":7},{"damage":3,"enemies":"Red Slaver","floor":10,"turns":3},{"damage":0,"enemies":"3 Louse","floor":11,"turns":2},{"damage":14,"enemies":"Gremlin Nob","floor":13,"turns":4},{"damage":0,"enemies":"Looter","floor":14,"turns":3},{"damage":33,"enemies":"Slime Boss","floor":16,"turns":7},{"damage":10,"enemies":"2 Thieves","floor":18,"turns":3},{"damage":38,"enemies":"conspire:FuzzyDice","floor":19,"turns":4},{"damage":4,"enemies":"Cultist and Chosen","floor":20,"turns":5},{"damage":4,"enemies":"Centurion and Healer","floor":21,"turns":3},{"damage":33,"enemies":"Snake Plant","floor":22,"turns":3}],"seed_played":"-2165185931270759820","potions_obtained":[{"floor":7,"key":"LifebloodPotion"},{"floor":10,"key":"Explosive Potion"},{"floor":13,"key":"DuplicationPotion"},{"floor":19,"key":"AttackPotion"},{"floor":21,"key":"Elixir"}],"is_trial":false,"path_per_floor":["M","$","?","M","M","R","E","R","T","M","M","R","E","M","R","B",null,"M","M","M","M","M"],"character_chosen":"THE_SOMNAMBULANT","items_purchased":["somnambulantmod: SickeningSwathe"],"campfire_rested":2,"item_purchase_floors":[2],"current_hp_per_floor":[70,70,70,72,70,70,31,56,56,56,58,58,48,51,76,49,76,66,31,31,29,0,0],"gold":478,"neow_bonus":"TEN_PERCENT_HP_BONUS","is_daily":false,"chose_seed":false,"campfire_upgraded":2,"win_rate":0.0,"timestamp":1613950386,"path_taken":["M","$","?","M","M","R","E","R","T","?","M","R","E","M","R","BOSS","M","M","M","M","M"],"items_purchased_type":["Card"],"build_version":"2020-12-22","purchased_purges":0,"victory":false,"max_hp_per_floor":[77,77,77,77,77,77,77,79,79,79,79,79,79,79,81,81,76,76,76,76,76,76,76],"card_choices":[{"not_picked":[],"picked":"EpicFetus","floor":0},{"not_picked":["somnambulantmod: LoseForm","somnambulantmod: LayeredDefense"],"picked":"somnambulantmod: Hush","floor":1},{"not_picked":["somnambulantmod: RecurringDream","somnambulantmod: InLimbo"],"picked":"somnambulantmod: DarkeningMind","floor":4},{"not_picked":["somnambulantmod: HappyThoughts","somnambulantmod: Repression"],"picked":"somnambulantmod: DeeperSleep","floor":5},{"not_picked":["somnambulantmod: ImpenetrableMind","somnambulantmod: SnuggleUp"],"picked":"somnambulantmod: Stumble","floor":7},{"not_picked":["somnambulantmod: Sleepyhead","somnambulantmod: MuscleMemory"],"picked":"somnambulantmod: BrainFeeder","floor":10},{"not_picked":["somnambulantmod: Unknow","somnambulantmod: HeadSmack"],"picked":"somnambulantmod: MindWave","floor":11},{"not_picked":["somnambulantmod: NewDawn","somnambulantmod: MindWave"],"picked":"somnambulantmod: Unmake","floor":13},{"not_picked":["somnambulantmod: ViralIdea","somnambulantmod: SnuggleUp"],"picked":"somnambulantmod: SickeningSwathe","floor":14},{"not_picked":["somnambulantmod: Reinterpret","somnambulantmod: Lucidity"],"picked":"somnambulantmod: Mindlessness","floor":16},{"not_picked":["somnambulantmod: DeeperSleep","somnambulantmod: InLimbo"],"picked":"somnambulantmod: SleepingBody+1","floor":18},{"not_picked":["somnambulantmod: LoseForm","somnambulantmod: PourItOut"],"picked":"somnambulantmod: Unknow","floor":19},{"not_picked":["somnambulantmod: LayeredDefense","somnambulantmod: Cower"],"picked":"somnambulantmod: RuthlessStudy","floor":20},{"not_picked":["somnambulantmod: Unmake","somnambulantmod: TrepanningBlow"],"picked":"somnambulantmod: LeechFears","floor":21}],"player_experience":715409,"relics_obtained":[{"floor":7,"key":"Bronze Scales"},{"floor":9,"key":"SalivaCoin"},{"floor":13,"key":"Vajra"}],"event_choices":[],"is_beta":false,"boss_relics":[{"not_picked":["construct:WeddingRing","hubris:CrackedHourglass"],"picked":"energizedSpire:HugeHouse"},{"not_picked":[]}],"items_purged_floors":[],"is_endless":false,"potions_floor_spawned":[7,10,13,16,19,21],"killed_by":"Snake Plant","ascension_level":0}}