{"host":"0luxfixkkfk9wck3","time":1613938961,"event":{"mods":["BaseMod","DeckTracker","Downfall","Highlight Path","Minty Spire (QoL Compilation)","StSLib"],"gold_per_floor":[99,113,113,16,33,18,72,72,99,115,115,157,6,15,36,148,148,148,177,205,124,141,177,247,247,282,66,80,80,80,80,92,199,199,199,219,237,265,281,281,281,281],"floor_reached":40,"language":"ENG","playtime":9956,"items_purged":["hexamod:Strike"],"score":627,"play_id":"a9374756-9448-4134-9a9b-65a05b2ca5b6","local_time":"20210221142241","is_ascension_mode":true,"campfire_choices":[{"data":"hexamod:Sear","floor":1,"key":"SMITH"},{"data":"hexamod:AdvancingGuard","floor":8,"key":"SMITH"},{"data":"hexamod:NightmareStrike","floor":11,"key":"SMITH"},{"data":"hexamod:WildfireWeapon","floor":18,"key":"SMITH"},{"data":"hexamod:SoulSteal","floor":25,"key":"SMITH"},{"data":"hexamod:ForkedFlame","floor":30,"key":"SMITH"},{"data":"hexamod:SearingWound","floor":35,"key":"SMITH"}],"circlet_count":0,"master_deck":["AscendersBane","hexamod:Strike","hexamod:Defend","hexamod:Defend","hexamod:Defend","hexamod:Defend","hexamod:Sear+1","hexamod:Float","hexamod:PowerFromBeyond","hexamod:FourthSeal","hexamod:ThirdSeal","hexamod:RadiantFlame","hexamod:PowerFromBeyond","hexamod:FirstSeal","hexamod:AdvancingGuard+1","hexamod:NightmareStrike+1","hexamod:StepThrough","hexamod:SoulSteal+1","hexamod:VolcanoVisage","hexamod:FlamesFromBeyond","hexamod:ThermalTransfer","hexamod:NightmareGuise","hexamod:WildfireWeapon+1","hexamod:SecondSeal","hexamod:ThermalTransfer+1","hexamod:DynamicBlow","hexamod:HeatShield+1","hexamod:EmpoweredFlame+1","hexamod:SwordOfDarkness","hexamod:HeatShield","hexamod:ForkedFlame+1","Pain","hexamod:SearingWound+1","hexamod:Rewind+1"],"relics":["hexamod:SpiritBrand","Vajra","Bottled Lightning","Guardian:PocketSentry","expansioncontent:StudyCardRelic","Bottled Flame","Pen Nib","Guardian:BottledAnomaly","downfall:RedIOU","Bottled Tornado","SacredBark"],"acts_visited":["Exordium","TheCity","TheBeyond"],"potions_floor_usage":[9,9,16,26,26,33,33,38,38,38,38,40],"damage_taken":[{"damage":0,"enemies":"Small Slimes","floor":2,"turns":3},{"damage":0,"enemies":"downfall:FleeingMerchant","floor":4,"turns":4},{"damage":0,"enemies":"Cultist","floor":5,"turns":3},{"damage":0,"enemies":"downfall:FleeingMerchant","floor":6,"turns":4},{"damage":24,"enemies":"Gremlin Nob","floor":9,"turns":5},{"damage":3,"enemies":"2 Louse","floor":10,"turns":2},{"damage":20,"enemies":"3 Sentries","floor":12,"turns":8},{"damage":0,"enemies":"downfall:FleeingMerchant","floor":13,"turns":4},{"damage":6,"enemies":"Blue Slaver","floor":15,"turns":3},{"damage":1,"enemies":"IC_STATUS_ARCHETYPE","floor":16,"turns":10},{"damage":0,"enemies":"Chosen","floor":19,"turns":3},{"damage":0,"enemies":"Spheric Guardian","floor":20,"turns":3},{"damage":0,"enemies":"downfall:FleeingMerchant","floor":21,"turns":4},{"damage":0,"enemies":"Snecko","floor":22,"turns":3},{"damage":8,"enemies":"Snake Plant","floor":23,"turns":3},{"damage":5,"enemies":"Gremlin Leader","floor":26,"turns":5},{"damage":6,"enemies":"downfall:FleeingMerchant","floor":27,"turns":4},{"damage":2,"enemies":"Chosen and Byrds","floor":28,"turns":4},{"damage":13,"enemies":"Shelled Parasite and Fungi","floor":32,"turns":4},{"damage":52,"enemies":"WA_ARCHETYPE_CALM","floor":33,"turns":13},{"damage":29,"enemies":"3 Darklings","floor":36,"turns":4},{"damage":13,"enemies":"3 Shapes","floor":37,"turns":5},{"damage":0,"enemies":"Transient","floor":38,"turns":5},{"damage":10,"enemies":"Sphere and 2 Shapes","floor":39,"turns":5},{"damage":11,"enemies":"Writhing Mass","floor":40,"turns":2}],"seed_played":"2073478345961791348","potions_obtained":[{"floor":0,"key":"LiquidBronze"},{"floor":0,"key":"hexamod:InfernoChargePotion"},{"floor":0,"key":"LiquidBronze"},{"floor":2,"key":"DistilledChaos"},{"floor":6,"key":"EntropicBrew"},{"floor":9,"key":"ColorlessPotion"},{"floor":10,"key":"GamblersBrew"},{"floor":13,"key":"LiquidMemories"},{"floor":16,"key":"AttackPotion"},{"floor":26,"key":"GamblersBrew"},{"floor":32,"key":"Regen Potion"},{"floor":33,"key":"LiquidMemories"},{"floor":37,"key":"AttackPotion"},{"floor":38,"key":"BlessingOfTheForge"},{"floor":39,"key":"Strength Potion"},{"floor":39,"key":"hexamod:EctoCoolerPotion"}],"is_trial":false,"path_per_floor":["R","M","?","$","M","$","T","R","E","M","R","E","$","?","M","B",null,"R","M","M","$","M","M","T","R","E","$","M","?","R","?","M","B",null,"R","M","M","M","M","M"],"character_chosen":"THE_SPIRIT","items_purchased":["hexamod:ThirdSeal","Guardian:PocketSentry","Guardian:BottledAnomaly","hexamod:ForkedFlame"],"campfire_rested":0,"item_purchase_floors":[4,13,27,27],"current_hp_per_floor":[63,63,63,63,63,63,63,63,46,43,43,30,37,37,31,37,62,62,69,70,70,70,62,62,62,57,58,56,56,56,56,50,13,56,56,27,14,21,11,0,0,0],"gold":281,"neow_bonus":"THREE_SMALL_POTIONS","is_daily":false,"chose_seed":false,"campfire_upgraded":7,"win_rate":0.0,"timestamp":1613938961,"path_taken":["R","M","?","$","M","$","T","R","E","M","R","E","?","?","M","BOSS","R","M","M","$","M","M","T","R","E","$","M","?","R","?","M","BOSS","R","M","M","?","M","M"],"items_purchased_type":["Card","Relic","Relic","Card"],"build_version":"2020-12-22","purchased_purges":1,"victory":false,"max_hp_per_floor":[70,70,70,70,70,70,70,70,70,70,70,70,70,70,70,70,70,70,70,70,70,70,70,70,70,70,70,70,70,70,70,70,70,70,70,70,70,70,70,70,70,70],"card_choices":[{"not_picked":["hexamod:HauntingEcho","hexamod:AdvancingGuard"],"picked":"hexamod:PowerFromBeyond","floor":2},{"not_picked":["hexamod:ThirdSeal","hexamod:ParanormalForm"],"picked":"hexamod:FourthSeal","floor":4},{"not_picked":["hexamod:Haunt","hexamod:PhantomCloak"],"picked":"hexamod:RadiantFlame","floor":5},{"not_picked":["hexamod:GhostOfSpireFuture","hexamod:GhostLash"],"picked":"hexamod:PowerFromBeyond","floor":5},{"not_picked":["hexamod:HeatMetal","hexamod:GhostShield"],"picked":"hexamod:FirstSeal","floor":6},{"not_picked":["hexamod:FourthSeal","hexamod:PhantomFireball"],"picked":"hexamod:AdvancingGuard","floor":6},{"not_picked":["hexamod:Hexaguard","hexamod:HauntingEcho"],"picked":"hexamod:NightmareStrike","floor":9},{"not_picked":["hexamod:SuperheatedStrike","hexamod:GhostOfSpirePresent"],"picked":"hexamod:StepThrough","floor":9},{"not_picked":["hexamod:ThirdSeal","hexamod:RadiantFlame","hexamod:HeatMetal"],"picked":"SKIP","floor":10},{"not_picked":["hexamod:HeatShield","hexamod:ExtraCrispy"],"picked":"hexamod:SoulSteal","floor":12},{"not_picked":["hexamod:ShieldOfDarkness","hexamod:NightmareGuise"],"picked":"hexamod:VolcanoVisage","floor":13},{"not_picked":["hexamod:SpectralSpark","hexamod:EtherealExpedition"],"picked":"hexamod:FlamesFromBeyond","floor":13},{"not_picked":["hexamod:Hexaguard","hexamod:NightmareStrike"],"picked":"hexamod:NightmareGuise","floor":15},{"not_picked":["hexamod:TimeWarp","hexamod:TimeOfNeed"],"picked":"hexamod:WildfireWeapon","floor":16},{"not_picked":["hexamod:ThermalTransfer","hexamod:AdvancingGuard"],"picked":"hexamod:SecondSeal","floor":19},{"not_picked":["hexamod:SpectralAdrenaline","hexamod:Hexaguard"],"picked":"hexamod:ThermalTransfer+1","floor":20},{"not_picked":["hexamod:StepThrough+1","hexamod:InspiringFlames"],"picked":"hexamod:DynamicBlow","floor":20},{"not_picked":["hexamod:HeatMetal","hexamod:NightmareGuise"],"picked":"hexamod:HeatShield+1","floor":21},{"not_picked":["hexamod:Firestarter+1","hexamod:DynamicBlow+1","hexamod:Toasty"],"picked":"SKIP","floor":21},{"not_picked":["hexamod:NecessarySacrifice","hexamod:Haunt","hexamod:HeatMetal"],"picked":"SKIP","floor":22},{"not_picked":["hexamod:Haunt","hexamod:SpectralAdrenaline"],"picked":"hexamod:EmpoweredFlame+1","floor":23},{"not_picked":["hexamod:HauntingEcho","hexamod:ChargedBarrage"],"picked":"hexamod:SwordOfDarkness","floor":23},{"not_picked":["hexamod:SpectersWail","hexamod:GhostLash"],"picked":"hexamod:HeatShield","floor":26},{"not_picked":["hexamod:FastForward","hexamod:Haunt","hexamod:UnlimitedPower"],"picked":"SKIP","floor":26},{"not_picked":["hexamod:SuperheatedStrike+1","hexamod:GhostLash","hexamod:BacktrackSmack+1"],"picked":"SKIP","floor":27},{"not_picked":["hexamod:HauntingEcho","hexamod:SwordOfDarkness","hexamod:BurningTouch"],"picked":"SKIP","floor":27},{"not_picked":["hexamod:NightmareStrike+1","hexamod:GiftsFromTheDead","hexamod:Incineration+1"],"picked":"SKIP","floor":28},{"not_picked":["hexamod:DynamicBlow","hexamod:AdvancingGuard+1","hexamod:HauntingEcho"],"picked":"SKIP","floor":32},{"not_picked":["hexamod:UnlimitedPower","hexamod:ForkedFlame"],"picked":"hexamod:SearingWound","floor":33},{"not_picked":["hexamod:Hexaguard","hexamod:InspiringFlames+1","hexamod:HauntingEcho"],"picked":"SKIP","floor":36},{"not_picked":["hexamod:HeatCrush+1","hexamod:SuperheatedStrike+1"],"picked":"hexamod:Rewind+1","floor":37},{"not_picked":["hexamod:ShieldOfDarkness+1","hexamod:BurningTouch+1","hexamod:SwordOfDarkness"],"picked":"SKIP","floor":37},{"not_picked":["hexamod:FirstSeal","hexamod:FastForward","hexamod:SoulSteal+1"],"picked":"SKIP","floor":38},{"not_picked":["hexamod:GhostOfSpirePast","hexamod:ShieldOfDarkness+1","hexamod:SpectersWail"],"picked":"SKIP","floor":39}],"player_experience":12007468,"relics_obtained":[{"floor":7,"key":"Vajra"},{"floor":9,"key":"Bottled Lightning"},{"floor":12,"key":"CeramicFish"},{"floor":24,"key":"Bottled Flame"},{"floor":26,"key":"Pen Nib"}],"event_choices":[{"cards_removed":["hexamod:Strike"],"damage_healed":0,"gold_gain":0,"player_choice":"Offered Basic","damage_taken":0,"max_hp_gain":0,"max_hp_loss":0,"event_name":"Bonfire Elementals","floor":3,"gold_loss":0},{"damage_healed":0,"gold_gain":0,"cards_transformed":["hexamod:Strike"],"player_choice":"Change","damage_taken":0,"max_hp_gain":0,"max_hp_loss":0,"event_name":"Living Wall","floor":14,"gold_loss":0,"cards_obtained":["hexamod:ThermalTransfer"]}],"is_beta":false,"boss_relics":[{"not_picked":["Empty Cage","Coffee Dripper"],"picked":"expansioncontent:StudyCardRelic"},{"not_picked":["Runic Dome","Tiny House"],"picked":"SacredBark"}],"items_purged_floors":[21],"is_endless":false,"potions_floor_spawned":[2,5,10,15,16,19,22,26,32,37,39],"killed_by":"Writhing Mass","ascension_level":10}}