{"host":"otnudku6n3tqcmrv","time":1613933095,"event":{"mods":["BaseMod","CapriCore","Colored Map","DeckTracker","KOR Keyword Fix","Keyboard Shortcuts","Minty Spire (QoL Compilation)","Quick Restart","StSLib","SuperFastMode","The Runesmith","Waifu the Spire","everything is the same but u backflip on backflip"],"gold_per_floor":[111,111,124,141,153,188,188,222,222,239,204,220,239,250,250,353,353,364,379,406,406,505,534,552,563,587,587,21,72,101,143,155,265,277,305,317,329,361,392,404,430,442,480,492,414,470,482,38,38,38],"floor_reached":51,"language":"KOR","playtime":1844,"items_purged":["Runesmith:Defend_RS"],"score":779,"play_id":"e331f39b-cbe3-45bd-b364-75bc90b41b4f","local_time":"20210222034455","is_ascension_mode":false,"campfire_choices":[{"data":"Runesmith:ReplicatingBarrier","floor":15,"key":"SMITH"},{"floor":32,"key":"REST"},{"floor":40,"key":"REST"},{"data":"Runesmith:UnlimitedPower","floor":44,"key":"SMITH"},{"data":"Runesmith:LightningRod","floor":47,"key":"SMITH"},{"floor":49,"key":"REST"}],"circlet_count":0,"master_deck":["Runesmith:Strike_RS+1","Runesmith:Strike_RS+1","Runesmith:Defend_RS","Runesmith:Defend_RS","Runesmith:CraftFirestone","Runesmith:Fortify+1","Runesmith:Supernova+1","Runesmith:LithiumIon","Runesmith:Grindstone","Runesmith:Repurpose+1","Runesmith:Reinforce","Runesmith:RunicBlueprint","Runesmith:ReplicatingBarrier+1","Runesmith:Firewall","Runesmith:UnlimitedPower+1","Runesmith:CraftIncendium","Runesmith:EarthShield","Runesmith:Permafrost","Runesmith:ChaoticBlast+1","Runesmith:BackupBattery+1","Runesmith:LightningRod+1","Runesmith:CraftVitae","Runesmith:Firewall","Runesmith:Firewall"],"relics":["Runesmith:BrokenRuby","Tiny Chest","Potion Belt","Lizard Tail","StrikeDummy","Runic Pyramid","Omamori","The Courier","Whetstone","Ornamental Fan","Runesmith:MiniCore","Bag of Preparation","MawBank","InkBottle","Runesmith:UraniumAnvil","Blood Vial","CeramicFish","War Paint","Kunai","Anchor","Sling"],"acts_visited":["Exordium","TheCity","TheBeyond"],"potions_floor_usage":[16,23,31,33],"damage_taken":[{"damage":5,"enemies":"Jaw Worm","floor":1,"turns":4},{"damage":3,"enemies":"Small Slimes","floor":3,"turns":5},{"damage":2,"enemies":"2 Louse","floor":4,"turns":3},{"damage":4,"enemies":"Looter","floor":5,"turns":4},{"damage":6,"enemies":"Lagavulin","floor":6,"turns":10},{"damage":12,"enemies":"3 Sentries","floor":8,"turns":10},{"damage":8,"enemies":"Large Slime","floor":10,"turns":7},{"damage":5,"enemies":"2 Fungi Beasts","floor":12,"turns":4},{"damage":1,"enemies":"3 Louse","floor":13,"turns":2},{"damage":7,"enemies":"Large Slime","floor":14,"turns":6},{"damage":21,"enemies":"Slime Boss","floor":16,"turns":7},{"damage":20,"enemies":"3 Byrds","floor":18,"turns":4},{"damage":0,"enemies":"Chosen","floor":19,"turns":7},{"damage":24,"enemies":"Gremlin Leader","floor":23,"turns":8},{"damage":14,"enemies":"Snecko","floor":24,"turns":8},{"damage":5,"enemies":"Cultist and Chosen","floor":25,"turns":7},{"damage":1,"enemies":"Snake Plant","floor":30,"turns":5},{"damage":37,"enemies":"Slavers","floor":31,"turns":5},{"damage":15,"enemies":"Collector","floor":33,"turns":9},{"damage":39,"enemies":"3 Darklings","floor":35,"turns":4},{"damage":0,"enemies":"Orb Walker","floor":38,"turns":4},{"damage":0,"enemies":"Spire Growth","floor":39,"turns":5},{"damage":2,"enemies":"Transient","floor":41,"turns":5},{"damage":3,"enemies":"Giant Head","floor":46,"turns":7},{"damage":4,"enemies":"Awakened One","floor":50,"turns":7}],"seed_played":"6494382027459250182","potions_obtained":[{"floor":4,"key":"Swift Potion"},{"floor":5,"key":"Regen Potion"},{"floor":10,"key":"ColorlessPotion"},{"floor":12,"key":"AttackPotion"},{"floor":14,"key":"PowerPotion"},{"floor":16,"key":"Weak Potion"},{"floor":25,"key":"Strength Potion"},{"floor":31,"key":"DuplicationPotion"},{"floor":33,"key":"GamblersBrew"}],"is_trial":false,"path_per_floor":["M","?","M","M","M","E","?","E","T","M","?","M","M","M","R","B",null,"M","M","T","?","?","E","M","M","T","?","$","T","M","E","R","B",null,"M","?","?","M","M","R","M","T","T","R","?","E","R","$","R","B",null],"character_chosen":"RUNESMITH_CLASS","items_purchased":["Runesmith:LightningRod","Ornamental Fan","Runesmith:MiniCore","Bag of Preparation","Kunai","Anchor","Sling"],"campfire_rested":3,"item_purchase_floors":[28,28,28,28,48,48,48],"current_hp_per_floor":[65,62,59,57,53,47,52,40,40,32,50,45,44,37,37,30,75,55,55,55,55,55,31,17,12,12,12,12,12,11,12,34,19,75,36,36,36,36,36,58,56,56,56,56,56,55,55,55,75,71],"gold":38,"neow_bonus":"ONE_RANDOM_RARE_CARD","is_daily":false,"chose_seed":false,"campfire_upgraded":3,"win_rate":0.0,"timestamp":1613933095,"path_taken":["M","?","M","M","M","E","?","E","T","M","?","M","M","?","R","BOSS","M","M","?","?","?","E","M","M","T","?","$","?","M","E","R","BOSS","M","?","?","M","M","R","?","?","T","R","?","E","R","$","R","BOSS"],"items_purchased_type":["Card","Relic","Relic","Relic","Relic","Relic","Relic"],"build_version":"2020-12-22","purchased_purges":1,"victory":true,"max_hp_per_floor":[70,70,70,70,70,70,75,75,75,75,75,75,75,75,75,75,75,75,75,75,75,75,75,75,75,75,75,75,75,75,75,75,75,75,75,75,75,75,75,75,75,75,75,75,75,75,75,75,75,75],"card_choices":[{"not_picked":["Runesmith:StaticCage","Runesmith:HammerThrow"],"picked":"Runesmith:LithiumIon","floor":1},{"not_picked":["Runesmith:CraftProtectio","Runesmith:CraftReservo"],"picked":"Runesmith:Grindstone","floor":3},{"not_picked":["Runesmith:HeatExchange","Runesmith:CraftObretio"],"picked":"Runesmith:Repurpose","floor":4},{"not_picked":["Runesmith:ShiftingStrike","Runesmith:Augment"],"picked":"Runesmith:Reinforce","floor":5},{"not_picked":["Runesmith:FrozenChisel","Runesmith:CraftObretio"],"picked":"Runesmith:RunicBlueprint","floor":6},{"not_picked":["Runesmith:Supernova","Runesmith:Discharge"],"picked":"Runesmith:ReplicatingBarrier","floor":8},{"not_picked":["Runesmith:Reinforce","Runesmith:MakeshiftArmor","Runesmith:RuneHurl"],"picked":"SKIP","floor":10},{"not_picked":["Runesmith:Grindstone","Runesmith:Repurpose","Runesmith:NanitesCloud"],"picked":"SKIP","floor":12},{"not_picked":["Runesmith:HammerTime","Runesmith:Repurpose"],"picked":"Runesmith:Firewall","floor":13},{"not_picked":["Runesmith:StaticCage","Runesmith:ElementalConversion","Runesmith:Grindstone"],"picked":"SKIP","floor":14},{"not_picked":["Runesmith:LightningRod","Runesmith:Duplicate"],"picked":"Runesmith:UnlimitedPower","floor":16},{"not_picked":["Runesmith:HeatExchange","Runesmith:Malloc","Runesmith:DoubleUp"],"picked":"SKIP","floor":18},{"not_picked":["Runesmith:Overpower","Runesmith:StaticCage","Runesmith:CraftIncendium"],"picked":"SKIP","floor":19},{"not_picked":["Runesmith:Overpower","Runesmith:StaticCage"],"picked":"Runesmith:CraftIncendium","floor":19},{"not_picked":["Runesmith:EnergizedChisel","Runesmith:RuneHurl"],"picked":"Runesmith:ChaoticBlast+1","floor":23},{"not_picked":["Runesmith:EnergizedChisel","Runesmith:RunicBlueprint"],"picked":"Runesmith:BackupBattery+1","floor":24},{"not_picked":["Runesmith:OneForEveryone","Runesmith:MakeshiftArmor","Runesmith:Repurpose+1"],"picked":"SKIP","floor":25},{"not_picked":["Runesmith:Grindstone","Runesmith:StaticCage+1","Runesmith:Malloc"],"picked":"SKIP","floor":30},{"not_picked":["Runesmith:Terraform","Runesmith:PoweredAnvil"],"picked":"Runesmith:CraftVitae","floor":31},{"not_picked":["Runesmith:Augment","Runesmith:StaticCage","Runesmith:PerfectChisel"],"picked":"SKIP","floor":35},{"not_picked":["Runesmith:HeatExchange+1","Runesmith:LithiumIon","Runesmith:ShiftingStrike+1"],"picked":"SKIP","floor":38},{"not_picked":["Runesmith:LithiumIon+1","Runesmith:DuctTape","Runesmith:StaticCage+1"],"picked":"SKIP","floor":39},{"not_picked":["Runesmith:ChiselStab+1","Runesmith:CraftMagma","Runesmith:RuneHurl+1"],"picked":"SKIP","floor":41},{"not_picked":["Runesmith:MetallurgicalResearch","Runesmith:CraftVitae"],"picked":"Runesmith:Firewall","floor":46}],"player_experience":1309287,"relics_obtained":[{"floor":6,"key":"Potion Belt"},{"floor":8,"key":"Lizard Tail"},{"floor":9,"key":"StrikeDummy"},{"floor":20,"key":"Omamori"},{"floor":23,"key":"The Courier"},{"floor":26,"key":"Whetstone"},{"floor":29,"key":"MawBank"},{"floor":31,"key":"InkBottle"},{"floor":42,"key":"Blood Vial"},{"floor":43,"key":"CeramicFish"},{"floor":46,"key":"War Paint"}],"event_choices":[{"damage_healed":0,"gold_gain":0,"player_choice":"Success","damage_taken":3,"relics_obtained":["Tiny Chest"],"max_hp_gain":0,"max_hp_loss":0,"event_name":"Scrap Ooze","floor":2,"gold_loss":0},{"damage_healed":0,"gold_gain":0,"player_choice":"Donut","damage_taken":0,"max_hp_gain":5,"max_hp_loss":0,"event_name":"Big Fish","floor":7,"gold_loss":0},{"damage_healed":18,"gold_gain":0,"player_choice":"Healed","damage_taken":0,"max_hp_gain":0,"max_hp_loss":0,"event_name":"The Cleric","floor":11,"gold_loss":35},{"damage_healed":0,"gold_gain":0,"cards_transformed":["Runesmith:Strike_RS","Runesmith:Strike_RS"],"player_choice":"Became Test Subject","damage_taken":0,"max_hp_gain":0,"max_hp_loss":0,"event_name":"Drug Dealer","floor":21,"gold_loss":0,"cards_obtained":["Runesmith:EarthShield","Runesmith:Permafrost"]},{"damage_healed":0,"gold_gain":99,"player_choice":"Stole From Cult","damage_taken":0,"max_hp_gain":0,"max_hp_loss":0,"event_name":"Nest","floor":22,"gold_loss":0},{"damage_healed":0,"gold_gain":0,"player_choice":"Ignored","damage_taken":0,"max_hp_gain":0,"max_hp_loss":0,"event_name":"Ghosts","floor":27,"gold_loss":0},{"damage_healed":0,"gold_gain":0,"player_choice":"Ignored","damage_taken":0,"max_hp_gain":0,"max_hp_loss":0,"event_name":"Tomb of Lord Red Mask","floor":36,"gold_loss":0},{"damage_healed":0,"gold_gain":0,"player_choice":"Copied","damage_taken":0,"max_hp_gain":0,"max_hp_loss":0,"event_name":"Duplicator","floor":37,"gold_loss":0,"cards_obtained":["Runesmith:Firewall"]},{"cards_removed":["Runesmith:Defend_RS"],"damage_healed":0,"gold_gain":0,"player_choice":"Upgrade and Remove","damage_taken":0,"max_hp_gain":0,"max_hp_loss":0,"event_name":"Designer","floor":45,"gold_loss":90,"cards_upgraded":["Runesmith:Supernova"]}],"is_beta":false,"boss_relics":[{"not_picked":["Snecko Eye","Astrolabe"],"picked":"Runic Pyramid"},{"not_picked":["Empty Cage","Velvet Choker"],"picked":"Runesmith:UraniumAnvil"}],"items_purged_floors":[28],"is_endless":false,"potions_floor_spawned":[4,5,10,12,14,16,19,25,30,31,33,35,39],"ascension_level":0}}