{"host":"8o45mh5p3pp1o2mi","time":1613951319,"event":{"mods":["BaseMod","Bestiary","Better Match","Better Third Choice","BetterRewards","Dark Map","Downfall","Fox Events","Minty Spire (QoL Compilation)","Rare Cards Sparkle","Relic Stats","Replay The Spire","Shop Mod","Spire Exporter","StSLib","everything is the same but u backflip on backflip"],"gold_per_floor":[110,110,63,63,103,135,18,44,44,69,69,83,83,33,33,135,135,147,196,196,212,230,256,335,335,335,335,351,351,384,384,384,486,486,504,101,112,128,128,160,160,187,210,222,248,266,292,310,310,310,310,310,94,127,127,127],"floor_reached":55,"language":"ENG","playtime":4123,"items_purged":["downfall:Malfunctioning","Strike_G","Strike_G","Defend_G"],"score":2318,"play_id":"cdcdcfca-eeed-4bd1-bc7d-89e1c7d0da9b","local_time":"20210221234839","is_ascension_mode":true,"campfire_choices":[{"data":"Terror","floor":11,"key":"SMITH"},{"data":"Tools of the Trade","floor":13,"key":"SMITH"},{"data":"Glass Knife","floor":15,"key":"SMITH"},{"data":"Strike_G","floor":25,"key":"PURGE"},{"data":"Unload","floor":32,"key":"SMITH"},{"floor":41,"key":"RECALL"},{"floor":49,"key":"DIG"},{"data":"Malaise","floor":52,"key":"SMITH"}],"circlet_count":0,"master_deck":["AscendersBane","Strike_G+1","Defend_G","Defend_G+1","Survivor","Neutralize","Footwork+1","Glass Knife+1","Footwork+1","Blur+1","Deadly Poison","Cloak And Dagger+1","Tools of the Trade+1","Poisoned Stab","Unload+1","Terror+1","Deep Breath","Acrobatics","Backflip","Hidden Blade","Burst","Endless Agony","ReplayTheSpireMod:Scrap Shanks","ReplayTheSpireMod:Scrap Shanks","Hidden Blade+1","Storm of Steel","Malaise+1","Dagger Throw","Dodge and Roll","Pot Of Greed","Pot Of Greed","Pot Of Greed","Parasite","Prepared+1","Replay:Poison Smokescreen"],"relics":["Ring of the Snake","Divine Protection","ReplayTheSpireMod:CursedCoin","Bag of Marbles","Peace Pipe","PreservedInsect","Calipers","Kunai","Toolbox","Bag of Preparation","Simple Rune","Lantern","Snack Pack","Replay:Rubber Ducky","SlaversCollar","Regal Pillow","Quantum Egg","Replay:Bottled Flurry","InkBottle","Blue Candle","ReplayTheSpireMod:Ring of Addiction","Toy Ornithopter","White Beast Statue","Tiny Chest","Empty Cage","MerchantsRug","FossilizedHelix","Centennial Puzzle","ReplayTheSpireMod:Lightbulb","Grinning Jar","Pocketwatch","ReplayTheSpireMod:TigerMarble","ReplayFunnel","Vajra","Letter Opener"],"acts_visited":["Exordium","TheCity","TheBeyond","TheEnding"],"potions_floor_usage":[6,22,30,37,40,40,40,44,46,48,50,54,55],"damage_taken":[{"damage":0,"enemies":"Jaw Worm","floor":1,"turns":4},{"damage":0,"enemies":"Cultist","floor":5,"turns":4},{"damage":0,"enemies":"3 Sentries","floor":6,"turns":6},{"damage":0,"enemies":"Replay:BlueRogue","floor":8,"turns":2},{"damage":0,"enemies":"3 Sentries","floor":10,"turns":5},{"damage":0,"enemies":"2 Louse","floor":12,"turns":2},{"damage":0,"enemies":"The Guardian","floor":16,"turns":9},{"damage":0,"enemies":"Shell Parasite","floor":18,"turns":2},{"damage":0,"enemies":"3 Byrds","floor":21,"turns":5},{"damage":8,"enemies":"Shelled Parasite and Fungi","floor":22,"turns":3},{"damage":0,"enemies":"Book of Stabbing","floor":23,"turns":3},{"damage":0,"enemies":"Sentry and Sphere","floor":28,"turns":4},{"damage":0,"enemies":"Replay:Snechameleon","floor":30,"turns":2},{"damage":0,"enemies":"Champ","floor":33,"turns":8},{"damage":0,"enemies":"Orb Walker","floor":35,"turns":2},{"damage":1,"enemies":"3 Darklings","floor":37,"turns":5},{"damage":0,"enemies":"Sphere and 2 Shapes","floor":38,"turns":3},{"damage":0,"enemies":"Nemesis","floor":40,"turns":3},{"damage":0,"enemies":"R_Hoarder","floor":42,"turns":4},{"damage":0,"enemies":"Spire Growth","floor":44,"turns":5},{"damage":0,"enemies":"Nemesis","floor":45,"turns":3},{"damage":11,"enemies":"Writhing Mass","floor":46,"turns":6},{"damage":0,"enemies":"Maw","floor":48,"turns":4},{"damage":0,"enemies":"Awakened One","floor":50,"turns":11},{"damage":38,"enemies":"Shield and Spear","floor":54,"turns":5},{"damage":53,"enemies":"The Heart","floor":55,"turns":5}],"seed_played":"7352365001184429012","potions_obtained":[{"floor":1,"key":"Explosive Potion"},{"floor":5,"key":"GamblersBrew"},{"floor":23,"key":"BlessingOfTheForge"},{"floor":29,"key":"Strength Potion"},{"floor":30,"key":"FearPotion"},{"floor":33,"key":"EntropicBrew"},{"floor":35,"key":"CunningPotion"},{"floor":37,"key":"hexamod:SoulburnPotion"},{"floor":40,"key":"Dexterity Potion"},{"floor":42,"key":"Explosive Potion"},{"floor":44,"key":"SpeedPotion"},{"floor":46,"key":"Weak Potion"},{"floor":48,"key":"GhostInAJar"},{"floor":54,"key":"Cursed Concoction"}],"is_trial":false,"path_per_floor":["M","?","$","?","M","E","$","E","T","E","R","M","R","$","R","B",null,"M","T","T","M","M","E","T","R","T","?","M","?","E","?","R","B",null,"M","$","M","M","?","E","R","E","T","M","E","M","T","M","R","B",null,"R","$","E","B"],"character_chosen":"THE_SILENT","items_purchased":["Divine Protection","Footwork","ReplayTheSpireMod:CursedCoin","Bag of Marbles","Glass Knife","PreservedInsect","Footwork+1","Blur","Calipers","Kunai","Toolbox","Deadly Poison","Cloak And Dagger","BargainBundle","Terror","Simple Rune","Lantern","SkillPotion","Deep Breath","Hidden Blade","MerchantsRug","FossilizedHelix","Vajra","Replay:Poison Smokescreen"],"campfire_rested":0,"item_purchase_floors":[0,0,0,0,0,0,0,0,0,0,0,0,3,7,7,7,7,7,7,14,36,36,53,53],"current_hp_per_floor":[63,56,56,56,56,56,56,56,56,62,62,64,64,64,64,70,70,70,70,70,70,64,70,70,70,80,75,80,80,80,80,80,80,78,78,78,76,76,76,76,76,76,76,74,74,74,74,74,74,74,74,74,74,44,0,0],"gold":127,"neow_bonus":"","is_daily":false,"chose_seed":false,"campfire_upgraded":5,"win_rate":0.0,"timestamp":1613951319,"path_taken":["M","?","$","?","M","E","$","E","T","E","R","M","R","$","R","BOSS","M","?","?","M","?","E","?","R","T","?","?","?","E","?","R","BOSS","M","$","?","M","?","E","R","E","T","M","E","M","?","M","R","BOSS","R","$","E","BOSS"],"items_purchased_type":["Relic","Card","Relic","Relic","Card","Relic","Card","Card","Relic","Relic","Relic","Card","Card","Relic","Card","Relic","Relic","Potion","Card","Card","Relic","Relic","Relic","Card"],"build_version":"2020-12-22","purchased_purges":4,"victory":false,"max_hp_per_floor":[70,70,70,70,70,70,70,70,70,70,70,70,70,70,70,70,70,70,70,70,70,70,70,70,70,80,80,80,80,80,80,80,80,78,78,78,76,76,76,76,76,76,76,74,74,74,74,74,74,74,74,74,74,72,72,72],"relic_stats":{"Regal Pillow":0,"counters":[84,281],"Blue Candle":[14],"PreservedInsect":940,"Bag of Preparation":[45],"Letter Opener":[30],"Peace Pipe":1,"Centennial Puzzle":[38],"Tiny Chest":1,"Kunai":[157],"obtain_stats":[{"TwistedFunnel":0,"Replay:Accelerometer":45,"Divine Protection":0,"Calipers":0,"Vajra":53,"Whetstone":53,"Bottled Tornado":54,"Sling":22,"Boot":41,"Centennial Puzzle":26,"Sundial":0,"DollysMirror":38,"Replay:Bronze Core":17,"Honey Jar":34,"Replay:Bottled Flurry":23,"Kunai":53,"Toxic Egg 2":45,"Replay:Wax Seal":53,"Byrd Skull":9,"MerchantsRug":53,"Pear":20,"Ring of Hypnosis":30,"ReplayTheSpireMod:CursedCoin":8,"Dead Branch":0,"Replay:Grab Bag":17,"Astrolabe":17,"Blue Candle":27,"ReplayTheSpireMod:Ring of Addiction":29,"Oddly Smooth Stone":43,"Pen Nib":0,"Letter Opener":54,"War Paint":7,"Akabeko":13,"SlaversCollar":17,"Replay:Baseball":26,"Bottled Flame":31,"Shuriken":24,"Simple Rune":53,"ReplayTheSpireMod:TigerMarble":38,"Grinning Jar":43,"Mirror":40,"Pocketwatch":45,"ReplayFunnel":49,"Regal Pillow":31,"Lantern":7,"Blue Doll":29,"StoneCalendar":36,"Painkiller Herb":17,"Snake Skull":9,"Juzu Bracelet":0,"Bag of Preparation":53,"Empty Cage":34,"Replay:Rubber Ducky":10,"BranchBurnRelic":7,"Replay:Bandana":8,"Dream Catcher":46,"Tough Bandages":53,"Nunchaku":53,"Matryoshka":3,"WristBlade":17,"Ninja Scroll":30,"Pantograph":53,"Toolbox":0,"Tiny Chest":30,"WingedGreaves":0,"Replay:Bottled Eggs":53,"InkBottle":24,"Ring of the Snake":0,"Potion Belt":22,"Gremlin Food":47,"BargainBundle":0,"Lee\u0027s Waffle":12,"ReplayTheSpireMod:Ninjato":0,"Quantum Egg":0,"Thread and Needle":30,"Replay:WaspNest":6,"PreservedInsect":12,"The Courier":28,"Omamori":20,"Medical Kit":0,"Replay:Arrowhead":0,"White Beast Statue":29,"Peace Pipe":11,"Busted Crown":34,"Durian":53,"Bag of Marbles":0,"Snack Pack":9,"Membership Card":0,"Bottled Lightning":53,"ReplayTheSpireMod:Lightbulb":53,"Toy Ornithopter":23,"FossilizedHelix":36},{"TwistedFunnel":0,"Replay:Accelerometer":53,"Divine Protection":58,"Calipers":58,"Vajra":56,"Whetstone":56,"Bottled Tornado":30,"Sling":13,"Boot":51,"Centennial Puzzle":45,"Sundial":31,"DollysMirror":49,"Replay:Bronze Core":40,"Honey Jar":47,"Replay:Bottled Flurry":69,"Kunai":56,"Toxic Egg 2":26,"Replay:Wax Seal":56,"Byrd Skull":4,"MerchantsRug":56,"Pear":42,"Ring of Hypnosis":45,"ReplayTheSpireMod:CursedCoin":4,"Dead Branch":31,"Replay:Grab Bag":40,"Astrolabe":40,"Blue Candle":69,"ReplayTheSpireMod:Ring of Addiction":70,"Oddly Smooth Stone":51,"Pen Nib":31,"Letter Opener":83,"War Paint":4,"Akabeko":7,"SlaversCollar":65,"Replay:Baseball":14,"Bottled Flame":18,"Shuriken":14,"Simple Rune":56,"ReplayTheSpireMod:TigerMarble":22,"Grinning Jar":77,"Mirror":23,"Pocketwatch":79,"ReplayFunnel":81,"Regal Pillow":46,"Lantern":61,"Blue Doll":16,"StoneCalendar":21,"Painkiller Herb":40,"Snake Skull":36,"Juzu Bracelet":31,"Bag of Preparation":56,"Empty Cage":72,"Replay:Rubber Ducky":63,"BranchBurnRelic":35,"Replay:Bandana":4,"Dream Catcher":54,"Tough Bandages":56,"Nunchaku":56,"Matryoshka":33,"WristBlade":9,"Ninja Scroll":18,"Pantograph":29,"Toolbox":58,"Tiny Chest":71,"WingedGreaves":31,"Replay:Bottled Eggs":56,"InkBottle":69,"Ring of the Snake":0,"Potion Belt":13,"Gremlin Food":27,"BargainBundle":31,"Lee\u0027s Waffle":37,"ReplayTheSpireMod:Ninjato":0,"Quantum Egg":31,"Thread and Needle":18,"Replay:WaspNest":35,"PreservedInsect":37,"The Courier":45,"Omamori":42,"Medical Kit":31,"Replay:Arrowhead":0,"White Beast Statue":70,"Peace Pipe":6,"Busted Crown":19,"Durian":56,"Bag of Marbles":58,"Snack Pack":62,"Membership Card":31,"Bottled Lightning":56,"ReplayTheSpireMod:Lightbulb":56,"Toy Ornithopter":44,"FossilizedHelix":73},{"TwistedFunnel":0,"Replay:Accelerometer":147,"Divine Protection":166,"Calipers":166,"Vajra":157,"Whetstone":157,"Bottled Tornado":79,"Sling":43,"Boot":142,"Centennial Puzzle":124,"Sundial":84,"DollysMirror":136,"Replay:Bronze Core":113,"Honey Jar":131,"Replay:Bottled Flurry":211,"Kunai":157,"Toxic Egg 2":72,"Replay:Wax Seal":157,"Byrd Skull":11,"MerchantsRug":157,"Pear":118,"Ring of Hypnosis":124,"ReplayTheSpireMod:CursedCoin":11,"Dead Branch":84,"Replay:Grab Bag":113,"Astrolabe":113,"Blue Candle":211,"ReplayTheSpireMod:Ring of Addiction":215,"Oddly Smooth Stone":142,"Pen Nib":84,"Letter Opener":276,"War Paint":11,"Akabeko":19,"SlaversCollar":198,"Replay:Baseball":46,"Bottled Flame":54,"Shuriken":46,"Simple Rune":157,"ReplayTheSpireMod:TigerMarble":65,"Grinning Jar":242,"Mirror":68,"Pocketwatch":250,"ReplayFunnel":260,"Regal Pillow":126,"Lantern":180,"Blue Doll":49,"StoneCalendar":63,"Painkiller Herb":113,"Snake Skull":96,"Juzu Bracelet":84,"Bag of Preparation":157,"Empty Cage":225,"Replay:Rubber Ducky":187,"BranchBurnRelic":92,"Replay:Bandana":11,"Dream Catcher":150,"Tough Bandages":157,"Nunchaku":157,"Matryoshka":88,"WristBlade":30,"Ninja Scroll":54,"Pantograph":77,"Toolbox":166,"Tiny Chest":217,"WingedGreaves":84,"Replay:Bottled Eggs":157,"InkBottle":211,"Ring of the Snake":0,"Potion Belt":43,"Gremlin Food":73,"BargainBundle":84,"Lee\u0027s Waffle":101,"ReplayTheSpireMod:Ninjato":0,"Quantum Egg":84,"Thread and Needle":54,"Replay:WaspNest":92,"PreservedInsect":101,"The Courier":124,"Omamori":118,"Medical Kit":84,"Replay:Arrowhead":0,"White Beast Statue":215,"Peace Pipe":15,"Busted Crown":59,"Durian":157,"Bag of Marbles":166,"Snack Pack":182,"Membership Card":84,"Bottled Lightning":157,"ReplayTheSpireMod:Lightbulb":157,"Toy Ornithopter":123,"FossilizedHelix":227}],"InkBottle":[74],"Toy Ornithopter":24,"Ring of the Snake":[168],"Pocketwatch":[0]},"card_choices":[{"not_picked":["Sucker Punch","Dagger Spray","Underhanded Strike"],"picked":"SKIP","floor":1},{"not_picked":["Deadly Poison","Choke"],"picked":"Poisoned Stab","floor":5},{"not_picked":["Choke","Footwork"],"picked":"Unload","floor":6},{"not_picked":["Poisoned Stab","Slice"],"picked":"Acrobatics","floor":8},{"not_picked":["Caltrops","Bane"],"picked":"Backflip","floor":10},{"not_picked":["Backflip","Dagger Spray","Deadly Poison"],"picked":"SKIP","floor":12},{"not_picked":["Envenom","Malaise"],"picked":"Burst","floor":16},{"not_picked":["Sucker Punch","Setup+1"],"picked":"Endless Agony","floor":18},{"not_picked":["Prepared","Replay:Poison Smokescreen"],"picked":"ReplayTheSpireMod:Scrap Shanks","floor":21},{"not_picked":["Sneak Up","ReplayTheSpireMod:Speed Training"],"picked":"ReplayTheSpireMod:Scrap Shanks","floor":22},{"not_picked":["Poisoned Stab+1","Acrobatics"],"picked":"Hidden Blade+1","floor":23},{"not_picked":["PiercingWail+1","Blade Dance"],"picked":"Storm of Steel","floor":28},{"not_picked":["Slice+1","PiercingWail","Backflip"],"picked":"SKIP","floor":30},{"not_picked":["ReplayTheSpireMod:Necrosis","Bullet Time"],"picked":"Malaise","floor":33},{"not_picked":["Flechettes","Cloak And Dagger","Slice"],"picked":"SKIP","floor":35},{"not_picked":["Dash","Poisoned Stab"],"picked":"Dagger Throw","floor":37},{"not_picked":["ReplayTheSpireMod:Exploit Weakness","A Thousand Cuts"],"picked":"Dodge and Roll","floor":38},{"not_picked":["Flying Knee","Dagger Spray","PiercingWail"],"picked":"SKIP","floor":40},{"not_picked":["Riddle With Holes","Bane","Dodge and Roll"],"picked":"SKIP","floor":42},{"not_picked":["Dodge and Roll+1","Riddle With Holes","Poisoned Stab"],"picked":"SKIP","floor":44},{"not_picked":["Setup","Flying Knee+1","Grand Finale"],"picked":"SKIP","floor":45},{"not_picked":["Dagger Spray","Sucker Punch"],"picked":"Prepared+1","floor":46},{"not_picked":["Deadly Poison","Poisoned Stab","ReplayTheSpireMod:Exploit Weakness"],"picked":"SKIP","floor":48},{"not_picked":["Expertise","Deadly Poison","Crippling Poison"],"picked":"SKIP","floor":54}],"player_experience":230486,"relics_obtained":[{"floor":6,"key":"Bag of Preparation"},{"floor":8,"key":"War Paint"},{"floor":9,"key":"Snack Pack"},{"floor":10,"key":"Replay:Rubber Ducky"},{"floor":19,"key":"Regal Pillow"},{"floor":20,"key":"Quantum Egg"},{"floor":23,"key":"Replay:Bottled Flurry"},{"floor":24,"key":"InkBottle"},{"floor":26,"key":"Pear"},{"floor":29,"key":"ReplayTheSpireMod:Ring of Addiction"},{"floor":29,"key":"Toy Ornithopter"},{"floor":29,"key":"White Beast Statue"},{"floor":30,"key":"Tiny Chest"},{"floor":40,"key":"Centennial Puzzle"},{"floor":42,"key":"ReplayTheSpireMod:Lightbulb"},{"floor":43,"key":"Grinning Jar"},{"floor":45,"key":"Pocketwatch"},{"floor":47,"key":"ReplayTheSpireMod:TigerMarble"},{"floor":49,"key":"ReplayFunnel"},{"floor":54,"key":"Letter Opener"}],"event_choices":[{"cards_removed":["Defend_G"],"damage_healed":0,"gold_gain":0,"player_choice":"Card Removal","damage_taken":7,"max_hp_gain":0,"max_hp_loss":0,"event_name":"Golden Wing","floor":2,"gold_loss":0},{"damage_healed":0,"gold_gain":0,"cards_transformed":["Strike_G"],"player_choice":"Transformed","damage_taken":0,"max_hp_gain":0,"max_hp_loss":0,"event_name":"Transmorgrifier","floor":4,"gold_loss":0,"cards_obtained":["Tools of the Trade"]},{"damage_healed":0,"gold_gain":0,"player_choice":"Forge","damage_taken":0,"max_hp_gain":0,"max_hp_loss":0,"event_name":"Accursed Blacksmith","floor":31,"gold_loss":0,"cards_upgraded":["Footwork"]}],"is_beta":false,"boss_relics":[{"not_picked":["Fusion Hammer","Philosopher\u0027s Stone"],"picked":"SlaversCollar"},{"not_picked":["Honey Jar","Snecko Eye"],"picked":"Empty Cage"}],"items_purged_floors":[0,0,0,7],"is_endless":false,"potions_floor_spawned":[1,5,12,18,21,23,30,33,35,37,38,40,42,44,45,46,48,54],"killed_by":"The Heart","ascension_level":12}}